4367 6109
441 559 505 626 660
838 559 991 627 casato
1012 560 1091 627 PRO
1113 563 1152 627 A.
1173 561 1373 629 CLUENTIO

443 739 549 795 vestra
577 731 788 816 exspectatio,
816 752 897 816 quae
927 732 1005 796 mibi
1035 732 1166 816 obloqui
1193 732 1329 797 videtur.
1373 731 1479 809 «Quia
1501 735 1613 816 ergol
1637 753 1790 819 negasne,

444 825 524 890 illud
545 823 696 889 iudicium
718 836 902 911 corruptum
925 847 995 891 esse
1006 831 1049 891 t»
1085 829 1156 890 Non
1178 847 1276 910 nego,
1287 825 1355 890 -sed
1370 826 1409 888 ab
1426 825 1491 890 boc
1505 835 1713 913 comptum
1729 847 1789 892 noa

444 939 515 984 esse
536 916 697 984 conlirmo.
732 923 775 984 «A
798 940 862 1004 quo
883 921 979 1004 igitur
1001 927 1050 984 est
1071 923 1304 1003 cormptumto
1340 920 1460 1004 Opinor
1490 922 1666 1004 primum,
1696 923 1725 987 si
1745 922 1790 986 in-

444 1022 564 1078 certum
586 1013 714 1089 luisset,
742 1015 888 1099 quisnam
911 1016 1013 1078 exitus
1035 1015 1121 1077 illius
1143 1015 1252 1078 iudicii
1274 1015 1397 1078 iuturus
1419 1022 1523 1090 esset,
1556 1017 1630 1079 veri
1656 1014 1788 1080 similias

420 1118 550 1172 emman
577 1114 661 1171 esset
688 1129 760 1172 eum
788 1109 893 1192 potius
915 1108 1114 1191 corrupisse,
1145 1110 1200 1191 qui
1222 1110 1403 1182 metuisset,
1425 1128 1467 1172 ne
1489 1109 1567 1191 ipse
1590 1108 1789 1173 condemns·

445 1209 546 1276 retur,
568 1220 663 1285 quam
685 1202 791 1276 illum,
814 1203 867 1285 qui
888 1202 1007 1266 veritus
1029 1209 1129 1275 esset,
1152 1220 1193 1264 ne
1214 1202 1293 1265 alter
1312 1202 1548 1278 absolveretur;
1572 1202 1704 1267 deinde
1720 1223 1787 1267 cnn

444 1303 530 1360 esset
548 1296 666 1359 nemini
689 1295 835 1370 dubium,
859 1296 937 1379 quid
958 1296 1091 1358 iudicari
1114 1315 1244 1359 necesse
1259 1304 1363 1371 esset,
1385 1315 1457 1361 eum
1473 1305 1565 1361 certe
1581 1297 1714 1380 potius,
1735 1296 1786 1382 qai

445 1392 505 1455 sibi
534 1391 595 1454 alia
622 1389 745 1453 ratione
773 1386 947 1465 diffideret,
976 1409 1072 1473 quam
1105 1408 1196 1463 eum,
1230 1392 1286 1473 qui
1316 1390 1402 1453 omni
1432 1390 1559 1453 ratione
1590 1387 1785 1465 conliderct;

444 1492 606 1568 postremo
628 1491 712 1546 certe
734 1484 840 1567 potius
862 1484 970 1559 illum,
993 1483 1049 1566 qui
1070 1482 1120 1544 bis
1141 1482 1226 1564 apud
1241 1502 1295 1547 eos
1310 1483 1431 1546 iudices
1446 1484 1666 1562 offendisset,
1691 1503 1784 1570 quan

410 1593 536 1654 seeum,
565 1577 621 1662 qui
649 1576 698 1639 bis
726 1577 765 1640 iis
797 1597 922 1641 causam
952 1577 1158 1660 probavisset.
1203 1572 1253 1638 ol.
1281 1576 1383 1640 Unum
1412 1576 1544 1661 quidem
1574 1587 1669 1643 certe
1692 1597 1783 1643 neno

446 1674 504 1736 erit
525 1679 589 1735 tam
611 1670 756 1734 inimicus
779 1670 924 1733 Cluentio
947 1672 1002 1752 qui
1024 1670 1100 1732 mibi
1122 1691 1186 1733 non
1207 1669 1378 1745 concedat,
1400 1671 1427 1734 si
1447 1680 1577 1736 constet
1591 1683 1781 1759 corruptura

444 1764 523 1829 illud
546 1764 698 1828 iudicium
721 1783 806 1840 esse,
830 1772 885 1828 aut
905 1765 944 1826 ab
958 1764 1075 1827 Habito
1091 1772 1147 1826 aut
1166 1764 1206 1827 ab
1223 1763 1399 1847 Oppianico
1422 1784 1492 1828 esse
1514 1777 1723 1853 corruptum.
1748 1768 1780 1832 Si

446 1861 545 1924 doceo
574 1878 639 1922 non
669 1858 707 1922 ab
736 1858 871 1933 Habito,
901 1858 996 1921 vinco
1025 1858 1065 1921 ab
1088 1857 1286 1940 Oppianico:
1316 1857 1343 1920 si
1365 1858 1497 1923 ostendo
1519 1859 1562 1923 ab
1586 1861 1778 1948 Oppianico.

444 1971 545 2036 purgo
567 1952 728 2015 Habitum.
772 1952 891 2028 Quare,
914 1953 974 2015 etsi
996 1953 1071 2016 satis
1095 1951 1205 2025 docui,
1227 1952 1381 2014 rationem
1403 1952 1524 2016 nullam
1539 1953 1621 2019 bnic
1637 1977 1778 2022 corrun-

409 2045 542 2128 topendi
572 2046 682 2109 iudicii
709 2046 823 2121 fuisse,
851 2067 892 2109 ex
914 2067 976 2129 quo
1007 2045 1196 2127 intelligitur
1223 2044 1262 2106 ab
1285 2044 1460 2129 Oppianico
1482 2066 1555 2111 esse
1578 2059 1776 2135 corruptum,

445 2148 551 2203 tamen
580 2140 619 2202 de
646 2139 701 2202 illo
729 2140 799 2222 ipso
828 2140 998 2222 separatim
1026 2139 1219 2222 cognoscite.
1262 2139 1377 2202 xxiv.
1398 2140 1504 2223 Atque
1537 2160 1599 2225 ego
1634 2144 1695 2209 illa
1715 2163 1777 2209 non

445 2232 703 2316 argumentabor,
732 2252 816 2316 quas
845 2240 919 2296 sunt
946 2234 1053 2316 gravia
1078 2232 1296 2296 vehementer:
1334 2253 1405 2296 eum
1434 2234 1618 2316 cormpissc
1660 2239 1717 2323 qni
1744 2238 1776 2302 ia

444 2326 585 2410 periculo
616 2326 728 2401 fuerit,
757 2346 830 2390 eum
862 2326 916 2410 qui
945 2327 1109 2401 metuerit,
1142 2344 1214 2388 eum
1244 2326 1298 2409 qui
1327 2346 1416 2409 spem
1447 2326 1558 2392 edatis
1580 2329 1619 2392 in
1643 2332 1710 2396 alis
1729 2351 1777 2396 ra·

388 2483 392 2490 ,
445 2422 533 2484 tione
561 2440 627 2484 non
654 2421 819 2495 babuerit,
852 2442 923 2484 eum
952 2420 1007 2503 qui
1037 2439 1161 2503 semper
1190 2419 1341 2502 singulari
1370 2419 1465 2483 luerit
1493 2419 1649 2488 audacia:
1681 2425 1777 2490 mulla

408 2523 520 2581 tosunt
552 2517 621 2580 eius
653 2517 749 2580 modi.
792 2518 907 2580 Verum
936 2535 1008 2579 cum
1036 2513 1170 2576 babeam
1200 2533 1266 2576 rem
1287 2532 1352 2576 non
1374 2513 1518 2589 dubiam,
1552 2515 1611 2579 sed
1636 2527 1776 2603 apertu

446 2618 542 2693 atque
563 2609 776 2685 manifestam,
798 2610 993 2673 enumeratio
1015 2607 1211 2691 singulorum
1229 2615 1482 2689 argumentorum
1504 2627 1571 2672 non
1592 2618 1648 2674 est
1668 2631 1777 2677 nwes·

446 2705 538 2768 saria.
581 2703 633 2768 66.
661 2705 757 2779 Dico,
791 2704 824 2767 C.
847 2703 938 2766 aelio
973 2702 1101 2765 Staieno
1134 2700 1230 2764 iudici
1262 2701 1428 2783 pecuniam
1456 2702 1610 2784 modern
1642 2706 1776 2770 Statinn

446 2798 572 2861 Albium
594 2799 634 2861 ad
656 2797 921 2880 corrumpendum
943 2795 1095 2859 iudicium
1110 2794 1245 2858 dedisse.
1275 2797 1356 2858 Num
1381 2795 1454 2878 quis
1475 2800 1598 2878 negati
1623 2800 1691 2876 Te,
1713 2799 1777 2886 Op·

446 2892 589 2975 pianice‚
621 2893 763 2977 appello;
793 2899 839 2965 te,
861 2890 946 2953 asti:
979 2909 1114 2973 quorum
1144 2888 1223 2953 alter
1253 2888 1435 2971 eloquentia
1465 2888 1710 2959 damnationem
1738 2893 1776 2958 il·

409 2986 526 3061 tolam,
548 2985 628 3049 alter
648 2986 743 3049 tacita
765 2986 880 3069 pietate
906 2983 1058 3067 deplorat.
1090 2984 1213 3046 Audete
1231 3001 1348 3063 negare
1376 2982 1416 3045 ab
1438 2981 1621 3066 Oppianico
1644 2987 1773 3052 Staieno

446 3082 542 3145 iudici
564 3081 733 3165 pecuniam
755 3082 878 3143 damin:
909 3085 1038 3160 negate,
1068 3077 1214 3159 inquam,
1244 3097 1312 3138 meo
1335 3076 1417 3139 loco.
1454 3075 1540 3151 Quid
1563 3082 1708 3144 tacetis?
1735 3101 1774 3146 ιι

448 3194 563 3258 negare
585 3194 650 3238 non
671 3174 821 3258 potestis,
851 3170 939 3255 quod
960 3170 1137 3253 repetistis,
1166 3171 1254 3252 quod
1275 3168 1411 3232 confessi
1433 3171 1526 3244 estis,
1555 3174 1647 3256 quod
1670 3174 1776 3240 abstu-

447 3271 556 3333 listist
588 3269 660 3345 Quo
689 3270 817 3332 tandem
846 3267 942 3350 igitur
963 3284 1018 3328 ore
1039 3265 1233 3328 mentionem
1254 3264 1393 3346 corrupti
1415 3264 1525 3326 iudicii
1548 3264 1678 3344 facitis,
1705 3289 1774 3332 cun

448 3364 488 3427 ab
508 3365 567 3427 ista
588 3370 676 3447 parte
699 3362 795 3426 iudici
817 3360 983 3446 pecuniam
1005 3365 1077 3421 ante
1100 3358 1252 3421 iudicium
1274 3357 1397 3431 datam,
1425 3365 1500 3440 post
1525 3358 1688 3425 iudicium
1710 3381 1775 3426 ere·

410 3466 533 3541 coptam
554 3477 624 3521 esse
645 3457 831 3521 fateamini?
870 3450 920 3515 66.
943 3452 1089 3528 Quonam
1111 3453 1208 3533 igitur
1227 3452 1306 3515 baec
1328 3452 1422 3514 modo
1443 3460 1532 3533 gesta
1547 3458 1653 3517 sunt?
1676 3458 1776 3540 llepe·

448 3560 512 3616 tam
533 3553 628 3636 paulo
648 3552 761 3625 altius,
783 3550 922 3622 iudices,
944 3554 976 3610 et
997 3546 1122 3619 omnia,
1144 3564 1224 3628 quae
1246 3545 1280 3608 in
1302 3544 1448 3608 diuturna
1463 3545 1663 3614 obscuritate
1678 3549 1776 3614 latue-

447 3653 538 3721 runt,
561 3647 606 3710 sic
627 3646 784 3729 aperiam,
806 3650 842 3707 ut
864 3662 900 3706 ea
919 3659 1048 3705 cernere
1063 3639 1163 3703 oculis
1177 3639 1355 3702 videamini.
1378 3639 1443 3701 Vos
1458 3657 1598 3722 quaeso,
1620 3649 1662 3706 ut
1674 3643 1776 3707 adbuc
1806 3687 1814 3704 .

448 3760 499 3803 me
527 3746 646 3803 attente
674 3738 823 3812 audistis,
846 3743 880 3800 ul
908 3738 982 3800 ilem
1005 3753 1086 3817 quae
1108 3733 1232 3816 reliqua
1258 3739 1333 3796 sunt
1353 3732 1506 3808 audiatis3
1528 3733 1679 3817 proiecto
1700 3735 1776 3802 nibil

449 3851 468 3895 a
490 3853 539 3896 me
561 3833 698 3906 dicetur,
721 3831 807 3915 quod
829 3850 894 3894 non
909 3829 1038 3912 dignum
1051 3828 1114 3890 boc
1128 3835 1286 3892 conventu
1300 3834 1332 3891 et
1346 3825 1489 3900 silentio,
1512 3824 1650 3910 dignum
1665 3831 1775 3896 vanu

411 3926 562 3990 aostudiis
583 3934 681 4011 atque
703 3926 829 3991 auribus
852 3944 922 3988 esse
943 3922 1098 3986 videatur.

515 4229 540 4277 t.
558 4232 663 4291 negasne
678 4226 707 4277 T.
723 4253 750 4263 -
768 4225 792 4275 2.
810 4221 929 4273 iudicium
945 4235 994 4273 csse
1010 4228 1157 4285 conopeum
1168 4221 1340 4284 Quintilianus
1357 4220 1398 4271 lx.
1416 4221 1445 4281 i,
1463 4221 1505 4270 os.
1520 4246 1548 4256 -
1566 4229 1775 4287 ccmspmm

450 4302 507 4353 ST:
526 4316 576 4354 esse
591 4306 738 4365 corruptum
754 4295 894 4351 lisbio.
914 4297 952 4348 Cl.
972 4297 996 4362 5.
1016 4297 1057 4349 ol.
1077 4323 1105 4335 -
1130 4298 1155 4348 6.
1173 4298 1214 4348 ills
1231 4297 1284 4348 ST.
1304 4323 1331 4332 -
1355 4296 1380 4345 T.
1397 4295 1498 4356 semiss]
1515 4308 1567 4345 eoa
1584 4295 1640 4347 ST.
1663 4325 1693 4337 -
1711 4294 1774 4362 pul

449 4378 515 4440 quod
530 4379 558 4428 F.
578 4403 605 4412 -
630 4377 654 4427 8.
673 4377 726 4427 olio
742 4375 860 4425 STFA:
887 4374 974 4436 aliqua
991 4370 1102 4424 nito.
1125 4372 1164 4423 Cl.
1183 4386 1209 4422 V.
1228 4372 1267 4422 t8.
1286 4399 1313 4408 -
1332 4371 1356 4421 9.
1374 4370 1422 4436 cca]
1439 4371 1534 4420 wadon
1550 4370 1580 4421 L.
1602 4396 1631 4407 -
1653 4373 1696 4425 30.
1714 4369 1774 4436 ul

446 4451 518 4503 wem
539 4455 566 4504 l..
587 4476 614 4490 -
633 4452 669 4501 bis
684 4453 715 4502 iis
730 4464 835 4502 caesam
852 4462 916 4501 nos:
935 4449 971 4499 bis
985 4448 1024 4498 bia
1038 4461 1060 4498 c.
1079 4447 1123 4499 ed.
1135 4447 1260 4511 amberg.
1276 4460 1300 4497 a.
1314 4445 1393 4504 sitm
1411 4446 1447 4495 bis
1462 4458 1568 4495 causam
1585 4446 1700 4508 (ombso
1716 4459 1776 4514 pro·

448 4527 564 4592 nomine)
582 4527 639 4588 ST;
658 4527 694 4576 bii
709 4540 731 4577 c.
749 4527 781 4576 iis
796 4522 938 4577 RALdO.
959 4552 987 4562 -
1007 4526 1087 4574 tiemo
1106 4524 1203 4586 quietern
1219 4550 1234 4561 -
1244 4549 1259 4560 ·
1272 4536 1356 4585 purgo
1368 4520 1484 4571 Habitaao
1495 4517 1675 4580 Qulntilianus
1687 4522 1719 4573 V.
1737 4520 1775 4582 ld,

449 4603 505 4663 68.;
533 4604 613 4653 Unuca
631 4602 730 4665 quidem
749 4604 810 4663 tom.
833 4601 914 4663 certe)
939 4612 1010 4650 oeno
1035 4599 1145 4649 Cluentio
1167 4594 1246 4647 lulius
1267 4596 1418 4647 Rufinianus
1439 4595 1469 4644 dc
1487 4594 1531 4658 fig.
1557 4600 1620 4646 aas.
1641 4595 1668 4661 Β.
1688 4596 1730 4648 43.
1749 4617 1774 4633 ··

449 4678 490 4728 lt.
508 4677 623 4727 inimicus
638 4678 697 4739 ST,
715 4677 805 4740 optimi
824 4674 930 4727 codices
948 4672 1110 4735 Quintiliani,
1131 4671 1298 4723 Rufinianus:
1319 4670 1419 4733 iniquas
1435 4665 1608 4720 functo,
1628 4695 1660 4707 —
1680 4670 1721 4721 43.
1738 4669 1777 4720 ia·

448 4752 542 4803 dicim
557 4765 606 4802 csse
622 4753 679 4802 ST:
703 4763 753 4800 csse
773 4750 894 4800 iodicium
913 4745 1047 4800 lisbio
1064 4751 1091 4799 et
1108 4744 1288 4808 Quintilianus.
1313 4743 1352 4794 Cl.
1371 4744 1394 4807 ε.
1415 4742 1456 4792 63.
1476 4768 1503 4777 -
1528 4742 1569 4794 ⁴3.
1587 4741 1620 4792 ab
1639 4743 1777 4808 Oppioelsc

449 4830 547 4880 nntsv.
561 4841 644 4891 pergo
661 4838 714 4877 om.
728 4826 781 4877 ST.
796 4851 824 4861 -
843 4825 882 4874 lb.
901 4823 987 4873 iudicii
1004 4825 1059 4874 ST:
1079 4835 1133 4873 om.
1151 4816 1294 4872 nanto.
1309 4846 1336 4856 —
1356 4820 1396 4869 lT.
1414 4831 1470 4869 aon
1485 4830 1539 4869 cm.
1552 4818 1582 4868 T.
1597 4844 1626 4855 -·
1645 4819 1690 4872 20.
1708 4817 1778 4871 bain

449 4903 502 4953 ST.
526 4930 553 4941 -
572 4904 614 4954 22.
632 4901 672 4952 dic
687 4902 721 4952 bl.
743 4928 769 4938 -
789 4897 1005 4963 C-Aclio10eclio
1023 4899 1113 4948 Tblrt.
1134 4923 1161 4932 -
1179 4897 1280 4946 sautem
1296 4895 1342 4944 ST
1359 4893 1429 4956 (binc
1445 4893 1622 4956 constanterl:
1651 4895 1777 4962 Saum

449 4976 510 5028 ΡΜ.
529 4977 567 5029 Cl.
581 4976 606 5042 3.
618 4977 660 5027 20.
675 5003 702 5012 -
721 4975 762 5026 33.
776 4973 912 5037 Oppianice
928 4972 1024 5035 appello
1041 4973 1097 5023 ST:
1120 4972 1217 5035 appello
1229 4970 1363 5033 Oppianice
1380 4965 1523 5024 llALssO.
1537 4993 1565 5003 -
1584 4968 1627 5021 il.
1639 4970 1705 5037 Atti]
1720 4968 1775 5022 llltl.

449 5048 567 5113 §.62-
585 5052 726 5116 ibnegctc
742 5050 801 5100 ST:
819 5052 920 5112 macte,
938 5043 1216 5112 monteacuto·
1235 5045 1384 5095 mcoSTT:
1402 5040 1630 5096 iecoldAlAEO.
1651 5043 1778 5100 ciffi

448 5127 547 5190 viglum
558 5127 593 5178 ad
609 5140 648 5176 or.
667 5138 694 5191 p.
712 5125 805 5176 Roscio
823 5126 882 5174 Am.
894 5123 918 5187 5.
931 5123 972 5173 73.
991 5123 1079 5185 opusc.
1092 5124 1112 5172 l.
1130 5135 1158 5187 p.
1171 5122 1227 5172 ⁴22.
1247 5147 1275 5157 -
1293 5120 1380 5170 mestis
1395 5118 1462 5172 tis:
1479 5119 1589 5170 νοιᾱοοιίο
1600 5132 1666 5173 cnm
1679 5122 1724 5174 ed.
1735 5121 1777 5172 Ti·

449 5197 661 5253 ammaonte.
681 5227 709 5238 -
728 5213 763 5250 oss
779 5199 838 5250 ST:
856 5204 884 5249 ot
900 5195 1081 5250 lubio.-
1101 5198 1142 5248 39.
1160 5198 1247 5247 datam
1263 5199 1319 5260 post
1334 5194 1454 5247 indm
1470 5196 1594 5249 om.ST.
1610 5224 1639 5236 -
1660 5197 1705 5252 3ο.
1722 5209 1779 5265 gn·

448 5276 519 5328 olom
534 5278 563 5328 T.
583 5301 612 5312 -
629 5275 864 5330 ³3.sstitcmST:
884 5269 1234 5339 contemtionem.
