4367 6109
462 540 524 608 444
831 549 874 614 IN
894 548 1061 614 VERREM
1081 546 1205 615 ACTIO
1228 547 1413 616 SECUNDA

461 717 562 779 maior
583 716 678 780 etiam
703 715 782 779 haec
809 718 1011 781 necessitudo
1032 718 1130 782 fuerit
1151 740 1248 804 quam
1268 720 1325 784 illa
1347 720 1517 795 Carbonis,
1547 740 1585 783 ac
1606 720 1678 803 plus
1700 720 1785 785 iudi-

462 810 546 874 cium
568 811 739 875 voluntatis
761 811 866 875 valere
889 832 985 896 quam
1000 814 1096 876 sortis
1111 812 1246 896 debeat),
1268 815 1353 878 idem
1375 817 1409 878 in
1432 815 1488 878 Cn.
1507 815 1705 880 Dolabellam
1727 817 1784 900 qui

460 903 493 966 in
517 904 572 967 Cn.
589 904 773 968 Carbonem
794 903 865 968 fuit.
908 908 988 969 Nam
1017 929 1100 992 quae
1122 909 1157 972 in
1179 910 1284 992 ipsum
1306 910 1454 973 valebant
1484 910 1617 974 crimina
1649 911 1786 973 contulit

459 997 493 1060 in
520 998 611 1061 illum
639 1017 831 1083 causamque
859 1000 947 1064 illius
975 1021 1102 1065 omnem
1130 1003 1170 1065 ad
1192 1004 1339 1069 inimicos
1361 1012 1628 1087 accusatoresque
1652 1003 1784 1066 detulit:

436 1092 528 1176 iipse
550 1094 583 1156 in
605 1113 695 1167 eum,
717 1094 769 1156 cui
791 1094 928 1176 legatus,
950 1096 1001 1158 eui
1023 1117 1082 1179 pro
1099 1105 1268 1182 quaestore
1282 1098 1398 1174 suerat,
1421 1097 1673 1181 inimicissimum
1689 1105 1785 1179 atque

457 1185 726 1270 improbissimum
748 1189 965 1251 testimonium
987 1190 1078 1253 dixit.
1111 1192 1169 1255 llle
1191 1192 1288 1254 miser
1308 1213 1380 1255 cum
1402 1199 1486 1256 esset
1508 1211 1579 1255 cum
1601 1190 1784 1273 proditione

457 1281 550 1345 istius
572 1280 691 1344 nefaria
713 1288 780 1344 tum
802 1282 946 1364 improbo
969 1304 1006 1346 ac
1028 1285 1110 1349 salso
1133 1286 1277 1349 eiusdem
1299 1286 1498 1359 testimonio,
1532 1292 1599 1348 tum
1622 1283 1721 1345 multo
1744 1302 1784 1345 ex

456 1375 595 1438 maxima
624 1383 712 1457 parte
735 1375 827 1438 istius
848 1375 1005 1439 furtorum
1027 1398 1063 1441 ac
1085 1380 1278 1462 tlagitio'rum
1300 1379 1420 1442 invidia
1442 1379 1656 1462 conflagravit.
1700 1378 1783 1439 xvi.

456 1465 507 1531 42.
530 1468 616 1545 Quid
637 1470 699 1532 hoc
720 1468 850 1534 homine
872 1470 997 1535 faciatis
1018 1481 1074 1535 aut
1096 1474 1136 1536 ad
1158 1494 1256 1557 quam
1278 1493 1367 1555 spem
1390 1480 1454 1535 tam
1476 1471 1700 1556 perfidiosum,
1719 1479 1784 1533 tam

418 1563 672 1646 ioimportunum
695 1564 812 1626 animal
833 1566 1025 1628 reservetis?
1048 1568 1104 1650 qui
1127 1567 1161 1630 in
1180 1567 1235 1631 Cn.
1252 1566 1395 1631 Carbone
1411 1576 1545 1642 sortem,
1567 1568 1601 1630 in
1617 1567 1673 1630 Cn.
1688 1565 1784 1628 Dola-

455 1658 539 1721 bella
561 1658 757 1721 voluntatem
779 1659 956 1740 neglexerit
976 1679 1012 1723 ac
1034 1661 1163 1723 violarit
1185 1680 1305 1744 eosque
1327 1662 1420 1725 ambo
1441 1681 1507 1725 non
1523 1662 1618 1725 modo
1634 1662 1784 1723 deserue-

455 1753 512 1827 rit,
542 1753 598 1815 sed
627 1751 722 1815 etiam
751 1752 929 1833 prodiderit
955 1760 1051 1835 atque
1080 1755 1282 1836 oppugnarit.
1325 1756 1446 1830 Nolite,
1476 1774 1613 1838 quaeso,
1643 1754 1782 1826 iudices,

454 1846 608 1910 brevitate
639 1845 794 1908 orationis
823 1864 911 1908 meae
941 1846 1167 1930 potiusquam
1192 1868 1298 1910 rernm
1319 1849 1459 1930 ipsarum
1482 1846 1700 1930 magnitudine
1722 1846 1782 1907 cri·

455 1942 541 2004 mina
562 1941 749 2023 ponderare.
792 1938 870 2000 Mihi
892 1940 976 2001 onim
997 1943 1236 2024 properandum
1259 1942 1438 2005 necessario
1461 1949 1524 2016 est,
1547 1948 1582 2004 ut
1603 1941 1710 2004 omnia
1726 1959 1781 2001 vo-

418 2036 521 2110 rabis,
544 2053 626 2118 quae
649 2032 727 2096 mihi
749 2033 920 2095 constituta
935 2043 1022 2109 sunt,
1044 2036 1165 2118 possim
1182 2056 1352 2119 exponere.
1385 2033 1436 2097 43.
1452 2035 1666 2111 Quamobrem
1682 2054 1781 2118 quae·

455 2137 543 2194 stura
570 2128 662 2191 istius
691 2126 908 2189 demonstrata
935 2128 1095 2212 primique
1124 2131 1324 2213 magistratus
1352 2137 1385 2193 et
1405 2130 1490 2193 furto
1514 2137 1546 2192 et
1567 2129 1687 2192 scelere
1709 2148 1781 2210 per·

454 2231 563 2308 specto
593 2222 717 2306 reliqua
745 2219 907 2283 attendite.
951 2221 987 2283 ln
1017 2223 1133 2305 quibus
1163 2224 1243 2286 illud
1272 2230 1397 2306 tempus
1420 2224 1622 2286 Sullanarum
1643 2221 1781 2304 proscri-

453 2319 599 2405 ptionum
621 2336 658 2379 ac
680 2315 862 2398 rapinarum
885 2317 1149 2398 praetermittam
1170 2337 1275 2400 neque
1298 2337 1357 2400 ego
1376 2319 1474 2380 istum
1488 2317 1549 2379 sibi
1564 2335 1605 2378 ex
1619 2314 1781 2378 communi

322 2489 326 2501 ι
454 2412 629 2476 calamitate
652 2408 870 2472 defensionem
892 2408 989 2471 ullam
1011 2411 1112 2473 sinam
1135 2431 1275 2474 sumere:
1299 2411 1365 2474 suis
1380 2430 1453 2475 eum
1469 2412 1562 2475 certis
1577 2409 1779 2492 propriisque

415 2506 637 2577 socriminibus
659 2503 825 2567 accusabo.
869 2502 1084 2578 Quamobrem
1106 2503 1168 2567 hoc
1189 2505 1277 2567 omni
1299 2512 1443 2588 tempore
1470 2505 1601 2568 Sullano
1624 2523 1666 2567 ex
1687 2523 1779 2566 accu-

453 2603 577 2666 satione
599 2598 838 2680 circumscripto
860 2597 1053 2679 legationem
1075 2599 1144 2662 eius
1165 2599 1359 2681 praeclaram
1381 2601 1576 2683 cognoscite.

538 2692 588 2757 ii.
617 2695 829 2775 Posteaquam
860 2690 915 2753 Cn.
937 2692 1122 2757 Dolabellae
1151 2694 1316 2776 provincia
1339 2694 1450 2757 Cilicia
1470 2693 1643 2757 constituta
1664 2699 1730 2766 est,
1759 2712 1778 2754 o

453 2791 485 2855 di
511 2785 725 2855 immortales!
757 2789 877 2869 quanta
897 2785 958 2847 iste
981 2786 1172 2869 cupiditate,
1202 2787 1318 2871 quibus
1340 2787 1585 2870 allegationibus
1607 2786 1696 2851 illam
1718 2787 1777 2849 sibi

451 2887 643 2973 legationem
666 2878 877 2963 expugnavitl
899 2878 932 2940 id
955 2881 1042 2962 quod
1065 2881 1121 2944 Cn.
1142 2881 1327 2945 Dolabellae
1349 2882 1541 2964 principium
1555 2881 1713 2945 maximae
1727 2900 1778 2943 ca·

413 2979 601 3047 aelamitatis
634 2975 703 3037 fuit.
746 2974 825 3035 Nam
855 2978 891 3034 ut
912 2980 960 3035 est
982 2974 1161 3055 proiectus,
1191 2995 1393 3059 quacumque
1415 2975 1476 3037 iter
1496 2974 1588 3048 iecit,
1619 2975 1776 3038 eiusmodi

450 3077 528 3149 suit,
550 3091 616 3135 non
637 3077 673 3132 ut
695 3070 817 3150 legatus
838 3068 950 3150 populi
966 3068 1111 3143 Romani,
1133 3070 1189 3132 sed
1203 3076 1241 3130 ut
1254 3070 1411 3152 quaedam
1425 3069 1587 3131 calamitas
1601 3068 1776 3150 pervadere

450 3169 621 3234 videretur.
656 3162 754 3225 XVll.
778 3162 813 3222 ln
827 3159 947 3223 Achaia
961 3194 1003 3207 -
1019 3163 1266 3245 praetermittam
1288 3163 1411 3225 minora
1427 3163 1550 3236 omnia,
1574 3181 1712 3245 quorum
1734 3161 1776 3223 si·

400 3277 406 3282 ·
450 3263 525 3326 rnile
552 3257 686 3322 forsitan
714 3255 797 3320 alius
827 3274 958 3338 quoque
987 3256 1109 3341 aliquid
1131 3258 1304 3341 aliquando
1326 3257 1455 3321 iecerit:
1486 3256 1566 3320 nihil
1587 3257 1691 3319 dicam
1713 3256 1775 3318 nisi

450 3355 627 3440 singulare,
648 3351 710 3414 nisi
732 3350 784 3424 id,
813 3349 901 3433 quod
929 3350 955 3412 si
986 3350 1020 3412 in
1041 3352 1140 3414 aliurn
1162 3372 1251 3415 reum
1273 3351 1448 3426 diceretur,
1478 3349 1665 3415 incredibile
1687 3350 1776 3414 vide·

413 3463 537 3521 aoretur
550 3485 606 3525 -,
628 3448 847 3531 magistratum
863 3445 1048 3529 Sicyonium
1062 3465 1209 3509 nummos
1224 3446 1382 3528 poposcit.
1414 3447 1461 3508 Ne
1476 3446 1593 3509 sithoc
1608 3447 1728 3509 crimen
1744 3446 1776 3507 in

450 3552 596 3615 Verrem:
626 3543 771 3607 iecerunt
791 3541 857 3604 alii.
907 3540 985 3604 Cum
1007 3541 1061 3603 ille
1083 3559 1149 3603 non
1172 3540 1276 3613 daret,
1307 3539 1538 3603 animadvertit.
1582 3539 1776 3622 Improbum,

450 3643 506 3709 sed
534 3662 600 3705 non
628 3637 816 3701 inauditum.
859 3631 910 3697 45.
933 3635 1041 3698 Genus
1063 3634 1348 3698 animadversionis
1370 3635 1491 3698 ridete:
1526 3636 1703 3719 quaeretis,
1736 3653 1777 3698 ex

450 3758 515 3825 quo
544 3752 658 3818 genere
686 3731 849 3794 hominem
870 3729 965 3792 istum
987 3728 1145 3798 iudicetis.
1189 3730 1298 3809 ignem
1322 3748 1363 3791 ex
1384 3727 1479 3811 lignis
1501 3728 1655 3793 viridibus
1677 3736 1775 3813 atque

448 3829 588 3897 humidis
609 3828 643 3890 in
664 3827 736 3889 loco
759 3829 893 3907 angusto
915 3820 982 3886 fieri
1005 3822 1107 3886 iussit.
1150 3821 1197 3884 lbi
1219 3820 1383 3885 hominem
1402 3822 1592 3904 ingenuum,
1615 3823 1701 3887 domi
1716 3842 1776 3885 no-

411 3926 560 3999 tabilem,
589 3921 701 4005 populi
722 3917 857 3982 Romani
879 3917 1002 3981 socium
1023 3924 1120 3998 atque
1142 3916 1295 3991 amicum,
1325 3916 1414 3978 fumo
1444 3916 1660 3980 excruciatum
1682 3916 1775 3978 semi-

448 4021 556 4085 virum
577 4015 717 4099 reliquit.
760 4015 826 4075 lam
848 4030 930 4095 quae
952 4010 1012 4072 iste
1034 4010 1141 4092 signa,
1164 4029 1244 4093 quas
1266 4010 1390 4072 tabulas
1411 4009 1514 4092 pictas
1529 4031 1570 4073 ex
1583 4008 1703 4073 Achaia
1721 4030 1775 4072 su·

447 4113 590 4186 stulerit,
617 4129 683 4172 non
706 4108 809 4172 dicam
830 4105 1004 4168 hocloco:
1035 4110 1083 4167 est
1110 4101 1189 4165 mihi
1211 4103 1295 4167 alius
1317 4104 1407 4167 locus
1429 4103 1573 4192 adhunc
1595 4105 1663 4168 eius
1685 4106 1774 4188 cupi·

512 4298 538 4348 2.
557 4295 600 4360 qai
615 4293 651 4360 ia]
668 4294 711 4357 qai
728 4297 786 4344 acts
802 4294 848 4343 Gl.
868 4319 895 4328 -
915 4291 939 4341 3.
957 4290 985 4341 ia
1000 4289 1082 4353 ipsam
1099 4286 1178 4339 codd.
1197 4287 1267 4349 noll,
1286 4287 1367 4337 etiam
1383 4302 1408 4348 ς.
1432 4288 1466 4338 04.
1480 4287 1504 4351 S.
1518 4288 1582 4339 ⁴25:
1599 4288 1626 4338 ia
1641 4289 1696 4351 ipso
1711 4291 1772 4341 Aac.

447 4372 509 4426 cdd.
528 4373 593 4422 vett.
613 4369 647 4420 04.
666 4369 762 4419 Baiter.
782 4392 810 4404 —
830 4367 855 4417 6.
873 4366 948 4415 miser
963 4369 1095 4415 mmccccl
1112 4364 1156 4415 Gn.
1174 4363 1305 4414 Dolabella
1322 4375 1416 4413 omnes
1434 4361 1527 4423 codd,
1551 4363 1599 4414 sed
1615 4365 1729 4428 Nauger.
1748 4366 1775 4415 et

446 4447 566 4516 plerique
584 4446 645 4510 post
661 4455 725 4494 eum
742 4442 857 4493 editores
875 4442 948 4491 recte
960 4439 1117 4490 deleverunt
1133 4439 1177 4490 or.
1190 4438 1320 4490 Dolabella
1330 4437 1407 4503 prob.
1420 4437 1507 4489 Madv.
1522 4440 1541 4489 1.
1558 4452 1585 4504 p.
1598 4438 1662 4490 34³:
1681 4439 1772 4505 steph.

445 4524 473 4576 ln
491 4523 591 4586 corrig.
614 4533 671 4570 cam
696 4523 757 4569 eracl
777 4518 821 4569 Ga.
843 4515 972 4566 Dolabella
995 4513 1079 4575 delet,
1106 4514 1133 4565 in
1150 4526 1230 4578 quam
1248 4514 1429 4564 coniecturam
1446 4515 1511 4563 ilem
1527 4513 1619 4565 incidit
1635 4516 1722 4564 Garat.
1740 4514 1772 4564 11.

446 4597 589 4661 multisque
607 4607 667 4645 eam
679 4592 768 4646 verbis
781 4591 906 4643 deiendil.
928 4589 1043 4640 Klotzius
1056 4589 1097 4640 ille
1114 4590 1188 4640 uncis
1205 4587 1318 4646 inclusit,
1338 4589 1382 4639 Ga.
1395 4588 1526 4642 Dolabella
1541 4591 1656 4640 retinuit,
1671 4617 1699 4626 -
1717 4602 1775 4639 m

442 4673 585 4738 proditione
601 4672 664 4730 64ς
680 4667 739 4719 cod.
757 4667 867 4718 Ferrelli
885 4679 927 4731 ap.
942 4667 1028 4716 Garat.
1042 4665 1084 4713 ll:
1102 4670 1155 4714 lam
1168 4666 1243 4727 prod.
1257 4665 1396 4714 Gadita
1417 4691 1444 4700 -
1462 4664 1487 4714 l.
1506 4677 1563 4714 cam
1578 4664 1690 4727 &reproba
1701 4666 1733 4714 64
1746 4665 1771 4715 Ξ.

449 4771 476 4786 ·-
495 4761 526 4799 ac
543 4747 575 4797 Gi
587 4746 629 4807 ἲς
644 4743 730 4808 Lgilz
755 4747 779 4793 el
801 4742 848 4793 dli.
870 4742 899 4794 0.
919 4767 945 4779 -
964 4739 1026 4805 4004]
1044 4753 1101 4788 com
1118 4740 1163 4789 64.
1184 4767 1211 4776 -
1230 4738 1308 4788 mallo
1323 4738 1400 4787 eliam
1417 4737 1509 4788 eadit.
1522 4750 1602 4789 noun.
1615 4740 1645 4791 0.
1659 4763 1689 4776 —
1707 4739 1731 4788 9.
1744 4739 1775 4788 do

445 4823 491 4877 liae
511 4821 608 4872 lamiae
623 4818 702 4883 Lgii.
722 4845 749 4853 -
773 4818 814 4868 40.
833 4814 1132 4868 Carbone--Dolabclla
1153 4815 1298 4866 Manutius:
1323 4812 1673 4864 Caram--Doloocllam
1691 4810 1771 4862 codd.

444 4895 568 4950 Similiter
583 4892 645 4945 alibi
660 4895 802 4959 peccalum
820 4895 878 4951 esl;
897 4890 930 4941 04.
951 4889 985 4940 ad
1001 4890 1043 4940 iv.
1062 4890 1087 4953 g.
1100 4890 1141 4941 53.
1156 4918 1183 4927 -
1204 4891 1243 4940 44.
1262 4887 1335 4938 corbo
1352 4890 1384 4939 64
1402 4906 1419 4952 ς
1435 4889 1505 4953 4349
1518 4889 1552 4939 C:
1571 4887 1656 4938 004404
1675 4887 1711 4938 Gi
1723 4887 1771 4937 Ld.

446 4998 476 5011 -
493 4985 544 5023 aaa
562 4969 636 5020 modo
660 4969 692 5018 Gi
705 4968 747 5027 25
767 4967 852 5031 Lgiil:
878 4980 930 5016 ooo
953 4965 1033 5015 solam
1057 4964 1105 5015 dil.
1124 4965 1154 5014 0.
1174 4992 1202 5002 -
1229 4965 1269 5016 49.
1286 4965 1366 5014 allam
1386 4966 1448 5015 ante
1465 4965 1511 5014 sibl
1528 4962 1658 5015 collocant
1673 4961 1722 5013 dtl.
1743 4988 1771 5000 -

444 5047 486 5098 25.
504 5050 533 5096 at
547 5049 583 5095 ast
594 5043 664 5107 pros.
682 5039 770 5104 caca
786 5042 872 5106 ngas:
894 5045 923 5091 ut
946 5041 993 5090 isle
1009 5041 1078 5104 pros.
1098 5041 1130 5090 Gi
1143 5041 1159 5091 4
1176 5040 1240 5101 dll.;
1266 5045 1295 5090 ut
1314 5041 1361 5090 4040
1372 5040 1500 5104 profectus
1515 5045 1551 5090 erl
1567 5039 1596 5089 0.
1618 5065 1646 5075 -
1663 5037 1706 5087 29.
1724 5037 1773 5086 sisi

443 5121 471 5172 ld
486 5121 542 5172 PT:
561 5118 609 5169 oiri
625 5118 670 5169 cll.
691 5145 719 5154 -
738 5117 779 5168 3⁰.
794 5117 874 5180 parcit
889 5118 922 5167 64
935 5131 967 5177 ςς
991 5116 1069 5178 possit
1086 5116 1132 5165 Ga.
1153 5142 1180 5149 —
1203 5114 1243 5166 33.
1261 5115 1389 5165 hominm
1405 5116 1474 5165 coni.
1493 5115 1554 5164 liat.
1573 5112 1603 5162 0.
1623 5139 1651 5148 -
1670 5112 1711 5163 34.
1730 5126 1773 5162 ro·

444 5193 778 5259 amirsoliman.
797 5192 898 5257 praa.
920 5218 947 5228 -
974 5190 1014 5242 ³7.
1033 5187 1701 5242 almaialmerazcaallarmilictl.0.-
1719 5187 1773 5237 aiae

445 5271 484 5322 PT
500 5270 562 5333 63ς
579 5269 657 5323 codd.
675 5265 736 5321 hbi:
754 5267 826 5320 444400
842 5265 891 5318 dtl.
909 5267 939 5318 0.
