4367 6109
592 593 666 659 co.
679 592 907 658 xum-xrs
927 588 984 676 ss.
998 586 1143 656 aa-se.
1165 587 1376 678 [xro-xvc
1391 581 1539 672 m-aes
1660 577 1723 649 rra

412 763 495 847 apud
516 762 710 828 iuventutem
731 762 897 837 obsoletis,
919 761 942 843 †
963 761 1142 826 bominibus
1163 768 1268 826 sutem
1289 780 1325 825 ac
1351 759 1481 824 summis
1501 756 1633 822 ducibus
1653 775 1725 842 per·

413 861 468 922 tim
495 864 615 931 aetate,
642 857 756 940 partim
785 856 918 919 civitatis
946 855 1112 919 discordiis
1139 876 1176 919 ac
1203 855 1249 919 rei
1278 855 1421 938 publicae
1448 853 1621 916 calamitate
1649 871 1725 915 oon·

315 1001 318 1007 .
411 951 567 1032 sumptis?
594 970 665 1013 cum
692 957 738 1013 tot
762 949 846 1012 bella
873 957 928 1013 aut
953 970 973 1015 a
998 950 1090 1012 nobis
1120 950 1298 1013 necessario
1320 948 1527 1029 suscipiantur
1547 953 1603 1009 aut
1622 946 1724 1010 subito

411 1052 505 1126 atque
525 1043 696 1126 improvisa
717 1045 905 1120 uocantur?
927 1062 1031 1107 nonne
1053 1052 1086 1106 et
1106 1044 1265 1106 bominem
1280 1044 1382 1125 ipsum
1398 1041 1438 1104 ad
1454 1039 1549 1103 dubia
1562 1040 1608 1102 rei
1622 1038 1725 1122 publi·

411 1156 467 1200 cae
488 1143 629 1219 tempora
650 1136 871 1199 reservandum
893 1144 925 1198 et
945 1143 1066 1198 ceteros
1087 1137 1191 1199 studio
1212 1135 1314 1199 laudis
1335 1155 1372 1198 ac
1391 1134 1515 1197 virtutis
1531 1133 1748 1197 induamur-i

412 1231 470 1293 dos
492 1230 630 1312 putatis?
661 1226 712 1293 43.
736 1225 811 1314 [33.]
834 1228 1048 1293 Recordamini
1071 1249 1152 1313 quos
1172 1230 1293 1312 legatos
1306 1247 1408 1312 nuper
1420 1228 1454 1290 in
1469 1226 1553 1291 bello
1567 1227 1603 1289 L.
1618 1226 1725 1300 lulius,

412 1344 493 1408 quos
520 1325 553 1386 Ρ.
574 1324 725 1399 Rutilius,
754 1343 834 1407 quos
860 1324 895 1386 L.
922 1323 1015 1397 Cato,
1043 1342 1125 1406 quos
1154 1322 1209 1385 Cn.
1232 1324 1397 1404 Pompeius
1428 1321 1588 1384 babuerit:
1620 1319 1725 1383 scietis

412 1418 509 1481 fuisse
538 1424 604 1480 tum
632 1418 673 1480 Μ.
697 1417 883 1491 Cornutum,
910 1417 945 1479 L.
969 1416 1115 1492 Cinnam,
1145 1417 1180 1478 L.
1202 1415 1340 1489 Sullam,
1371 1415 1543 1497 praetorios
1570 1414 1725 1487 homines,

412 1511 487 1574 belli
511 1511 640 1593 gerendi
662 1511 886 1593 peritissimos:
907 1518 1070 1592 praeterea
1085 1509 1118 1573 C.
1133 1509 1281 1583 Marium,
1303 1509 1336 1570 P.
1351 1507 1495 1580 Didium,
1517 1507 1556 1582 Q.
1573 1506 1726 1580 Catulum,

411 1608 445 1670 P.
469 1607 629 1678 Crassum,
658 1624 722 1667 non
749 1604 860 1668 litteris
887 1603 1032 1667 homines
1053 1603 1093 1667 ad
1115 1603 1161 1666 rei
1184 1601 1327 1666 militaris
1349 1600 1526 1674 scientiam,
1555 1600 1610 1662 sed
1631 1600 1725 1662 rebus
1734 1608 1764 1656 to

412 1699 509 1782 gestis
536 1719 572 1762 ac
601 1699 741 1762 victoriis
766 1696 914 1760 eruditos.
953 1699 1019 1780 Age
1046 1717 1122 1761 vero
1143 1716 1244 1771 nunc,
1265 1695 1396 1758 inserite
1417 1693 1523 1756 oculos
1543 1694 1576 1756 in
1597 1694 1726 1766 curiam,

412 1793 605 1876 introspicite
634 1791 760 1873 penitus
788 1793 821 1854 in
849 1810 958 1854 omnes
984 1793 1029 1854 rei
1058 1791 1203 1875 publicae
1231 1797 1355 1874 partes:
1388 1795 1491 1851 utrum
1514 1786 1627 1849 ridetis
1647 1785 1727 1848 nibil

413 1906 506 1970 posse
527 1887 683 1958 accidere,
711 1892 746 1947 ut
766 1884 845 1948 tales
866 1886 926 1948 viri
947 1884 1147 1949 desiderandi
1172 1886 1261 1949 sint‘l
1295 1903 1353 1957 an,
1375 1881 1402 1944 si
1424 1880 1589 1954 acciderit,
1618 1898 1727 1942 eorum

411 1981 575 2044 bominum
597 1981 688 2062 copia
709 1979 861 2062 populum
883 1980 1057 2041 Romanum
1078 1978 1262 2041 abundaret
1296 1977 1385 2053 Quae
1407 1976 1434 2038 si
1449 1974 1615 2056 diligenter
1628 1980 1729 2036 aden·

413 2076 511 2149 detis,
538 2074 695 2158 profecto,
725 2072 863 2144 iudices,
890 2073 992 2135 virum
1013 2070 1053 2133 ad
1076 2070 1199 2135 labores
1219 2071 1295 2134 belli
1316 2070 1502 2152 impigrum,
1527 2066 1568 2130 ad
1588 2067 1766 2150 periculati

412 2168 540 2242 fortem,
562 2166 603 2231 ad
623 2187 715 2230 usum
734 2185 772 2228 ac
794 2165 991 2247 disciplinas
1011 2167 1163 2248 peritum,
1185 2165 1225 2229 ad
1247 2163 1378 2228 consilia
1397 2162 1600 2245 prudentem,
1621 2159 1662 2222 ad
1677 2177 1729 2221 ca·

413 2283 482 2325 sum
508 2260 728 2343 fortunamque
757 2257 897 2331 felicem,
925 2257 1010 2320 domi
1036 2258 1128 2321 robis
1149 2278 1187 2322 ac
1215 2259 1321 2321 liberis
1342 2256 1454 2320 vestris
1476 2257 1612 2319 retinere
1634 2271 1728 2338 quarn

413 2353 637 2417 inimicissimis
658 2351 777 2436 populo
797 2351 939 2415 Romano
961 2351 1141 2416 nationibus
1163 2359 1195 2416 et
1215 2351 1441 2419 crudelissimis
1461 2349 1585 2413 tradere
1600 2355 1631 2412 et
1653 2366 1729 2411 con·

414 2447 532 2510 donare
554 2446 681 2510 malitis.

496 2542 568 2604 XX.
589 2536 641 2603 it.
665 2537 760 2624 [xvi.
781 2535 846 2622 ab]
877 2541 917 2603 dt
939 2538 1061 2602 infestis
1090 2558 1190 2624 prope
1212 2539 1311 2623 signis
1332 2538 1508 2604 inferuntur
1528 2535 1611 2601 Galli
1630 2535 1664 2599 in
1685 2533 1765 2599 biso

412 2635 578 2699 Fonteium
605 2642 638 2696 et
663 2634 781 2697 instant
803 2640 897 2717 atque
917 2640 1031 2715 urgent
1050 2652 1172 2696 summo
1194 2653 1264 2696 cum
1286 2634 1409 2709 studio,
1438 2649 1559 2696 summa
1580 2649 1651 2693 cum
1672 2648 1728 2693 au·

412 2727 512 2791 dacia.
543 2727 660 2800 Video,
688 2725 829 2802 iudiccs3
859 2725 914 2789 sed
936 2725 1042 2789 multis
1063 2733 1096 2789 et
1116 2722 1213 2790 firmis
1234 2727 1400 2810 praesidiis
1421 2727 1511 2790 vobis
1532 2722 1728 2789 adiutoribus

412 2821 464 2884 isti
495 2821 622 2885 immani
651 2827 747 2904 atque
775 2819 992 2883 intolerandae
1018 2820 1180 2883 barbariae
1203 2822 1393 2885 resistemus.
1425 2822 1562 2884 Primum
1583 2816 1729 2880 obiicitur

413 2921 520 2978 contra
541 2916 672 2977 istomm
693 2914 829 2997 impetus
849 2912 1049 2988 Macedonia,
1070 2909 1172 2977 fidelis
1193 2922 1227 2978 et
1246 2915 1346 2979 amica
1365 2915 1484 3000 populo
1498 2916 1637 2977 Romano
1655 2930 1728 2995 pro·

412 3009 531 3072 vincia:
554 3027 636 3092 quae
658 3027 729 3072 cum
751 3027 785 3071 se
806 3026 843 3071 ac
865 3026 938 3071 suas
959 3007 1054 3070 urbes
1075 3027 1140 3071 non
1162 3008 1265 3072 solum
1283 3010 1432 3083 consilio,
1454 3007 1617 3072 sedetiam
1631 3010 1765 3069 mauult

412 3104 454 3166 ld.
476 3102 586 3165 Fontei
609 3107 825 3164 conservatam
846 3121 916 3164 esse
938 3100 1036 3175 dicat,
1057 3108 1092 3163 ut
1113 3101 1168 3163 illa
1189 3121 1247 3185 per
1266 3102 1351 3166 bunc
1371 3102 1575 3166 aTbraecum
1590 3101 1727 3165 adventu

412 3215 450 3258 ac
471 3193 712 3277 depopulatione
733 3194 863 3258 defensa
884 3201 947 3270 est,
970 3195 1015 3258 sic
1036 3195 1075 3258 ab
1096 3194 1190 3259 buius
1204 3216 1287 3259 nunc
1302 3197 1401 3279 capite
1416 3195 1576 3259 Gallorum
1592 3195 1727 3278 impetos
1834 3251 1836 3253 ,

413 3298 612 3371 terroresque
636 3288 775 3371 depellit
811 3285 863 3352 i5.
887 3284 962 3372 [35.]
988 3287 1194 3352 Constituitur
1207 3308 1249 3352 ex
1261 3289 1359 3352 altera
1373 3296 1460 3372 parte
1474 3288 1605 3351 ulterior
1617 3287 1728 3370 Hispe-

413 3384 482 3457 nia,
511 3403 593 3465 quae
623 3382 765 3465 profecto
788 3402 853 3445 non
875 3383 970 3446 modo
991 3380 1145 3463 religione
1167 3402 1225 3446 sua
1244 3383 1390 3446 resistere
1411 3383 1542 3444 istomm
1564 3378 1729 3462 cupiditati

412 3483 532 3560 potest,
558 3474 614 3539 sed
642 3476 737 3540 etiam
763 3476 986 3541 sceleratomm
1006 3475 1170 3539 bominum
1195 3477 1333 3561 periuris
1354 3475 1541 3539 testimoniis
1561 3492 1598 3537 ac
1619 3472 1765 3537 lauda-tt

414 3570 550 3635 tionibus
571 3570 636 3634 suis
656 3567 803 3632 relutme.
834 3571 939 3654 Atque
967 3589 1008 3632 ex
1029 3570 1098 3653 ipsa
1118 3570 1213 3633 ctiam
1234 3569 1335 3633 Gallia
1356 3565 1536 3632 fidelissima
1559 3574 1591 3630 et
1610 3566 1729 3650 gravis·

478 3858 502 3909 4.
520 3861 583 3920 opat
596 3857 748 3907 iuuentutem
763 3856 876 3920 apocletis
890 3856 922 3907 V.
939 3884 968 3896 -
985 3856 1123 3908 bontatbss
1138 3856 1267 3907 manv:
1284 3860 1329 3906 oet
1344 3852 1481 3905 bominibus
1494 3854 1520 3904 S.
1539 3853 1630 3904 solerte
1644 3857 1729 3904 cam

412 3932 550 3983 4444444444
565 3933 700 3983 Graevius.
722 3932 768 3983 Est
783 3930 952 3983 arbitrarium
968 3932 1197 3997 supplementum,
1215 3930 1313 3982 excidit
1328 3931 1415 3996 potius
1424 3931 1564 3994 [4444444444
1578 3931 1640 3996 post
1649 3942 1675 3981 v.
1686 3930 1730 3980 bo·

412 4006 545 4057 minibus.»
563 4007 607 4057 or.
625 4009 658 4056 st
674 4019 736 4057 cum
754 4007 846 4057 Cicero
862 4006 930 4057 viros
944 4008 1103 4071 fortissimos,
1122 4021 1174 4058 oon
1185 4007 1293 4056 44444444
1306 4006 1326 4069 s.
1340 4005 1429 4056 dicere
1443 4002 1539 4064 soleat,
1557 4005 1621 4056 mihi
1631 4005 1728 4070 potius,

413 4083 435 4133 sl
452 4084 493 4133 est
508 4080 599 4132 lacuna
617 4082 643 4130 in
660 4080 731 4143 ioco,
757 4082 792 4131 ita
809 4080 913 4131 videtur
929 4080 1059 4146 explenda
1076 4095 1154 4133 esse:
1180 4079 1317 4130 bominibus
1337 4083 1420 4129 caton
1435 4077 1597 4142 4444444444,
1623 4079 1668 4144 qui
1684 4092 1730 4129 re·

412 4156 481 4206 otius
497 4156 598 4205 mmmis
613 4156 714 4206 dacibus
730 4169 762 4207 ex
775 4155 887 4207 adverso
904 4158 1045 4221 ponuntur.
1064 4156 1186 4221 (masdra
1201 4159 1284 4206 caton
1298 4155 1400 4205 mma
1409 4154 1511 4204 4444444
1520 4153 1729 4218 idommseoius.)

414 4257 442 4268 -
461 4230 485 4282 i.
503 4231 637 4293 isaprooiro
653 4229 824 4294 probabiliter
839 4230 992 4283 Lambinus.
1010 4259 1036 4269 -
1055 4233 1080 4283 t.
1099 4230 1331 4282 commendares.
1346 4254 1373 4265 -
1392 4229 1417 4279 S.
1434 4229 1461 4278 444
1477 4228 1538 4279 betto
1553 4229 1639 4279 4444444
1653 4241 1728 4294 susp.

413 4307 585 4357 Hotomanus.
606 4331 633 4343 —
651 4307 675 4356 7.
691 4307 718 4356 P.
736 4306 842 4356 4444444444
858 4307 891 4356 S:
914 4308 962 4357 Pii.
978 4312 1007 4357 at
1022 4307 1053 4358 V.
1072 4333 1100 4343 ·-
1120 4307 1144 4358 9.
1163 4306 1190 4356 T.
1201 4305 1305 4356 Didiam
1319 4305 1348 4355 Ρ.
1366 4305 1498 4355 Manutius
1514 4298 1572 4355 coll.
1588 4304 1671 4356 Fastis
1681 4305 1730 4355 Ce-

412 4378 535 4446 pitolinis.
551 4407 578 4416 -
597 4381 636 4431 44.
655 4381 797 4432 iomriuV:
817 4381 940 4444 infortes.
954 4409 981 4418 -
1002 4383 1042 4433 ta.
1061 4383 1140 4432 omnis
1155 4383 1182 4433 S.
1196 4408 1223 4417 -
1241 4380 1337 4443 4444444]
1352 4381 1442 4430 demat
1457 4382 1483 4432 S.
1497 4407 1525 4416 -
1545 4381 1585 4431 te.
1602 4380 1731 4445 {opiparam

412 4455 444 4505 V.
465 4481 492 4492 -
512 4454 551 4504 46.
570 4468 601 4503 cc
617 4455 686 4520 4444]
708 4455 741 4505 ad
762 4455 820 4505 disc.
839 4456 865 4505 S.
885 4482 911 4491 -
932 4456 971 4506 48.
985 4455 1079 4519 popolo
1095 4457 1206 4507 nomaso
1221 4452 1294 4505 Klotz
1312 4452 1344 4515 (v.
1359 4453 1442 4504 Praei.
1456 4452 1498 4504 ed.
1513 4456 1545 4506 li.
1563 4466 1590 4519 p.
1605 4454 1648 4504 Vii
1660 4455 1728 4519 soi:

411 4529 450 4580 rai
463 4528 577 4592 44444444
591 4530 653 4589 VS3
672 4529 760 4593 populi
774 4529 879 4580 Rmaooi
895 4531 924 4580 0.
939 4555 967 4567 -
985 4531 1126 4581 condonare
1142 4531 1278 4581 Faernus:
1293 4528 1457 4580 condemnare
1471 4529 1558 4580 VSO.
1572 4555 1600 4565 -
1620 4528 1659 4579 49.
1676 4542 1731 4579 mo-

412 4605 462 4654 litis
478 4605 538 4653 VS:
555 4605 652 4654 44444444
667 4605 728 4655 cdd.
747 4605 899 4656 Lectionem
916 4606 982 4655 exV
999 4604 1105 4669 protulit
1121 4605 1256 4665 Garatoni,
1267 4584 1350 4656 flius
1366 4605 1546 4655 testimonium
1559 4616 1652 4655 verum
1669 4617 1729 4655 esse

413 4679 531 4731 lectionis
553 4680 580 4728 io
597 4680 614 4728 S
631 4692 762 4730 consensu
780 4680 950 4730 convincitur.
969 4706 996 4715 -
1015 4681 1056 4731 20.
1073 4679 1113 4744 dt]
1129 4681 1167 4731 Aa
1183 4680 1210 4729 S.
1230 4705 1257 4715 -
1277 4681 1365 4742 prope]
1383 4691 1479 4742 qaoque
1495 4680 1520 4728 S.
1541 4706 1568 4716 —
1587 4683 1730 4729 4444444444·

412 4755 444 4805 V.
459 4781 486 4790 -
505 4754 572 4805 Galli
588 4755 660 4805 inii.
673 4756 782 4818 scripsi:
800 4755 889 4819 pallim
899 4756 929 4815 V,
948 4755 1015 4806 Galli
1030 4756 1057 4804 ia
1073 4768 1127 4805 om.
1144 4755 1180 4805 u.
1198 4755 1215 4804 S
1232 4756 1258 4805 et
1275 4753 1336 4805 edd
1356 4780 1384 4790 -
1402 4756 1443 4805 22.
1459 4755 1542 4815 oideo,
1560 4755 1666 4814 iadicem·
1687 4755 1730 4805 aed

412 4829 497 4878 modis
511 4829 605 4893 scripsi
622 4828 665 4892 (cl.
683 4829 709 4879 in
721 4830 796 4879 Verr.
812 4830 842 4879 V.
862 4828 886 4893 fi.
899 4828 962 4890 aaa:
979 4830 1051 4879 uideo
1067 4830 1119 4879 iud.
1137 4843 1159 4880 c.
1172 4829 1300 4880 statuitis
1316 4829 1370 4892 (sic)
1382 4829 1417 4888 V3
1434 4841 1480 4878 oca
1494 4842 1545 4878 noo
1560 4834 1584 4879 et
1597 4829 1730 4879 4444444--

412 4904 572 4953 aasumensi
589 4904 618 4962 ὃς
640 4903 725 4964 Video,
742 4905 848 4954 iudices:
865 4916 910 4953 cos
924 4916 983 4954 cero
999 4909 1022 4954 44
1036 4905 1121 4954 mobis
1136 4917 1209 4970 susp.
1222 4904 1358 4963 Garatont3
1379 4905 1460 4954 Video.
1477 4904 1608 4964 Ncsocro,
1625 4903 1689 4962 iad..
1706 4908 1731 4954 44

412 4978 496 5028 mattis
507 4979 541 5040 0,
566 4979 671 5028 etitem
689 4976 814 5039 dictatus,
832 4979 881 5029 nisi
899 4976 970 5042 quod
987 4979 1030 5029 bic
1045 4980 1115 5030 video
1131 4976 1237 5031 delevit.
1251 5007 1279 5016 -
1296 4979 1338 5032 23.
1356 4979 1528 5030 obicitarVS.
1543 5004 1570 5014 -
1588 4977 1630 5030 24.
1647 4979 1730 5029 dicce-

391 5054 480 5103 ·dooo
495 5053 526 5105 V.
548 5079 576 5090 -
594 5053 635 5103 st.
652 5066 731 5102 moon
746 5054 780 5102 il.
799 5054 909 5118 scripsi:
926 5066 1005 5102 mooe
1021 5066 1082 5104 cum
1098 5051 1178 5116 lines,
1197 5056 1215 5106 i.
1233 5067 1258 5106 e.
1275 5068 1379 5106 sacoma
1394 5054 1430 5115 V;
1452 5067 1531 5105 mono
1547 5065 1601 5104 om.
1618 5054 1653 5103 ii.
1671 5053 1727 5105 s0.

414 5155 442 5164 -
461 5129 501 5178 26.
525 5140 543 5177 a
566 5127 700 5178 lbroacom
721 5126 904 5179 Fleckeiscnus
928 5128 955 5178 in
974 5126 1106 5192 Philotogo
1121 5129 1163 5179 iV.
1180 5143 1208 5194 p.
1225 5130 1282 5181 344.
1300 5133 1355 5180 not.
1379 5131 1454 5194 (post
1469 5128 1655 5190 Niebubrium,
1682 5129 1728 5192 qul

414 5203 531 5254 samaa
547 5202 804 5266 commendaverat:
822 5207 850 5253 ct
859 5215 961 5268 moeson
970 5204 1002 5268 V,
1019 5216 1038 5253 o
1053 5204 1167 5254 troam
1182 5205 1212 5264 S,
1229 5217 1247 5254 a
1258 5204 1379 5254 4444444444
1395 5204 1451 5254 to.
1466 5231 1494 5243 ·-
1510 5204 1552 5256 Sl.
1568 5204 1728 5270 populations

413 5280 440 5330 S.
457 5303 484 5315 -
503 5279 602 5342 4444444
616 5283 651 5330 eat
667 5277 799 5329 socrum:
816 5281 852 5330 eat
866 5290 920 5330 om.
931 5277 988 5331 VS.
1007 5303 1035 5325 a·
1052 5277 1095 5330 bt.
1110 5291 1162 5330 sos
1177 5289 1231 5330 om.
1248 5277 1271 5330 V
1286 5280 1354 5331 teste
1371 5278 1458 5330 Garat.
