4367 6109
447 564 510 632 670
844 567 885 629 IN
907 566 943 629 Ι..
965 565 1190 632 clanim
1209 566 1331 634 LIBER
1350 567 1376 629 1.

448 739 488 799 At
510 754 682 819 numquam
704 735 738 798 in
759 734 818 798 bae
839 735 935 809 urbe,
957 736 1012 819 qui
1032 756 1053 799 a
1072 756 1108 799 re
1130 734 1256 819 publica
1278 735 1478 810 deiecerunt,
1500 735 1627 800 civium
1648 735 1729 800 iura
1754 744 1803 801 te-

449 836 597 893 nuerunt.
632 831 681 891 An
709 828 861 892 invidiam
892 829 1085 911 posteritatis
1108 830 1221 892 timeat
1254 829 1452 893 Praeclaram
1474 849 1551 894 sero
1572 829 1710 913 populo
1735 832 1801 894 llo-

449 944 543 986 mano
564 922 663 986 refers
685 922 834 1004 gratian,
856 923 913 1005 qui
934 931 980 995 le,
1001 922 1163 985 bominem
1184 943 1244 1005 per
1265 932 1296 986 te
1312 923 1491 1005 cognitum,
1512 923 1607 987 nulla
1622 943 1798 988 nemmem

449 1018 576 1081 datione
598 1016 754 1078 maiorum
776 1022 840 1078 tam
863 1023 984 1079 mature
1005 1016 1046 1078 ad
1069 1035 1226 1079 summum
1245 1018 1411 1099 imperium
1426 1037 1483 1100 per
1496 1037 1610 1081 omnes
1625 1016 1797 1082 bononem

425 1109 564 1193 egradus
586 1108 716 1183 extulit,
738 1110 765 1171 si
786 1116 917 1191 propter
938 1109 1089 1173 invidiam
1111 1116 1166 1171 aut
1190 1109 1326 1173 alicuius
1347 1111 1481 1191 periculi
1503 1119 1626 1174 metum
1648 1112 1795 1175 salutem

449 1204 565 1268 civium
587 1210 712 1265 tuorum
736 1202 880 1284 negligis.
923 1199 974 1263 29.
998 1203 1060 1266 Sed
1091 1202 1213 1286 siquis
1240 1210 1288 1265 est
1314 1204 1451 1268 invidiae
1478 1213 1597 1279 metus,
1628 1226 1713 1268 num
1744 1213 1797 1269 est

448 1296 667 1360 vehementius
690 1295 865 1359 severitatis
887 1315 924 1360 ac
944 1295 1141 1360 fortitudinia
1163 1296 1283 1360 invidia
1304 1317 1401 1378 quam
1416 1298 1548 1362 inertiae
1561 1318 1602 1362 ac
1617 1299 1793 1383 nequitiae

448 1389 724 1473 pertimescenda?
757 1390 807 1451 An
828 1411 900 1453 cum
922 1390 1006 1454 bello
1020 1389 1197 1454 vastabitur
1216 1390 1322 1464 ltalia,
1345 1390 1542 1454 vexabuntur
1560 1392 1679 1467 urbes,
1705 1401 1793 1456 tecta

448 1483 627 1559 ardebunt,
649 1490 717 1546 tum
738 1491 768 1546 te
791 1503 856 1546 non
878 1483 1042 1547 existimas
1064 1481 1202 1547 invidiae
1224 1482 1373 1547 incendio
1395 1485 1664 1566 eonaagramrnm
1677 1489 1721 1549 is
1748 1520 1793 1534 -

411 1597 439 1646 io
448 1578 519 1640 1111.
541 1577 599 1640 His
621 1596 680 1660 ego
701 1576 905 1640 sanctissimis
926 1577 973 1640 rei
1001 1575 1148 1659 publicae
1172 1576 1304 1639 vocibus
1326 1583 1358 1638 et
1378 1595 1489 1640 eorum
1509 1578 1700 1656 bominum,
1733 1581 1791 1665 qui

448 1671 509 1733 boc
537 1671 621 1732 idem
649 1669 803 1743 sentiunt,
833 1670 990 1733 mentibus
1020 1688 1119 1752 pauca
1146 1669 1357 1751 respondebo.
1400 1670 1469 1752 Ego
1489 1672 1516 1734 si
1537 1671 1599 1737 boc
1621 1674 1791 1756 optimum

448 1763 534 1827 lactu
555 1763 743 1838 iudicarem,
770 1770 876 1846 patres
898 1763 1084 1847 conscripti,
1108 1762 1274 1826 Catilinam
1296 1769 1397 1826 morte
1418 1763 1561 1840 multari,
1582 1768 1685 1830 unius
1709 1787 1791 1829 usu·

449 1877 514 1920 ram
535 1857 633 1920 borae
655 1855 820 1937 gladiatori
842 1856 895 1919 isti
917 1856 957 1919 ad
979 1856 1150 1920 vivendum
1171 1875 1237 1921 non
1260 1855 1429 1920 dedissem.
1463 1858 1588 1924 Etenim
1610 1859 1639 1922 ei
1661 1860 1789 1925 summi

449 1957 482 2012 et
504 1948 669 2012 clarissimi
691 1948 751 2028 viri
772 1949 936 2014 Saturnini
959 1957 992 2013 et
1013 1948 1226 2013 Gracchorum
1239 1959 1271 2013 et
1291 1950 1394 2012 Flacci
1417 1959 1449 2014 et
1470 1952 1675 2034 superiorum
1696 1974 1791 2017 com·

413 2043 588 2127 inplurium
609 2042 763 2123 sanguine
784 2063 850 2105 non
871 2044 967 2107 modo
988 2064 1023 2108 se
1045 2064 1110 2108 non
1131 2044 1403 2119 contaminarunt,
1434 2045 1490 2107 sed
1512 2047 1607 2110 etiarn
1629 2046 1791 2111 honesta·

449 2144 539 2211 runt,
567 2142 650 2200 certe
672 2135 846 2200 verendum
869 2138 946 2200 mibi
968 2145 1136 2213 nouerat,
1166 2159 1206 2201 ne
1228 2136 1306 2222 quid
1333 2138 1394 2202 boc
1414 2137 1572 2221 parricida
1592 2138 1716 2203 civium
1739 2142 1791 2205 in·

450 2231 580 2295 terfecto
607 2230 744 2293 invidiae
772 2230 806 2294 in
828 2231 1047 2313 posteritatem
1068 2233 1271 2297 redundaret.
1315 2231 1457 2308 Quodsi
1479 2253 1517 2298 ea
1538 2232 1617 2296 mibi
1639 2234 1789 2297 maxime

449 2322 663 2407 impenderet,
692 2332 798 2388 umen
827 2324 888 2387 boc
917 2325 1022 2389 animo
1045 2345 1172 2407 semper
1192 2325 1252 2401 fui,
1282 2333 1319 2388 ut
1345 2326 1496 2390 invidiam
1517 2327 1635 2392 inuste
1656 2337 1788 2410 partam

450 2419 599 2499 gloriam,
626 2436 692 2479 non
721 2417 872 2482 invidiam
901 2427 1055 2501 putarem.
1099 2416 1150 2481 30.
1175 2420 1374 2502 Quamquam
1396 2419 1543 2485 nonnulli
1564 2427 1641 2484 sunt
1660 2421 1701 2484 in
1723 2422 1788 2488 boc

411 2510 577 2586 reordine,
600 2510 656 2594 qui
677 2519 731 2575 aut
752 2532 807 2589 ea,
830 2532 912 2596 quae
934 2514 1114 2589 imminent,
1138 2534 1204 2578 non
1225 2513 1371 2588 videant,
1392 2520 1449 2578 aut
1470 2533 1526 2589 ea,
1549 2534 1634 2598 quae
1656 2515 1787 2591 vident,

449 2604 664 2679 dissimulent;
692 2606 748 2687 qui
771 2626 858 2688 spem
882 2607 1033 2670 Catilinae
1059 2607 1207 2671 mollibus
1229 2608 1393 2672 sententiis
1414 2607 1563 2671 aluerunt
1582 2610 1788 2675 coniuratio·

448 2719 585 2782 nemque
606 2707 790 2762 nascentem
811 2720 876 2762 non
898 2698 1057 2764 credendo
1079 2702 1379 2775 corroboraverunt,
1403 2720 1539 2784 quorum
1554 2704 1787 2770 auctoritatem

447 2794 549 2858 secuti
570 2792 677 2865 multi,
699 2812 765 2855 non
787 2793 889 2856 solum
912 2794 1064 2876 improbi,
1087 2815 1196 2859 verum
1218 2796 1312 2858 etiam
1334 2795 1490 2877 imperiti,
1512 2797 1540 2863 si
1559 2797 1593 2862 in
1606 2796 1698 2862 bunc
1713 2800 1786 2862 ani·

448 2887 701 2959 madvestissem,
731 2886 902 2950 crudeliter
922 2896 955 2952 et
976 2888 1061 2970 regie
1082 2887 1201 2952 tactum
1223 2909 1294 2952 esse
1315 2890 1465 2953 dicerent.
1507 2891 1597 2954 Nunc
1618 2890 1785 2976 intelligo,

410 2982 474 3047 nsi
496 2983 571 3054 iste,
594 2999 660 3063 quo
682 2980 832 3053 intendit,
854 2980 887 3042 in
910 2983 1068 3045 Manliana
1085 2989 1188 3045 castra
1210 2983 1407 3066 pervenerit,
1429 2984 1588 3047 neminem
1609 2992 1676 3049 tam
1702 2987 1785 3051 stul·

449 3084 515 3138 tum
536 3074 621 3148 fore,
645 3074 787 3157 quinon
809 3073 917 3137 videat
939 3076 1191 3139 coniurationem
1206 3097 1277 3140 esse
1296 3075 1428 3153 factam,
1450 3077 1608 3140 neminem
1630 3085 1699 3142 tam
1723 3082 1786 3143 im·

447 3169 600 3252 probum,
623 3168 678 3251 qui
700 3185 764 3230 non
783 3167 927 3231 fateatur.
962 3168 1032 3231 Hoc
1053 3176 1158 3233 autem
1180 3190 1245 3232 uno
1268 3170 1433 3234 interiecto
1455 3171 1599 3254 intelligo
1621 3171 1711 3237 banc
1734 3176 1784 3238 rei

512 3383 537 3432 4.
555 3385 583 3432 ot
598 3382 865 3443 numquam-times
882 3381 965 3433 hebet
980 3385 991 3432 l
1006 3385 1068 3448 post
1082 3384 1161 3447 referi
1176 3384 1298 3448 gratim.
1314 3411 1341 3420 -
1354 3384 1466 3446 alguic.
1481 3410 1509 3422 -
1523 3384 1567 3447 gui
1583 3386 1657 3450 Cae
1672 3388 1784 3452 agee.

445 3456 486 3510 63.
500 3457 546 3508 tt:
565 3458 584 3506 ii
603 3455 653 3521 (vel
670 3458 709 3518 ii,
727 3457 770 3521 liii)
788 3459 832 3522 qni
848 3459 937 3509 RLO.
952 3485 978 3494 -
993 3459 1017 3509 3.
1035 3460 1114 3522 refers
1130 3459 1185 3520 ab,
1205 3458 1417 3523 egissem:
1434 3460 1527 3523 reseres
1542 3460 1571 3512 R.
1587 3484 1614 3496 -
1629 3462 1655 3512 6.
1668 3470 1786 3527 propter

444 3535 555 3585 invidiae
571 3533 639 3586 coni.
659 3531 781 3582 Matthiae
799 3531 944 3583 admodum
961 3530 1145 3596 probabiliter3
1174 3533 1208 3584 ci.
1227 3548 1266 3585 or.
1283 3536 1314 3586 11.
1334 3534 1358 3599 5.
1377 3535 1405 3586 3:
1432 3536 1597 3599 iampridem
1612 3550 1660 3602 ego
1675 3540 1709 3591 l..
1730 3542 1785 3593 ce-

444 3610 543 3659 lilinum
558 3623 609 3658 non
624 3608 697 3657 modo
714 3607 823 3657 incidiae
838 3620 915 3667 mese,
933 3620 1020 3657 omnm
1037 3608 1113 3657 etiem
1128 3609 1195 3658 uilem
1203 3609 1314 3672 periculo
1324 3610 1483 3661 manserem.
1495 3637 1521 3647 -
1533 3610 1558 3661 6.
1569 3616 1672 3662 tannim
1682 3614 1785 3666 ᾱυῑωη

446 3683 516 3735 41.-
535 3684 643 3748 negliges
659 3694 728 3746 qyz
746 3682 788 3745 (ex
805 3681 926 3746 neglegis,
945 3685 974 3731 ut
991 3685 1032 3733 est
1049 3684 1075 3732 in
1091 3681 1197 3744 bstu).
1212 3709 1240 3720 -
1258 3698 1319 3733 num
1335 3697 1376 3747 ag
1392 3684 1438 3748 Lg.
1450 3686 1491 3736 641.
1504 3686 1582 3750 til.
1599 3686 1627 3737 in
1644 3700 1681 3740 m.
1697 3690 1782 3742 ⁴58t:

444 3759 568 3809 nonRL.
589 3784 616 3793 -
644 3756 868 3819 evomentium
894 3756 1305 3821 retenentiorcbirsluwx,
1332 3759 1551 3825 64611433.-
1574 3762 1784 3817 invidioianle

444 3845 505 3882 niem
521 3835 557 3881 est
574 3830 663 3881 babet.
684 3856 711 3864 —
731 3829 754 3878 9.
774 3834 826 3878 lum
843 3830 873 3894 le]
891 3835 942 3879 tute
959 3844 990 3894 y,
1008 3837 1061 3881 lum
1078 3845 1131 3883 om.
1151 3834 1180 3882 V.
1201 3833 1297 3896 (firmat
1313 3840 1366 3885 tien
1383 3836 1526 3887 Diomedes
1541 3849 1569 3900 p.
1587 3834 1657 3900 386.)
1677 3862 1708 3876 -
1730 3856 1784 3891 nen

445 3919 498 3956 om.
518 3903 557 3955 ls.
579 3932 606 3941 -
626 3905 667 3954 46.
685 3904 723 3953 liis
738 3917 797 3969 ergo
815 3917 868 3968 eg,
887 3905 998 3955 hisvero
1015 3920 1046 3957 w.
1067 3934 1095 3942 -
1119 3921 1206 3958 eoriim
1222 3911 1333 3961 oinnisim
1349 3911 1375 3961 d.
1396 3937 1424 3948 ·-
1448 3912 1489 3962 44.
1506 3912 1551 3961 boc
1566 3912 1686 3976 om.1.g.
1710 3915 1736 3965 4.
1756 3917 1782 3967 3.

444 3981 469 4031 6.
487 3980 511 4029 7.
531 3980 555 4029 8.
574 3978 614 4029 61.
634 3978 682 4030 soli
699 3994 731 4030 ex
749 3981 817 4031 meis
834 3980 971 4043 omnibus,
994 3983 1051 4033 LO.
1070 3982 1125 4047 (gui
1142 3985 1171 4035 de
1185 3985 1283 4035 bomine
1298 3986 1363 4037 464444
1379 3984 1417 4050 ς.)
1436 4012 1463 4022 -
1481 3986 1589 4036 sensuit
1603 3986 1670 4037 idem
1687 3988 1781 4040 ivr.-

445 4055 485 4105 46.
506 4053 828 4118 socluabccbquz,
852 4054 1007 4120 aliiLagg.:
1031 4058 1347 4122 factedgilorslu13
1370 4062 1466 4125 sectum
1488 4062 1533 4124 lg.
1552 4061 1658 4123 64154,
1676 4063 1709 4113 0.
1740 4067 1782 4118 ct.

443 4127 564 4192 Madvigii
583 4128 672 4191 Opnse.
690 4130 710 4178 1.
729 4142 755 4193 p.
776 4130 822 4180 487
840 4144 900 4194 sqq.
922 4159 948 4166 —
967 4131 1045 4182 borae
1060 4146 1166 4182 usuram
1183 4133 1265 4192 deo;
1283 4148 1357 4185 ssnm
1372 4134 1449 4185 borae
1465 4135 1510 4197 Lg.
1520 4133 1561 4185 46.
1575 4160 1603 4170 -
1624 4135 1667 4185 43.
1684 4142 1785 4190 misni

443 4207 466 4252 et
483 4202 546 4250 olor.
563 4202 613 4251 oiri
630 4203 675 4267 Bp
693 4205 738 4267 Lg.
757 4205 798 4254 50.
817 4206 864 4265 57,
889 4205 932 4255 ed.
951 4206 1016 4257 Ven.
1036 4206 1113 4257 titt:
1132 4209 1222 4258 memini
1238 4214 1262 4259 et
1278 4211 1341 4260 cler.
1359 4211 1423 4260 cives
1439 4223 1471 4271 o,
1497 4211 1587 4262 ammi
1602 4215 1626 4261 et
1642 4212 1710 4264 cler.
1730 4217 1785 4266 visi

442 4277 507 4327 cives
523 4290 538 4324 a
556 4278 582 4326 el
600 4280 644 4341 bg.
662 4277 706 4338 63;
725 4280 815 4328 samon
832 4280 882 4329 oiri
899 4281 1002 4330 etrier.
1021 4283 1086 4333 cives
1102 4284 1189 4333 1410.
1209 4284 1247 4333 61.
1266 4298 1321 4334 ver.
1341 4284 1400 4336 lect.
1419 4284 1454 4335 ad
1470 4298 1509 4336 or.
1528 4299 1554 4349 p.
1572 4284 1644 4336 Sulla
1661 4287 1686 4352 Β.
1706 4288 1736 4340 3.
1753 4320 1782 4328 -

443 4350 484 4402 44.
503 4356 527 4400 et
542 4350 675 4402 Saturnini
691 4367 742 4403 eo.
757 4380 784 4388 —
804 4356 951 4418 conplosum
969 4370 985 4405 u
1003 4360 1102 4422 (sange.
1121 4358 1286 4422 complurium
1298 4359 1337 4419 Vl.
1352 4386 1379 4395 -
1399 4361 1439 4409 46.
1457 4374 1508 4410 non
1524 4362 1586 4425 post
1599 4373 1626 4411 se
1638 4374 1694 4413 om.
1710 4378 1738 4415 e.
1752 4392 1781 4401 -

442 4425 675 4477 contaminaverunt
692 4428 889 4494 Vdeilqry,
908 4433 953 4492 Lg.
972 4433 1013 4482 50.
1032 4434 1073 4483 57.
1095 4461 1122 4469 -
1141 4433 1332 4484 honestaverant
1347 4432 1481 4497 Vdeqa.
1502 4460 1525 4469 -
1548 4434 1589 4484 46.
1606 4436 1669 4485 milii
1684 4451 1785 4492 owen-

441 4501 502 4551 dum
518 4502 537 4551 C
556 4502 601 4564 Lg.
619 4500 650 4551 16
668 4499 729 4563 soli,
755 4503 783 4553 0.
803 4505 842 4555 Cl.
863 4506 882 4554 1.
900 4505 925 4569 5.
944 4507 968 4555 6.
989 4533 1016 4542 -
1045 4508 1092 4557 erit
1110 4509 1275 4567 Caeorw,
1302 4506 1344 4556 alii
1361 4507 1441 4570 Lagg.
1461 4533 1488 4542 -
1515 4507 1607 4557 eiciam
1623 4522 1679 4563 om.
1699 4525 1727 4562 e.
1751 4543 1782 4553 -

440 4575 568 4638 interfecto
584 4586 637 4624 om.
651 4588 673 4625 s.
688 4601 715 4609 -
736 4577 775 4625 ti.
793 4577 902 4629 invidiae
919 4593 934 4628 a
945 4593 1035 4645 capg
1046 4596 1051 4629 z
1069 4583 1120 4632 ino.
1139 4584 1216 4634 etiem
1233 4584 1295 4645 [om.
1309 4595 1367 4646 seq.
1380 4582 1416 4644 in)
1429 4583 1461 4642 d;
1480 4583 1590 4633 inuidiae
1604 4585 1667 4635 miti
1683 4588 1737 4639 141.
1748 4591 1780 4640 0.

444 4652 521 4712 -eo]
532 4664 563 4700 ee
574 4650 669 4700 invidia
680 4663 711 4714 q,
730 4651 826 4702 invidio
837 4666 928 4715 eoyz.
942 4656 1091 4706 -maeiose
1101 4658 1203 4718 mitiis,
1221 4658 1281 4707 miti
1292 4656 1407 4706 macena
1419 4670 1486 4718 mo;
1503 4660 1615 4710 masline
1626 4662 1691 4724 lom.
1704 4667 1782 4729 mibi]

442 4737 471 4786 e,
490 4725 549 4775 tort.
562 4728 645 4775 recte.
661 4751 688 4760 -
708 4725 748 4775 48.
766 4726 804 4789 sei
820 4741 915 4791 sernper
926 4730 944 4779 B
955 4743 969 4778 a
981 4744 1034 4793 yz,
1054 4732 1098 4794 Lg.
1112 4732 1152 4782 63.
1168 4760 1195 4769 -
1207 4733 1300 4783 oirtote
1311 4758 1349 4770 --
1360 4733 1482 4783 inuidiam
1492 4746 1546 4784 om.
1558 4747 1591 4800 p,
1610 4747 1627 4784 u
1646 4737 1673 4787 in
1686 4750 1780 4806 marg,

441 4798 531 4849 babet.
552 4825 577 4837 -
596 4805 717 4862 paratam
734 4813 759 4862 g.
780 4826 807 4835 -·
833 4802 873 4851 641.
893 4816 923 4853 co
940 4817 994 4854 om.
1013 4819 1038 4855 o.
1060 4830 1086 4842 -
1116 4820 1181 4867 gaee
1196 4809 1296 4858 omnent
1313 4807 1375 4859 ltu.
1396 4834 1422 4843 —
1450 4809 1490 4861 31.
1510 4809 1655 4861 dissimilent
1672 4812 1724 4866 ds.
1748 4842 1778 4854 -

441 4874 825 4927 sinerint--corroboreoerint
842 4876 868 4925 d.
889 4903 916 4913 -
941 4879 981 4929 22.
1001 4894 1108 4943 quornm
1124 4885 1273 4934 eumeniae
1289 4884 1361 4933 mebi
1378 4884 1429 4945 dg.
1455 4910 1482 4919 -
1507 4884 1548 4935 23.
1565 4884 1638 4934 maes
1654 4891 1737 4941 eniti
1755 4906 1779 4944 r.

444 4976 470 4986 -
489 4951 530 5000 sed
546 4950 621 5000 etiem
638 4951 664 5002 d.
686 4977 713 4987 -
740 4951 866 5013 imperiosi
882 4968 906 5014 ς.
933 4978 960 4988 -
987 4955 1014 5003 in
1035 4956 1108 5021 tunc]
1130 4957 1157 5006 in
1174 4970 1227 5008 om.
1246 4971 1275 5017 ος
1302 4973 1352 5008 non
1367 4971 1392 5022 g.
1414 4985 1441 4994 -
1460 4960 1545 5010 animo
1561 4959 1727 5013 ewerlimein
1745 4978 1777 5027 a;

441 5023 599 5073 advnlissem
611 5038 638 5084 r;
657 5026 887 5077 animadvertissent
898 5025 931 5090 gl
942 5030 959 5078 t.
975 5055 1002 5064 -
1021 5029 1062 5080 61.
1076 5036 1100 5081 el
1116 5033 1213 5096 egregie
1225 5045 1255 5096 q;
1273 5047 1324 5083 non
1339 5034 1437 5097 egregie
1448 5035 1469 5084 V
1479 5048 1494 5085 c
1504 5046 1615 5099 pwya,
1633 5033 1679 5088 alii
1691 5038 1778 5105 Lagg.

443 5122 470 5131 -
489 5098 529 5147 65.
548 5112 597 5162 gno
613 5102 689 5151 enon
706 5115 721 5152 e
739 5102 850 5165 (intersitis
867 5101 949 5152 habet
965 5104 1046 5155 Prisc.
1064 5107 1095 5155 11.
1114 5119 1141 5169 p.
1155 5105 1221 5168 413.)
1235 5134 1262 5142 -
1280 5108 1405 5159 Malliana
1422 5110 1468 5158 Oo
1485 5111 1512 5160 et
1528 5107 1628 5172 aliquot
1645 5110 1730 5178 Lagg.
1747 5142 1777 5153 -

440 5170 482 5222 26.
500 5173 560 5233 guin
575 5174 660 5226 uideat
675 5190 716 5239 ag
733 5179 778 5242 bg.
796 5175 837 5229 46.
857 5178 908 5241 (gni
924 5192 974 5228 non
991 5180 1081 5243 Prisc.)
1102 5206 1128 5214 -
1147 5182 1245 5244 [actem
1260 5196 1310 5232 esse
1326 5181 1467 5243 Cdorw3
1488 5183 1644 5248 peusoctam
1660 5198 1714 5238 ease
1732 5187 1777 5241 uel

441 5256 492 5296 erse
503 5247 582 5312 galet
600 5249 769 5315 Bveqyz,
788 5250 830 5304 elii
847 5252 925 5317 Lagg.
945 5253 1003 5317 (eise
1017 5253 1115 5318 [eclam
1130 5254 1213 5307 habet
1229 5256 1321 5320 Prisc.)
1341 5282 1368 5292 -
1387 5258 1429 5309 at.
1447 5270 1569 5312 nonem
1586 5271 1615 5326 p.
