4367 6109
461 575 523 642 580
854 577 1004 644 ORATIO
1026 579 1105 644 PRO
1126 579 1165 643 d.
1189 578 1388 646 GLUENTIO

460 749 540 813 nihil
561 748 731 831 comperti3
754 766 795 810 ex
817 755 881 811 tota
903 749 964 812 ista
985 749 1219 831 subscriptione
1238 770 1396 815 rumorem
1411 748 1584 835 quendam
1603 751 1642 808 et
1663 741 1802 827 plausu

459 841 646 927 popularem
668 860 739 905 esse
761 842 949 925 quaesitum.
984 844 1063 905 Nam
1085 843 1120 905 in
1141 845 1175 906 P.
1197 844 1373 928 Popilium,
1401 844 1458 928 qui
1483 838 1716 926 Oppianicum
1736 856 1802 901 coa

459 938 638 1010 damnarat,
660 935 849 1017 subscripsit
869 936 905 999 L.
928 936 1065 1012 Gellius,
1089 938 1176 1022 quod
1197 940 1225 1001 is
1245 939 1411 1023 pecuniam
1433 936 1643 1020 accepisset,
1670 950 1740 1016 qno
1759 932 1801 996 ia·

458 1036 624 1093 docentem
654 1027 887 1093 condemnaret
923 1030 988 1092 lam
1016 1031 1182 1114 idipsum
1213 1041 1349 1115 quantae
1377 1031 1597 1097 divinationis
1620 1034 1694 1102 est,
1727 1028 1800 1091 seire

435 1123 662 1186 einnocentem
681 1120 781 1185 luisse
802 1143 909 1197 reum,
932 1143 1026 1207 quem
1051 1123 1187 1188 fortasse
1207 1145 1379 1209 numquam
1393 1126 1534 1199 rideret,
1560 1142 1642 1187 cnm
1656 1120 1799 1185 bomine

457 1216 699 1301 sapientissimi,
725 1215 863 1292 iudices,
891 1224 927 1280 ut
947 1216 1027 1280 nibil
1050 1217 1153 1281 dicam
1175 1219 1216 1282 de
1237 1219 1293 1295 iis,
1323 1221 1379 1304 qui
1401 1220 1689 1291 condemnarunt,
1713 1233 1799 1279 causa

457 1310 583 1393 cognita
604 1309 663 1372 sibi
686 1308 825 1374 dixerint
844 1331 908 1373 non
930 1310 1077 1395 liqueret

541 1399 613 1466 432.
634 1403 752 1467 Verum
775 1411 861 1467 esto:
884 1402 1074 1468 condemnat
1095 1405 1251 1488 Popilium
1274 1407 1415 1482 Gellius,
1438 1406 1566 1471 iudicat
1588 1404 1798 1488 accepisses

457 1497 603 1561 Cluentio
636 1499 814 1580 pecuniam.
855 1500 957 1581 Negat
986 1497 1049 1561 boc
1079 1499 1242 1562 Lentulus.
1284 1503 1364 1564 Nam
1393 1502 1573 1585 Popilium,
1610 1497 1707 1584 qnod
1737 1507 1798 1562 erat

418 1604 446 1650 so
455 1590 595 1654 libertini
616 1589 718 1666 filius,
740 1593 775 1654 iu
797 1600 941 1656 senatum
962 1612 1027 1655 non
1050 1592 1141 1675 legit:
1162 1591 1269 1657 locum
1293 1595 1422 1679 quidem
1444 1594 1652 1659 senatorium
1669 1591 1797 1657 ludiset

454 1695 559 1750 cetera
582 1693 767 1749 ornamenta
794 1686 947 1770 relinquit
968 1694 1000 1749 et
1025 1705 1098 1749 eum
1120 1687 1207 1749 omni
1229 1687 1403 1770 ignominia
1424 1689 1549 1752 liberat.
1598 1686 1707 1764 Quod
1729 1706 1795 1750 can

453 1776 544 1854 lacit,
572 1779 691 1843 iudicat
721 1779 790 1844 eius
818 1779 975 1842 sententia
1005 1781 1101 1863 gratis
1128 1799 1199 1843 csse
1221 1780 1429 1865 Oppianicum
1452 1783 1726 1847 condemnatum.
1760 1780 1796 1844 a

421 1863 426 1874 ⁶
455 1871 590 1936 eundem
611 1873 767 1955 Popilium
789 1881 901 1956 postea
917 1873 1070 1938 Lentulus
1092 1875 1126 1936 in
1148 1872 1284 1936 ambitus
1306 1875 1425 1939 iudicio
1447 1896 1505 1959 pro
1527 1874 1729 1939 testimonio
1750 1873 1794 1937 di·

454 1964 661 2049 liqentissime
689 1966 806 2030 laudat.
850 1967 956 2044 Quare
993 1968 1020 2030 si
1049 1988 1154 2052 neque
1184 1969 1218 2031 L.
1246 1968 1338 2031 Gellii
1360 1969 1487 2033 iudicio
1512 1969 1605 2033 stetit
1635 1967 1792 2032 Lentulus

418 2070 559 2145 ltneque
580 2060 707 2125 Lentuli
729 2060 962 2125 existimatione
984 2069 1153 2126 contentus
1174 2063 1236 2125 luit
1249 2061 1386 2138 Gellius,
1409 2071 1440 2128 et
1461 2065 1489 2127 si
1509 2071 1660 2147 uterque
1682 2081 1792 2125 censor

455 2155 593 2219 censoris
615 2155 766 2238 opinione
788 2155 932 2219 standum
955 2175 1019 2218 non
1041 2157 1181 2239 putavit,
1204 2154 1283 2238 quid
1298 2163 1346 2219 est
1361 2176 1455 2240 quam
1470 2156 1597 2220 obrem
1614 2156 1790 2241 quisquan

454 2256 595 2312 nostrum
617 2249 775 2313 censorias
797 2249 1045 2333 subscriptiones
1067 2270 1178 2314 omnes
1197 2247 1276 2313 lixas
1291 2257 1322 2313 et
1337 2250 1370 2313 in
1386 2256 1577 2336 perpetuum
1592 2257 1689 2313 ratas
1704 2256 1790 2334 putet

455 2362 524 2407 esse
546 2347 719 2427 oportere‘l

537 2437 677 2501 XLVIII.
700 2430 772 2499 t33.
794 2439 834 2501 llt
862 2439 895 2501 in
925 2437 1029 2521 ipsum
1056 2439 1206 2502 Habitum
1228 2438 1524 2503 animadverterunt.
1562 2438 1700 2501 Nullam
1721 2439 1788 2523 qni-

415 2530 525 2594 todem
553 2532 594 2594 ob
622 2529 864 2616 turpitudinem,
891 2530 1014 2595 nullum
1045 2532 1087 2595 ob
1109 2534 1207 2596 totius
1228 2533 1329 2608 vitae,
1358 2552 1421 2596 non
1442 2531 1546 2595 dicam
1568 2533 1705 2609 vitium,
1734 2530 1788 2596 sed

453 2633 598 2688 erratum.
630 2627 742 2710 Neque
764 2624 848 2687 enirn
870 2623 931 2687 boc
952 2623 1081 2689 bomine
1095 2628 1233 2691 sanctior
1246 2646 1351 2710 neque
1366 2625 1497 2708 probior
1509 2644 1620 2710 neque
1635 2627 1673 2689 in
1687 2626 1787 2690 omni

450 2719 511 2783 bus
533 2715 642 2784 officiis
663 2718 837 2782 retinendis
860 2717 1041 2801 diligentior
1064 2740 1135 2783 csse
1157 2725 1327 2804 quisquam
1350 2726 1470 2802 potest3
1491 2739 1600 2803 neque
1624 2718 1787 2783 illiditur

351 2816 354 2822 '
451 2812 576 2888 dicunt,
597 2813 653 2877 sed
675 2813 809 2876 eandem
829 2812 916 2876 illam
937 2813 1052 2877 lamam
1074 2813 1184 2879 iudicii
1205 2813 1345 2897 corrupti
1365 2815 1466 2876 secuti
1480 2821 1573 2889 sunt3
1597 2832 1711 2897 neque
1725 2812 1785 2896 ipsi

451 2926 543 2970 secus
565 2906 761 2982 existimant,
785 2926 881 2990 quam
903 2927 960 2970 nos
983 2908 1156 2973 existimari
1171 2908 1335 2982 volumus,
1357 2905 1397 2970 de
1418 2907 1514 2970 buius
1536 2906 1682 2991 pudore,
1705 2908 1785 2971 inte·

406 3011 442 3059 ‘ae
451 3001 579 3084 gritate,
601 3001 731 3077 virtute,
754 3001 810 3064 sed
824 3006 976 3084 putarunt
989 3002 1199 3084 praetermitti
1213 3009 1428 3064 accusatorem
1443 3020 1507 3064 non
1521 3001 1688 3085 poarisse,
1712 3020 1783 3064 cum

450 3093 704 3159 animadversum
732 3103 816 3159 esset
843 3095 878 3157 in
904 3092 1035 3158 iudices.
1072 3094 1145 3171 Qua
1173 3093 1212 3156 de
1241 3114 1275 3157 re
1304 3090 1394 3178 [tota]
1423 3095 1450 3158 si
1472 3114 1571 3158 unum
1594 3094 1723 3159 factum
1744 3115 1783 3159 ex

450 3188 536 3251 omni
557 3189 743 3273 antiquitate
764 3187 944 3272 protulem,
966 3188 1056 3274 plura
1070 3209 1135 3252 non
1151 3187 1262 3252 dicam.
1290 3183 1362 3250 434.
1383 3190 1454 3252 Non
1476 3189 1561 3252 enim
1575 3188 1660 3252 mibi
1674 3207 1783 3252 exen-

449 3282 537 3367 plum
559 3283 674 3346 summi
696 3289 729 3346 et
750 3281 915 3346 clarissimi
936 3283 1011 3357 viri,
1033 3284 1067 3346 P.
1088 3282 1246 3356 Africani,
1268 3281 1532 3366 praetereundum
1551 3281 1706 3346 ridetur:
1729 3282 1782 3366 qni

449 3395 520 3440 cum
550 3384 634 3440 esset
661 3395 776 3440 censor
801 3382 833 3439 et
861 3375 1066 3460 inequitum
1092 3394 1190 3439 censu
1212 3375 1246 3438 C.
1268 3375 1407 3439 Licinius
1430 3375 1583 3439 Sacerdos
1607 3374 1781 3459 prodisset,

411 3470 533 3533 toclara
554 3491 647 3546 voce,
674 3477 710 3535 ut
732 3469 834 3533 omnis
857 3470 963 3533 contio
985 3468 1095 3534 audire
1117 3476 1245 3552 posset,
1277 3468 1360 3532 dixit
1380 3487 1414 3531 se
1436 3468 1534 3543 scire,
1555 3466 1653 3531 illum
1674 3467 1782 3533 verbis

448 3565 612 3648 conceptis
633 3564 807 3647 peierasse3
840 3564 867 3627 si
889 3563 945 3647 qui
967 3570 1076 3627 contra
1096 3563 1194 3626 vellet
1214 3562 1338 3636 dicere,
1366 3581 1496 3625 usurum
1526 3580 1599 3625 esse
1622 3580 1702 3626 eum
1724 3581 1781 3626 suo

448 3658 640 3723 testimonio.
682 3658 804 3722 Deinde
834 3677 905 3720 cum
927 3677 1020 3720 nemo
1043 3656 1311 3730 contradiceret,
1342 3656 1434 3718 iussit
1454 3675 1572 3738 equum
1595 3655 1781 3720 traducere.

449 3753 496 3814 Ita
523 3752 564 3828 is,
597 3753 687 3816 cuius
713 3751 842 3815 arbitrio
866 3759 898 3813 et
925 3750 1063 3834 populu's
1088 3753 1248 3814 Romanus
1272 3757 1304 3813 et
1325 3756 1452 3812 exterae
1473 3756 1583 3832 gentes
1607 3756 1781 3814 contentae

449 3867 519 3910 esse
541 3853 745 3920 consuerant,
768 3846 836 3929 ipse
859 3863 915 3907 sua
937 3844 1068 3908 scientia
1091 3843 1132 3907 ad
1154 3843 1359 3926 ignominiam
1381 3843 1508 3905 alterius
1523 3849 1702 3907 contentus
1717 3864 1780 3907 non

411 3938 518 4009 assuit.
555 3940 648 4016 Quod
677 3940 703 4004 si
730 3939 791 4001 hoc
812 3938 928 4001 Habito
948 3936 1052 4002 lacere
1074 3938 1232 4011 licuisset,
1260 3935 1352 4001 facile
1374 3936 1438 3999 illis
1460 3935 1538 4020 ipsis
1561 3935 1729 4002 iudicibus
1750 3945 1780 4003 et

448 4031 545 4099 lalsae
567 4033 737 4119 suspicioni
760 4039 791 4096 et
812 4031 951 4095 invidiae
973 4031 1167 4117 populariter
1188 4031 1342 4095 excitatae
1362 4029 1541 4093 restitisset.

532 4124 603 4191 l35.
626 4128 729 4192 Unum
750 4127 844 4190 etiam
866 4133 931 4201 est,
953 4125 1041 4209 quod
1063 4145 1113 4189 me
1129 4125 1265 4190 maxime
1287 4122 1465 4207 perturbat,
1487 4123 1538 4186 cui
1551 4121 1626 4188 loco
1640 4143 1778 4210 respon·

514 4392 537 4440 4.
554 4391 605 4440 ista
625 4400 687 4441 cum
707 4387 828 4441 Emestlo
845 4387 878 4438 0:
899 4387 958 4452 ipsa
978 4382 1092 4439 aaut.
1119 4413 1147 4423 -
1170 4387 1195 4437 2.
1214 4388 1241 4437 Ρ.
1260 4400 1293 4437 ex
1311 4383 1392 4436 Fulvii
1408 4385 1492 4438 Ursini
1509 4385 1666 4439 coniectura
1683 4389 1720 4440 0:
1745 4389 1774 4441 4..

447 4460 560 4516 aaut.
581 4492 607 4500 -
627 4465 651 4516 6.
669 4463 707 4514 bis
722 4464 804 4515 SIF.
825 4489 852 4498 -
871 4462 895 4513 7.
913 4462 967 4528 sibi]
990 4462 1035 4512 sibi
1051 4476 1102 4514 csse
1118 4464 1171 4513 ST.
1192 4489 1219 4498 -
1239 4463 1357 4513 diceruot
1373 4460 1481 4513 codices
1498 4472 1601 4513 omues.
1621 4487 1649 4499 -
1670 4463 1714 4514 44.
1732 4474 1775 4514 re·

446 4536 535 4603 licquil
557 4540 622 4590 LO:
648 4540 748 4604 reliquit
771 4536 859 4591 ult.
884 4564 911 4573 -
940 4537 980 4590 ll.
1004 4537 1065 4589 Gelli
1087 4539 1168 4588 STF.
1194 4563 1221 4573 -
1251 4537 1290 4588 lb.
1310 4536 1479 4586 aestimatione
1499 4537 1530 4587 Α.
1552 4562 1580 4572 -
1605 4537 1646 4588 47.
1670 4537 1776 4604 adm

447 4616 481 4666 ll.
501 4615 687 4677 -patotsu
707 4639 735 4652 ν-
759 4614 800 4665 43.
817 4618 945 4665 suetam.
964 4613 992 4664 T.
1013 4641 1040 4650 -
1065 4611 1106 4665 44.
1124 4614 1217 4665 cosli.
1239 4639 1266 4648 -
1294 4612 1514 4662 molummFll.
1533 4637 1561 4650 ·-
1583 4612 1626 4663 26.
1644 4617 1773 4665 totaom

446 4690 500 4740 ST.
522 4716 548 4727 -
570 4689 612 4740 47.
634 4689 688 4740 dico
708 4691 763 4741 S'l'.
787 4716 813 4727 -
841 4690 898 4739 Noa
918 4688 984 4739 euim
1004 4686 1151 4753 albicet]
1183 4686 1354 4747 Quintilianus
1370 4687 1401 4736 V.
1420 4686 1460 4748 tt,
1480 4686 1526 4737 ⁴3:
1552 4686 1691 4738 mas-io
1714 4701 1775 4740 m

445 4764 558 4828 esoaplc
573 4765 677 4830 (Cicero
693 4763 831 4827 subvertit)
847 4763 986 4813 mutorum
1002 4767 1088 4812 uotam
1103 4762 1229 4812 mudonm
1240 4775 1363 4812 cesarea
1373 4762 1534 4825 Apicatam,
1553 4762 1596 4825 qui
1606 4775 1681 4825 cm,
1700 4774 1774 4826 qun

443 4841 566 4905 peierasse
581 4838 704 4903 conceptis
719 4838 799 4889 uerbis
810 4838 902 4901 palam
917 4837 1031 4899 ament,
1049 4837 1214 4888 urtinouium
1229 4836 1305 4886 etiam
1316 4837 1453 4898 pollicitus,
1470 4836 1558 4898 stqads
1567 4841 1659 4888 mbo
1669 4838 1773 4902 dim,

445 4915 514 4968 culto
529 4920 662 4968 coeunte
677 4915 808 4966 traducere
824 4925 915 4975 equam
928 4924 1017 4976 passus
1033 4917 1101 4963 esset.
1121 4938 1148 4948 -
1166 4912 1208 4963 aa.
1226 4916 1250 4962 et
1266 4925 1319 4963 om.
1336 4913 1364 4963 4.
1385 4938 1413 4949 -
1426 4912 1549 4975 prodisse
1564 4913 1692 4966 STFH:
1709 4927 1774 4978 pm-

445 4988 656 5043 diitaetlbsso.
677 5015 705 5028 -
731 4988 995 5052 30.posaitSTFbl.
1024 5013 1051 5024 -
1076 4987 1116 5037 34.
1135 4989 1178 5050 qui
1195 4987 1342 5038 struo:
1368 4988 1423 5050 quta
1443 4984 1527 5039 ALP.
1547 5011 1575 5023 -
1596 4987 1671 5039 satec
1691 4989 1775 5041 dim

445 5061 889 5120 ST:dicereuellctll1lLPO.-
909 5075 965 5114 mm
980 5063 1033 5128 suo]
1051 5064 1207 5114 tundata.
1223 5090 1250 5098 -
1270 5062 1310 5113 32.
1327 5074 1397 5112 neno
1412 5067 1502 5112 contro
1518 5062 1578 5113 ST:
1595 5067 1774 5115 coenam

444 5137 587 5193 nanto.
607 5169 635 5180 -
653 5140 694 5193 33.
712 5141 749 5190 ita
766 5139 825 5188 ST:
843 5132 1084 5201 capessente
1105 5162 1132 5173 -
1151 5135 1191 5187 Sl.
1210 5141 1358 5186 comaeroat
1374 5136 1649 5189 cumedluntinaot
1669 5150 1774 5189 coam

443 5214 664 5279 constitum
682 5209 923 5268 connumerent.
938 5237 966 5249 —
984 5212 1087 5262 saeta
1102 5211 1253 5266 suilla:
1271 5212 1419 5264 amoenata
1434 5210 1516 5266 440.
1531 5239 1559 5253 -
1577 5212 1655 5267 85.ae
1672 5214 1771 5267 oms.

447 5313 475 5328 ·
494 5289 683 5354 diffamat
698 5291 756 5344 st:
774 5284 1093 5343 concomitante
