4367 6109
667 616 738 684 cn.
758 618 799 683 n.
827 615 902 684 cr».
923 617 1220 685 sarm-xum
1249 615 1307 705 ss.
1329 612 1518 683 sao-ue.
1690 611 1754 685 aaa

436 807 508 852 cnm
530 786 564 851 id
585 793 687 853 totum
708 788 848 873 positum
870 789 912 853 sit
932 789 967 853 in
987 788 1144 853 testibust
1173 787 1252 874 quid
1272 807 1370 871 porro
1391 793 1607 871 argumentor,
1628 806 1692 872 qua
1714 785 1755 851 de

435 902 470 947 re
491 881 636 946 dubitare
657 903 750 946 nemo
772 884 900 966 possiti
935 885 983 947 dn
1004 885 1067 947 hoc
1088 883 1245 947 dubitabit
1268 883 1438 966 quisquam
1454 883 1611 957 omnium,
1634 879 1755 964 quinis

434 977 580 1041 venalem
606 977 640 1040 in
669 977 777 1041 Sicilia
805 978 1055 1042 iurisdictionem
1082 977 1246 1050 habuerit,
1275 977 1331 1059 qui
1353 978 1471 1040 llomao
1492 983 1595 1040 totum
1617 973 1756 1039 edictum

435 1075 532 1155 atque
554 1071 661 1133 omnia
682 1069 809 1135 decreta
829 1070 1030 1136 vendiderit?
1051 1079 1084 1135 et
1104 1073 1182 1154 quin
1204 1072 1232 1135 is
1253 1072 1293 1134 ab
1309 1071 1425 1134 Siculis
1446 1071 1488 1134 oh
1511 1069 1638 1133 decreta
1658 1069 1757 1132 inter·

434 1163 583 1248 ponenda
606 1165 759 1248 pecunias
781 1165 918 1248 ceperit,
950 1165 1006 1250 qui
1032 1167 1074 1229 M.
1097 1165 1263 1229 Octavium
1284 1166 1432 1248 Ligurem
1452 1165 1622 1248 pecuniam
1644 1163 1685 1226 ob
1706 1163 1781 1226 iuro

435 1256 604 1321 dicendum
632 1259 837 1342 poposcerat
880 1254 951 1323 lit).
981 1260 1076 1335 Quod
1105 1260 1191 1322 enim
1213 1261 1273 1323 iste
1294 1266 1460 1343 praeterea
1480 1279 1580 1341 genus
1600 1256 1757 1340 pecuniae

435 1350 595 1433 cogendae
616 1353 801 1434 praeteriit?
823 1354 910 1437 quod
930 1373 1012 1429 nou,
1034 1354 1073 1416 ab
1096 1353 1243 1416 omnihus
1260 1353 1332 1416 aliis
1355 1352 1574 1436 praeteritum,
1597 1351 1758 1434 excogita·

434 1445 504 1508 rit?
536 1444 720 1569 Ecquayrcs
740 1448 825 1530 apud
847 1448 991 1512 civitates
1014 1447 1136 1510 Siculas
1158 1447 1332 1531 expetitur,
1358 1446 1391 1509 in
1415 1465 1479 1530 qua
1500 1452 1555 1509 aut
1575 1445 1678 1508 honos
1700 1443 1760 1506 ali·

438 1540 511 1623 quis
533 1540 576 1603 sit
596 1549 653 1605 aut
671 1550 813 1626 potestas
834 1550 889 1606 aut
910 1543 1103 1625 procuratio,
1125 1541 1204 1625 quin
1218 1561 1287 1605 eam
1301 1561 1367 1604 rem
1383 1548 1418 1603 tu
1432 1541 1473 1604 ad
1487 1547 1576 1604 tuum
1592 1547 1759 1625 quaestum

435 1634 762 1721 nundinationemque
775 1636 941 1699 hominum
956 1634 1162 1699 traduxerist
1190 1637 1303 1698 xllx.
1318 1635 1409 1698 Dicta
1423 1641 1499 1698 sunt
1511 1636 1618 1717 priore
1633 1635 1759 1698 actione
1768 1649 1797 1696 to

436 1736 469 1791 et
489 1729 636 1812 privatim
659 1737 692 1794 et
712 1731 838 1813 publice
856 1730 1055 1793 testimonias
1077 1729 1172 1812 legati
1190 1729 1406 1812 Centuripini,
1427 1729 1590 1804 Halesini,
1613 1729 1761 1792 Catinen-

437 1843 486 1886 ses
507 1824 787 1908 Panormitanique
816 1824 980 1899 dixerunt,
1009 1824 1180 1886 multarum
1205 1831 1370 1907 praeterea
1391 1822 1572 1898 civitatum,
1600 1823 1663 1886 iam
1683 1839 1760 1885 sero

436 1918 585 2002 privatim
604 1918 752 2001 plurimi3
776 1937 911 2000 quorum
933 1937 974 1980 ex
993 1917 1183 1981 testimoniis
1199 1937 1391 2000 cognoscere
1406 1915 1555 1999 potuistis
1570 1923 1638 1979 tota
1653 1914 1761 1978 Sicilia

436 2033 492 2097 per
525 2012 700 2075 triennium
729 2011 887 2075 neminem
916 2011 983 2075 ulla
1010 2011 1042 2073 in
1072 2011 1198 2075 civitate
1220 2020 1399 2076 senatorem
1420 2011 1538 2073 iactum
1562 2029 1632 2073 esse
1654 2008 1761 2091 gratis,

436 2106 610 2180 neminem,
632 2112 668 2168 ut
689 2106 775 2188 leges
798 2124 908 2168 eorum
930 2111 1019 2181 sunt,
1049 2106 1223 2188 suffragiis,
1245 2107 1405 2170 neminem
1426 2105 1489 2168 uisi
1512 2105 1606 2169 istius
1627 2102 1761 2186 imperio
1771 2117 1801 2164 aa

436 2208 491 2267 aut
512 2198 643 2275 litteris3
665 2207 762 2284 atque
782 2200 817 2263 in
838 2199 878 2262 iis
901 2201 1047 2263 omnihus
1069 2201 1268 2264 senatoribus
1283 2198 1471 2283 cooptandis
1493 2218 1558 2262 non
1579 2199 1675 2262 modo
1697 2196 1764 2262 sui·

435 2295 535 2379 fragia
555 2293 645 2357 nulla
665 2294 782 2370 luisse,
810 2293 866 2358 sed
894 2314 935 2357 ne
957 2314 1074 2377 genera
1096 2294 1226 2378 quidem
1249 2301 1389 2377 spectata
1411 2314 1497 2369 esse,
1527 2313 1569 2357 ex
1590 2294 1705 2376 quihus
1727 2294 1763 2358 in

437 2412 509 2456 eum
531 2390 676 2453 ordinem
699 2389 842 2472 cooptari
864 2388 990 2464 liceret,
1012 2410 1118 2474 neque
1140 2410 1254 2468 census
1276 2409 1381 2473 neque
1402 2396 1522 2453 aetates
1536 2408 1642 2472 neque
1657 2395 1764 2453 cetera

437 2483 617 2552 Siculorum
638 2484 709 2548 iura
730 2484 878 2547 valuisse.
922 2478 993 2546 lat.
1015 2485 1216 2568 Quicumque
1238 2491 1366 2547 senator
1385 2484 1531 2548 voluerat
1544 2481 1630 2559 lieri,
1653 2494 1764 2567 quam·-

436 2580 485 2643 vis
506 2599 602 2662 puer,
625 2578 769 2661 quamvis
791 2577 958 2661 indignus,
990 2578 1136 2662 quamvis
1158 2598 1199 2641 cx
1221 2598 1259 2641 eo
1281 2577 1370 2653 loco,
1400 2597 1440 2640 ex
1462 2598 1527 2661 quo
1548 2597 1615 2641 non
1637 2577 1801 2653 liceret,ao

437 2674 464 2738 si
486 2673 515 2736 is
535 2672 639 2755 pretio
662 2672 748 2755 apud
763 2672 859 2735 istum
874 2673 1007 2736 idoneos
1022 2673 1181 2747 vinceret,
1203 2673 1321 2736 iactum
1337 2693 1407 2736 esse
1423 2692 1564 2757 semper:
1587 2693 1652 2736 non
1666 2671 1763 2736 modo

438 2767 616 2832 Siculorum
636 2766 718 2829 nihil
740 2766 774 2828 in
795 2766 855 2830 hac
876 2786 911 2829 re
931 2767 1070 2831 valuisse
1092 2767 1196 2849 leges,
1218 2767 1274 2831 sed
1297 2787 1337 2830 ne
1359 2768 1398 2830 ab
1421 2775 1531 2831 senatu
1555 2768 1685 2852 quidem
1705 2787 1765 2850 po·

437 2861 580 2947 poloque
601 2862 744 2924 Romano
767 2860 866 2925 datas.
912 2862 999 2938 Quas
1021 2861 1107 2924 enim
1128 2862 1214 2944 leges
1241 2863 1337 2925 sociis
1358 2862 1534 2946 amicisque
1558 2860 1612 2925 dat
1633 2861 1678 2938 is,
1707 2861 1764 2946 qui

436 2958 533 3022 hahet
561 2954 729 3038 imperium
760 2975 779 3018 a
807 2956 927 3040 populo
955 2958 1115 3031 Romano,
1146 2956 1365 3020 auctoritatem
1393 2955 1500 3038 legum
1527 2955 1701 3020 dandarum
1722 2955 1763 3018 ab

437 3057 565 3125 senatu,
587 3048 648 3112 hae
671 3047 788 3112 dehent
809 3057 842 3114 et
862 3050 972 3134 populi
995 3052 1128 3114 Romani
1151 3059 1182 3114 et
1205 3057 1332 3114 senatus
1354 3051 1537 3114 existimari.
1574 3046 1646 3114 lta.
1668 3050 1802 3115 Halo-tt

437 3143 498 3208 sini
531 3163 590 3226 pro
617 3142 725 3205 multis
752 3162 790 3206 ac
818 3146 939 3228 magnis
967 3146 1034 3209 suis
1062 3147 1283 3230 maiorumque
1305 3165 1435 3209 suorum
1457 3144 1491 3207 in
1511 3145 1763 3228 rempublicam

436 3245 577 3302 nostram
599 3237 720 3299 meritis
742 3243 838 3320 atque
859 3235 1020 3302 beneficiis
1041 3259 1100 3303 suo
1122 3241 1191 3302 iure
1206 3259 1309 3322 nuper
1321 3240 1356 3301 L.
1371 3239 1496 3302 Licinio
1512 3240 1551 3315 Q.
1565 3241 1671 3304 Mucio
1687 3258 1765 3303 con·

437 3331 576 3405 sulibus,
598 3350 669 3392 cum
691 3330 844 3394 haherent
866 3333 950 3396 inter
971 3353 1004 3397 se
1026 3335 1259 3398 controversias
1274 3333 1314 3398 de
1330 3341 1441 3397 senatu
1458 3334 1654 3417 cooptando,
1676 3333 1763 3418 leger

437 3427 477 3491 ah
498 3432 610 3490 senatu
632 3431 740 3488 nostro
756 3426 946 3507 petiverunt
968 3427 1116 3491 Decrevit
1130 3435 1258 3491 senatus
1272 3424 1449 3491 honorifico
1465 3429 1763 3505 senatusconsulto,

437 3530 473 3586 ut
492 3521 543 3584 his
565 3520 600 3583 C.
616 3519 767 3583 Claudius
781 3521 876 3604 appii
900 3518 984 3583 lilius
1002 3520 1137 3584 Pulcher
1156 3530 1285 3604 praetor
1298 3524 1338 3585 de
1354 3530 1466 3585 senatu
1481 3520 1661 3605 cooptando
1676 3521 1801 3605 legesao

437 3615 659 3679 conscriberet
704 3614 737 3677 C.
768 3614 918 3678 Claudius
949 3614 1100 3678 adhibitis
1125 3616 1271 3680 omnibus
1293 3615 1467 3690 Marcellis,
1496 3616 1552 3699 qui
1573 3622 1642 3678 tum
1664 3622 1764 3691 erant,

438 3710 478 3772 de
510 3729 620 3773 eorum
652 3708 809 3771 sententia
836 3707 922 3792 leges
949 3710 1110 3772 Halesinis
1139 3709 1245 3772 dedit:
1278 3711 1312 3773 in
1335 3712 1453 3795 quihus
1475 3710 1574 3773 multa
1595 3709 1702 3773 sanxit
1724 3709 1763 3772 de

437 3809 539 3867 aetate
561 3801 743 3877 hominum,
764 3822 806 3866 ne
828 3803 884 3888 qui
907 3804 1011 3866 minor
1032 3803 1163 3886 triginta
1185 3808 1276 3871 annis
1298 3813 1392 3882 natu3
1425 3805 1465 3870 do
1487 3811 1638 3888 quaestu,
1667 3823 1764 3887 quern

437 3901 493 3985 qui
515 3899 658 3971 lecisset,
680 3917 720 3960 nc
742 3898 916 3980 legeretur3
939 3897 978 3960 de
994 3918 1108 3973 censu,
1130 3898 1170 3960 do
1192 3899 1307 3962 ceteris
1327 3901 1432 3963 rebus.
1464 3899 1554 3975 Quae
1569 3898 1676 3961 omnia
1690 3904 1764 3961 ante

437 3997 533 4059 istum
553 3999 733 4077 praetorem
754 4000 785 4055 et
812 4000 994 4055 nostrorum
1016 3992 1255 4074 magistratuum
1278 3993 1464 4056 auctoritate
1486 3999 1519 4055 et
1538 3992 1802 4055 Halesinorumao

438 4108 559 4153 summa
580 4087 744 4151 voluntate
766 4087 944 4150 valuerunt.
986 4086 1033 4148 Ab
1056 4085 1118 4149 isto
1141 4093 1173 4148 et
1192 4106 1324 4168 praeco,
1350 4086 1405 4170 qui
1426 4087 1544 4161 soluit,
1565 4086 1656 4148 illum
1678 4085 1764 4148 ordi·

437 4203 510 4247 nem
537 4182 641 4266 pretio
663 4188 819 4243 mercatus
841 4187 890 4244 est
910 4186 944 4244 et
964 4180 1056 4264 pueri
1078 4200 1235 4243 annorum
1258 4200 1368 4244 senum
1390 4187 1622 4265 septenumque
1644 4179 1762 4243 denum

503 4358 526 4408 l.
545 4358 572 4406 td
587 4355 745 4420 egaeleo:
764 4369 818 4406 om.
832 4357 877 4406 ctt.
892 4382 920 4391 -
939 4360 1103 4419 argumentor
1114 4354 1182 4418 Lgl2
1193 4369 1220 4420 p.
1234 4368 1270 4406 m.
1287 4382 1314 4391 -
1333 4353 1357 4405 i.
1376 4359 1399 4404 et
1411 4356 1471 4417 qnia
1486 4356 1509 4405 ts
1525 4353 1649 4419 mssa:
1668 4359 1691 4404 et
1702 4353 1763 4418 pan

437 4434 482 4483 ott.
501 4433 530 4483 0.
551 4459 579 4469 -
597 4433 621 4482 6.
637 4433 758 4494 mecanica
773 4432 864 4493 ceperat
880 4445 904 4492 φ
920 4432 949 4480 et
964 4429 979 4481 l
997 4431 1054 4493 (sed
1070 4434 1105 4481 A:
1120 4433 1230 4494 peccato
1246 4429 1400 4492 susceperim
1423 4431 1558 4492 pecuniam
1573 4430 1696 4492 occeperit
1711 4428 1760 4479 dtt.

437 4508 465 4558 0.
486 4505 518 4556 ol.
538 4505 562 4570 5.
581 4507 638 4556 425.
654 4531 681 4542 -
697 4507 831 4569 mnium
847 4505 880 4557 i:
899 4519 951 4556 om.
970 4505 1018 4555 dtt.
1031 4507 1060 4556 0.
1076 4533 1104 4542 -
1124 4507 1147 4556 6.
1167 4509 1228 4568 quid
1244 4506 1290 4556 dtt.
1306 4531 1333 4541 -
1352 4507 1397 4556 istc
1407 4505 1475 4569 Lgtt
1492 4519 1518 4570 p.
1532 4518 1569 4555 m.
1583 4505 1650 4556 ill:
1669 4510 1704 4555 ert
1714 4506 1760 4556 ott.

439 4607 466 4618 -
485 4581 525 4632 40.
543 4581 620 4632 cond.
638 4581 761 4630 loom
778 4582 845 4631 conl.
857 4578 1029 4630 Valckenadr.
1042 4593 1067 4630 v.
1081 4579 1106 4644 5.
1120 4581 1177 4631 ⁴22.
1192 4609 1219 4616 -
1239 4582 1279 4631 ti.
1293 4580 1601 4644 panamuantqoevet
1611 4581 1626 4630 3
1638 4582 1716 4644 lagg.
1731 4606 1760 4618 -

438 4655 477 4707 to.
493 4656 640 4718 priuotimq.
656 4656 724 4718 plur.
742 4657 777 4716 V;
792 4655 914 4719 priuatim
931 4669 1007 4717 quom
1019 4655 1088 4718 plur.
1109 4657 1177 4706 conl.
1196 4656 1263 4707 lleii.
1280 4683 1307 4692 -
1326 4657 1366 4706 ld.
1384 4657 1412 4705 in
1427 4655 1466 4719 iia]
1484 4656 1511 4705 ia
1526 4654 1600 4710 {th
1618 4654 1645 4704 ta
1661 4654 1698 4704 ae
1714 4655 1760 4705 ott.

438 4732 466 4782 0.
481 4757 509 4768 -
529 4730 569 4781 ⁴8.
587 4735 681 4780 colmes
696 4732 788 4794 igaal
801 4729 850 4782 tn:
869 4730 1018 4788 omioteall3
1037 4731 1128 4780 colotis
1143 4732 1189 4781 ctt.
1201 4732 1230 4781 0.
1252 4757 1278 4767 -
1298 4731 1338 4780 ⁴9.
1355 4731 1469 4780 oolaoeot
1484 4731 1546 4794 ng.
1560 4743 1662 4791 omnes,
1680 4728 1762 4781 ARV

438 4814 509 4876 (nam
525 4818 567 4871 ap.
587 4807 683 4858 italum
700 4821 749 4872 pro
766 4807 824 4858 cod.
842 4805 984 4870 legendum
1001 4806 1047 4855 Ed.
1065 4805 1193 4869 voluerut:
1216 4805 1321 4856 volam
1337 4807 1497 4870 eumllaug.
1511 4806 1540 4855 0.
1561 4831 1588 4842 -
1606 4805 1647 4853 tt.
1662 4803 1763 4866 praello

439 4884 486 4944 (sic
502 4881 668 4947 plemmquol
686 4887 748 4944 aput
763 4883 794 4932 V.
815 4910 843 4919 -
861 4884 961 4932 idoncos
976 4881 1084 4931 vinomt
1101 4882 1169 4931 coni.
1184 4882 1270 4930 Garat.
1283 4881 1314 4930 11.
1335 4879 1376 4944 (cl.
1388 4879 1474 4931 lladv.
1493 4879 1541 4944 Op.
1554 4881 1572 4930 l.
1590 4892 1617 4944 p.
1630 4879 1674 4929 364
1691 4879 1759 4942 aql:

438 4960 540 5008 doacus
553 4958 661 5007 edomet
677 4959 702 5008 ll
712 4960 733 5009 N
744 4973 750 5018 3
768 4959 871 5008 wopau
879 4963 903 5009 et
917 4957 1025 5006 vincam
1035 4955 1071 5014 V;
1089 4957 1191 5006 wopau
1203 4957 1357 5005 monaster
1368 4954 1435 5020 agla
1447 4969 1473 5021 p.
1487 4968 1524 5005 m.
1543 4953 1604 5018 [nou
1615 4952 1697 5003 hebet
1706 4953 1759 5020 Z.];

436 5035 506 5097 fleret
520 5034 636 5095 worm,
653 5039 682 5082 et
698 5034 806 5084 vinceret
820 5032 888 5094 rell,
907 5033 948 5092 0.,
966 5031 1015 5082 sed
1031 5031 1101 5095 Lgt⁹
1118 5033 1145 5081 et
1160 5032 1209 5082 ΑΒ
1226 5031 1284 5081 sine
1300 5035 1337 5080 at.
1358 5057 1385 5067 -
1412 5030 1453 5082 23.
1473 5031 1518 5079 dot
1538 5028 1567 5092 ia]
1589 5028 1663 5076 macr
1678 5027 1709 5079 V.
1729 5054 1758 5066 -

437 5107 478 5160 at.
496 5108 528 5158 ot
543 5122 594 5159 sen.
613 5108 750 5172 agnam
767 5107 815 5159 al:
834 5123 852 5158 o
867 5120 918 5158 son.
934 5109 954 5158 B
972 5106 1005 5157 al.
1020 5107 1050 5157 0.
1065 5133 1092 5142 -
1111 5108 1151 5157 25.
1170 5119 1213 5157 oce
1230 5106 1299 5170 agra
1313 5106 1388 5171 quod
1405 5119 1459 5157 non
1475 5103 1595 5168 displicet
1611 5102 1702 5167 [immo
1718 5115 1762 5154 eo·

438 5182 493 5235 lum
509 5197 603 5235 vorum
620 5185 684 5249 esth
703 5199 734 5235 ec
747 5186 776 5234 Α.
792 5212 819 5221 -
837 5185 879 5234 26.
892 5183 1086 5247 migratam
1104 5189 1128 5234 ct
1143 5186 1188 5235 ctt.
1202 5186 1232 5235 0.
1247 5209 1275 5221 -
1294 5184 1335 5235 36.
1348 5183 1435 5235 Malim
1446 5185 1485 5233 its.
1502 5182 1572 5253 Bur.
1584 5205 1612 5214 -
1631 5177 1657 5227 G.
1670 5177 1758 5230 Claud.

439 5260 465 5311 C.
476 5259 543 5325 plica
557 5261 584 5310 Ρ.
598 5273 614 5310 e
630 5259 709 5310 codd.
727 5261 799 5310 Parr.
813 5257 875 5309 Lall.
889 5286 916 5294 —
935 5258 976 5310 33.
994 5274 1026 5311 oe
1041 5260 1085 5322 qul
1099 5261 1120 5310 N
1131 5260 1238 5311 irone:
1256 5261 1337 5324 iniqui
1348 5259 1416 5323 igit
1433 5271 1459 5324 p.
1473 5271 1509 5309 m.
1522 5258 1587 5316 ΑΒ;
1604 5269 1636 5306 oe
1646 5256 1702 5318 qao
1711 5256 1757 5307 ott.

438 5362 467 5454 ⁴-
485 5340 562 5454 m
571 5336 639 5454 1³39
642 5335 679 5455 εἰ
688 5337 717 5387 Β.
733 5334 1018 5468 giwfflgfflffi
1029 5335 1293 5467 {resinswkqmp'eaaqger
1306 5335 1351 5386 lot.
1362 5333 1476 5400 Spmctl.
1490 5346 1518 5400 p.
1531 5331 1584 5398 36]
1594 5357 1622 5369 -
1635 5329 1677 5384 36.
1688 5331 1760 5383 wrm

464 5414 471 5451 ι
619 5440 626 5453 .
665 5429 714 5453 .-
767 5439 774 5454 .
913 5427 951 5443 --
1091 5415 1116 5453 c.
1146 5439 1153 5452 .
1192 5438 1198 5452 .
1267 5438 1274 5451 .
