4367 6109
785 574 1093 642 cmxv-xm.
1118 569 1346 657 sper-ll.
1671 563 1728 634 eal

413 757 508 812 tatem
523 747 585 810 iam
600 744 817 820 crevimus,-
830 765 962 828 regnum
973 744 1163 828 Bithyniae?
1186 744 1271 828 quod
1286 750 1370 806 certe
1385 741 1546 826 publicum
1564 747 1612 803 cst
1626 739 1735 823 populi

413 843 544 906 Romani
566 840 696 904 saelum:
726 837 880 922 numquid
904 858 1016 902 causae
1038 845 1086 900 est
1108 839 1185 922 quin
1207 858 1316 900 omnes
1338 856 1448 919 agros,
1478 835 1591 909 urbes,
1614 842 1734 917 stagna,

413 945 538 1020 portus,
564 941 661 998 totam
684 933 821 1016 denique
842 932 1020 1014 Bithyniam
1043 931 1211 995 decemviri
1233 929 1392 993 vendituri
1414 931 1500 992 sinti
1543 928 1626 990 xvl.
1651 926 1735 1002 Quid

413 1030 603 1115 Mytilenae?
626 1047 708 1110 quae
730 1034 813 1089 certe
834 1032 968 1099 vestrae,
984 1026 1136 1101 Quirites,
1153 1023 1228 1086 belli
1250 1023 1320 1105 lege
1341 1043 1378 1086 ac
1392 1023 1538 1086 victoriae
1551 1022 1620 1084 iure
1634 1020 1735 1085 sactae

414 1133 502 1198 sunt,
523 1124 599 1185 urbs
620 1128 653 1184 et
673 1129 835 1183 natureae
854 1120 916 1181 situ
939 1127 970 1181 et
985 1119 1194 1200 descriptione
1217 1116 1431 1180 aedificiomm
1450 1123 1481 1178 et
1503 1115 1762 1198 pulchritudines

414 1216 557 1299 inprimis
578 1212 710 1287 nobilis,
741 1213 807 1295 agri
832 1211 961 1275 iucundi
989 1220 1020 1274 et
1052 1210 1190 1273 fertiles:
1216 1229 1328 1293 nempe
1355 1209 1468 1272 eodem
1494 1211 1597 1293 capite
1622 1209 1736 1273 inclusi

414 1309 624 1371 continentur.
666 1300 718 1367 ll.
734 1304 819 1380 Quid
833 1304 1026 1367 Alexandria
1047 1311 1226 1386 cunctaque
1240 1305 1421 1386 Aegyptus?
1444 1311 1479 1366 ul
1499 1305 1622 1368 occulte
1644 1304 1736 1369 latetl

415 1411 450 1465 ut
470 1400 631 1466 recondita
653 1398 718 1462 estl
742 1405 777 1460 ut
797 1398 904 1461 furtim
927 1406 991 1460 tota
1013 1397 1196 1460 decemviris
1218 1396 1366 1458 traditurl
1393 1396 1473 1470 Quis
1495 1397 1579 1461 enim
1601 1408 1738 1463 vestrum

415 1496 476 1559 hoc
502 1496 641 1578 ignorat,
670 1491 733 1555 dici
754 1491 833 1553 illud
855 1511 988 1573 reguum
1010 1497 1199 1555 testamento
1221 1490 1303 1572 regis
1325 1489 1445 1552 Alexae
1469 1490 1580 1572 populi
1606 1492 1739 1555 Romani

416 1608 486 1651 esse
507 1587 645 1650 factumi
667 1585 727 1647 llic
748 1604 807 1667 ego
831 1583 940 1647 consul
962 1583 1072 1667 populi
1088 1582 1220 1646 Romani
1242 1602 1306 1646 non
1328 1583 1422 1646 modo
1444 1583 1523 1646 nihil
1538 1585 1661 1660 iudico,
1683 1584 1739 1648 sed
1749 1598 1778 1644 lo

416 1701 456 1744 ne
487 1681 563 1765 quid
593 1680 724 1743 sentiam
753 1676 882 1762 quidem
911 1676 1053 1760 prosero;
1084 1696 1198 1759 magna
1220 1677 1304 1739 enim
1326 1674 1403 1738 mihi
1424 1696 1475 1739 res
1498 1697 1561 1740 non
1584 1677 1740 1742 modoad

417 1774 635 1847 statuendum,
657 1771 712 1835 sed
736 1770 889 1834 etiamad
912 1770 1079 1836 dicendum
1101 1772 1327 1834 videturesse.
1356 1770 1472 1844 Video,
1495 1771 1550 1854 qui
1572 1780 1742 1835 testamen-

418 1877 482 1931 tum
503 1867 621 1930 factum
636 1886 705 1930 esse
721 1863 900 1939 confirmel;
922 1865 1140 1928 auctoritatem
1155 1870 1283 1927 senatus
1299 1871 1423 1927 exstare
1439 1864 1624 1928 hereditatis
1639 1864 1741 1928 adilae

418 1961 539 2034 sentio,
560 1967 646 2034 tum,
668 1959 795 2043 quando
817 1958 918 2021 Alexa
940 1968 1063 2022 mortuo
1084 1958 1205 2040 legatos
1227 1958 1342 2038 'symm
1366 1955 1524 2032 misimus,
1547 1959 1603 2042 qui
1625 1959 1664 2020 ab
1687 1959 1742 2022 illo

418 2054 585 2138 pecuniam
608 2052 782 2134 depositam
805 2051 920 2114 nostris
942 2058 1170 2136 recuperarent
1214 2045 1266 2112 la.
1287 2049 1373 2113 Haec
1394 2050 1431 2112 L.
1447 2051 1625 2136 Philippum
1647 2072 1742 2135 saepe
1752 2065 1781 2112 le

419 2149 452 2210 in
474 2154 586 2211 senatu
607 2143 807 2208 confirmasse
829 2145 980 2208 memoria
1002 2152 1113 2220 teueo;
1136 2164 1227 2218 eum,
1250 2143 1305 2227 qui
1325 2162 1456 2224 regnum
1472 2144 1549 2207 illud
1564 2152 1670 2208 teneat
1682 2145 1743 2209 hoc

419 2250 574 2325 tempore,
604 2257 708 2323 neque
729 2258 845 2321 genere
868 2258 973 2322 neque
994 2239 1101 2302 animo
1126 2238 1213 2319 regio
1236 2256 1306 2300 esse
1328 2236 1410 2299 inter
1432 2256 1541 2300 omnes
1562 2238 1630 2302 iere
1650 2239 1743 2302 video

420 2335 598 2399 convenire.
630 2333 751 2396 Dicitur
773 2340 897 2406 contra,
926 2331 1047 2395 nullum
1070 2351 1140 2395 esse
1162 2336 1401 2405 testamentum
1432 2350 1496 2393 non
1518 2339 1664 2414 oportere
1685 2350 1744 2414 po·

419 2428 528 2512 pulum
549 2429 725 2490 Romanum
747 2426 884 2488 omnium
906 2445 1076 2509 regnorum
1098 2432 1299 2508 appetentem
1321 2421 1438 2499 videri3
1460 2424 1689 2507 demigraturos
1710 2427 1744 2489 in

420 2522 474 2585 illa
502 2521 572 2584 loca
601 2527 726 2583 nostros
746 2518 891 2582 homines
912 2527 1040 2604 propter
1061 2539 1208 2603 agrorum
1229 2518 1402 2581 honitatem
1424 2526 1456 2580 et
1476 2517 1616 2582 omnium
1638 2535 1783 2583 rerumto

421 2615 553 2698 copiam.
589 2610 641 2676 la.
655 2613 723 2675 Hac
744 2620 830 2676 tanta
851 2613 891 2676 de
914 2635 948 2676 re
970 2615 1002 2675 P.
1018 2613 1129 2676 Rullus
1151 2632 1221 2674 cum
1242 2605 1379 2694 [ceteris]
1401 2610 1588 2675 decemviris
1615 2613 1745 2697 collegis

421 2710 486 2772 suis
513 2707 684 2771 iudicabit?
714 2713 744 2768 et
765 2714 869 2770 utrum
893 2707 1068 2770 iudicabit?
1102 2708 1180 2768 Nam
1205 2711 1372 2786 utmmque
1394 2704 1436 2766 ita
1458 2723 1604 2787 magnum
1626 2716 1689 2782 est,
1711 2715 1747 2771 ul

421 2802 509 2864 nullo
524 2800 618 2864 modo
634 2820 738 2882 neque
754 2800 989 2864 concedendum
1004 2820 1110 2883 neque
1123 2798 1288 2861 ferendum
1303 2798 1353 2860 sil.
1376 2797 1467 2861 Volet
1482 2818 1551 2861 esse
1567 2801 1745 2882 popularis:

421 2894 540 2979 populo
562 2894 703 2957 Romano
726 2891 928 2955 adiudicabit
960 2893 1041 2975 Ergo
1063 2893 1149 2955 idem
1172 2912 1212 2955 ex
1229 2912 1286 2955 sua
1299 2891 1370 2974 lege
1384 2891 1499 2955 vendet
1512 2892 1747 2970 Alexandriam,

422 2988 538 3052 vendet
549 2989 744 3071 Aegyptum
762 2985 849 3048 urbis
864 2986 1100 3069 copiosissimae
1115 2985 1462 3069 pulcherrimommque
1477 3004 1623 3068 agrorum
1639 2988 1747 3065 iudex,
1757 3002 1786 3051 tl

423 3081 555 3155 arbiter,
577 3080 738 3153 dominus,
760 3098 817 3141 rex
838 3078 976 3162 denique
998 3079 1227 3162 opulentissimi
1242 3080 1333 3161 regni
1346 3080 1531 3160 reperietur.
1553 3082 1622 3143 Non
1644 3091 1749 3147 sumet

423 3175 483 3237 sibi
504 3181 641 3247 tantum,
663 3192 725 3236 non
748 3180 891 3254 appetet:
913 3171 1064 3234 iudicabit
1075 3172 1300 3235 Alexandriam
1315 3172 1399 3256 regis
1414 3190 1501 3248 esse,
1522 3177 1673 3258 apopulo
1688 3177 1750 3241 Ro·

424 3287 517 3331 mano
538 3264 740 3329 abiudicabit
773 3265 872 3327 xvll.
886 3260 937 3325 ll.
951 3265 1089 3329 Primum
1112 3273 1176 3329 tum
1199 3265 1306 3350 populi
1322 3266 1453 3329 Romani
1474 3266 1680 3336 hereditatem
1694 3271 1750 3335 de·

425 3361 550 3424 cemviri
572 3358 729 3433 iudicent,
751 3378 823 3421 cum
844 3378 901 3422 uos
922 3359 1084 3422 volueritis
1099 3357 1139 3421 de
1156 3359 1284 3442 privatis
1301 3357 1527 3423 hereditatibus
1542 3367 1749 3429 centumviros

424 3454 583 3517 iudicaret
614 3450 734 3515 Deinde
757 3453 829 3535 quis
850 3461 922 3534 aget
942 3471 1068 3515 caueam
1091 3450 1201 3534 populi
1223 3452 1380 3516 Romani?
1402 3453 1456 3516 ubi
1473 3455 1601 3523 resista
1616 3461 1787 3543 ageturleu

426 3549 482 3631 qui
497 3555 570 3610 sunl
583 3546 635 3610 isti
649 3545 833 3620 decemviri,
856 3565 936 3628 quos
958 3545 1185 3629 perspiciamus
1199 3565 1331 3628 regnum
1346 3547 1555 3612 Alexandriae
1570 3552 1749 3616 Ptolemaeo

426 3641 521 3723 gratis
541 3639 797 3703 adiudicaturus?
821 3638 913 3715 Quod
935 3639 963 3701 si
977 3637 1170 3701 Alexandria
1191 3640 1366 3721 petebatur,
1388 3660 1444 3703 cur
1458 3661 1523 3704 non
1538 3644 1665 3709 eosdem
1681 3667 1751 3710 cur-

426 3755 481 3798 sus
500 3734 563 3797 hoc
584 3741 743 3815 tempore,
766 3752 846 3816 quos
859 3732 895 3794 L.
911 3731 1003 3795 Cotta
1016 3732 1052 3793 L.
1068 3733 1227 3814 Torquato
1250 3732 1433 3796 concidibus
1448 3741 1674 3802 eucuueruntl
1695 3759 1752 3802 cur

427 3848 491 3890 non
512 3835 637 3910 aperte,
656 3833 693 3887 ut
714 3828 830 3888 anteat
853 3845 909 3888 cur
930 3844 996 3887 non
1017 3825 1111 3899 item,
1132 3832 1168 3888 ut
1189 3845 1261 3888 cum
1277 3825 1396 3891 directo
1412 3835 1445 3891 et
1464 3828 1568 3911 palam
1589 3833 1750 3914 regionem

427 3921 513 3983 illam
534 3920 716 4002 petiemnt‘l
747 3939 788 3982 an
811 3918 867 4004 qui
889 3919 1012 3994 etesiis,
1044 3919 1101 4002 qui
1122 3939 1180 4002 per
1201 3939 1326 3984 cursum
1348 3927 1469 3985 rectum
1489 3942 1621 4006 regnum
1643 3933 1789 3992 tenmeu

497 4290 520 4338 t.
533 4286 594 4349 lom]
606 4286 690 4341 ituE;
707 4285 809 4343 ecm'l';
828 4286 956 4347 opse-
969 4286 1111 4336 crescimus
1126 4286 1240 4337 EFP.-
1254 4286 1278 4336 2.
1290 4287 1473 4350 uupouEFP:
1493 4288 1752 4347 etullooGAbPO.-

429 4361 454 4415 l.
471 4365 598 4414 mtltteuue
614 4362 647 4420 El
664 4361 773 4411 mitilene
788 4361 820 4420 F;
838 4360 973 4422 llltpteuue
983 4355 1073 4412 ALPO.
1088 4390 1116 4398 -
1134 4361 1208 4426 certe]
1226 4366 1309 4412 moe
1326 4363 1440 4413 EFPA.
1459 4362 1615 4414 Emenduull
1631 4367 1686 4418 llic.
1700 4370 1755 4418 Au-

430 4439 522 4504 gellus.
535 4464 562 4473 -
581 4438 606 4487 e.
624 4449 655 4486 oe
672 4436 761 4486 EFA:
780 4438 877 4484 etcum
894 4433 938 4485 ed.
955 4433 1047 4487 Aldine
1064 4434 1148 4491 LPO.
1167 4462 1193 4470 —
1212 4436 1237 4486 8.
1250 4436 1362 4502 estJmul
1378 4437 1501 4488 EFP.-
1515 4437 1648 4493 tetecue
1663 4444 1752 4495 EFP:

431 4513 555 4563 Alexand.
575 4510 629 4574 (sic)
648 4512 681 4568 A,
700 4508 838 4559 Alexandri
854 4504 937 4559 blo.
958 4509 996 4560 Cl.
1010 4507 1098 4561 Sobel.
1116 4508 1181 4560 Bob.
1195 4523 1221 4574 p.
1234 4508 1291 4560 350.
1309 4524 1335 4560 v.
1348 4512 1373 4561 ll.
1392 4511 1435 4562 ed.
1454 4514 1602 4564 noeane-
1622 4516 1756 4570 thetae

431 4589 518 4639 EPP:
537 4586 682 4636 Alexandro
698 4581 811 4635 ento.
831 4610 859 4620 -
877 4589 988 4634 mortuos
1004 4585 1051 4635 EF
1061 4585 1089 4634 P.
1109 4611 1136 4620 -
1160 4585 1200 4634 te.
1219 4585 1318 4647 eoeuu]
1337 4589 1450 4635 rourum
1466 4586 1500 4645 l.;
1526 4588 1596 4638 oobu
1611 4592 1754 4645 Puteanus.

434 4691 460 4700 -
480 4663 519 4729 l..]
536 4663 625 4711 luliaco
641 4660 676 4720 E,
698 4659 791 4710 lucium
807 4660 833 4710 F.
854 4684 881 4693 -
906 4659 946 4709 t9.
966 4662 1088 4721 petentem
1104 4659 1164 4715 EF3
1179 4665 1304 4720 potentem
1320 4664 1349 4711 A.
1375 4660 1532 4712 Emendavit
1548 4665 1603 4715 Nic.
1621 4667 1754 4731 Angelius.

433 4763 461 4775 -
480 4739 521 4789 24.
539 4736 626 4787 ceteris
642 4747 695 4785 om.
714 4735 742 4785 E.
764 4760 790 4770 -
809 4734 851 4784 22.
868 4738 954 4783 ulrum
970 4734 1117 4784 Puteanus:
1135 4744 1223 4784 veum
1239 4732 1381 4789 EPALP.
1394 4761 1422 4771 -
1440 4735 1482 4787 al.
1501 4736 1654 4791 ubtuduebtl
1670 4743 1755 4796 EPP.

434 4838 460 4848 -
480 4813 521 4862 25.
540 4825 587 4875 que
603 4822 657 4861 om.
676 4810 704 4860 P.
724 4836 751 4845 -
774 4809 816 4859 26.
834 4810 977 4872 repperitur
992 4808 1025 4868 E,
1047 4807 1173 4870 reperitur
1188 4809 1215 4859 F.
1236 4835 1263 4845 -
1284 4809 1326 4860 28.
1344 4814 1397 4860 uem
1412 4810 1531 4861 EPPA:
1549 4817 1633 4864 umet
1649 4817 1682 4875 T;
1700 4829 1754 4868 om.

433 4887 477 4936 ed.
490 4887 604 4945 Iuntina,
623 4882 706 4936 LPO.
721 4909 749 4919 -
767 4883 809 4934 29.
826 4883 937 4934 uolueris
951 4881 1044 4934 litteris
1060 4883 1079 4931 tl
1096 4883 1283 4949 superscriptis
1294 4885 1323 4935 Ε.
1338 4911 1365 4920 -
1384 4885 1535 4936 &emese
1545 4887 1574 4937 Ε.
1589 4913 1616 4924 -
1635 4889 1676 4940 (lt.
1686 4891 1758 4952 phlo-

432 4961 510 5012 tuneo
528 4961 560 5022 E,
574 4960 712 5022 ptholomeo
729 4960 757 5011 P.
777 4987 804 4996 -·
823 4958 864 5011 32.
882 4973 929 5011 cur
944 4972 999 5010 om.
1017 4958 1102 5010 EFP.
1121 4985 1149 4994 —
1167 4958 1208 5012 el.
1226 4963 1285 5010 oete
1301 4959 1328 5010 1².
1349 4987 1376 4998 -
1394 4959 1459 5025 uem]
1477 4965 1530 5011 tue
1546 4961 1604 5014 ΕΡ.
1619 4990 1646 5000 -
1665 4966 1758 5018 directo

433 5036 497 5085 Tel
513 5033 694 5086 Lauredenus:
718 5033 814 5085 demde
829 5032 971 5089 EPPAP.
999 5032 1038 5085 Cl.
1056 5046 1113 5083 ver.
1131 5034 1192 5085 lect.
1210 5048 1237 5099 p.
1255 5033 1313 5086 let.
1330 5047 1357 5086 v.
1374 5034 1417 5088 st.
1440 5062 1468 5071 —
1490 5036 1531 5087 35.
1549 5051 1585 5087 uo
1609 5040 1653 5101 pere·
1669 5042 1757 5105 electu,

434 5111 477 5172 qul
488 5108 653 5161 Gulielmius:
672 5122 707 5159 uo
723 5110 812 5172 quere
826 5110 857 5160 lta
874 5109 919 5174 (tte
929 5109 958 5172 Α)
976 5107 1020 5170 qui
1036 5103 1180 5168 EFPAP;
1201 5122 1244 5171 ue,
1263 5108 1385 5171 Quiruee,
1402 5109 1435 5171 it,
1453 5111 1497 5172 qur·
1512 5112 1541 5162 P.
1555 5111 1694 5166 Manutius.
1707 5115 1758 5179 (pe-

434 5185 526 5234 tierunt
541 5184 630 5246 quletis
644 5181 733 5234 ectu?
748 5184 787 5234 Ao
802 5182 846 5247 put
856 5185 895 5246 l..)
913 5182 952 5234 Cl.
970 5182 1005 5233 de
1022 5180 1097 5232 deor.
1110 5184 1163 5233 net.
1178 5183 1208 5234 ll.
1226 5183 1251 5247 5.
1265 5180 1335 5234 talu
1353 5188 1439 5234 oeetoe
1453 5184 1554 5247 electum
1572 5198 1680 5247 cuorum
1693 5191 1759 5256 pau

434 5259 506 5310 otmit
521 5263 692 5323 recuperentur
706 5257 819 5320 celerem
835 5255 868 5309 ub
883 5257 970 5310 iledem
984 5255 1062 5310 ellum
1077 5255 1202 5309 eertum
1215 5269 1304 5310 wate
1318 5257 1408 5312 meret
1422 5263 1447 5312 et
1460 5259 1523 5313 cett
1538 5259 1691 5328 dirim.
