<?xml version="1.0" encoding="UTF-8"?>
<!DOCTYPE html PUBLIC "-//W3C//DTD XHTML 1.0 Transitional//EN"
    "http://www.w3.org/TR/xhtml1/DTD/xhtml1-transitional.dtd">
<html xmlns="http://www.w3.org/1999/xhtml" xml:lang="en" lang="en">
 <head>
  <title>
</title>
<meta http-equiv="Content-Type" content="text/html;charset=utf-8" />
  <meta name='ocr-system' content='tesseract 3.04.00' />
  <meta name='ocr-capabilities' content='ocr_page ocr_carea ocr_par ocr_line ocrx_word'/>
</head>
<body>
  <div class='ocr_page' id='page_1' title='image "./operaquaesupers02halmgoog_0584.png"; bbox 0 0 4367 6109; ppageno 0'>
   <div class='ocr_carea' id='block_1_1' title="bbox 449 577 1355 654">
    <p class='ocr_par' dir='ltr' id='par_1_1' title="bbox 449 577 1355 654">
     <span class='ocr_line' id='line_1_1' title="bbox 449 577 1355 654; baseline 0.011 -11"><span class='ocrx_word' id='word_1_1' title='bbox 449 577 514 644; x_wconf 79' lang='lat'><strong>57⁰</strong></span> <span class='ocrx_word' id='word_1_2' title='bbox 823 587 973 654; x_wconf 80' lang='lat' dir='ltr'>ORATIO</span> <span class='ocrx_word' id='word_1_3' title='bbox 995 587 1073 653; x_wconf 73' lang='lat' dir='ltr'><strong>Plio</strong></span> <span class='ocrx_word' id='word_1_4' title='bbox 1095 588 1133 654; x_wconf 78' lang='grc' dir='ltr'><strong>Δ.</strong></span> <span class='ocrx_word' id='word_1_5' title='bbox 1156 587 1355 653; x_wconf 73' lang='lat' dir='ltr'><strong>ctuaurto</strong></span> 
     </span>
    </p>
   </div>
   <div class='ocr_carea' id='block_1_2' title="bbox 407 756 1786 4037">
    <p class='ocr_par' dir='ltr' id='par_1_2' title="bbox 407 756 1786 4037">
     <span class='ocr_line' id='line_1_2' title="bbox 453 756 1784 841; baseline 0.005 -22"><span class='ocrx_word' id='word_1_6' title='bbox 453 756 548 821; x_wconf 86' lang='lat' dir='ltr'><strong>debet</strong></span> <span class='ocrx_word' id='word_1_7' title='bbox 566 757 745 841; x_wconf 77' lang='lat' dir='ltr'><strong>seiungere.</strong></span> <span class='ocrx_word' id='word_1_8' title='bbox 776 758 823 821; x_wconf 81' lang='lat' dir='ltr'><strong>Ab</strong></span> <span class='ocrx_word' id='word_1_9' title='bbox 846 757 902 820; x_wconf 93' lang='lat' dir='ltr'><strong>illo</strong></span> <span class='ocrx_word' id='word_1_10' title='bbox 925 758 1026 832; x_wconf 88' lang='lat' dir='ltr'><strong>enim,</strong></span> <span class='ocrx_word' id='word_1_11' title='bbox 1054 757 1122 820; x_wconf 83' lang='lat' dir='ltr'><strong>sive</strong></span> <span class='ocrx_word' id='word_1_12' title='bbox 1145 757 1232 840; x_wconf 88' lang='lat' dir='ltr'><strong>qnod</strong></span> <span class='ocrx_word' id='word_1_13' title='bbox 1254 758 1287 820; x_wconf 92' lang='lat' dir='ltr'><strong>in</strong></span> <span class='ocrx_word' id='word_1_14' title='bbox 1308 757 1414 840; x_wconf 79' lang='lat' dir='ltr'><strong>legem</strong></span> <span class='ocrx_word' id='word_1_15' title='bbox 1436 778 1507 822; x_wconf 92' lang='lat' dir='ltr'><strong>non</strong></span> <span class='ocrx_word' id='word_1_16' title='bbox 1532 761 1700 834; x_wconf 81' lang='lat' dir='ltr'><strong>iurasset,</strong></span> <span class='ocrx_word' id='word_1_17' title='bbox 1728 762 1784 826; x_wconf 78' lang='lat' dir='ltr'><strong>sire</strong></span> 
     </span>
     <span class='ocr_line' id='line_1_3' title="bbox 454 847 1785 935; baseline 0.002 -22"><span class='ocrx_word' id='word_1_18' title='bbox 454 851 540 934; x_wconf 89' lang='lat' dir='ltr'><strong>quod</strong></span> <span class='ocrx_word' id='word_1_19' title='bbox 567 871 585 915; x_wconf 88' lang='lat' dir='ltr'><strong>e</strong></span> <span class='ocrx_word' id='word_1_20' title='bbox 612 851 682 934; x_wconf 77' lang='lat' dir='ltr'><strong>lege</strong></span> <span class='ocrx_word' id='word_1_21' title='bbox 703 851 890 915; x_wconf 87' lang='lat' dir='ltr'><strong>subsortitus</strong></span> <span class='ocrx_word' id='word_1_22' title='bbox 912 847 1072 935; x_wconf 89' lang='lat' dir='ltr'><strong>[iudicem]</strong></span> <span class='ocrx_word' id='word_1_23' title='bbox 1097 871 1159 914; x_wconf 90' lang='lat' dir='ltr'><strong>non</strong></span> <span class='ocrx_word' id='word_1_24' title='bbox 1183 859 1283 926; x_wconf 89' lang='lat' dir='ltr'><strong>esset,</strong></span> <span class='ocrx_word' id='word_1_25' title='bbox 1310 852 1411 915; x_wconf 86' lang='lat' dir='ltr'><strong>multa</strong></span> <span class='ocrx_word' id='word_1_26' title='bbox 1431 853 1542 934; x_wconf 89' lang='lat' dir='ltr'><strong>petita</strong></span> <span class='ocrx_word' id='word_1_27' title='bbox 1566 873 1648 918; x_wconf 86' lang='lat' dir='ltr'><strong>esse</strong></span> <span class='ocrx_word' id='word_1_28' title='bbox 1671 853 1785 918; x_wconf 86' lang='lat' dir='ltr'><strong>dicitur.</strong></span> 
     </span>
     <span class='ocr_line' id='line_1_4' title="bbox 454 943 1785 1031; baseline 0.006 -26"><span class='ocrx_word' id='word_1_29' title='bbox 454 943 590 1008; x_wconf 76' lang='lat' dir='ltr'>Cluentii</span> <span class='ocrx_word' id='word_1_30' title='bbox 611 953 714 1009; x_wconf 86' lang='lat' dir='ltr'><strong>autem</strong></span> <span class='ocrx_word' id='word_1_31' title='bbox 736 945 816 1009; x_wconf 88' lang='lat' dir='ltr'><strong>ratio</strong></span> <span class='ocrx_word' id='word_1_32' title='bbox 838 965 908 1007; x_wconf 92' lang='lat' dir='ltr'><strong>cum</strong></span> <span class='ocrx_word' id='word_1_33' title='bbox 930 945 993 1008; x_wconf 88' lang='lat' dir='ltr'><strong>illis</strong></span> <span class='ocrx_word' id='word_1_34' title='bbox 1014 944 1155 1027; x_wconf 78' lang='lat' dir='ltr'><strong>legibus,</strong></span> <span class='ocrx_word' id='word_1_35' title='bbox 1182 944 1296 1028; x_wconf 90' lang='lat' dir='ltr'><strong>quibus</strong></span> <span class='ocrx_word' id='word_1_36' title='bbox 1317 965 1339 1008; x_wconf 87' lang='lat' dir='ltr'><strong>a</strong></span> <span class='ocrx_word' id='word_1_37' title='bbox 1358 946 1452 1009; x_wconf 91' lang='lat' dir='ltr'><strong>lunio</strong></span> <span class='ocrx_word' id='word_1_38' title='bbox 1476 948 1589 1012; x_wconf 74' lang='lat' dir='ltr'><strong>multa</strong></span> <span class='ocrx_word' id='word_1_39' title='bbox 1614 949 1718 1031; x_wconf 78' lang='lat' dir='ltr'><strong>petita</strong></span> <span class='ocrx_word' id='word_1_40' title='bbox 1737 956 1785 1022; x_wconf 77' lang='lat' dir='ltr'><strong>ert.</strong></span> 
     </span>
     <span class='ocr_line' id='line_1_5' title="bbox 452 1035 1785 1123; baseline 0.003 -23"><span class='ocrx_word' id='word_1_41' title='bbox 452 1037 540 1100; x_wconf 90' lang='lat' dir='ltr'><strong>nulla</strong></span> <span class='ocrx_word' id='word_1_42' title='bbox 560 1046 662 1123; x_wconf 88' lang='lat' dir='ltr'><strong>potest</strong></span> <span class='ocrx_word' id='word_1_43' title='bbox 677 1047 819 1122; x_wconf 85' lang='lat' dir='ltr'><strong>exparte</strong></span> <span class='ocrx_word' id='word_1_44' title='bbox 834 1057 904 1102; x_wconf 85' lang='lat' dir='ltr'><strong>esse</strong></span> <span class='ocrx_word' id='word_1_45' title='bbox 918 1039 1093 1102; x_wconf 86' lang='lat' dir='ltr'><strong>coniuncta.</strong></span> <span class='ocrx_word' id='word_1_46' title='bbox 1124 1035 1176 1100; x_wconf 88' lang='grc'><strong>97.</strong></span> <span class='ocrx_word' id='word_1_47' title='bbox 1190 1039 1231 1101; x_wconf 80' lang='lat' dir='ltr'><strong>tt</strong></span> <span class='ocrx_word' id='word_1_48' title='bbox 1246 1040 1328 1102; x_wconf 92' lang='lat' dir='ltr'><strong>enim</strong></span> <span class='ocrx_word' id='word_1_49' title='bbox 1344 1040 1439 1103; x_wconf 83' lang='lat' dir='ltr'><strong>etiam</strong></span> <span class='ocrx_word' id='word_1_50' title='bbox 1454 1041 1593 1106; x_wconf 91' lang='lat' dir='ltr'><strong>Bulbus</strong></span> <span class='ocrx_word' id='word_1_51' title='bbox 1609 1049 1664 1105; x_wconf 83' lang='lat' dir='ltr'><strong>est</strong></span> <span class='ocrx_word' id='word_1_52' title='bbox 1677 1041 1785 1104; x_wconf 53' lang='lat' dir='ltr'><strong>con&amp;</strong></span> 
     </span>
     <span class='ocr_line' id='line_1_6' title="bbox 425 1131 1784 1214; baseline 0.007 -24"><span class='ocrx_word' id='word_1_53' title='bbox 425 1139 584 1196; x_wconf 83' lang='lat' dir='ltr'><strong>omnatus.</strong></span> <span class='ocrx_word' id='word_1_54' title='bbox 605 1133 696 1198; x_wconf 74' lang='lat' dir='ltr'><strong>adae</strong></span> <span class='ocrx_word' id='word_1_55' title='bbox 711 1133 891 1207; x_wconf 85' lang='lat' dir='ltr'><strong>maiestatis,</strong></span> <span class='ocrx_word' id='word_1_56' title='bbox 906 1140 942 1196; x_wconf 93' lang='lat' dir='ltr'><strong>ut</strong></span> <span class='ocrx_word' id='word_1_57' title='bbox 954 1131 1113 1214; x_wconf 78' lang='lat' dir='ltr'><strong>intelligas</strong></span> <span class='ocrx_word' id='word_1_58' title='bbox 1127 1131 1188 1195; x_wconf 90' lang='lat' dir='ltr'><strong>boc</strong></span> <span class='ocrx_word' id='word_1_59' title='bbox 1202 1132 1354 1197; x_wconf 90' lang='lat' dir='ltr'><strong>iudicium</strong></span> <span class='ocrx_word' id='word_1_60' title='bbox 1371 1154 1443 1199; x_wconf 90' lang='lat' dir='ltr'><strong>cum</strong></span> <span class='ocrx_word' id='word_1_61' title='bbox 1457 1135 1522 1199; x_wconf 87' lang='lat' dir='ltr'><strong>illo</strong></span> <span class='ocrx_word' id='word_1_62' title='bbox 1539 1156 1615 1200; x_wconf 91' lang='lat' dir='ltr'><strong>non</strong></span> <span class='ocrx_word' id='word_1_63' title='bbox 1629 1156 1704 1200; x_wconf 79' lang='lat' dir='ltr'><strong>esee</strong></span> <span class='ocrx_word' id='word_1_64' title='bbox 1718 1156 1784 1200; x_wconf 84' lang='lat' dir='ltr'><strong>cor·</strong></span> 
     </span>
     <span class='ocr_line' id='line_1_7' title="bbox 447 1225 1783 1312; baseline 0.004 -25"><span class='ocrx_word' id='word_1_65' title='bbox 447 1225 597 1289; x_wconf 87' lang='lat' dir='ltr'><strong>iunctum.</strong></span> <span class='ocrx_word' id='word_1_66' title='bbox 628 1229 669 1291; x_wconf 86' lang='lat' dir='ltr'><strong>At</strong></span> <span class='ocrx_word' id='word_1_67' title='bbox 689 1236 739 1290; x_wconf 86' lang='lat' dir='ltr'><strong>est</strong></span> <span class='ocrx_word' id='word_1_68' title='bbox 758 1227 818 1290; x_wconf 93' lang='lat' dir='ltr'><strong>boc</strong></span> <span class='ocrx_word' id='word_1_69' title='bbox 846 1226 892 1289; x_wconf 90' lang='lat' dir='ltr'><strong>illi</strong></span> <span class='ocrx_word' id='word_1_70' title='bbox 915 1227 1033 1289; x_wconf 85' lang='lat' dir='ltr'><strong>crimen</strong></span> <span class='ocrx_word' id='word_1_71' title='bbox 1055 1226 1224 1290; x_wconf 88' lang='lat' dir='ltr'><strong>obiectum.</strong></span> <span class='ocrx_word' id='word_1_72' title='bbox 1257 1227 1385 1302; x_wconf 86' lang='lat' dir='ltr'><strong>Fateor,</strong></span> <span class='ocrx_word' id='word_1_73' title='bbox 1416 1229 1476 1291; x_wconf 85' lang='lat' dir='ltr'><strong>sed</strong></span> <span class='ocrx_word' id='word_1_74' title='bbox 1500 1230 1608 1294; x_wconf 86' lang='lat' dir='ltr'><strong>etiam</strong></span> <span class='ocrx_word' id='word_1_75' title='bbox 1632 1229 1783 1312; x_wconf 75' lang='lat' dir='ltr'><strong>legionen</strong></span> 
     </span>
     <span class='ocr_line' id='line_1_8' title="bbox 446 1320 1785 1403; baseline 0.004 -21"><span class='ocrx_word' id='word_1_76' title='bbox 446 1338 516 1383; x_wconf 82' lang='lat' dir='ltr'><strong>cese</strong></span> <span class='ocrx_word' id='word_1_77' title='bbox 537 1321 576 1383; x_wconf 90' lang='lat' dir='ltr'><strong>ab</strong></span> <span class='ocrx_word' id='word_1_78' title='bbox 599 1341 637 1385; x_wconf 91' lang='lat' dir='ltr'><strong>co</strong></span> <span class='ocrx_word' id='word_1_79' title='bbox 659 1321 856 1385; x_wconf 73' lang='lat' dir='ltr'><strong>sollicitatam</strong></span> <span class='ocrx_word' id='word_1_80' title='bbox 878 1321 912 1382; x_wconf 92' lang='lat' dir='ltr'><strong>in</strong></span> <span class='ocrx_word' id='word_1_81' title='bbox 933 1320 1059 1403; x_wconf 83' lang='lat' dir='ltr'><strong>illyrico</strong></span> <span class='ocrx_word' id='word_1_82' title='bbox 1082 1320 1115 1383; x_wconf 89' lang='lat' dir='ltr'><strong>C.</strong></span> <span class='ocrx_word' id='word_1_83' title='bbox 1139 1320 1285 1384; x_wconf 83' lang='lat' dir='ltr'><strong>Cosconii</strong></span> <span class='ocrx_word' id='word_1_84' title='bbox 1307 1321 1420 1385; x_wconf 86' lang='lat' dir='ltr'><strong>litteris</strong></span> <span class='ocrx_word' id='word_1_85' title='bbox 1444 1328 1479 1386; x_wconf 88' lang='lat' dir='ltr'><strong>et</strong></span> <span class='ocrx_word' id='word_1_86' title='bbox 1495 1324 1684 1387; x_wconf 85' lang='lat' dir='ltr'><strong>multorum</strong></span> <span class='ocrx_word' id='word_1_87' title='bbox 1707 1322 1785 1386; x_wconf 79' lang='lat' dir='ltr'><strong>testi·</strong></span> 
     </span>
     <span class='ocr_line' id='line_1_9' title="bbox 445 1413 1784 1501; baseline 0.003 -25"><span class='ocrx_word' id='word_1_88' title='bbox 445 1415 560 1477; x_wconf 89' lang='lat' dir='ltr'><strong>moniis</strong></span> <span class='ocrx_word' id='word_1_89' title='bbox 581 1415 710 1498; x_wconf 90' lang='lat' dir='ltr'><strong>planum</strong></span> <span class='ocrx_word' id='word_1_90' title='bbox 731 1413 846 1478; x_wconf 86' lang='lat' dir='ltr'><strong>lactum</strong></span> <span class='ocrx_word' id='word_1_91' title='bbox 869 1423 936 1478; x_wconf 83' lang='lat' dir='ltr'><strong>est:</strong></span> <span class='ocrx_word' id='word_1_92' title='bbox 959 1413 1044 1497; x_wconf 92' lang='lat' dir='ltr'><strong>qnod</strong></span> <span class='ocrx_word' id='word_1_93' title='bbox 1066 1414 1185 1477; x_wconf 88' lang='lat' dir='ltr'><strong>crimen</strong></span> <span class='ocrx_word' id='word_1_94' title='bbox 1208 1422 1275 1477; x_wconf 88' lang='lat' dir='ltr'><strong>erat</strong></span> <span class='ocrx_word' id='word_1_95' title='bbox 1292 1415 1453 1498; x_wconf 92' lang='lat' dir='ltr'><strong>proprium</strong></span> <span class='ocrx_word' id='word_1_96' title='bbox 1469 1416 1568 1480; x_wconf 89' lang='lat' dir='ltr'><strong>illins</strong></span> <span class='ocrx_word' id='word_1_97' title='bbox 1585 1417 1784 1501; x_wconf 78' lang='lat' dir='ltr'><strong>quaestion&#39;u</strong></span> 
     </span>
     <span class='ocr_line' id='line_1_10' title="bbox 445 1508 1783 1591; baseline 0.003 -21"><span class='ocrx_word' id='word_1_98' title='bbox 445 1517 477 1571; x_wconf 91' lang='lat' dir='ltr'><strong>et</strong></span> <span class='ocrx_word' id='word_1_99' title='bbox 497 1515 587 1591; x_wconf 64' lang='lat' dir='ltr'><strong>quae</strong></span> <span class='ocrx_word' id='word_1_100' title='bbox 615 1529 665 1572; x_wconf 86' lang='lat' dir='ltr'><strong>res</strong></span> <span class='ocrx_word' id='word_1_101' title='bbox 694 1510 764 1590; x_wconf 77' lang='lat' dir='ltr'><strong>lege</strong></span> <span class='ocrx_word' id='word_1_102' title='bbox 786 1509 957 1571; x_wconf 89' lang='lat' dir='ltr'><strong>maiestatis</strong></span> <span class='ocrx_word' id='word_1_103' title='bbox 983 1508 1158 1570; x_wconf 91' lang='lat' dir='ltr'><strong>tenebatur.</strong></span> <span class='ocrx_word' id='word_1_104' title='bbox 1202 1511 1242 1571; x_wconf 81' lang='lat' dir='ltr'><strong>tt</strong></span> <span class='ocrx_word' id='word_1_105' title='bbox 1261 1508 1322 1572; x_wconf 91' lang='lat' dir='ltr'><strong>boc</strong></span> <span class='ocrx_word' id='word_1_106' title='bbox 1344 1508 1445 1572; x_wconf 87' lang='lat' dir='ltr'><strong>obluit</strong></span> <span class='ocrx_word' id='word_1_107' title='bbox 1467 1510 1499 1573; x_wconf 92' lang='lat' dir='ltr'><strong>ei</strong></span> <span class='ocrx_word' id='word_1_108' title='bbox 1523 1511 1688 1574; x_wconf 81' lang='lat' dir='ltr'><strong>maxime.</strong></span> <span class='ocrx_word' id='word_1_109' title='bbox 1725 1510 1783 1574; x_wconf 79' lang='lat' dir='ltr'><strong>lun</strong></span> 
     </span>
     <span class='ocr_line' id='line_1_11' title="bbox 407 1600 1784 1686; baseline 0.004 -26"><span class='ocrx_word' id='word_1_110' title='bbox 407 1600 504 1664; x_wconf 88' lang='lat' dir='ltr'><strong>ttista</strong></span> <span class='ocrx_word' id='word_1_111' title='bbox 525 1601 676 1666; x_wconf 83' lang='lat' dir='ltr'><strong>divinatio</strong></span> <span class='ocrx_word' id='word_1_112' title='bbox 698 1612 763 1665; x_wconf 90' lang='lat' dir='ltr'><strong>est:</strong></span> <span class='ocrx_word' id='word_1_113' title='bbox 794 1622 857 1686; x_wconf 91' lang='lat' dir='ltr'><strong>qua</strong></span> <span class='ocrx_word' id='word_1_114' title='bbox 886 1603 913 1665; x_wconf 91' lang='lat' dir='ltr'><strong>si</strong></span> <span class='ocrx_word' id='word_1_115' title='bbox 942 1603 990 1665; x_wconf 91' lang='lat' dir='ltr'><strong>uti</strong></span> <span class='ocrx_word' id='word_1_116' title='bbox 1017 1601 1109 1675; x_wconf 90' lang='lat' dir='ltr'><strong>licet,</strong></span> <span class='ocrx_word' id='word_1_117' title='bbox 1140 1601 1212 1664; x_wconf 87' lang='lat' dir='ltr'><strong>vide</strong></span> <span class='ocrx_word' id='word_1_118' title='bbox 1242 1623 1283 1665; x_wconf 90' lang='lat' dir='ltr'><strong>ne</strong></span> <span class='ocrx_word' id='word_1_119' title='bbox 1314 1622 1383 1666; x_wconf 91' lang='lat' dir='ltr'><strong>mea</strong></span> <span class='ocrx_word' id='word_1_120' title='bbox 1404 1605 1601 1668; x_wconf 89' lang='lat' dir='ltr'><strong>coniectura</strong></span> <span class='ocrx_word' id='word_1_121' title='bbox 1625 1605 1729 1668; x_wconf 89' lang='lat' dir='ltr'><strong>multo</strong></span> <span class='ocrx_word' id='word_1_122' title='bbox 1749 1604 1784 1666; x_wconf 84' lang='lat' dir='ltr'><strong>sit</strong></span> 
     </span>
     <span class='ocr_line' id='line_1_12' title="bbox 444 1696 1783 1782; baseline 0.004 -25"><span class='ocrx_word' id='word_1_123' title='bbox 444 1696 558 1758; x_wconf 84' lang='lat' dir='ltr'><strong>verior.</strong></span> <span class='ocrx_word' id='word_1_124' title='bbox 600 1697 667 1778; x_wconf 80' lang='lat' dir='ltr'><strong>Ego</strong></span> <span class='ocrx_word' id='word_1_125' title='bbox 696 1697 780 1760; x_wconf 92' lang='lat' dir='ltr'><strong>enim</strong></span> <span class='ocrx_word' id='word_1_126' title='bbox 810 1697 855 1760; x_wconf 91' lang='lat' dir='ltr'><strong>sic</strong></span> <span class='ocrx_word' id='word_1_127' title='bbox 877 1697 1028 1770; x_wconf 89' lang='lat' dir='ltr'><strong>arbitror,</strong></span> <span class='ocrx_word' id='word_1_128' title='bbox 1057 1696 1213 1771; x_wconf 91' lang='lat' dir='ltr'><strong>Bnlbum,</strong></span> <span class='ocrx_word' id='word_1_129' title='bbox 1243 1697 1328 1780; x_wconf 90' lang='lat' dir='ltr'><strong>quod</strong></span> <span class='ocrx_word' id='word_1_130' title='bbox 1349 1697 1445 1760; x_wconf 80' lang='lat' dir='ltr'><strong>bono</strong></span> <span class='ocrx_word' id='word_1_131' title='bbox 1468 1718 1639 1781; x_wconf 85' lang='lat' dir='ltr'><strong>nequam,</strong></span> <span class='ocrx_word' id='word_1_132' title='bbox 1670 1700 1783 1782; x_wconf 78' lang='lat' dir='ltr'><strong>turpis,</strong></span> 
     </span>
     <span class='ocr_line' id='line_1_13' title="bbox 446 1789 1782 1873; baseline 0.004 -23"><span class='ocrx_word' id='word_1_133' title='bbox 446 1789 622 1872; x_wconf 80' lang='lat' dir='ltr'><strong>improbus,</strong></span> <span class='ocrx_word' id='word_1_134' title='bbox 644 1790 752 1854; x_wconf 91' lang='lat' dir='ltr'><strong>multis</strong></span> <span class='ocrx_word' id='word_1_135' title='bbox 773 1791 899 1873; x_wconf 79' lang='lat' dir='ltr'><strong>flagitiis</strong></span> <span class='ocrx_word' id='word_1_136' title='bbox 922 1791 1152 1854; x_wconf 88' lang='lat' dir='ltr'><strong>contaminatus</strong></span> <span class='ocrx_word' id='word_1_137' title='bbox 1174 1791 1209 1854; x_wconf 93' lang='lat' dir='ltr'><strong>in</strong></span> <span class='ocrx_word' id='word_1_138' title='bbox 1231 1791 1380 1854; x_wconf 92' lang='lat' dir='ltr'><strong>iudicium</strong></span> <span class='ocrx_word' id='word_1_139' title='bbox 1401 1792 1443 1854; x_wconf 89' lang='lat' dir='ltr'><strong>sit</strong></span> <span class='ocrx_word' id='word_1_140' title='bbox 1457 1792 1644 1867; x_wconf 86' lang='lat' dir='ltr'><strong>adductus,</strong></span> <span class='ocrx_word' id='word_1_141' title='bbox 1667 1793 1782 1856; x_wconf 86' lang='lat' dir='ltr'><strong>idcirco</strong></span> 
     </span>
     <span class='ocr_line' id='line_1_14' title="bbox 444 1883 1783 1968; baseline 0.006 -22"><span class='ocrx_word' id='word_1_142' title='bbox 444 1883 568 1946; x_wconf 82' lang='lat' dir='ltr'><strong>facilius</strong></span> <span class='ocrx_word' id='word_1_143' title='bbox 590 1903 660 1948; x_wconf 87' lang='lat' dir='ltr'><strong>esse</strong></span> <span class='ocrx_word' id='word_1_144' title='bbox 682 1883 873 1947; x_wconf 88' lang='lat' dir='ltr'><strong>damnatum.</strong></span> <span class='ocrx_word' id='word_1_145' title='bbox 908 1886 956 1946; x_wconf 88' lang='lat' dir='ltr'><strong>Tu</strong></span> <span class='ocrx_word' id='word_1_146' title='bbox 979 1884 1056 1947; x_wconf 90' lang='lat' dir='ltr'><strong>mibi</strong></span> <span class='ocrx_word' id='word_1_147' title='bbox 1079 1905 1120 1947; x_wconf 81' lang='lat' dir='ltr'><strong>ex</strong></span> <span class='ocrx_word' id='word_1_148' title='bbox 1142 1892 1207 1947; x_wconf 89' lang='lat' dir='ltr'><strong>tota</strong></span> <span class='ocrx_word' id='word_1_149' title='bbox 1229 1904 1324 1948; x_wconf 87' lang='lat' dir='ltr'><strong>causa</strong></span> <span class='ocrx_word' id='word_1_150' title='bbox 1344 1884 1436 1948; x_wconf 91' lang='lat' dir='ltr'><strong>Bulbi</strong></span> <span class='ocrx_word' id='word_1_151' title='bbox 1458 1886 1550 1968; x_wconf 88' lang='lat' dir='ltr'><strong>quod</strong></span> <span class='ocrx_word' id='word_1_152' title='bbox 1568 1887 1632 1952; x_wconf 86' lang='lat' dir='ltr'><strong>tibi</strong></span> <span class='ocrx_word' id='word_1_153' title='bbox 1649 1908 1783 1954; x_wconf 86' lang='lat' dir='ltr'><strong>commo·</strong></span> 
     </span>
     <span class='ocr_line' id='line_1_15' title="bbox 446 1976 1783 2067; baseline 0.007 -30"><span class='ocrx_word' id='word_1_154' title='bbox 446 1976 520 2039; x_wconf 94' lang='lat' dir='ltr'><strong>dum</strong></span> <span class='ocrx_word' id='word_1_155' title='bbox 543 1983 591 2039; x_wconf 91' lang='lat' dir='ltr'><strong>est</strong></span> <span class='ocrx_word' id='word_1_156' title='bbox 611 1977 718 2059; x_wconf 74' lang='lat' dir='ltr'><strong>eligis,</strong></span> <span class='ocrx_word' id='word_1_157' title='bbox 746 1984 782 2039; x_wconf 92' lang='lat' dir='ltr'><strong>ut</strong></span> <span class='ocrx_word' id='word_1_158' title='bbox 801 1977 833 2041; x_wconf 94' lang='lat' dir='ltr'><strong>id</strong></span> <span class='ocrx_word' id='word_1_159' title='bbox 856 1998 926 2041; x_wconf 89' lang='lat' dir='ltr'><strong>esse</strong></span> <span class='ocrx_word' id='word_1_160' title='bbox 948 1986 1073 2042; x_wconf 89' lang='lat' dir='ltr'><strong>secutos</strong></span> <span class='ocrx_word' id='word_1_161' title='bbox 1096 1979 1219 2042; x_wconf 87' lang='lat' dir='ltr'><strong>iudices</strong></span> <span class='ocrx_word' id='word_1_162' title='bbox 1242 1978 1338 2043; x_wconf 90' lang='lat' dir='ltr'><strong>dicas.</strong></span> <span class='ocrx_word' id='word_1_163' title='bbox 1380 1979 1530 2043; x_wconf 82' lang='lat' dir='ltr'><strong>XXXVI.</strong></span> <span class='ocrx_word' id='word_1_164' title='bbox 1555 1977 1615 2044; x_wconf 87' lang='lat'><strong>98.</strong></span> <span class='ocrx_word' id='word_1_165' title='bbox 1641 1981 1783 2067; x_wconf 77' lang='lat' dir='ltr'><strong>Quapro</strong></span> 
     </span>
     <span class='ocr_line' id='line_1_16' title="bbox 409 2070 1783 2160; baseline 0.006 -28"><span class='ocrx_word' id='word_1_166' title='bbox 409 2078 517 2154; x_wconf 85' lang='lat' dir='ltr'><strong>t⁵pter</strong></span> <span class='ocrx_word' id='word_1_167' title='bbox 543 2070 605 2133; x_wconf 92' lang='lat' dir='ltr'><strong>boc</strong></span> <span class='ocrx_word' id='word_1_168' title='bbox 632 2071 723 2133; x_wconf 90' lang='lat' dir='ltr'><strong>Bnlbi</strong></span> <span class='ocrx_word' id='word_1_169' title='bbox 750 2071 900 2136; x_wconf 89' lang='lat' dir='ltr'><strong>iudicium</strong></span> <span class='ocrx_word' id='word_1_170' title='bbox 922 2093 987 2135; x_wconf 90' lang='lat' dir='ltr'><strong>non</strong></span> <span class='ocrx_word' id='word_1_171' title='bbox 1009 2072 1081 2155; x_wconf 85' lang='lat' dir='ltr'><strong>plns</strong></span> <span class='ocrx_word' id='word_1_172' title='bbox 1103 2072 1177 2136; x_wconf 92' lang='lat' dir='ltr'><strong>huic</strong></span> <span class='ocrx_word' id='word_1_173' title='bbox 1200 2074 1312 2135; x_wconf 86' lang='lat' dir='ltr'><strong>obesse</strong></span> <span class='ocrx_word' id='word_1_174' title='bbox 1335 2092 1448 2135; x_wconf 88' lang='lat' dir='ltr'><strong>causae</strong></span> <span class='ocrx_word' id='word_1_175' title='bbox 1471 2073 1573 2138; x_wconf 87' lang='lat' dir='ltr'><strong>debet</strong></span> <span class='ocrx_word' id='word_1_176' title='bbox 1598 2096 1702 2160; x_wconf 86' lang='lat' dir='ltr'><strong>quam</strong></span> <span class='ocrx_word' id='word_1_177' title='bbox 1723 2075 1783 2150; x_wconf 79' lang='lat' dir='ltr'><strong>itta,</strong></span> 
     </span>
     <span class='ocr_line' id='line_1_17' title="bbox 447 2166 1784 2250; baseline 0.004 -22"><span class='ocrx_word' id='word_1_178' title='bbox 447 2184 529 2248; x_wconf 87' lang='lat' dir='ltr'><strong>quac</strong></span> <span class='ocrx_word' id='word_1_179' title='bbox 551 2174 790 2229; x_wconf 90' lang='lat' dir='ltr'><strong>commemorata</strong></span> <span class='ocrx_word' id='word_1_180' title='bbox 812 2174 885 2229; x_wconf 88' lang='lat' dir='ltr'><strong>sunt</strong></span> <span class='ocrx_word' id='word_1_181' title='bbox 905 2167 943 2229; x_wconf 90' lang='lat' dir='ltr'><strong>ab</strong></span> <span class='ocrx_word' id='word_1_182' title='bbox 966 2175 1165 2240; x_wconf 90' lang='lat' dir='ltr'><strong>accusatore,</strong></span> <span class='ocrx_word' id='word_1_183' title='bbox 1188 2166 1250 2230; x_wconf 92' lang='lat' dir='ltr'><strong>dno</strong></span> <span class='ocrx_word' id='word_1_184' title='bbox 1272 2167 1389 2230; x_wconf 90' lang='lat' dir='ltr'><strong>iudicia</strong></span> <span class='ocrx_word' id='word_1_185' title='bbox 1406 2168 1439 2229; x_wconf 86' lang='lat' dir='ltr'><strong>P.</strong></span> <span class='ocrx_word' id='word_1_186' title='bbox 1454 2167 1576 2250; x_wconf 85' lang='lat' dir='ltr'><strong>Popilii</strong></span> <span class='ocrx_word' id='word_1_187' title='bbox 1593 2178 1630 2234; x_wconf 92' lang='lat' dir='ltr'><strong>et</strong></span> <span class='ocrx_word' id='word_1_188' title='bbox 1644 2172 1696 2236; x_wconf 90' lang='lat' dir='ltr'><strong>Ti.</strong></span> <span class='ocrx_word' id='word_1_189' title='bbox 1712 2171 1784 2234; x_wconf 87' lang='lat' dir='ltr'><strong>Gut-</strong></span> 
     </span>
     <span class='ocr_line' id='line_1_18' title="bbox 447 2257 1784 2350; baseline 0.007 -28"><span class='ocrx_word' id='word_1_190' title='bbox 447 2269 512 2332; x_wconf 88' lang='lat' dir='ltr'><strong>tae,</strong></span> <span class='ocrx_word' id='word_1_191' title='bbox 535 2257 590 2342; x_wconf 86' lang='lat' dir='ltr'><strong>qui</strong></span> <span class='ocrx_word' id='word_1_192' title='bbox 612 2278 737 2324; x_wconf 86' lang='lat' dir='ltr'><strong>causam</strong></span> <span class='ocrx_word' id='word_1_193' title='bbox 760 2259 800 2324; x_wconf 89' lang='lat' dir='ltr'><strong>de</strong></span> <span class='ocrx_word' id='word_1_194' title='bbox 821 2261 941 2324; x_wconf 90' lang='lat' dir='ltr'><strong>ambitu</strong></span> <span class='ocrx_word' id='word_1_195' title='bbox 964 2260 1130 2336; x_wconf 84' lang='lat' dir='ltr'><strong>dixerunt,</strong></span> <span class='ocrx_word' id='word_1_196' title='bbox 1153 2262 1210 2344; x_wconf 87' lang='lat' dir='ltr'><strong>qui</strong></span> <span class='ocrx_word' id='word_1_197' title='bbox 1232 2262 1369 2324; x_wconf 86' lang='lat' dir='ltr'><strong>accusati</strong></span> <span class='ocrx_word' id='word_1_198' title='bbox 1387 2263 1517 2325; x_wconf 85' lang='lat' dir='ltr'><strong>suntab</strong></span> <span class='ocrx_word' id='word_1_199' title='bbox 1532 2262 1598 2338; x_wconf 89' lang='lat' dir='ltr'><strong>iis,</strong></span> <span class='ocrx_word' id='word_1_200' title='bbox 1623 2267 1686 2350; x_wconf 86' lang='lat' dir='ltr'><strong>qui</strong></span> <span class='ocrx_word' id='word_1_201' title='bbox 1700 2275 1784 2330; x_wconf 79' lang='lat' dir='ltr'><strong>enat</strong></span> 
     </span>
     <span class='ocr_line' id='line_1_19' title="bbox 446 2353 1784 2444; baseline 0.007 -29"><span class='ocrx_word' id='word_1_202' title='bbox 446 2353 507 2438; x_wconf 92' lang='lat' dir='ltr'><strong>ipsi</strong></span> <span class='ocrx_word' id='word_1_203' title='bbox 528 2353 663 2417; x_wconf 86' lang='lat' dir='ltr'><strong>ambitus</strong></span> <span class='ocrx_word' id='word_1_204' title='bbox 685 2355 885 2418; x_wconf 91' lang='lat' dir='ltr'><strong>condemnati</strong></span> <span class='ocrx_word' id='word_1_205' title='bbox 901 2375 908 2415; x_wconf 91' lang='lat'><strong>:</strong></span> <span class='ocrx_word' id='word_1_206' title='bbox 931 2374 1012 2436; x_wconf 90' lang='lat' dir='ltr'><strong>quos</strong></span> <span class='ocrx_word' id='word_1_207' title='bbox 1035 2375 1094 2436; x_wconf 79' lang='lat' dir='ltr'><strong>ego</strong></span> <span class='ocrx_word' id='word_1_208' title='bbox 1117 2375 1181 2417; x_wconf 92' lang='lat' dir='ltr'><strong>non</strong></span> <span class='ocrx_word' id='word_1_209' title='bbox 1196 2354 1314 2418; x_wconf 92' lang='lat' dir='ltr'><strong>idcirco</strong></span> <span class='ocrx_word' id='word_1_210' title='bbox 1330 2375 1400 2418; x_wconf 89' lang='lat' dir='ltr'><strong>esse</strong></span> <span class='ocrx_word' id='word_1_211' title='bbox 1414 2355 1555 2419; x_wconf 80' lang='lat' dir='ltr'><strong>arbitror</strong></span> <span class='ocrx_word' id='word_1_212' title='bbox 1571 2357 1611 2421; x_wconf 91' lang='lat' dir='ltr'><strong>in</strong></span> <span class='ocrx_word' id='word_1_213' title='bbox 1627 2359 1784 2444; x_wconf 71' lang='lat' dir='ltr'><strong>integrum</strong></span> 
     </span>
     <span class='ocr_line' id='line_1_20' title="bbox 447 2447 1785 2535; baseline 0.007 -25"><span class='ocrx_word' id='word_1_214' title='bbox 447 2448 625 2522; x_wconf 89' lang='lat' dir='ltr'><strong>restitutos,</strong></span> <span class='ocrx_word' id='word_1_215' title='bbox 648 2447 734 2531; x_wconf 92' lang='lat' dir='ltr'><strong>quod</strong></span> <span class='ocrx_word' id='word_1_216' title='bbox 756 2449 885 2530; x_wconf 91' lang='lat' dir='ltr'><strong>planum</strong></span> <span class='ocrx_word' id='word_1_217' title='bbox 905 2447 1039 2511; x_wconf 85' lang='lat' dir='ltr'><strong>feceriut</strong></span> <span class='ocrx_word' id='word_1_218' title='bbox 1059 2449 1133 2511; x_wconf 94' lang='lat' dir='ltr'><strong>illos</strong></span> <span class='ocrx_word' id='word_1_219' title='bbox 1155 2449 1284 2512; x_wconf 92' lang='lat' dir='ltr'><strong>obrem</strong></span> <span class='ocrx_word' id='word_1_220' title='bbox 1307 2448 1509 2512; x_wconf 91' lang='lat' dir='ltr'><strong>iudicandam</strong></span> <span class='ocrx_word' id='word_1_221' title='bbox 1531 2455 1717 2535; x_wconf 79' lang='lat' dir='ltr'><strong>pecuniam</strong></span> <span class='ocrx_word' id='word_1_222' title='bbox 1738 2475 1785 2519; x_wconf 83' lang='lat' dir='ltr'><strong>ae·</strong></span> 
     </span>
     <span class='ocr_line' id='line_1_21' title="bbox 409 2541 1785 2632; baseline 0.008 -31"><span class='ocrx_word' id='word_1_223' title='bbox 409 2542 584 2625; x_wconf 75' lang='lat' dir='ltr'><strong>accepisse,</strong></span> <span class='ocrx_word' id='word_1_224' title='bbox 607 2542 662 2605; x_wconf 90' lang='lat' dir='ltr'><strong>sed</strong></span> <span class='ocrx_word' id='word_1_225' title='bbox 685 2542 769 2625; x_wconf 93' lang='lat' dir='ltr'><strong>quod</strong></span> <span class='ocrx_word' id='word_1_226' title='bbox 792 2541 948 2605; x_wconf 87' lang='lat' dir='ltr'><strong>iudicibus</strong></span> <span class='ocrx_word' id='word_1_227' title='bbox 971 2542 1190 2625; x_wconf 84' lang='lat' dir='ltr'><strong>probaverint,</strong></span> <span class='ocrx_word' id='word_1_228' title='bbox 1213 2563 1281 2605; x_wconf 91' lang='lat' dir='ltr'><strong>cum</strong></span> <span class='ocrx_word' id='word_1_229' title='bbox 1305 2545 1337 2606; x_wconf 92' lang='lat' dir='ltr'><strong>in</strong></span> <span class='ocrx_word' id='word_1_230' title='bbox 1359 2541 1471 2606; x_wconf 86' lang='lat' dir='ltr'><strong>eodem</strong></span> <span class='ocrx_word' id='word_1_231' title='bbox 1495 2563 1642 2626; x_wconf 78' lang='lat' dir='ltr'><strong>genere,</strong></span> <span class='ocrx_word' id='word_1_232' title='bbox 1664 2548 1702 2611; x_wconf 89' lang='lat' dir='ltr'><strong>in</strong></span> <span class='ocrx_word' id='word_1_233' title='bbox 1724 2565 1785 2632; x_wconf 80' lang='lat' dir='ltr'><strong>quo</strong></span> 
     </span>
     <span class='ocr_line' id='line_1_22' title="bbox 446 2635 1786 2725; baseline 0.007 -29"><span class='ocrx_word' id='word_1_234' title='bbox 446 2635 508 2717; x_wconf 90' lang='lat' dir='ltr'><strong>ipsi</strong></span> <span class='ocrx_word' id='word_1_235' title='bbox 530 2635 751 2710; x_wconf 88' lang='lat' dir='ltr'><strong>ollendissent,</strong></span> <span class='ocrx_word' id='word_1_236' title='bbox 773 2637 853 2700; x_wconf 89' lang='lat' dir='ltr'><strong>alios</strong></span> <span class='ocrx_word' id='word_1_237' title='bbox 874 2636 1167 2719; x_wconf 81' lang='lat' dir='ltr'><strong>reprehendissent,</strong></span> <span class='ocrx_word' id='word_1_238' title='bbox 1190 2658 1224 2700; x_wconf 92' lang='lat' dir='ltr'><strong>se</strong></span> <span class='ocrx_word' id='word_1_239' title='bbox 1245 2635 1285 2699; x_wconf 92' lang='lat' dir='ltr'><strong>ad</strong></span> <span class='ocrx_word' id='word_1_240' title='bbox 1305 2637 1444 2719; x_wconf 87' lang='lat' dir='ltr'><strong>praemia</strong></span> <span class='ocrx_word' id='word_1_241' title='bbox 1458 2636 1540 2720; x_wconf 73' lang='lat' dir='ltr'><strong>legis</strong></span> <span class='ocrx_word' id='word_1_242' title='bbox 1555 2642 1678 2704; x_wconf 83' lang='lat' dir='ltr'><strong>venire</strong></span> <span class='ocrx_word' id='word_1_243' title='bbox 1694 2661 1786 2725; x_wconf 87' lang='lat' dir='ltr'><strong>opor·</strong></span> 
     </span>
     <span class='ocr_line' id='line_1_23' title="bbox 447 2727 1786 2817; baseline 0.005 -25"><span class='ocrx_word' id='word_1_244' title='bbox 447 2738 523 2792; x_wconf 89' lang='lat' dir='ltr'><strong>tere.</strong></span> <span class='ocrx_word' id='word_1_245' title='bbox 558 2727 756 2813; x_wconf 77' lang='lat' dir='ltr'><strong>Quapropter</strong></span> <span class='ocrx_word' id='word_1_246' title='bbox 777 2732 934 2793; x_wconf 90' lang='lat' dir='ltr'><strong>neminem</strong></span> <span class='ocrx_word' id='word_1_247' title='bbox 957 2731 1100 2794; x_wconf 90' lang='lat' dir='ltr'><strong>dubitare</strong></span> <span class='ocrx_word' id='word_1_248' title='bbox 1127 2731 1289 2804; x_wconf 84' lang='lat' dir='ltr'><strong>existimo,</strong></span> <span class='ocrx_word' id='word_1_249' title='bbox 1315 2731 1392 2813; x_wconf 87' lang='lat' dir='ltr'><strong>quin</strong></span> <span class='ocrx_word' id='word_1_250' title='bbox 1414 2730 1470 2817; x_wconf 86' lang='lat' dir='ltr'><strong>illa</strong></span> <span class='ocrx_word' id='word_1_251' title='bbox 1492 2731 1667 2798; x_wconf 79' lang='lat' dir='ltr'><strong>damnatio</strong></span> <span class='ocrx_word' id='word_1_252' title='bbox 1689 2735 1786 2798; x_wconf 78' lang='lat' dir='ltr'><strong>amli-</strong></span> 
     </span>
     <span class='ocr_line' id='line_1_24' title="bbox 447 2821 1785 2908; baseline 0.004 -21"><span class='ocrx_word' id='word_1_253' title='bbox 447 2830 498 2887; x_wconf 88' lang='lat' dir='ltr'><strong>tus</strong></span> <span class='ocrx_word' id='word_1_254' title='bbox 519 2821 606 2885; x_wconf 90' lang='lat' dir='ltr'><strong>nulla</strong></span> <span class='ocrx_word' id='word_1_255' title='bbox 628 2841 668 2883; x_wconf 82' lang='lat' dir='ltr'><strong>es</strong></span> <span class='ocrx_word' id='word_1_256' title='bbox 696 2830 783 2905; x_wconf 91' lang='lat' dir='ltr'><strong>parte</strong></span> <span class='ocrx_word' id='word_1_257' title='bbox 811 2845 881 2887; x_wconf 88' lang='lat' dir='ltr'><strong>cnm</strong></span> <span class='ocrx_word' id='word_1_258' title='bbox 905 2845 998 2888; x_wconf 90' lang='lat' dir='ltr'><strong>cansa</strong></span> <span class='ocrx_word' id='word_1_259' title='bbox 1020 2824 1157 2888; x_wconf 85' lang='lat' dir='ltr'><strong>Cluentii</strong></span> <span class='ocrx_word' id='word_1_260' title='bbox 1179 2832 1347 2908; x_wconf 81' lang='lat' dir='ltr'><strong>vestroque</strong></span> <span class='ocrx_word' id='word_1_261' title='bbox 1368 2823 1486 2889; x_wconf 91' lang='lat' dir='ltr'><strong>iudicio</strong></span> <span class='ocrx_word' id='word_1_262' title='bbox 1510 2831 1695 2893; x_wconf 82' lang='lat' dir='ltr'><strong>coniuncta</strong></span> <span class='ocrx_word' id='word_1_263' title='bbox 1717 2849 1785 2893; x_wconf 84' lang='lat' dir='ltr'><strong>esse</strong></span> 
     </span>
     <span class='ocr_line' id='line_1_25' title="bbox 448 2911 1785 3002; baseline 0.008 -24"><span class='ocrx_word' id='word_1_264' title='bbox 448 2915 558 2998; x_wconf 88' lang='lat' dir='ltr'><strong>possit.</strong></span> <span class='ocrx_word' id='word_1_265' title='bbox 601 2911 660 2978; x_wconf 84' lang='grc'><strong>99..</strong></span> <span class='ocrx_word' id='word_1_266' title='bbox 676 2917 775 2993; x_wconf 86' lang='lat' dir='ltr'><strong>Quid,</strong></span> <span class='ocrx_word' id='word_1_267' title='bbox 799 2918 883 3002; x_wconf 86' lang='lat' dir='ltr'><strong>quod</strong></span> <span class='ocrx_word' id='word_1_268' title='bbox 902 2919 1046 2982; x_wconf 86' lang='lat' dir='ltr'><strong>Staienus</strong></span> <span class='ocrx_word' id='word_1_269' title='bbox 1069 2926 1117 2981; x_wconf 91' lang='lat' dir='ltr'><strong>est</strong></span> <span class='ocrx_word' id='word_1_270' title='bbox 1138 2918 1388 2982; x_wconf 71' lang='lat' dir='ltr'><strong>condemnatus?</strong></span> <span class='ocrx_word' id='word_1_271' title='bbox 1423 2921 1494 2982; x_wconf 88' lang='lat' dir='ltr'><strong>Non</strong></span> <span class='ocrx_word' id='word_1_272' title='bbox 1518 2919 1597 2984; x_wconf 89' lang='lat' dir='ltr'><strong>dico</strong></span> <span class='ocrx_word' id='word_1_273' title='bbox 1620 2923 1687 2988; x_wconf 86' lang='lat' dir='ltr'><strong>boc</strong></span> <span class='ocrx_word' id='word_1_274' title='bbox 1710 2931 1785 2988; x_wconf 76' lang='lat' dir='ltr'><strong>tcu-</strong></span> 
     </span>
     <span class='ocr_line' id='line_1_26' title="bbox 409 3009 1784 3096; baseline 0.009 -27"><span class='ocrx_word' id='word_1_275' title='bbox 409 3024 544 3095; x_wconf 77' lang='lat' dir='ltr'><strong>ttpore,</strong></span> <span class='ocrx_word' id='word_1_276' title='bbox 577 3009 715 3086; x_wconf 89' lang='lat' dir='ltr'><strong>iudices,</strong></span> <span class='ocrx_word' id='word_1_277' title='bbox 747 3011 779 3074; x_wconf 94' lang='lat' dir='ltr'><strong>id</strong></span> <span class='ocrx_word' id='word_1_278' title='bbox 810 3013 893 3095; x_wconf 87' lang='lat' dir='ltr'><strong>qnod</strong></span> <span class='ocrx_word' id='word_1_279' title='bbox 924 3013 1032 3076; x_wconf 87' lang='lat' dir='ltr'><strong>nescio</strong></span> <span class='ocrx_word' id='word_1_280' title='bbox 1054 3033 1093 3075; x_wconf 90' lang='lat' dir='ltr'><strong>an</strong></span> <span class='ocrx_word' id='word_1_281' title='bbox 1118 3014 1179 3076; x_wconf 89' lang='lat' dir='ltr'><strong>dici</strong></span> <span class='ocrx_word' id='word_1_282' title='bbox 1203 3020 1362 3096; x_wconf 89' lang='lat' dir='ltr'><strong>oporteat,</strong></span> <span class='ocrx_word' id='word_1_283' title='bbox 1395 3013 1484 3075; x_wconf 91' lang='lat' dir='ltr'><strong>illum</strong></span> <span class='ocrx_word' id='word_1_284' title='bbox 1506 3014 1694 3080; x_wconf 83' lang='lat' dir='ltr'><strong>maiestatis</strong></span> <span class='ocrx_word' id='word_1_285' title='bbox 1717 3037 1784 3082; x_wconf 79' lang='lat' dir='ltr'><strong>esse</strong></span> 
     </span>
     <span class='ocr_line' id='line_1_27' title="bbox 448 3104 1784 3195; baseline 0.007 -29"><span class='ocrx_word' id='word_1_286' title='bbox 448 3104 707 3180; x_wconf 71' lang='lat' dir='ltr'><strong>condemnatum</strong></span> <span class='ocrx_word' id='word_1_287' title='bbox 729 3126 795 3169; x_wconf 93' lang='lat' dir='ltr'><strong>non</strong></span> <span class='ocrx_word' id='word_1_288' title='bbox 815 3107 913 3169; x_wconf 89' lang='lat' dir='ltr'><strong>recito</strong></span> <span class='ocrx_word' id='word_1_289' title='bbox 937 3107 1116 3170; x_wconf 90' lang='lat' dir='ltr'><strong>testimonia</strong></span> <span class='ocrx_word' id='word_1_290' title='bbox 1131 3107 1295 3169; x_wconf 91' lang='lat' dir='ltr'><strong>bominum</strong></span> <span class='ocrx_word' id='word_1_291' title='bbox 1309 3105 1627 3184; x_wconf 82' lang='lat' dir='ltr'><strong>honestissimorum,</strong></span> <span class='ocrx_word' id='word_1_292' title='bbox 1650 3131 1740 3195; x_wconf 82' lang='lat' dir='ltr'><strong>quac</strong></span> <span class='ocrx_word' id='word_1_293' title='bbox 1753 3110 1784 3174; x_wconf 83' lang='lat' dir='ltr'><strong>in</strong></span> 
     </span>
     <span class='ocr_line' id='line_1_28' title="bbox 449 3199 1784 3287; baseline 0.007 -27"><span class='ocrx_word' id='word_1_294' title='bbox 449 3199 611 3262; x_wconf 88' lang='lat' dir='ltr'><strong>Staienum</strong></span> <span class='ocrx_word' id='word_1_295' title='bbox 633 3208 707 3263; x_wconf 92' lang='lat' dir='ltr'><strong>sunt</strong></span> <span class='ocrx_word' id='word_1_296' title='bbox 729 3201 812 3263; x_wconf 89' lang='lat' dir='ltr'><strong>dicta</strong></span> <span class='ocrx_word' id='word_1_297' title='bbox 833 3202 872 3264; x_wconf 90' lang='lat' dir='ltr'><strong>ab</strong></span> <span class='ocrx_word' id='word_1_298' title='bbox 895 3201 948 3276; x_wconf 92' lang='lat' dir='ltr'><strong>iis,</strong></span> <span class='ocrx_word' id='word_1_299' title='bbox 980 3202 1035 3284; x_wconf 92' lang='lat' dir='ltr'><strong>qui</strong></span> <span class='ocrx_word' id='word_1_300' title='bbox 1060 3203 1102 3264; x_wconf 87' lang='lat' dir='ltr'><strong>M.</strong></span> <span class='ocrx_word' id='word_1_301' title='bbox 1124 3201 1274 3275; x_wconf 78' lang='lat' dir='ltr'><strong>Aemilio,</strong></span> <span class='ocrx_word' id='word_1_302' title='bbox 1306 3200 1479 3264; x_wconf 87' lang='lat' dir='ltr'><strong>clarissimo</strong></span> <span class='ocrx_word' id='word_1_303' title='bbox 1502 3202 1593 3276; x_wconf 85' lang='lat' dir='ltr'><strong>viro,</strong></span> <span class='ocrx_word' id='word_1_304' title='bbox 1629 3204 1734 3287; x_wconf 77' lang='lat' dir='ltr'><strong>legati</strong></span> <span class='ocrx_word' id='word_1_305' title='bbox 1755 3213 1784 3270; x_wconf 83' lang='lat' dir='ltr'><strong>et</strong></span> 
     </span>
     <span class='ocr_line' id='line_1_29' title="bbox 448 3293 1783 3379; baseline 0.007 -24"><span class='ocrx_word' id='word_1_306' title='bbox 448 3293 599 3378; x_wconf 83' lang='lat' dir='ltr'><strong>praelecti</strong></span> <span class='ocrx_word' id='word_1_307' title='bbox 621 3303 654 3357; x_wconf 87' lang='lat' dir='ltr'><strong>et</strong></span> <span class='ocrx_word' id='word_1_308' title='bbox 674 3295 792 3357; x_wconf 91' lang='lat' dir='ltr'><strong>tribuni</strong></span> <span class='ocrx_word' id='word_1_309' title='bbox 815 3295 964 3359; x_wconf 89' lang='lat' dir='ltr'><strong>militares</strong></span> <span class='ocrx_word' id='word_1_310' title='bbox 985 3295 1132 3359; x_wconf 86' lang='lat' dir='ltr'><strong>fuerunt:</strong></span> <span class='ocrx_word' id='word_1_311' title='bbox 1156 3316 1288 3379; x_wconf 88' lang='lat' dir='ltr'><strong>quorum</strong></span> <span class='ocrx_word' id='word_1_312' title='bbox 1303 3295 1491 3358; x_wconf 86' lang='lat' dir='ltr'><strong>testimoniis</strong></span> <span class='ocrx_word' id='word_1_313' title='bbox 1509 3295 1648 3379; x_wconf 84' lang='lat' dir='ltr'><strong>planum</strong></span> <span class='ocrx_word' id='word_1_314' title='bbox 1663 3297 1783 3364; x_wconf 67' lang='lat' dir='ltr'><strong>hoium</strong></span> 
     </span>
     <span class='ocr_line' id='line_1_30' title="bbox 449 3389 1781 3472; baseline 0.004 -21"><span class='ocrx_word' id='word_1_315' title='bbox 449 3395 511 3463; x_wconf 92' lang='lat' dir='ltr'><strong>est,</strong></span> <span class='ocrx_word' id='word_1_316' title='bbox 540 3390 676 3452; x_wconf 84' lang='lat' dir='ltr'><strong>maxime</strong></span> <span class='ocrx_word' id='word_1_317' title='bbox 704 3389 771 3452; x_wconf 89' lang='lat' dir='ltr'><strong>eins</strong></span> <span class='ocrx_word' id='word_1_318' title='bbox 801 3409 910 3472; x_wconf 92' lang='lat' dir='ltr'><strong>opera,</strong></span> <span class='ocrx_word' id='word_1_319' title='bbox 944 3410 1015 3452; x_wconf 92' lang='lat' dir='ltr'><strong>cum</strong></span> <span class='ocrx_word' id='word_1_320' title='bbox 1044 3397 1193 3472; x_wconf 86' lang='lat' dir='ltr'><strong>quaestor</strong></span> <span class='ocrx_word' id='word_1_321' title='bbox 1221 3396 1320 3463; x_wconf 84' lang='lat' dir='ltr'><strong>esset,</strong></span> <span class='ocrx_word' id='word_1_322' title='bbox 1353 3389 1386 3452; x_wconf 93' lang='lat' dir='ltr'><strong>in</strong></span> <span class='ocrx_word' id='word_1_323' title='bbox 1417 3390 1560 3452; x_wconf 81' lang='lat' dir='ltr'><strong>exercitu</strong></span> <span class='ocrx_word' id='word_1_324' title='bbox 1586 3391 1781 3458; x_wconf 86' lang='lat' dir='ltr'><strong>seditionem</strong></span> 
     </span>
     <span class='ocr_line' id='line_1_31' title="bbox 411 3483 1781 3567; baseline 0.005 -24"><span class='ocrx_word' id='word_1_325' title='bbox 411 3497 519 3546; x_wconf 77' lang='lat' dir='ltr'><strong>abesse</strong></span> <span class='ocrx_word' id='word_1_326' title='bbox 541 3486 715 3547; x_wconf 82' lang='lat' dir='ltr'><strong>conflatam.</strong></span> <span class='ocrx_word' id='word_1_327' title='bbox 747 3485 793 3545; x_wconf 91' lang='lat' dir='ltr'><strong>Ne</strong></span> <span class='ocrx_word' id='word_1_328' title='bbox 815 3483 871 3546; x_wconf 88' lang='lat' dir='ltr'><strong>illa</strong></span> <span class='ocrx_word' id='word_1_329' title='bbox 886 3485 1015 3567; x_wconf 86' lang='lat' dir='ltr'><strong>quidem</strong></span> <span class='ocrx_word' id='word_1_330' title='bbox 1035 3484 1215 3547; x_wconf 91' lang='lat' dir='ltr'><strong>testimonia</strong></span> <span class='ocrx_word' id='word_1_331' title='bbox 1231 3485 1344 3556; x_wconf 88' lang='lat' dir='ltr'><strong>recito,</strong></span> <span class='ocrx_word' id='word_1_332' title='bbox 1367 3501 1448 3565; x_wconf 85' lang='lat' dir='ltr'><strong>quae</strong></span> <span class='ocrx_word' id='word_1_333' title='bbox 1464 3483 1548 3545; x_wconf 87' lang='lat' dir='ltr'><strong>dicta</strong></span> <span class='ocrx_word' id='word_1_334' title='bbox 1567 3493 1651 3549; x_wconf 84' lang='lat' dir='ltr'><strong>sunt</strong></span> <span class='ocrx_word' id='word_1_335' title='bbox 1664 3484 1713 3550; x_wconf 81' lang='lat' dir='ltr'><strong>de</strong></span> <span class='ocrx_word' id='word_1_336' title='bbox 1725 3485 1781 3550; x_wconf 73' lang='lat' dir='ltr'><strong>HS</strong></span> 
     </span>
     <span class='ocr_line' id='line_1_32' title="bbox 449 3573 1782 3665; baseline 0.006 -27"><span class='ocrx_word' id='word_1_337' title='bbox 449 3597 517 3652; x_wconf 82' lang='lat' dir='ltr'><strong>rac,</strong></span> <span class='ocrx_word' id='word_1_338' title='bbox 548 3598 629 3660; x_wconf 90' lang='lat' dir='ltr'><strong>quae</strong></span> <span class='ocrx_word' id='word_1_339' title='bbox 650 3577 706 3640; x_wconf 92' lang='lat' dir='ltr'><strong>ille</strong></span> <span class='ocrx_word' id='word_1_340' title='bbox 728 3597 800 3640; x_wconf 90' lang='lat' dir='ltr'><strong>cum</strong></span> <span class='ocrx_word' id='word_1_341' title='bbox 822 3579 997 3659; x_wconf 86' lang='lat' dir='ltr'><strong>accepisset</strong></span> <span class='ocrx_word' id='word_1_342' title='bbox 1017 3577 1144 3639; x_wconf 87' lang='lat' dir='ltr'><strong>nomine</strong></span> <span class='ocrx_word' id='word_1_343' title='bbox 1165 3577 1273 3640; x_wconf 91' lang='lat' dir='ltr'><strong>iudicii</strong></span> <span class='ocrx_word' id='word_1_344' title='bbox 1297 3573 1461 3650; x_wconf 85' lang='lat' dir='ltr'><strong>Safiniani,</strong></span> <span class='ocrx_word' id='word_1_345' title='bbox 1492 3576 1578 3639; x_wconf 88' lang='lat' dir='ltr'><strong>sicut</strong></span> <span class='ocrx_word' id='word_1_346' title='bbox 1601 3579 1639 3643; x_wconf 94' lang='lat' dir='ltr'><strong>in</strong></span> <span class='ocrx_word' id='word_1_347' title='bbox 1662 3579 1782 3665; x_wconf 75' lang='lat' dir='ltr'><strong>Oppia·</strong></span> 
     </span>
     <span class='ocr_line' id='line_1_33' title="bbox 448 3665 1781 3755; baseline 0.003 -21"><span class='ocrx_word' id='word_1_348' title='bbox 448 3672 511 3734; x_wconf 92' lang='lat' dir='ltr'><strong>nici</strong></span> <span class='ocrx_word' id='word_1_349' title='bbox 541 3672 661 3735; x_wconf 90' lang='lat' dir='ltr'><strong>iudicio</strong></span> <span class='ocrx_word' id='word_1_350' title='bbox 684 3679 810 3754; x_wconf 82' lang='lat' dir='ltr'><strong>postea,</strong></span> <span class='ocrx_word' id='word_1_351' title='bbox 838 3671 964 3734; x_wconf 91' lang='lat' dir='ltr'><strong>reticuit</strong></span> <span class='ocrx_word' id='word_1_352' title='bbox 984 3678 1080 3754; x_wconf 89' lang='lat' dir='ltr'><strong>atque</strong></span> <span class='ocrx_word' id='word_1_353' title='bbox 1103 3672 1287 3755; x_wconf 88' lang='lat' dir='ltr'><strong>suppressit.</strong></span> <span class='ocrx_word' id='word_1_354' title='bbox 1332 3665 1401 3731; x_wconf 89' lang='lat' dir='ltr'><strong>t00.</strong></span> <span class='ocrx_word' id='word_1_355' title='bbox 1426 3669 1547 3733; x_wconf 90' lang='lat' dir='ltr'><strong>Omitto</strong></span> <span class='ocrx_word' id='word_1_356' title='bbox 1577 3673 1725 3738; x_wconf 85' lang='lat' dir='ltr'><strong>ethaeo</strong></span> <span class='ocrx_word' id='word_1_357' title='bbox 1751 3682 1781 3738; x_wconf 82' lang='lat' dir='ltr'><strong>et</strong></span> 
     </span>
     <span class='ocr_line' id='line_1_34' title="bbox 449 3762 1780 3849; baseline 0.004 -24"><span class='ocrx_word' id='word_1_358' title='bbox 449 3765 509 3828; x_wconf 91' lang='lat' dir='ltr'><strong>alia</strong></span> <span class='ocrx_word' id='word_1_359' title='bbox 531 3766 697 3849; x_wconf 90' lang='lat' dir='ltr'><strong>permulta,</strong></span> <span class='ocrx_word' id='word_1_360' title='bbox 721 3785 801 3847; x_wconf 91' lang='lat' dir='ltr'><strong>qnae</strong></span> <span class='ocrx_word' id='word_1_361' title='bbox 823 3765 878 3828; x_wconf 92' lang='lat' dir='ltr'><strong>illo</strong></span> <span class='ocrx_word' id='word_1_362' title='bbox 901 3765 1018 3829; x_wconf 90' lang='lat' dir='ltr'><strong>iudicio</strong></span> <span class='ocrx_word' id='word_1_363' title='bbox 1041 3765 1074 3827; x_wconf 92' lang='lat' dir='ltr'><strong>in</strong></span> <span class='ocrx_word' id='word_1_364' title='bbox 1098 3765 1261 3828; x_wconf 91' lang='lat' dir='ltr'><strong>Staienum</strong></span> <span class='ocrx_word' id='word_1_365' title='bbox 1283 3765 1479 3828; x_wconf 89' lang='lat' dir='ltr'><strong>dictasunt:</strong></span> <span class='ocrx_word' id='word_1_366' title='bbox 1501 3762 1564 3827; x_wconf 90' lang='lat' dir='ltr'><strong>hoc</strong></span> <span class='ocrx_word' id='word_1_367' title='bbox 1589 3764 1684 3841; x_wconf 91' lang='lat' dir='ltr'><strong>dico,</strong></span> <span class='ocrx_word' id='word_1_368' title='bbox 1708 3785 1780 3830; x_wconf 82' lang='lat' dir='ltr'><strong>ean·</strong></span> 
     </span>
     <span class='ocr_line' id='line_1_35' title="bbox 450 3856 1779 3941; baseline 0.002 -21"><span class='ocrx_word' id='word_1_369' title='bbox 450 3858 522 3920; x_wconf 87' lang='lat' dir='ltr'><strong>dem</strong></span> <span class='ocrx_word' id='word_1_370' title='bbox 544 3868 609 3923; x_wconf 89' lang='lat' dir='ltr'><strong>tum</strong></span> <span class='ocrx_word' id='word_1_371' title='bbox 630 3858 728 3922; x_wconf 87' lang='lat' dir='ltr'><strong>luisse</strong></span> <span class='ocrx_word' id='word_1_372' title='bbox 750 3861 783 3922; x_wconf 90' lang='lat' dir='ltr'><strong>P.</strong></span> <span class='ocrx_word' id='word_1_373' title='bbox 798 3867 830 3922; x_wconf 91' lang='lat' dir='ltr'><strong>et</strong></span> <span class='ocrx_word' id='word_1_374' title='bbox 847 3860 882 3921; x_wconf 61' lang='lat' dir='ltr'><strong>la.</strong></span> <span class='ocrx_word' id='word_1_375' title='bbox 916 3858 1082 3934; x_wconf 87' lang='lat' dir='ltr'><strong>Cominiis,</strong></span> <span class='ocrx_word' id='word_1_376' title='bbox 1105 3859 1262 3941; x_wconf 88' lang='lat' dir='ltr'><strong>equitibus</strong></span> <span class='ocrx_word' id='word_1_377' title='bbox 1284 3857 1449 3931; x_wconf 85' lang='lat' dir='ltr'><strong>Romanis,</strong></span> <span class='ocrx_word' id='word_1_378' title='bbox 1471 3856 1619 3921; x_wconf 84' lang='lat' dir='ltr'><strong>honestis</strong></span> <span class='ocrx_word' id='word_1_379' title='bbox 1641 3859 1779 3926; x_wconf 90' lang='lat' dir='ltr'><strong>bomini-</strong></span> 
     </span>
     <span class='ocr_line' id='line_1_36' title="bbox 412 3950 1778 4037; baseline 0.003 -23"><span class='ocrx_word' id='word_1_380' title='bbox 412 3953 508 4015; x_wconf 78' lang='lat' dir='ltr'><strong>asbus</strong></span> <span class='ocrx_word' id='word_1_381' title='bbox 528 3959 559 4016; x_wconf 94' lang='lat' dir='ltr'><strong>et</strong></span> <span class='ocrx_word' id='word_1_382' title='bbox 573 3952 714 4025; x_wconf 86' lang='lat' dir='ltr'><strong>disertis,</strong></span> <span class='ocrx_word' id='word_1_383' title='bbox 737 3953 983 4016; x_wconf 80' lang='lat' dir='ltr'><strong>controversiam</strong></span> <span class='ocrx_word' id='word_1_384' title='bbox 999 3973 1069 4015; x_wconf 91' lang='lat' dir='ltr'><strong>cum</strong></span> <span class='ocrx_word' id='word_1_385' title='bbox 1085 3952 1228 4027; x_wconf 88' lang='lat' dir='ltr'><strong>Staieno,</strong></span> <span class='ocrx_word' id='word_1_386' title='bbox 1251 3973 1345 4037; x_wconf 90' lang='lat' dir='ltr'><strong>quern</strong></span> <span class='ocrx_word' id='word_1_387' title='bbox 1364 3950 1566 4026; x_wconf 88' lang='lat' dir='ltr'><strong>accusabant,</strong></span> <span class='ocrx_word' id='word_1_388' title='bbox 1591 3971 1680 4035; x_wconf 83' lang='lat' dir='ltr'><strong>quae</strong></span> <span class='ocrx_word' id='word_1_389' title='bbox 1695 3973 1778 4018; x_wconf 78' lang='lat' dir='ltr'><strong>nnnc</strong></span> 
     </span>
    </p>
   </div>
   <div class='ocr_carea' id='block_1_3' title="bbox 357 4238 1782 5282">
    <p class='ocr_par' dir='ltr' id='par_1_3' title="bbox 357 4238 1782 5282">
     <span class='ocr_line' id='line_1_37' title="bbox 515 4238 1778 4306; baseline -0.002 -15"><span class='ocrx_word' id='word_1_390' title='bbox 515 4241 538 4291; x_wconf 92' lang='lat' dir='ltr'><strong>t.</strong></span> <span class='ocrx_word' id='word_1_391' title='bbox 556 4241 622 4291; x_wconf 83' lang='lat' dir='ltr'><strong>euim</strong></span> <span class='ocrx_word' id='word_1_392' title='bbox 636 4239 682 4289; x_wconf 82' lang='lat' dir='ltr'><strong>sibi</strong></span> <span class='ocrx_word' id='word_1_393' title='bbox 697 4240 747 4289; x_wconf 78' lang='lat' dir='ltr'><strong>unc</strong></span> <span class='ocrx_word' id='word_1_394' title='bbox 763 4241 792 4290; x_wconf 84' lang='lat' dir='ltr'><strong>T.</strong></span> <span class='ocrx_word' id='word_1_395' title='bbox 813 4265 839 4275; x_wconf 92' lang='lat'><em>-</em></span> <span class='ocrx_word' id='word_1_396' title='bbox 858 4239 883 4289; x_wconf 75' lang='lat' dir='ltr'><strong>i.</strong></span> <span class='ocrx_word' id='word_1_397' title='bbox 902 4252 916 4290; x_wconf 83' lang='lat' dir='ltr'><strong>e</strong></span> <span class='ocrx_word' id='word_1_398' title='bbox 932 4240 989 4289; x_wconf 85' lang='lat' dir='ltr'><strong>ST:</strong></span> <span class='ocrx_word' id='word_1_399' title='bbox 1008 4253 1041 4291; x_wconf 77' lang='lat' dir='ltr'><strong>ec</strong></span> <span class='ocrx_word' id='word_1_400' title='bbox 1058 4238 1200 4293; x_wconf 75' lang='lat' dir='ltr'><strong>nanto.</strong></span> <span class='ocrx_word' id='word_1_401' title='bbox 1222 4267 1247 4274; x_wconf 98' lang='lat'><em>-</em></span> <span class='ocrx_word' id='word_1_402' title='bbox 1266 4240 1410 4290; x_wconf 73' lang='lat' dir='ltr'><strong>ademtitau</strong></span> <span class='ocrx_word' id='word_1_403' title='bbox 1425 4238 1531 4288; x_wconf 82' lang='lat' dir='ltr'><strong>iudicem</strong></span> <span class='ocrx_word' id='word_1_404' title='bbox 1546 4252 1600 4288; x_wconf 77' lang='lat' dir='ltr'><strong>uon</strong></span> <span class='ocrx_word' id='word_1_405' title='bbox 1617 4240 1691 4306; x_wconf 68' lang='lat' dir='ltr'><strong>aaut]</strong></span> <span class='ocrx_word' id='word_1_406' title='bbox 1710 4243 1778 4294; x_wconf 66' lang='lat' dir='ltr'><strong>ettae</strong></span> 
     </span>
     <span class='ocr_line' id='line_1_38' title="bbox 448 4313 1779 4380; baseline 0.002 -15"><span class='ocrx_word' id='word_1_407' title='bbox 448 4313 588 4380; x_wconf 84' lang='lat' dir='ltr'><strong>perspicue</strong></span> <span class='ocrx_word' id='word_1_408' title='bbox 605 4314 764 4366; x_wconf 89' lang='lat' dir='ltr'><strong>mendosum</strong></span> <span class='ocrx_word' id='word_1_409' title='bbox 782 4315 837 4371; x_wconf 87' lang='lat' dir='ltr'><strong>cst;</strong></span> <span class='ocrx_word' id='word_1_410' title='bbox 855 4327 917 4365; x_wconf 90' lang='lat' dir='ltr'><strong>nam</strong></span> <span class='ocrx_word' id='word_1_411' title='bbox 934 4316 1026 4365; x_wconf 81' lang='lat' dir='ltr'><strong>iudices</strong></span> <span class='ocrx_word' id='word_1_412' title='bbox 1042 4314 1124 4366; x_wconf 88' lang='lat' dir='ltr'><strong>debet</strong></span> <span class='ocrx_word' id='word_1_413' title='bbox 1141 4328 1214 4376; x_wconf 90' lang='lat' dir='ltr'><strong>esse,</strong></span> <span class='ocrx_word' id='word_1_414' title='bbox 1233 4318 1262 4364; x_wconf 91' lang='lat' dir='ltr'><strong>ut</strong></span> <span class='ocrx_word' id='word_1_415' title='bbox 1279 4317 1305 4365; x_wconf 89' lang='lat' dir='ltr'><strong>in</strong></span> <span class='ocrx_word' id='word_1_416' title='bbox 1323 4315 1397 4365; x_wconf 89' lang='lat' dir='ltr'><strong>Verr.</strong></span> <span class='ocrx_word' id='word_1_417' title='bbox 1414 4316 1511 4364; x_wconf 81' lang='lat' dir='ltr'><strong>Aecus.</strong></span> <span class='ocrx_word' id='word_1_418' title='bbox 1529 4313 1549 4363; x_wconf 91' lang='lat'><strong>1.</strong></span> <span class='ocrx_word' id='word_1_419' title='bbox 1568 4325 1595 4365; x_wconf 90' lang='lat' dir='ltr'><strong>c.</strong></span> <span class='ocrx_word' id='word_1_420' title='bbox 1609 4315 1653 4366; x_wconf 82' lang='lat' dir='ltr'><strong>ot.</strong></span> <span class='ocrx_word' id='word_1_421' title='bbox 1671 4314 1737 4368; x_wconf 75' lang='lat' dir='ltr'><strong>nasi</strong></span> <span class='ocrx_word' id='word_1_422' title='bbox 1752 4317 1779 4366; x_wconf 68' lang='grc' dir='ltr'><strong>ἅ</strong></span> 
     </span>
     <span class='ocr_line' id='line_1_39' title="bbox 447 4387 1779 4454; baseline 0.003 -14"><span class='ocrx_word' id='word_1_423' title='bbox 447 4389 618 4440; x_wconf 77' lang='lat' dir='ltr'><strong>subsortitione</strong></span> <span class='ocrx_word' id='word_1_424' title='bbox 634 4391 679 4439; x_wconf 85' lang='lat' dir='ltr'><strong>itta</strong></span> <span class='ocrx_word' id='word_1_425' title='bbox 694 4391 802 4439; x_wconf 84' lang='lat' dir='ltr'><strong>luuicuo</strong></span> <span class='ocrx_word' id='word_1_426' title='bbox 817 4390 927 4439; x_wconf 84' lang='lat' dir='ltr'><strong>iudicum</strong></span> <span class='ocrx_word' id='word_1_427' title='bbox 942 4391 1004 4439; x_wconf 79' lang='lat' dir='ltr'><strong>citit</strong></span> <span class='ocrx_word' id='word_1_428' title='bbox 1020 4391 1082 4439; x_wconf 84' lang='lat' dir='ltr'><strong>dico.</strong></span> <span class='ocrx_word' id='word_1_429' title='bbox 1110 4391 1278 4453; x_wconf 84' lang='lat' dir='ltr'><strong>Quamquam</strong></span> <span class='ocrx_word' id='word_1_430' title='bbox 1294 4402 1375 4454; x_wconf 89' lang='lat' dir='ltr'><strong>supra</strong></span> <span class='ocrx_word' id='word_1_431' title='bbox 1393 4402 1416 4439; x_wconf 87' lang='lat' dir='ltr'><strong>c.</strong></span> <span class='ocrx_word' id='word_1_432' title='bbox 1429 4387 1503 4439; x_wconf 71' lang='lat' dir='ltr'><strong>ibri</strong></span> <span class='ocrx_word' id='word_1_433' title='bbox 1519 4400 1552 4438; x_wconf 78' lang='lat' dir='ltr'><strong>cu</strong></span> <span class='ocrx_word' id='word_1_434' title='bbox 1563 4387 1619 4453; x_wconf 71' lang='lat' dir='ltr'><strong>lopo</strong></span> <span class='ocrx_word' id='word_1_435' title='bbox 1630 4391 1779 4443; x_wconf 59' lang='lat' dir='ltr'><strong>mortim</strong></span> 
     </span>
     <span class='ocr_line' id='line_1_40' title="bbox 447 4462 1779 4537; baseline 0.006 -25"><span class='ocrx_word' id='word_1_436' title='bbox 447 4477 498 4537; x_wconf 69' lang='lat' dir='ltr'><strong>pou</strong></span> <span class='ocrx_word' id='word_1_437' title='bbox 514 4468 569 4513; x_wconf 84' lang='lat' dir='ltr'><strong>crat</strong></span> <span class='ocrx_word' id='word_1_438' title='bbox 584 4464 677 4527; x_wconf 78' lang='lat' dir='ltr'><strong>lunius,</strong></span> <span class='ocrx_word' id='word_1_439' title='bbox 695 4464 740 4514; x_wconf 92' lang='lat' dir='ltr'><strong>nbi</strong></span> <span class='ocrx_word' id='word_1_440' title='bbox 757 4469 848 4516; x_wconf 88' lang='lat' dir='ltr'><strong>contra</strong></span> <span class='ocrx_word' id='word_1_441' title='bbox 866 4464 947 4516; x_wconf 89' lang='lat' dir='ltr'><strong>libros</strong></span> <span class='ocrx_word' id='word_1_442' title='bbox 959 4465 1101 4517; x_wconf 87' lang='lat' dir='ltr'><strong>Lambinus</strong></span> <span class='ocrx_word' id='word_1_443' title='bbox 1113 4466 1218 4514; x_wconf 85' lang='lat' dir='ltr'><strong>iudicem</strong></span> <span class='ocrx_word' id='word_1_444' title='bbox 1232 4465 1374 4516; x_wconf 89' lang='lat' dir='ltr'><strong>inserebat.</strong></span> <span class='ocrx_word' id='word_1_445' title='bbox 1393 4464 1440 4514; x_wconf 88' lang='lat' dir='ltr'><strong>llic</strong></span> <span class='ocrx_word' id='word_1_446' title='bbox 1451 4476 1515 4527; x_wconf 78' lang='lat' dir='ltr'><strong>ergo</strong></span> <span class='ocrx_word' id='word_1_447' title='bbox 1528 4462 1645 4517; x_wconf 82' lang='lat' dir='ltr'><strong>tortasse</strong></span> <span class='ocrx_word' id='word_1_448' title='bbox 1657 4467 1779 4520; x_wconf 80' lang='lat' dir='ltr'><strong>similiter</strong></span> 
     </span>
     <span class='ocr_line' id='line_1_41' title="bbox 448 4538 1779 4604; baseline 0.005 -16"><span class='ocrx_word' id='word_1_449' title='bbox 448 4539 585 4602; x_wconf 84' lang='lat' dir='ltr'><strong>imperitus</strong></span> <span class='ocrx_word' id='word_1_450' title='bbox 601 4538 695 4603; x_wconf 86' lang='lat' dir='ltr'><strong>aliquis</strong></span> <span class='ocrx_word' id='word_1_451' title='bbox 712 4540 812 4591; x_wconf 88' lang='lat' dir='ltr'><strong>addidit</strong></span> <span class='ocrx_word' id='word_1_452' title='bbox 827 4541 956 4591; x_wconf 67' lang='lat' dir='ltr'><strong>iudicent.»</strong></span> <span class='ocrx_word' id='word_1_453' title='bbox 975 4542 1037 4591; x_wconf 83' lang='lat' dir='ltr'><strong>Gru.</strong></span> <span class='ocrx_word' id='word_1_454' title='bbox 1049 4542 1074 4590; x_wconf 79' lang='lat'><strong>2.</strong></span> <span class='ocrx_word' id='word_1_455' title='bbox 1089 4567 1117 4576; x_wconf 89' lang='lat'>-</span> <span class='ocrx_word' id='word_1_456' title='bbox 1129 4540 1223 4590; x_wconf 81' lang='lat' dir='ltr'><strong>mulcta</strong></span> <span class='ocrx_word' id='word_1_457' title='bbox 1234 4543 1251 4589; x_wconf 88' lang='lat' dir='ltr'><strong>S</strong></span> <span class='ocrx_word' id='word_1_458' title='bbox 1263 4540 1372 4604; x_wconf 90' lang='lat' dir='ltr'><strong>ubique.</strong></span> <span class='ocrx_word' id='word_1_459' title='bbox 1383 4564 1410 4575; x_wconf 91' lang='lat'><em>-</em></span> <span class='ocrx_word' id='word_1_460' title='bbox 1430 4538 1454 4588; x_wconf 81' lang='grc'><strong>3.</strong></span> <span class='ocrx_word' id='word_1_461' title='bbox 1468 4538 1564 4590; x_wconf 73' lang='lat' dir='ltr'><strong>Cluenti</strong></span> <span class='ocrx_word' id='word_1_462' title='bbox 1578 4539 1610 4589; x_wconf 84' lang='lat' dir='ltr'><strong>T.</strong></span> <span class='ocrx_word' id='word_1_463' title='bbox 1626 4567 1655 4577; x_wconf 89' lang='lat'><em>-</em></span> <span class='ocrx_word' id='word_1_464' title='bbox 1675 4542 1702 4594; x_wconf 81' lang='lat' dir='ltr'><strong>l.</strong></span> <span class='ocrx_word' id='word_1_465' title='bbox 1716 4544 1779 4594; x_wconf 64' lang='grc' dir='ltr'><strong>αἰ·</strong></span> 
     </span>
     <span class='ocr_line' id='line_1_42' title="bbox 446 4612 1778 4677; baseline 0.003 -13"><span class='ocrx_word' id='word_1_466' title='bbox 446 4614 507 4664; x_wconf 83' lang='lat' dir='ltr'><strong>ST:</strong></span> <span class='ocrx_word' id='word_1_467' title='bbox 526 4625 578 4663; x_wconf 93' lang='lat' dir='ltr'><strong>om.</strong></span> <span class='ocrx_word' id='word_1_468' title='bbox 592 4612 1024 4677; x_wconf 65' lang='lat' dir='ltr'><strong>RAL80.-6.cst}cttcmF.-</strong></span> <span class='ocrx_word' id='word_1_469' title='bbox 1043 4615 1210 4665; x_wconf 82' lang='lat' dir='ltr'><strong>ittibocL.-</strong></span> <span class='ocrx_word' id='word_1_470' title='bbox 1230 4616 1254 4665; x_wconf 85' lang='lat' dir='ltr'><strong>i.</strong></span> <span class='ocrx_word' id='word_1_471' title='bbox 1268 4615 1369 4666; x_wconf 78' lang='lat' dir='ltr'><strong>comuni</strong></span> <span class='ocrx_word' id='word_1_472' title='bbox 1385 4615 1449 4663; x_wconf 84' lang='lat' dir='ltr'><strong>T.—</strong></span> <span class='ocrx_word' id='word_1_473' title='bbox 1468 4612 1603 4663; x_wconf 67' lang='lat' dir='ltr'><strong>Scrimm</strong></span> <span class='ocrx_word' id='word_1_474' title='bbox 1617 4628 1675 4667; x_wconf 87' lang='lat' dir='ltr'><strong>om.</strong></span> <span class='ocrx_word' id='word_1_475' title='bbox 1690 4617 1722 4669; x_wconf 86' lang='lat' dir='ltr'><strong>T.</strong></span> <span class='ocrx_word' id='word_1_476' title='bbox 1740 4617 1778 4670; x_wconf 84' lang='lat' dir='ltr'><strong>Cl.</strong></span> 
     </span>
     <span class='ocr_line' id='line_1_43' title="bbox 447 4686 1778 4756; baseline 0.005 -18"><span class='ocrx_word' id='word_1_477' title='bbox 447 4687 581 4752; x_wconf 72' lang='lat' dir='ltr'><strong>§.tou-</strong></span> <span class='ocrx_word' id='word_1_478' title='bbox 595 4689 704 4739; x_wconf 61' lang='lat' dir='ltr'><strong>tabule</strong></span> <span class='ocrx_word' id='word_1_479' title='bbox 719 4689 896 4741; x_wconf 80' lang='lat' dir='ltr'><strong>obcucSTbl:</strong></span> <span class='ocrx_word' id='word_1_480' title='bbox 915 4689 1242 4744; x_wconf 72' lang='lat' dir='ltr'><strong>mermautctttto.-</strong></span> <span class='ocrx_word' id='word_1_481' title='bbox 1257 4692 1297 4741; x_wconf 83' lang='lat' dir='ltr'><strong>to.</strong></span> <span class='ocrx_word' id='word_1_482' title='bbox 1312 4689 1417 4740; x_wconf 76' lang='lat' dir='ltr'><strong>list:</strong></span> <span class='ocrx_word' id='word_1_483' title='bbox 1432 4688 1457 4738; x_wconf 85' lang='grc' dir='ltr'><strong>Τ.</strong></span> <span class='ocrx_word' id='word_1_484' title='bbox 1471 4686 1628 4749; x_wconf 62' lang='lat' dir='ltr'><strong>susim</strong></span> <span class='ocrx_word' id='word_1_485' title='bbox 1643 4691 1716 4742; x_wconf 58' lang='lat' dir='ltr'><strong>tal..</strong></span> <span class='ocrx_word' id='word_1_486' title='bbox 1730 4691 1778 4756; x_wconf 73' lang='lat' dir='ltr'><strong>{a</strong></span> 
     </span>
     <span class='ocr_line' id='line_1_44' title="bbox 446 4763 1781 4828; baseline 0.004 -15"><span class='ocrx_word' id='word_1_487' title='bbox 446 4778 503 4814; x_wconf 87' lang='lat' dir='ltr'><strong>cero</strong></span> <span class='ocrx_word' id='word_1_488' title='bbox 517 4777 565 4826; x_wconf 83' lang='lat' dir='ltr'><strong>pro</strong></span> <span class='ocrx_word' id='word_1_489' title='bbox 582 4763 691 4815; x_wconf 77' lang='lat' dir='ltr'><strong>Cluentio</strong></span> <span class='ocrx_word' id='word_1_490' title='bbox 706 4765 819 4815; x_wconf 81' lang='lat' dir='ltr'><strong>Publium</strong></span> <span class='ocrx_word' id='word_1_491' title='bbox 829 4767 949 4827; x_wconf 83' lang='lat' dir='ltr'><strong>Popilium</strong></span> <span class='ocrx_word' id='word_1_492' title='bbox 965 4772 988 4815; x_wconf 83' lang='lat' dir='ltr'><strong>ct</strong></span> <span class='ocrx_word' id='word_1_493' title='bbox 999 4766 1133 4817; x_wconf 85' lang='lat' dir='ltr'><strong>Tiberium</strong></span> <span class='ocrx_word' id='word_1_494' title='bbox 1150 4767 1253 4815; x_wconf 83' lang='lat' dir='ltr'><strong>Guttam</strong></span> <span class='ocrx_word' id='word_1_495' title='bbox 1270 4768 1329 4816; x_wconf 85' lang='lat' dir='ltr'><strong>dicit</strong></span> <span class='ocrx_word' id='word_1_496' title='bbox 1344 4780 1395 4816; x_wconf 83' lang='lat' dir='ltr'><strong>uou</strong></span> <span class='ocrx_word' id='word_1_497' title='bbox 1410 4764 1497 4814; x_wconf 87' lang='lat' dir='ltr'><strong>iudicii</strong></span> <span class='ocrx_word' id='word_1_498' title='bbox 1512 4766 1646 4828; x_wconf 65' lang='lat' dir='ltr'><strong>con-arpii,</strong></span> <span class='ocrx_word' id='word_1_499' title='bbox 1665 4769 1712 4817; x_wconf 76' lang='lat' dir='ltr'><strong>reti</strong></span> <span class='ocrx_word' id='word_1_500' title='bbox 1728 4781 1781 4818; x_wconf 65' lang='lat' dir='ltr'><strong>a*</strong></span> 
     </span>
     <span class='ocr_line' id='line_1_45' title="bbox 357 4835 1778 4903; baseline 0.005 -16"><span class='ocrx_word' id='word_1_501' title='bbox 357 4835 362 4844; x_wconf 92' lang='grc'><em>“</em></span> <span class='ocrx_word' id='word_1_502' title='bbox 448 4839 512 4888; x_wconf 81' lang='lat' dir='ltr'><strong>bitur</strong></span> <span class='ocrx_word' id='word_1_503' title='bbox 521 4851 572 4888; x_wconf 78' lang='lat' dir='ltr'><strong>orac</strong></span> <span class='ocrx_word' id='word_1_504' title='bbox 589 4839 727 4889; x_wconf 80' lang='lat' dir='ltr'><strong>damuatm.</strong></span> <span class='ocrx_word' id='word_1_505' title='bbox 747 4838 917 4900; x_wconf 80' lang='lat' dir='ltr'><strong>Quintilianus</strong></span> <span class='ocrx_word' id='word_1_506' title='bbox 928 4842 958 4889; x_wconf 88' lang='lat' dir='ltr'><strong>V.</strong></span> <span class='ocrx_word' id='word_1_507' title='bbox 971 4842 1010 4900; x_wconf 86' lang='lat' dir='ltr'><strong>to,</strong></span> <span class='ocrx_word' id='word_1_508' title='bbox 1022 4839 1089 4902; x_wconf 76' lang='lat' dir='ltr'><strong>toa.)</strong></span> <span class='ocrx_word' id='word_1_509' title='bbox 1103 4868 1129 4877; x_wconf 90' lang='lat'><em>-</em></span> <span class='ocrx_word' id='word_1_510' title='bbox 1149 4842 1189 4890; x_wconf 74' lang='lat'><strong>20.</strong></span> <span class='ocrx_word' id='word_1_511' title='bbox 1200 4842 1362 4903; x_wconf 72' lang='lat' dir='ltr'><strong>probaverint</strong></span> <span class='ocrx_word' id='word_1_512' title='bbox 1373 4841 1432 4889; x_wconf 76' lang='lat' dir='ltr'><strong>st:</strong></span> <span class='ocrx_word' id='word_1_513' title='bbox 1448 4838 1583 4901; x_wconf 75' lang='lat' dir='ltr'><strong>probarint</strong></span> <span class='ocrx_word' id='word_1_514' title='bbox 1593 4839 1617 4889; x_wconf 85' lang='lat' dir='ltr'>R</span> <span class='ocrx_word' id='word_1_515' title='bbox 1626 4843 1649 4891; x_wconf 83' lang='grc' dir='ltr'><strong>Α</strong></span> <span class='ocrx_word' id='word_1_516' title='bbox 1660 4841 1680 4892; x_wconf 87' lang='lat' dir='ltr'>L</span> <span class='ocrx_word' id='word_1_517' title='bbox 1689 4840 1708 4897; x_wconf 69' lang='lat'>2</span> <span class='ocrx_word' id='word_1_518' title='bbox 1718 4843 1778 4894; x_wconf 91' lang='lat'><strong>0.-</strong></span> 
     </span>
     <span class='ocr_line' id='line_1_46' title="bbox 447 4913 1781 4978; baseline 0.005 -15"><span class='ocrx_word' id='word_1_519' title='bbox 447 4927 505 4963; x_wconf 86' lang='lat' dir='ltr'><strong>cum</strong></span> <span class='ocrx_word' id='word_1_520' title='bbox 520 4914 668 4964; x_wconf 70' lang='lat' dir='ltr'><strong>strata:</strong></span> <span class='ocrx_word' id='word_1_521' title='bbox 687 4915 753 4976; x_wconf 79' lang='lat' dir='ltr'><strong>thd</strong></span> <span class='ocrx_word' id='word_1_522' title='bbox 769 4913 853 4966; x_wconf 76' lang='lat' dir='ltr'><strong>nto.</strong></span> <span class='ocrx_word' id='word_1_523' title='bbox 873 4941 899 4949; x_wconf 93' lang='lat'><em>-</em></span> <span class='ocrx_word' id='word_1_524' title='bbox 919 4916 959 4965; x_wconf 72' lang='lat' dir='ltr'><strong>il.</strong></span> <span class='ocrx_word' id='word_1_525' title='bbox 978 4915 1137 4978; x_wconf 72' lang='lat' dir='ltr'><strong>desmdtsscut</strong></span> <span class='ocrx_word' id='word_1_526' title='bbox 1153 4917 1242 4966; x_wconf 71' lang='lat' dir='ltr'><strong>Fati.</strong></span> <span class='ocrx_word' id='word_1_527' title='bbox 1262 4943 1289 4951; x_wconf 95' lang='lat'><em>-</em></span> <span class='ocrx_word' id='word_1_528' title='bbox 1308 4917 1349 4966; x_wconf 73' lang='lat'><strong>26.</strong></span> <span class='ocrx_word' id='word_1_529' title='bbox 1368 4914 1558 4966; x_wconf 76' lang='lat' dir='ltr'><strong>condemnatum</strong></span> <span class='ocrx_word' id='word_1_530' title='bbox 1574 4915 1639 4966; x_wconf 83' lang='lat' dir='ltr'><strong>ST:</strong></span> <span class='ocrx_word' id='word_1_531' title='bbox 1669 4919 1781 4970; x_wconf 68' lang='lat' dir='ltr'><strong>duma·</strong></span> 
     </span>
     <span class='ocr_line' id='line_1_47' title="bbox 448 4986 1782 5057; baseline 0.007 -22"><span class='ocrx_word' id='word_1_532' title='bbox 448 4992 501 5036; x_wconf 86' lang='lat' dir='ltr'><strong>tum</strong></span> <span class='ocrx_word' id='word_1_533' title='bbox 516 4986 658 5042; x_wconf 62' lang='lat' dir='ltr'><strong>RALXO.</strong></span> <span class='ocrx_word' id='word_1_534' title='bbox 680 5015 707 5025; x_wconf 95' lang='lat'><em>-</em></span> <span class='ocrx_word' id='word_1_535' title='bbox 725 4988 766 5038; x_wconf 75' lang='lat'><strong>27.</strong></span> <span class='ocrx_word' id='word_1_536' title='bbox 783 4990 823 5053; x_wconf 81' lang='lat' dir='ltr'><strong>iit]</strong></span> <span class='ocrx_word' id='word_1_537' title='bbox 840 4989 877 5038; x_wconf 80' lang='lat' dir='ltr'><strong>bis</strong></span> <span class='ocrx_word' id='word_1_538' title='bbox 892 4991 974 5040; x_wconf 82' lang='lat' dir='ltr'><strong>STF.</strong></span> <span class='ocrx_word' id='word_1_539' title='bbox 995 5016 1021 5025; x_wconf 94' lang='lat'><em>-</em></span> <span class='ocrx_word' id='word_1_540' title='bbox 1040 4993 1118 5041; x_wconf 86' lang='lat' dir='ltr'><strong>Mam.</strong></span> <span class='ocrx_word' id='word_1_541' title='bbox 1137 4992 1238 5041; x_wconf 74' lang='lat' dir='ltr'><strong>lanuto</strong></span> <span class='ocrx_word' id='word_1_542' title='bbox 1256 5005 1317 5041; x_wconf 90' lang='lat' dir='ltr'><strong>cum</strong></span> <span class='ocrx_word' id='word_1_543' title='bbox 1335 4994 1361 5041; x_wconf 90' lang='lat' dir='ltr'><strong>P.</strong></span> <span class='ocrx_word' id='word_1_544' title='bbox 1380 4989 1494 5040; x_wconf 82' lang='lat' dir='ltr'><strong>blanutio</strong></span> <span class='ocrx_word' id='word_1_545' title='bbox 1512 4990 1542 5039; x_wconf 91' lang='lat'><strong>0.</strong></span> <span class='ocrx_word' id='word_1_546' title='bbox 1562 5015 1592 5027; x_wconf 93' lang='lat'>-</span> <span class='ocrx_word' id='word_1_547' title='bbox 1612 4992 1659 5043; x_wconf 76' lang='lat'><strong>28.</strong></span> <span class='ocrx_word' id='word_1_548' title='bbox 1677 4993 1782 5057; x_wconf 65' lang='lat' dir='ltr'><strong>suut</strong></span> 
     </span>
     <span class='ocr_line' id='line_1_48' title="bbox 450 5063 1780 5134; baseline 0.005 -23"><span class='ocrx_word' id='word_1_549' title='bbox 450 5073 502 5111; x_wconf 89' lang='lat' dir='ltr'><strong>om.</strong></span> <span class='ocrx_word' id='word_1_550' title='bbox 520 5063 548 5112; x_wconf 83' lang='lat' dir='ltr'><strong>T.</strong></span> <span class='ocrx_word' id='word_1_551' title='bbox 568 5090 596 5099; x_wconf 91' lang='lat'>-</span> <span class='ocrx_word' id='word_1_552' title='bbox 614 5063 655 5114; x_wconf 81' lang='grc'><strong>30.</strong></span> <span class='ocrx_word' id='word_1_553' title='bbox 674 5064 774 5114; x_wconf 78' lang='lat' dir='ltr'><strong>duom.</strong></span> <span class='ocrx_word' id='word_1_554' title='bbox 792 5064 820 5114; x_wconf 83' lang='lat' dir='ltr'><strong>T.</strong></span> <span class='ocrx_word' id='word_1_555' title='bbox 839 5090 866 5099; x_wconf 91' lang='lat'>—</span> <span class='ocrx_word' id='word_1_556' title='bbox 886 5064 926 5114; x_wconf 89' lang='lat' dir='ltr'><strong>3t.</strong></span> <span class='ocrx_word' id='word_1_557' title='bbox 944 5064 996 5129; x_wconf 85' lang='lat' dir='ltr'><strong>DC]</strong></span> <span class='ocrx_word' id='word_1_558' title='bbox 1013 5065 1175 5123; x_wconf 58' lang='lat' dir='ltr'><strong>musm</strong></span> <span class='ocrx_word' id='word_1_559' title='bbox 1193 5067 1357 5123; x_wconf 56' lang='lat' dir='ltr'><strong>iunctm</strong></span> <span class='ocrx_word' id='word_1_560' title='bbox 1376 5063 1615 5119; x_wconf 70' lang='lat' dir='ltr'><strong>bcmttttucrtti.</strong></span> <span class='ocrx_word' id='word_1_561' title='bbox 1638 5067 1681 5119; x_wconf 88' lang='lat' dir='ltr'><strong>Cl.</strong></span> <span class='ocrx_word' id='word_1_562' title='bbox 1699 5068 1780 5134; x_wconf 64' lang='grc' dir='ltr'><strong>μθ.</strong></span> 
     </span>
     <span class='ocr_line' id='line_1_49' title="bbox 451 5137 1780 5209; baseline 0.008 -25"><span class='ocrx_word' id='word_1_563' title='bbox 451 5161 478 5171; x_wconf 90' lang='grc'>-</span> <span class='ocrx_word' id='word_1_564' title='bbox 496 5137 523 5184; x_wconf 86' lang='lat' dir='ltr'><strong>iu</strong></span> <span class='ocrx_word' id='word_1_565' title='bbox 540 5150 593 5187; x_wconf 92' lang='lat' dir='ltr'><strong>om.</strong></span> <span class='ocrx_word' id='word_1_566' title='bbox 611 5140 665 5189; x_wconf 78' lang='lat' dir='ltr'><strong>st.</strong></span> <span class='ocrx_word' id='word_1_567' title='bbox 685 5164 712 5174; x_wconf 92' lang='lat'>—</span> <span class='ocrx_word' id='word_1_568' title='bbox 732 5138 772 5189; x_wconf 76' lang='lat'><strong>32.</strong></span> <span class='ocrx_word' id='word_1_569' title='bbox 791 5138 890 5188; x_wconf 82' lang='lat' dir='ltr'><strong>reticuit</strong></span> <span class='ocrx_word' id='word_1_570' title='bbox 905 5140 963 5188; x_wconf 82' lang='lat' dir='ltr'><strong>st:</strong></span> <span class='ocrx_word' id='word_1_571' title='bbox 981 5141 1083 5190; x_wconf 82' lang='lat' dir='ltr'><strong>retinuit</strong></span> <span class='ocrx_word' id='word_1_572' title='bbox 1100 5137 1240 5191; x_wconf 78' lang='lat' dir='ltr'><strong>natio.</strong></span> <span class='ocrx_word' id='word_1_573' title='bbox 1260 5167 1287 5175; x_wconf 96' lang='lat'><em>-</em></span> <span class='ocrx_word' id='word_1_574' title='bbox 1315 5140 1355 5191; x_wconf 81' lang='lat' dir='ltr'><strong>at.</strong></span> <span class='ocrx_word' id='word_1_575' title='bbox 1374 5139 1412 5204; x_wconf 74' lang='lat' dir='ltr'><strong>b]</strong></span> <span class='ocrx_word' id='word_1_576' title='bbox 1430 5139 1457 5190; x_wconf 87' lang='lat' dir='ltr'><strong>C.</strong></span> <span class='ocrx_word' id='word_1_577' title='bbox 1475 5141 1608 5192; x_wconf 78' lang='lat' dir='ltr'><strong>Asconius</strong></span> <span class='ocrx_word' id='word_1_578' title='bbox 1627 5142 1656 5194; x_wconf 91' lang='lat' dir='ltr'><strong>in</strong></span> <span class='ocrx_word' id='word_1_579' title='bbox 1674 5157 1780 5209; x_wconf 67' lang='lat' dir='ltr'><strong>amm.</strong></span> 
     </span>
     <span class='ocr_line' id='line_1_50' title="bbox 450 5209 1782 5282; baseline 0.011 -24"><span class='ocrx_word' id='word_1_580' title='bbox 450 5209 553 5262; x_wconf 80' lang='lat' dir='ltr'><strong>cornel.</strong></span> <span class='ocrx_word' id='word_1_581' title='bbox 572 5224 597 5276; x_wconf 91' lang='lat' dir='ltr'><strong>p.</strong></span> <span class='ocrx_word' id='word_1_582' title='bbox 611 5214 652 5265; x_wconf 83' lang='lat' dir='ltr'><strong>oe.</strong></span> <span class='ocrx_word' id='word_1_583' title='bbox 671 5227 697 5264; x_wconf 92' lang='lat' dir='ltr'><strong>v.</strong></span> <span class='ocrx_word' id='word_1_584' title='bbox 711 5211 735 5265; x_wconf 83' lang='lat' dir='ltr'><strong>l.</strong></span> <span class='ocrx_word' id='word_1_585' title='bbox 754 5213 796 5265; x_wconf 91' lang='lat' dir='ltr'><strong>ed.</strong></span> <span class='ocrx_word' id='word_1_586' title='bbox 815 5215 933 5275; x_wconf 85' lang='lat' dir='ltr'><strong>nostrae,</strong></span> <span class='ocrx_word' id='word_1_587' title='bbox 951 5212 998 5264; x_wconf 92' lang='lat' dir='ltr'><strong>ubi</strong></span> <span class='ocrx_word' id='word_1_588' title='bbox 1014 5215 1072 5266; x_wconf 84' lang='lat' dir='ltr'><strong>vide</strong></span> <span class='ocrx_word' id='word_1_589' title='bbox 1087 5229 1156 5282; x_wconf 85' lang='lat' dir='ltr'><strong>quae</strong></span> <span class='ocrx_word' id='word_1_590' title='bbox 1174 5215 1367 5267; x_wconf 83' lang='lat' dir='ltr'><strong>adnotavimus.</strong></span> <span class='ocrx_word' id='word_1_591' title='bbox 1382 5240 1410 5250; x_wconf 91' lang='lat'>-</span> <span class='ocrx_word' id='word_1_592' title='bbox 1427 5214 1533 5265; x_wconf 71' lang='lat' dir='ltr'><strong>boemis</strong></span> <span class='ocrx_word' id='word_1_593' title='bbox 1549 5216 1643 5268; x_wconf 82' lang='lat' dir='ltr'><strong>STL:</strong></span> <span class='ocrx_word' id='word_1_594' title='bbox 1663 5219 1782 5272; x_wconf 65' lang='lat' dir='ltr'><strong>ammte</strong></span> 
     </span>
    </p>
   </div>
   <div class='ocr_carea' id='block_1_4' title="bbox 0 0 2188 6103">
    <p class='ocr_par' dir='ltr' id='par_1_4' title="bbox 0 0 2188 6103">
     <span class='ocr_line' id='line_1_51' title="bbox 0 0 2188 6103; baseline 0 0"><span class='ocrx_word' id='word_1_595' title='bbox 0 0 2188 6103; x_wconf 95' lang='lat' dir='ltr'><strong> </strong></span> 
     </span>
    </p>
   </div>
  </div>
 </body>
</html>
