4367 6109
830 584 904 651 cu.
925 586 1061 651 n-1v.
1089 580 1299 669 ser-ro.
1662 577 1724 646 ora

412 762 494 828 tum,
517 754 543 816 si
565 753 644 836 quid
665 754 725 818 erit
744 753 964 837 praeteritum,
984 754 1090 819 animo
1104 753 1284 847 requiratis,
1306 753 1360 816 lll.
1375 749 1405 815 7.
1425 752 1493 836 llgo
1508 772 1572 827 me,
1593 751 1724 825 iudicer,

411 848 449 911 ad
473 867 542 913 eam
563 867 690 912 causam
711 847 875 921 accedere,
908 868 990 931 quae
1016 847 1078 911 iam
1109 868 1167 930 per
1187 866 1287 910 annos
1309 853 1380 911 octo
1402 845 1569 911 continuos
1590 866 1632 909 ex
1652 865 1727 909 con·

410 943 505 1005 traria
531 949 619 1022 parte
646 940 791 1005 audiatur
827 948 921 1023 atque
950 942 1020 1024 ipsa
1046 941 1197 1023 opinione
1224 940 1386 1003 hominum
1413 941 1507 1003 tacita
1533 959 1630 1023 prope
1652 959 1728 1002 con·

411 1036 494 1098 victa
514 1043 608 1118 atque
629 1033 775 1098 damnata
801 1035 856 1107 sit,
877 1034 970 1098 facile
991 1035 1151 1117 intelligo:
1174 1035 1244 1107 sed,
1266 1034 1293 1096 si
1316 1035 1371 1118 qui
1393 1033 1470 1096 mibi
1492 1034 1570 1096 deus
1592 1040 1727 1096 vestram

410 1127 451 1191 ad
473 1149 523 1191 me
544 1127 738 1192 audiendum
757 1128 1011 1192 benevolentiam
1031 1127 1224 1202 conciliarit,
1252 1123 1383 1190 efficiam
1406 1127 1549 1209 profecto
1577 1133 1615 1190 ut
1634 1127 1750 1190 intel-t

411 1222 528 1303 ligatis,
549 1221 627 1285 nibil
648 1240 719 1285 esse
739 1220 860 1285 homini
883 1229 946 1284 tam
961 1220 1135 1284 timendum
1158 1239 1254 1303 quam
1276 1219 1441 1295 invidiam,
1464 1221 1546 1283 nihil
1566 1219 1726 1285 innocenti

412 1323 556 1398 suscepta
584 1314 703 1377 invidia
728 1322 791 1377 tam
821 1314 993 1397 optandum
1027 1332 1123 1395 quam
1150 1331 1287 1394 aequum
1308 1312 1472 1388 iudicium,
1503 1312 1591 1397 qnod
1611 1313 1645 1376 in
1666 1312 1727 1376 boc

412 1428 476 1471 uno
497 1408 635 1491 denique
657 1405 755 1472 falsae
777 1407 922 1472 infamiae
944 1406 1017 1469 finis
1038 1404 1138 1490 aliqui
1160 1413 1256 1488 atque
1278 1405 1383 1469 exitus
1403 1407 1587 1489 reperiatur.
1624 1406 1728 1481 Quam

411 1502 452 1566 cb
480 1521 547 1564 rem
573 1520 687 1584 magna
714 1522 764 1565 me
786 1521 858 1586 spes
879 1508 981 1574 tenet,
1011 1501 1143 1583 siquae
1170 1499 1297 1563 suntin
1325 1518 1420 1561 causa
1447 1500 1603 1583 explicare
1632 1509 1728 1585 atque
1798 1579 1801 1588 Ι

412 1596 516 1658 omnia
543 1593 677 1657 dicendo
705 1595 858 1678 consequi
884 1602 1032 1678 potuero,
1061 1593 1148 1657 hunc
1176 1593 1280 1655 locum
1309 1612 1554 1676 consessumque
1578 1602 1766 1669 vestrumea

412 1708 507 1771 quern
526 1687 575 1751 illi
594 1687 775 1753 horribilem
797 1691 834 1751 a.
856 1688 1002 1751 Cluentio
1024 1707 1060 1750 ae
1081 1686 1320 1751 formidolosum
1340 1685 1409 1750 fore
1431 1694 1634 1769 putaverunt,
1656 1708 1729 1751 eum

413 1780 540 1844 tandem
569 1781 637 1844 eius
658 1779 803 1844 fortunae
825 1782 958 1845 miserae
979 1781 1175 1864 multumque
1198 1780 1329 1843 iactatae
1351 1787 1475 1863 portum
1495 1799 1532 1843 ac
1552 1780 1729 1863 perfugium

412 1874 561 1938 buturum.
594 1872 624 1937 8.
646 1874 782 1938 Tametsi
804 1875 958 1956 permulta
973 1883 1063 1949 sunt,
1086 1865 1169 1958 qua'e
1184 1874 1276 1947 milri,
1298 1881 1467 1957 antequam
1483 1872 1523 1936 de
1538 1893 1633 1937 causa
1647 1872 1730 1948 dico,

413 1967 453 2029 de
481 1968 699 2030 communibus
728 1967 864 2031 invidiae
894 1968 1042 2051 periculis
1071 1967 1206 2031 dicenda
1231 1987 1301 2031 esse
1322 1966 1504 2031 videantur:
1537 1975 1659 2040 umen,
1689 1986 1730 2030 ne

413 2061 531 2124 diutius
553 2061 694 2124 oratione
714 2081 784 2124 mea
805 2080 960 2143 suspensa
980 2063 1175 2145 exspectatio
1198 2070 1300 2125 vestra
1321 2069 1481 2136 teneatur,
1505 2062 1670 2143 aggrediar
1689 2060 1730 2123 ad
1739 2072 1768 2121 ts

413 2156 531 2218 crimen
552 2175 623 2218 eum
644 2154 700 2217 illa
721 2154 957 2237 deprecatione,
984 2153 1121 2229 iudices,
1151 2175 1214 2239 qua
1243 2154 1318 2218 mibi
1340 2154 1465 2236 saepius
1487 2155 1639 2218 utendum
1660 2174 1730 2217 esse

412 2248 571 2330 intelligo,
605 2247 650 2311 sic
678 2254 713 2311 ut
740 2268 790 2312 me
820 2247 971 2321 audiatis,
1001 2249 1092 2330 quasi
1120 2248 1183 2312 boc
1211 2256 1351 2332 tempore
1378 2247 1457 2311 baec
1481 2267 1576 2312 cansa
1595 2249 1732 2331 primum

414 2340 553 2415 dicatur,
575 2342 668 2405 sicuti
690 2341 820 2416 dicitm,
849 2362 913 2405 non
935 2342 1026 2423 qumi
1048 2361 1143 2424 saepe
1164 2342 1226 2405 iam
1247 2340 1332 2405 dicta
1353 2348 1385 2403 et
1406 2361 1579 2424 numquam
1600 2341 1732 2426 probata

415 2436 464 2497 sit.
497 2434 659 2498 Hodierno
681 2436 764 2498 enim
787 2436 838 2499 die
859 2437 993 2519 primum
1015 2436 1130 2499 veteris
1151 2436 1242 2498 istius
1264 2434 1405 2497 criminis
1427 2433 1571 2497 diluendi
1591 2442 1731 2518 potestas

415 2537 463 2591 est
484 2528 573 2594 data:
594 2530 751 2594 antehoc
771 2537 893 2613 tempus
915 2548 1004 2593 error
1024 2530 1059 2592 in
1078 2529 1140 2592 bac
1161 2548 1257 2594 causa
1277 2535 1372 2611 atque
1394 2526 1513 2591 invidia
1529 2534 1653 2593 versata
1674 2536 1769 2594 estro

415 2622 516 2698 Quam
538 2623 579 2686 ob
606 2644 674 2688 rem
694 2624 770 2687 dum
791 2623 959 2689 multomm
980 2642 1136 2687 annorum
1160 2621 1354 2687 accusationi
1373 2621 1511 2684 breviter
1530 2621 1732 2706 dilucideque

412 2716 604 2800 respondeo,
637 2737 756 2801 quaeso
785 2726 820 2781 ut
841 2737 908 2792 me,
929 2716 1069 2793 iudices,
1090 2716 1173 2781 sicut
1193 2715 1297 2780 facere
1319 2714 1515 2789 instituistis,
1537 2714 1673 2797 benigue
1686 2721 1733 2780 at·

415 2818 564 2894 lenteque
585 2810 732 2875 audiatis.

482 2905 535 2967 tv.
556 2901 586 2967 9.
609 2903 796 2987 Corrupisse
818 2904 931 2969 dieitur
952 2907 988 2967 Α.
1012 2904 1175 2968 Cluentius
1196 2903 1348 2967 iudicium
1371 2901 1522 2985 pecunia,
1544 2922 1608 2986 quo
1630 2901 1734 2967 inimi·

414 3019 483 3061 cum
512 2999 728 3072 innocentem,
758 2998 892 3061 Statium
920 2998 1063 3071 Albium,
1096 2996 1332 3062 condemnaret.
1376 2994 1565 3068 Ostendam,
1599 2995 1772 3071 iudicemt

413 3092 565 3174 primum,
586 3090 736 3173 quoniam
758 3100 854 3172 caput
873 3091 960 3154 illius
981 3092 1152 3155 atrocitatis
1171 3096 1268 3173 atque
1282 3089 1419 3153 invidiae
1434 3088 1510 3162 fuit,
1532 3089 1733 3184 innocentem

413 3185 546 3269 pecunia
566 3185 828 3258 circumventum,
849 3185 1009 3248 nemiuem
1031 3204 1181 3267 umquam
1203 3183 1373 3249 maioribus
1387 3181 1588 3257 criminibus,
1611 3184 1733 3266 gravio·

414 3278 500 3341 ribus
528 3277 658 3341 testibus
685 3298 756 3341 esse
785 3279 816 3340 in
844 3277 994 3342 iudicium
1022 3286 1186 3352 vocatum3
1216 3276 1331 3341 deinde
1357 3294 1396 3340 ea
1417 3274 1457 3339 de
1479 3295 1518 3339 eo
1539 3277 1733 3359 praeiudicia

414 3392 484 3435 esse
505 3370 588 3434 facta
607 3371 647 3434 ab
674 3371 751 3455 ipsis
773 3370 945 3444 iudicibus,
973 3390 993 3434 a
1014 3370 1130 3454 quibus
1152 3371 1379 3434 condemnatus
1400 3375 1465 3444 est,
1496 3377 1616 3434 utnon
1637 3370 1732 3436 modo

414 3465 453 3527 ab
475 3463 592 3538 isdem,
614 3463 671 3529 sed
692 3485 731 3527 ne
754 3465 793 3528 ab
814 3463 885 3528 aliis
899 3462 1028 3547 quidem
1050 3465 1123 3527 ullis
1147 3462 1269 3527 absolvi
1289 3462 1356 3526 ullo
1383 3462 1478 3527 modo
1499 3470 1618 3546 posset.
1654 3464 1770 3535 Cumae

413 3558 492 3620 baec
514 3555 666 3633 docuero,
693 3564 760 3620 tum
782 3556 861 3620 illud
884 3558 1065 3632 ostendam,
1098 3556 1183 3641 quod
1204 3557 1341 3621 maxime
1361 3557 1481 3640 requiri
1502 3557 1663 3641 intelligo,
1683 3558 1733 3621 iu·

415 3651 530 3715 dicium
559 3651 638 3714 illud
666 3652 798 3734 pecunia
819 3670 889 3715 esse
918 3658 1069 3715 tentatum
1090 3671 1157 3714 nou
1177 3669 1197 3714 a
1220 3649 1382 3725 Cluentio,
1410 3648 1467 3714 sed
1488 3658 1597 3714 contra
1619 3651 1732 3716 Cluen·

414 3747 509 3819 tium,
537 3744 715 3828 faciamque
743 3752 777 3807 ut
802 3744 1004 3827 intelligatis,
1025 3747 1059 3809 in
1080 3752 1147 3808 tcta
1166 3744 1222 3809 illa
1243 3763 1337 3810 causa
1355 3742 1432 3829 quid
1454 3764 1504 3808 res
1525 3745 1595 3827 ipsa
1614 3744 1732 3822 tulerit,

415 3838 491 3922 quid
513 3858 601 3903 error
620 3837 796 3912 affinxerit,
818 3838 896 3922 quid
917 3838 1036 3903 invidia
1057 3835 1207 3903 conflarit.

478 3927 527 3994 t0.
550 3934 686 3996 Primum
708 3932 804 4015 igitur
824 3931 904 3995 illud
926 3938 994 4007 est,
1016 3951 1136 4016 exque
1158 3931 1292 4016 intelligi
1315 3932 1433 4015 possit,
1455 3931 1602 3997 debuisse
1618 3933 1770 3999 Cluen-ss

480 4174 503 4223 t.
522 4173 614 4236 cotom]
631 4185 650 4223 o
663 4186 703 4224 me
719 4169 771 4224 bt.
799 4173 915 4238 (ulloque
931 4186 950 4224 c
964 4186 1005 4224 me
1019 4186 1108 4238 neque
1124 4173 1210 4224 admo
1226 4171 1321 4225 edesse
1337 4171 1432 4233 velim
1451 4174 1515 4225 sads
1531 4175 1573 4226 est
1587 4176 1731 4238 monstratis.

415 4246 493 4297 Certe
515 4259 595 4298 causa
615 4249 737 4312 perorata
760 4249 841 4298 testes
857 4247 1102 4313 interrogabantur,
1125 4261 1179 4299 nou
1195 4248 1329 4301 defensor.
1355 4249 1481 4314 suspicor
1495 4260 1514 4298 c
1528 4261 1569 4299 mc
1583 4261 1644 4300 esse
1660 4248 1734 4313 glos-

414 4333 472 4371 sam
489 4321 523 4371 ed
534 4335 560 4371 v.
572 4322 747 4385 prumea,
765 4321 861 4373 deinde
878 4324 962 4374 misso
978 4321 1129 4375 subiectam
1145 4336 1179 4374 ex
1195 4323 1373 4388 praecedente
1388 4323 1561 4388 coplation-
1579 4324 1640 4374 Gar.
1652 4325 1688 4385 ἰ.)
1701 4348 1730 4363 -

414 4396 468 4459 ligo
483 4408 568 4445 men
579 4396 686 4461 effictam
698 4396 809 4460 profecto
825 4396 905 4449 lullus
920 4397 1072 4449 Rufinianus
1088 4398 1119 4448 dc
1132 4399 1177 4462 M·
1195 4403 1256 4449 wat.
1273 4396 1298 4461 fl.
1317 4397 1357 4448 te.
1378 4422 1406 4433 -
1424 4397 1449 4447 8.
1466 4397 1571 4446 cadite
1585 4398 1616 4447 Δ.
1634 4423 1662 4434 -
1680 4399 1733 4462 opt

413 4471 528 4522 ntontbas
543 4472 609 4522 T.—
627 4473 760 4523 contacto
777 4470 870 4536 (llttera
886 4488 904 4523 a
920 4475 1065 4539 expuncta,
1082 4473 1333 4536 utsltcoautctol&
1349 4471 1483 4522 macto
1498 4471 1555 4522 Π.
1569 4497 1597 4509 -
1615 4469 1640 4522 i.
1657 4474 1733 4536 stqet

415 4547 459 4596 PS
476 4546 521 4608 (ι.
534 4546 585 4611 pr.)
600 4546 664 4597 To:
682 4547 704 4596 rt
720 4546 776 4608 quc
790 4543 903 4599 aaut.
923 4574 951 4584 -
969 4550 994 4600 s.
1011 4546 1204 4599 memsam
1219 4544 1271 4598 aa
1287 4546 1396 4611 ubique.
1416 4572 1444 4583 -
1464 4547 1490 4597 t.
1508 4558 1597 4597 waere
1612 4547 1733 4597 wan

414 4622 448 4680 P,
467 4621 512 4684 qui
529 4621 555 4671 in
573 4621 613 4671 bls
628 4620 719 4672 verbis
736 4621 842 4673 desinit.
862 4648 889 4658 -
907 4623 933 4674 8.
950 4636 1001 4673 arro
1017 4635 1070 4674 cm.
1090 4623 1119 4673 L.
1138 4650 1166 4659 -
1185 4623 1264 4686 stiget
1280 4622 1344 4673 TU:
1362 4622 1455 4684 ottone
1470 4617 1613 4673 bauto
1627 4646 1656 4659 -
1673 4622 1733 4672 tter·

414 4709 479 4756 quoe
494 4697 554 4746 Sl:
571 4697 593 4745 st
609 4709 640 4746 co
655 4709 720 4758 quoe
735 4694 878 4751 libito.
898 4722 924 4732 -
949 4699 989 4748 tt.
1006 4697 1046 4759 oc]
1063 4702 1139 4760 atque
1154 4697 1182 4747 Τ.
1202 4725 1229 4733 -
1254 4697 1294 4749 43.
1312 4697 1367 4748 dtco
1382 4698 1530 4749 surita:
1549 4698 1632 4746 &cosa
1646 4693 1730 4748 etc.

417 4797 444 4807 -
463 4773 503 4822 ts.
522 4770 659 4845 asportatio
675 4773 700 4822 S.
721 4797 749 4809 -
773 4772 908 4836 denotor
924 4772 959 4821 od
979 4772 1073 4822 abaco
1088 4772 1233 4823 amdam
1250 4773 1363 4824 ltessius
1379 4785 1407 4838 p.
1424 4772 1482 4823 ata.
1501 4772 1544 4823 ed.
1563 4771 1681 4823 undem.
1701 4796 1730 4811 ·-

636 4847 645 4878 t

415 4893 454 4943 ta.
473 4893 572 4959 Mser]
589 4895 731 4954 dicotur&
749 4894 849 4945 dicatw
865 4894 935 4944 T.-
953 4895 1161 4958 nmquam&—
1180 4893 1221 4945 ts.
1238 4894 1525 4959 istiufltpttussl‘.-
1543 4894 1731 4945 nactust:

414 4966 687 5023 montilium-
705 4967 746 5020 2⁸.
763 4969 960 5020 toiaucrrmS'l':
978 4968 1394 5025 mianRALZO.—
1413 4969 1733 5033 &maurimontem

413 5043 550 5093 maioribus
565 5056 614 5104 cr.,
632 5057 672 5108 gr.
691 5043 789 5094 esbus
804 5046 832 5095 is
846 5045 1305 5107 tos.oocceenqoomopptootm;
1321 5045 1421 5106 deinde,
1435 5045 1733 5108 ommentans
1774 5093 1779 5102 ,

415 5117 446 5165 ab
462 5118 521 5179 tpsts
536 5117 669 5181 tudtctbro,
688 5130 705 5168 c
722 5118 1055 5182 anacampseroten,
1072 5119 1313 5183 mesonma
1328 5118 1731 5182 mmmmm,

414 5192 455 5241 scd
470 5197 559 5242 contm
575 5192 713 5244 Clwatirsm
730 5190 900 5254 Quintilianus
913 5194 998 5256 tv.t,
1017 5195 1058 5246 tt.
1077 5220 1107 5232 -
1133 5193 1360 5257 tuusmputst.
1385 5219 1413 5229 -
1439 5193 1631 5258 3⁰.tt'tdm8,
1649 5195 1731 5246 etsie

414 5265 580 5332 plerumque.
599 5294 627 5306 -
646 5268 687 5321 32.
705 5273 850 5333 temtotttm
865 5270 897 5332 83
913 5274 1079 5334 cmm
1094 5270 1123 5321 T.
1141 5293 1170 5309 «-
1188 5268 1230 5322 ss.
1246 5267 1291 5336 est]
1306 5268 1398 5323 esu.
