4367 6109
752 579 825 642 can.
847 576 1104 641 xxu-xxrv.
1131 573 1187 659 ss.
1209 572 1356 640 rt-ts.
1654 573 1717 639 raa

402 752 518 833 posset
560 748 771 811 Vehementer
793 747 913 809 errasti.
951 747 1030 822 Quis
1053 747 1138 809 enim
1161 745 1228 809 dies
1249 746 1322 819 fuit,
1344 753 1550 827 posteaquam
1571 746 1604 808 in
1626 746 1717 810 istam

402 842 572 907 accusandi
587 842 855 905 denuntiationem
871 841 1029 922 ingressus
1045 862 1096 915 es,
1119 861 1214 924 quem
1230 849 1263 903 tu
1279 861 1342 903 non
1357 847 1458 903 totum
1473 839 1506 901 in
1524 840 1583 903 ista
1597 842 1717 905 ratione

402 936 658 1019 consumpseris?
700 935 816 997 lllllll.
847 936 962 1016 Legem
984 935 1120 997 ambitus
1142 935 1301 1016 flagitasti,
1331 953 1411 1017 quae
1434 933 1489 996 tibi
1511 954 1575 997 non
1597 935 1718 1010 deerat3

403 1032 573 1094 eratenim
595 1029 792 1093 severissime
815 1030 931 1110 scripta
954 1028 1137 1111 Calpurnia:
1167 1036 1273 1110 gestus
1294 1034 1343 1090 est
1364 1047 1431 1090 mos
1453 1036 1484 1089 et
1512 1028 1666 1091 voluntati
1688 1036 1721 1091 et

402 1125 547 1206 dignitati
568 1132 652 1187 tuae.
696 1124 758 1186 Sed
780 1132 846 1186 tota
868 1123 921 1184 illa
943 1122 994 1183 lex
1016 1121 1248 1185 accusationem
1270 1130 1373 1195 tuam,
1401 1123 1427 1184 si
1450 1121 1583 1185 haberes
1605 1137 1744 1186 noceri-o

403 1228 464 1282 tem
487 1239 591 1292 reum,
619 1218 751 1282 fortasse
781 1224 948 1280 armasset:
981 1215 1126 1297 petitioni
1156 1234 1231 1277 vero
1255 1214 1408 1297 refragata
1435 1225 1492 1278 est.
1535 1213 1586 1278 it.
1615 1218 1720 1279 Poena

402 1314 579 1396 gravioria
601 1312 726 1394 plebem
749 1320 801 1373 tua
831 1330 906 1373 voce
936 1309 1104 1390 afflagitata
1134 1317 1197 1380 est;
1225 1310 1372 1371 commoti
1400 1310 1496 1372 animi
1523 1309 1720 1372 tenuiorum:

403 1406 531 1469 erilium
556 1406 589 1467 in
617 1413 757 1468 nostrum
788 1404 948 1477 ordinem;
979 1403 1134 1464 concessit
1161 1411 1288 1464 senatus
1317 1402 1519 1485 postulationi
1549 1412 1637 1475 tuae,
1666 1402 1720 1465 sed

403 1521 465 1563 non
480 1499 615 1563 libenter
629 1499 785 1562 duriorem
800 1497 942 1561 fortunae
959 1495 1115 1558 communi
1130 1495 1345 1558 conditionem
1360 1504 1390 1558 te
1405 1503 1534 1559 auctore
1549 1499 1722 1562 constituit.

402 1593 501 1656 Morbi
523 1593 720 1656 excusationi
741 1611 844 1676 poena
864 1591 970 1654 addita
992 1598 1053 1653 est:
1081 1589 1228 1651 voluntas
1251 1588 1369 1651 offensa
1391 1590 1574 1666 multorum,
1608 1592 1759 1677 quibusto

402 1695 456 1751 aut
478 1695 585 1751 contra
606 1686 794 1750 valetudinis
816 1683 1011 1748 commodum
1034 1682 1239 1746 laborandum
1261 1689 1310 1744 est
1330 1690 1384 1745 aut
1404 1684 1602 1749 incommodo
1622 1686 1723 1749 morbi

403 1783 497 1844 etiam
520 1781 616 1844 ceteri
637 1781 721 1842 vitae
742 1778 861 1841 fructus
882 1777 1090 1859 relinquendi.
1122 1773 1205 1851 Quid
1228 1778 1323 1856 ergot
1348 1771 1449 1857 [baec]
1474 1780 1546 1860 quis
1568 1778 1660 1841 tulit‘t
1683 1781 1722 1853 ls,

405 1875 458 1958 qui
473 1874 648 1938 auctoritati
665 1881 804 1946 senatus,
827 1872 979 1936 voluntati
995 1877 1066 1932 tuae
1081 1868 1201 1951 paruit;
1224 1866 1363 1950 denique
1378 1869 1404 1930 is
1420 1870 1508 1945 tulit,
1531 1872 1581 1934 cui
1596 1874 1723 1936 minime

402 1967 583 2050 proderant.
618 1966 693 2041 llla,
716 1986 797 2051 quae
819 1985 889 2028 mea
910 1983 1030 2028 summa
1051 1963 1212 2026 voluntate
1228 1970 1357 2024 senatus
1372 1962 1522 2047 frequens
1537 1966 1723 2047 repudiavit,

403 2061 604 2125 mediocriter
634 2060 798 2122 adversata
828 2059 884 2122 tibi
914 2078 984 2122 esse
1012 2056 1200 2120 existimas?
1250 2055 1474 2119 Confusionem
1505 2060 1723 2140 suffragiorum
1733 2075 1762 2121 ss

404 2156 566 2237 flagitasti,
588 2154 842 2237 perrogationem
864 2153 944 2235 legis
966 2151 1131 2224 Maniliae,
1154 2149 1374 2233 aequationem
1396 2153 1530 2233 gratiae,
1553 2152 1724 2234 dignitatis,

404 2247 632 2330 suffragiorum.
682 2246 826 2309 Graviter
853 2246 998 2310 homines
1026 2244 1151 2307 bonesti
1177 2250 1272 2324 atque
1301 2244 1332 2305 in
1361 2246 1426 2308 suis
1454 2245 1664 2310 vicinitatibus
1694 2254 1725 2308 et

403 2340 584 2423 municipiis
614 2340 742 2423 gratiosi
770 2341 924 2412 tulerunt,
953 2359 971 2401 a
999 2339 1053 2400 tali
1083 2337 1152 2401 viro
1181 2356 1251 2399 esse
1278 2347 1468 2419 pugnatum,
1495 2346 1530 2401 ut
1556 2358 1665 2402 omnes
1694 2348 1726 2401 et

404 2433 566 2514 diguitatis
601 2441 633 2495 et
666 2434 783 2515 gratiae
812 2433 927 2515 gradm
959 2431 1153 2495 tollerentur.
1206 2428 1294 2492 ldem
1328 2431 1473 2496 editicios
1505 2432 1624 2495 iudices
1654 2453 1724 2496 esse

404 2526 547 2601 voluisti,
569 2535 603 2590 at
625 2526 697 2590 odia
719 2526 840 2589 occulta
862 2527 993 2599 civium,
1015 2544 1097 2609 quae
1119 2523 1223 2587 tacitis
1236 2543 1321 2586 nunc
1336 2524 1502 2590 discordiis
1517 2527 1763 2600 continentur,ro

403 2621 436 2683 in
464 2620 605 2683 fortunas
633 2620 745 2702 optimi
773 2619 927 2703 cuiusque
959 2625 1168 2702 erumperent.
1220 2616 1306 2680 llaec
1334 2620 1439 2682 omnia
1466 2619 1523 2683 tibi
1556 2619 1723 2682 accusandi

403 2714 484 2776 viam
506 2713 706 2786 muniebant,
728 2713 924 2794 adipiscendi
946 2712 1180 2795 obsaepiebant.

488 2801 538 2866 48.
566 2806 673 2888 Atque
701 2826 742 2868 ex
771 2806 916 2868 omnibus
946 2806 998 2868 illa
1029 2806 1122 2887 plaga
1150 2811 1198 2867 est
1225 2806 1340 2869 iniecta
1370 2805 1514 2887 petitioni
1547 2813 1633 2881 tuae,
1661 2827 1724 2871 non

406 2907 526 2962 tacente
547 2917 613 2970 me,
636 2899 787 2961 maxima:
812 2897 851 2960 de
873 2918 936 2981 qua
958 2899 997 2960 ab
1018 2899 1145 2961 bomine
1166 2899 1420 2980 ingeniosissimo
1443 2907 1474 2962 et
1492 2901 1724 2983 copiosissimo,

405 2991 591 3064 Hortensio,
621 2991 719 3054 multa
746 2992 929 3074 gravissime
959 2992 1040 3054 dieta
1070 2997 1154 3053 sunt.
1198 2992 1270 3066 Quo
1292 2993 1387 3055 etiam
1410 2991 1485 3055 mibi
1507 2992 1616 3057 durior
1635 2996 1762 3062 locasse

404 3094 452 3147 est
474 3084 598 3147 dicendi
617 3083 720 3158 datus,
743 3092 787 3158 ut,
810 3105 879 3147 cum
902 3094 973 3146 ante
995 3104 1046 3147 me
1068 3093 1099 3146 et
1113 3084 1167 3147 ille
1182 3084 1314 3148 dixisset
1328 3094 1360 3148 et
1374 3085 1422 3147 vir
1436 3105 1558 3149 summa
1572 3088 1724 3170 dignitate

404 3188 435 3240 et
456 3177 620 3259 diligentia
642 3185 674 3240 et
694 3177 842 3242 facultate
864 3177 1006 3252 dicendi,
1027 3180 1069 3241 M.
1093 3175 1240 3251 Crassus,
1268 3197 1327 3260 ego
1349 3179 1382 3240 in
1405 3187 1547 3243 extremo
1569 3202 1633 3244 non
1654 3202 1726 3266 par·

404 3280 467 3334 tem
489 3271 628 3354 aliquam
650 3290 775 3354 agerem
797 3291 928 3344 causae,
950 3272 1007 3335 sed
1029 3272 1069 3334 de
1091 3280 1156 3334 tota
1178 3293 1212 3333 re
1234 3271 1388 3346 dicerem,
1411 3273 1497 3357 quod
1512 3273 1590 3338 mibi
1603 3275 1725 3339 videre·

337 3406 350 3428 .
405 3373 465 3427 tur.
514 3364 625 3448 ltaque
654 3367 686 3427 in
717 3366 818 3428 isdem
847 3365 941 3428 rebus
973 3365 1039 3428 fere
1067 3385 1176 3428 versor
1207 3373 1267 3450 et,
1287 3365 1392 3449 quoad
1420 3386 1566 3449 possum,
1593 3370 1725 3444 iudices,

404 3477 534 3522 occurro
555 3467 677 3523 vestrae
700 3459 846 3522 satietati.
889 3458 1003 3519 xxiv.
1033 3458 1096 3520 Sed
1126 3468 1244 3532 mmen,
1272 3460 1379 3533 Servi,
1412 3479 1506 3543 quam
1537 3468 1567 3524 te
1589 3466 1763 3531 securimso

405 3559 494 3632 putas
515 3551 663 3615 iniecisse
685 3554 830 3635 petitioni
854 3560 943 3625 tuae,
975 3571 1045 3613 oum
1075 3552 1230 3634 populum
1253 3554 1427 3614 Romanum
1457 3552 1489 3614 in
1512 3576 1584 3618 eum
1607 3565 1724 3619 metum

404 3644 577 3720 adduxisti,
598 3654 634 3710 ut
647 3646 882 3730 pertimesceret
897 3666 937 3709 ne
953 3645 1062 3709 consul
1079 3645 1213 3710 Catilina
1227 3642 1333 3720 lieret,
1355 3646 1428 3709 dum
1444 3654 1478 3710 tu
1492 3650 1726 3713 accusationem

470 4002 494 4053 4.
509 4013 581 4065 posse
597 4013 650 4051 om.
670 4014 697 4058 x.
713 4026 739 4038 -
755 3997 818 4064 qais]
836 4005 896 4061 quot
912 4001 941 4050 G.
957 4001 1024 4050 -irs
1040 3999 1123 4064 444444]
1140 3999 1167 4048 irs
1183 4013 1236 4050 om.
1256 4000 1291 4061 C,
1310 4005 1338 4049 ta
1353 3999 1427 4050 biam
1443 4000 1575 4054 Matthiae.
1591 4004 1729 4069 -3.agi-

405 4077 464 4127 tasti
479 4091 507 4137 χ.
528 4103 556 4112 -
574 4090 624 4126 aaa
640 4075 684 4126 tibi
701 4076 730 4127 G.
751 4099 779 4112 -
797 4074 822 4126 4.
841 4074 1023 4139 ditigmtissime
1043 4076 1139 4137 scripta
1153 4073 1246 4138 Aquila
1263 4076 1397 4125 Romanus
1414 4075 1438 4139 S.
1457 4076 1499 4126 47.
1519 4102 1546 4112 -
1565 4082 1588 4128 et
1602 4079 1652 4129 coi.
1671 4084 1730 4130 raas

404 4153 588 4215 castigatam
604 4164 630 4199 v.
656 4176 682 4185 -
707 4151 731 4200 6.
749 4149 818 4214 aero]
840 4163 890 4200 aaa
906 4151 935 4200 Τ.
960 4177 987 4187 -
1010 4151 1034 4199 4.
1057 4149 1136 4199 asiai
1157 4155 1215 4199 siau
1236 4150 1376 4200 mammen
1392 4151 1420 4200 L.
1447 4178 1474 4188 -
1496 4152 1521 4203 8.
1539 4152 1644 4202 44444444
1660 4155 1727 4212 mei:

404 4227 520 4276 easitium
535 4227 565 4276 0.
586 4253 612 4261 -
633 4227 673 4276 44.
691 4225 744 4290 aut]
761 4230 845 4275 ouum
861 4240 889 4284 χ.
912 4252 934 4263 -
955 4225 1100 4275 oalitadias's
1116 4226 1179 4275 mei.
1200 4251 1227 4260 -
1247 4226 1287 4275 ta.
1306 4226 1381 4275 etiam
1396 4226 1477 4276 eciem
1493 4240 1521 4286 κ,
1543 4255 1569 4264 -
1588 4231 1654 4291 quod
1669 4243 1730 4294 ergo

404 4301 433 4351 E.
455 4327 481 4335 -
499 4301 561 4350 baec
577 4312 630 4350 om.
650 4302 678 4350 G.
694 4326 720 4335 —
740 4301 796 4350 tulit
812 4301 834 4350 is
850 4301 902 4362 qai]
918 4301 1044 4361 solitisque
1061 4302 1090 4349 G.
1107 4326 1134 4335 -
1148 4299 1189 4348 43.
1206 4301 1247 4349 essi
1265 4301 1302 4351 M:
1321 4313 1378 4349 esan
1393 4299 1560 4361 EGSTxv.
1576 4328 1603 4338 -
1618 4303 1730 4368 ltpro-

404 4376 492 4424 deraat
513 4387 566 4424 om.
584 4375 617 4434 Τ,
635 4375 799 4437 prodiderant
819 4388 848 4433 v;
873 4375 992 4436 proderat
1015 4375 1076 4425 Em.
1096 4387 1186 4439 susp.;
1212 4375 1270 4424 fort.
1287 4377 1330 4437 qai
1351 4374 1452 4424 44444444
1471 4375 1603 4437 probmt
1625 4404 1651 4413 -
1673 4377 1729 4442 llio]

406 4451 574 4513 «legendum
590 4448 668 4512 qaid?
683 4449 740 4510 itta,
759 4450 788 4497 ut
803 4447 903 4499 babent
920 4446 1036 4499 nonnulli
1052 4447 1112 4498 libri
1130 4449 1210 4499 etiem
1227 4449 1376 4513 impressi.»
1395 4449 1487 4500 Lamb.
1502 4476 1529 4485 -
1546 4452 1611 4513 mea]
1628 4458 1730 4502 4444444

405 4528 434 4575 G.
455 4551 481 4560 -
500 4526 662 4587 repudiassem
676 4523 797 4586 flagitasti
815 4522 909 4572 mediis
926 4524 1032 4573 omissis
1049 4523 1078 4573 Ε.
1098 4549 1125 4557 -
1145 4523 1185 4572 45.
1204 4522 1248 4573 tibi
1263 4525 1360 4574 adom
1379 4538 1405 4573 v.
1426 4551 1452 4560 -
1472 4525 1513 4576 44.
1528 4527 1729 4588 perrogatioaen

405 4602 606 4651 Mommsenius:
622 4600 823 4662 prorogationem
840 4599 889 4647 EG
900 4599 933 4657 M,
951 4595 1053 4648 erati..
1072 4599 1109 4647 st.
1121 4598 1198 4655 Vict.;
1214 4600 1418 4662 prorogationem
1432 4612 1457 4650 v.
1470 4626 1497 4636 -
1515 4600 1610 4649 monite
1622 4601 1657 4660 G,
1675 4614 1730 4649 ma·
1803 4648 1807 4657 ,

404 4677 481 4725 taiiae
493 4690 521 4735 χ,
539 4674 668 4724 blaesillae
684 4674 711 4723 L.
730 4676 763 4723 At
773 4686 799 4720 v.
812 4672 859 4723 Th.
872 4674 1020 4722 Mommsen
1037 4673 1067 4720 de
1082 4671 1191 4734 collegiis
1207 4678 1231 4723 et
1246 4675 1324 4723 sadai.
1337 4675 1407 4724 liora
1421 4672 1487 4738 p.l8
1503 4674 1558 4724 not.
1571 4675 1603 4724 48
1620 4677 1648 4723 44
1663 4675 1730 4724 Dru·

407 4751 496 4801 manni
509 4750 564 4799 bist.
577 4750 646 4799 Rom.
657 4750 687 4798 V.
701 4762 727 4813 p.
738 4746 785 4798 447
803 4749 857 4797 not.
870 4747 910 4797 62.
924 4773 949 4784 -
971 4747 1011 4796 tr.
1022 4746 1190 4796 44444444ιῶ444
1202 4749 1222 4796 G
1234 4751 1262 4798 et
1271 4750 1308 4798 St.
1322 4749 1401 4798 vict:
1420 4747 1587 4797 ciuitaibasv
1604 4749 1632 4797 et
1648 4746 1727 4798 codd.

405 4824 462 4876 rell.
481 4825 543 4875 noti.
563 4849 589 4858 -
608 4823 640 4884 et]
657 4827 681 4872 et
695 4823 723 4872 in
739 4823 798 4872 GC.
818 4848 844 4857 -
870 4821 910 4871 48.
928 4821 1061 4883 municipis
1076 4822 1106 4869 G.
1122 4847 1149 4856 -
1163 4820 1204 4871 49.
1221 4822 1286 4872 idem
1301 4825 1366 4874 Mv:
1385 4823 1463 4873 444444
1479 4821 1529 4872 EG
1547 4823 1575 4871 et
1590 4823 1606 4871 s
1623 4822 1725 4872 011.—

404 4901 523 4951 eiditicios
538 4900 572 4959 G,
589 4897 704 4948 editiores
719 4911 744 4948 v.
765 4925 792 4935 -
810 4897 852 4947 20.
870 4896 966 4946 oreada
983 4909 1036 4946 om.
1056 4897 1090 4956 G,
1109 4895 1235 4947 aemam
1250 4910 1275 4947 v.
1297 4925 1323 4934 —
1342 4897 1383 4948 2⁴.
1402 4896 1529 4962 4444444444]
1546 4898 1726 4961 44444444.-

404 4971 648 5026 42.444444444444.
668 4972 930 5024 4444444444.
950 4997 977 5007 -
1003 4971 1254 5030 26.datasom.x.
1274 4970 1505 5042 -mesgtitieG
1527 4998 1554 5007 -
1577 4972 1730 5022 istim

406 5051 492 5101 GMv.
519 5076 547 5086 -
568 5048 652 5111 quoad
672 5047 764 5098 Etru:
788 5048 854 5109 gaad
875 5048 963 5097 GMv.
988 5073 1015 5082 -
1039 5045 1080 5096 30.
1104 5046 1215 5095 satiasti
1235 5049 1256 5096 G
1279 5045 1336 5108 (sed
1357 5044 1493 5107 44444444),
1514 5046 1545 5095 at
1566 5047 1729 5097 tiowmanus

402 5126 565 5175 coniecerat:
588 5123 706 5186 sapietati
726 5123 785 5172 Par.
804 5121 835 5184 4,
857 5122 946 5184 pietati
967 5123 1025 5172 Per.
1044 5123 1075 5183 t,
1098 5121 1235 5182 sapiensne
1251 5121 1331 5172 Ellv
1352 5123 1380 5170 et
1396 5118 1452 5170 rell.
1478 5145 1506 5156 -
1530 5120 1573 5170 sed
1592 5126 1676 5171 444444
1691 5119 1726 5170 li:

399 5199 564 5261 radianti,
587 5198 910 5256 metamaucensi.
937 5222 963 5231 —·
988 5200 1273 5258 gueausecseasmv.
1297 5223 1330 5232 -
1352 5195 1393 5247 34.
1411 5200 1540 5246 taaeom.
1558 5202 1595 5259 ψ.
1620 5220 1646 5229 —
1669 5207 1727 5244 m

398 5275 453 5326 ott
465 5288 523 5335 vx:
542 5287 600 5325 cam
617 5280 645 5325 tss
662 5272 720 5324 ΕΟ,
