4367 6109
756 559 760 563 -
784 528 858 597 cn».
880 530 1036 598 x-xn.
1060 529 1119 619 gs.
1139 526 1288 600 44,-34.
1689 531 1726 599 si

413 698 470 784 qai
490 706 701 784 posteaquam
723 719 740 763 e
762 719 876 764 scaena
896 721 961 765 non
982 690 1078 768 modo
1101 703 1219 779 sibilis,
1247 704 1303 768 sed
1332 703 1427 767 etiam
1454 703 1598 768 convicio
1621 704 1733 787 explo-

413 792 566 870 debatur,
589 793 672 857 sicut
692 793 725 856 iu
746 813 832 856 aram
853 794 996 879 confugit
1016 799 1049 860 in
1070 799 1166 862 huius
1188 800 1332 875 domum,
1357 797 1573 880 disciplinam,
1595 799 1732 882 patroci-

412 886 519 962 nium,
547 908 675 951 nomen.
714 890 825 973 ltaque
846 892 992 973 perbrevi
1014 901 1173 976 tempore,
1206 895 1261 978 qui
1283 914 1324 958 ne
1345 892 1379 956 in
1400 891 1581 956 novissimis
1603 892 1732 977 quidem

414 989 483 1046 erat
501 981 728 1057 histrionibus,
756 984 796 1047 ad
824 986 944 1069 primos
973 987 1117 1067 pervenit
1137 986 1319 1050 comoedos.
1361 979 1412 1048 3l.
1435 985 1525 1062 Quae
1546 1007 1597 1049 res
1619 984 1733 1048 extulit

413 1095 433 1139 4
476 1078 512 1138 'l
543 1076 612 1141 Una
634 1078 865 1141 commendatio
886 1079 1003 1144 buius:
1025 1081 1081 1164 qui
1104 1088 1209 1144 tamen
1222 1081 1401 1164 Panurgum
1422 1081 1526 1157 illum,
1548 1101 1612 1144 non
1629 1077 1732 1143 solum
1754 1096 1769 1141 s

411 1176 450 1233 ut
498 1171 577 1234 oscii
599 1171 776 1255 discipulus
797 1172 896 1237 luisse
917 1173 1090 1248 diceretur,
1113 1174 1242 1237 domum
1263 1175 1400 1258 recepit,
1422 1175 1478 1238 sed
1500 1174 1595 1238 etiam
1610 1191 1731 1237 summo

413 1282 486 1326 cum
507 1263 632 1340 labore,
654 1265 817 1330 stomacho
846 1267 1035 1352 miseriaque
1057 1269 1182 1333 erudiit
1215 1270 1295 1332 Nam
1317 1289 1381 1353 quo
1403 1270 1539 1353 quisque
1560 1275 1608 1333 est
1622 1266 1733 1331 soller-

412 1359 477 1424 tior
498 1352 531 1422 tt
551 1358 762 1443 ingeniosior,
784 1361 846 1426 boc
868 1362 961 1426 docet
981 1362 1165 1426 iracundius
1187 1370 1219 1427 et
1236 1362 1442 1427 laboriosius:
1465 1363 1552 1447 quod
1566 1362 1649 1425 enim
1664 1362 1732 1444 ipse

414 1452 561 1518 celeriter
581 1454 734 1540 arripuit,
756 1456 789 1519 id
811 1476 884 1519 cum
904 1457 992 1519 tarde
1013 1454 1135 1538 percipi
1156 1455 1257 1531 videt,
1286 1456 1502 1520 discrucietur.
1544 1456 1642 1519 Paulo
1664 1455 1734 1518 lon-

413 1547 484 1631 gius
518 1547 619 1613 oratio
648 1568 718 1613 mea
742 1557 899 1633 provecta
920 1558 968 1614 est
987 1546 1048 1614 bac
1069 1550 1109 1613 de
1130 1569 1242 1627 causa,
1275 1557 1311 1615 ut
1332 1549 1552 1614 condicionem
1573 1549 1733 1613 societatis
1742 1571 1770 1618 to

414 1642 586 1726 diligenter
611 1646 854 1727 cognosceretis.
881 1641 949 1728 32.
978 1644 1069 1721 Quae
1100 1644 1215 1707 deinde
1243 1650 1319 1708 sunt
1339 1645 1530 1708 consecuta?
1553 1675 1595 1690 -
1615 1645 1734 1707 Panur-

414 1755 507 1821 gum,
528 1737 652 1823 iuquit,
672 1738 759 1804 bunc
780 1760 906 1804 servum
927 1758 1127 1803 communem
1150 1739 1188 1815 Q.
1208 1738 1335 1802 Flavius
1352 1735 1590 1822 Tarquiniensis
1604 1737 1733 1821 quidam

414 1829 584 1895 interiecit.
616 1831 652 1894 lu
674 1831 756 1898 banc
777 1853 858 1908 rem,
881 1833 1002 1918 inquit,
1024 1851 1074 1895 mc
1089 1834 1285 1915 cognitorem
1306 1832 1433 1896 dedisti.
1465 1831 1535 1894 Lite
1549 1836 1733 1903 contestata,

414 1922 536 1990 iuncto
564 1902 672 1991 almar
701 1918 819 1992 intusa
844 1928 1032 2002 concino,
1064 1934 1100 1989 tu
1129 1927 1197 1990 sine
1219 1945 1269 1990 me
1291 1947 1363 1991 cum
1385 1925 1493 1989 riano
1515 1924 1671 1988 decidisti.
1691 1954 1734 1970 -

415 2017 527 2082 lltrum
556 2028 614 2103 pro
636 2022 768 2086 dimidia
792 2029 881 2106 parte
902 2043 944 2086 an
964 2041 1022 2105 pro
1045 2027 1111 2084 tota
1133 2021 1305 2085 societate?
1333 2021 1460 2104 planius
1481 2020 1601 2094 dicam,
1628 2025 1734 2081 utrum
1742 2039 1771 2087 44

415 2132 474 2196 pro
502 2132 554 2176 me
581 2133 622 2177 au
650 2122 683 2179 et
702 2137 760 2199 pro
790 2138 840 2180 me
863 2124 894 2180 et
914 2135 973 2199 pro
995 2117 1047 2179 tei
1079 2116 1140 2177 Pro
1163 2115 1235 2177 mei
1266 2114 1356 2196 potui
1377 2111 1524 2196 exemplo
1545 2113 1734 2188 multorum3

413 2205 538 2272 licitum
559 2216 624 2284 est;
641 2206 713 2274 'iure
734 2211 878 2276 iecerunt
899 2209 1008 2287 multi;
1029 2207 1108 2271 nibil
1131 2209 1165 2270 in
1187 2225 1225 2270 ea
1238 2226 1273 2270 re
1287 2206 1346 2270 tibi
1360 2206 1495 2270 iniuriae
1508 2206 1581 2270 ieci.
1608 2209 1684 2271 Pete
1699 2214 1734 2271 tu

414 2307 521 2378 tuum,
543 2302 635 2385 exige
657 2311 690 2368 et
709 2304 813 2381 auser,
836 2305 922 2389 qnod
944 2303 1093 2368 debetur:
1129 2320 1219 2365 snam
1241 2301 1380 2385 quisque
1400 2300 1613 2385 partemiuris
1632 2299 1736 2384 possi·

415 2394 490 2459 deat
523 2402 555 2459 et
587 2406 807 2483 persequatur.
835 2431 877 2445 -
907 2398 949 2463 44
976 2390 1060 2461 enim
1081 2403 1117 2460 tu
1138 2404 1228 2459 tuum
1249 2394 1412 2478 negotium
1433 2395 1559 2478 gessisti
1580 2395 1672 2457 bene.
1692 2426 1736 2441 -

415 2489 497 2554 (iere
519 2499 551 2554 et
572 2498 607 2555 tu
628 2498 718 2554 tuum
738 2492 830 2556 bene.
851 2525 894 2539 -
914 2493 1029 2574 Magno
1051 2496 1085 2554 tu
1107 2497 1194 2552 tuam
1215 2489 1378 2553 dimidiam
1390 2497 1513 2573 partem
1527 2488 1772 2555 decidisti-so

415 2585 531 2669 llagno
554 2591 587 2648 et
607 2592 642 2648 tu
663 2592 750 2649 tuam
771 2595 893 2671 partem
907 2585 1028 2650 decide.
1042 2616 1085 2630 -
1105 2583 1166 2647 Hb
1189 2602 1316 2646 cccrooo
1338 2592 1372 2648 tu
1389 2584 1558 2648 abstrdisti.
1571 2617 1614 2632 -
1634 2585 1734 2647 Vero:

416 2676 477 2741 HS
510 2697 639 2741 cccrooo
672 2686 707 2742 tu
740 2686 869 2764 quoque
901 2679 1000 2745 auser.
1041 2680 1114 2742 xll.
1145 2675 1197 2743 33.
1225 2681 1287 2744 Sed
1308 2680 1393 2743 banc
1413 2680 1609 2744 decisionem
1629 2677 1736 2742 Roscii

416 2772 562 2837 oratione
590 2782 622 2837 et
650 2775 802 2858 opinione
824 2795 939 2860 augere
960 2776 1051 2852 licet3
1079 2796 1115 2839 re
1136 2784 1169 2839 et
1189 2775 1321 2838 veritate
1343 2774 1533 2838 mediocrem
1555 2782 1587 2839 et
1609 2784 1736 2839 tenuem

417 2885 487 2930 esse
507 2866 688 2932 invenietis.
719 2870 850 2952 Accepit
872 2871 957 2934 enim
978 2890 1088 2953 agrum
1108 2868 1304 2951 temporibus
1318 2869 1374 2943 iis,
1397 2888 1468 2932 cum
1483 2868 1622 2932 iacerent
1636 2867 1738 2950 pretia

416 2961 635 3045 praediorum:
658 2962 713 3046 qui
735 2983 811 3046 ager
831 2984 936 3048 neque
959 2965 1065 3029 villam
1086 2964 1199 3028 babuit
1219 2982 1323 3046 neque
1345 2983 1386 3025 ex
1406 2963 1472 3025 ulla
1490 2969 1582 3045 parte
1595 2961 1658 3023 fuit
1671 2959 1774 3026 cul-so

418 3063 486 3132 tus;
520 3057 576 3141 qui
605 3076 690 3120 nunc
716 3057 816 3120 multo
844 3059 945 3141 pluris
968 3067 1016 3124 est
1037 3079 1133 3144 quam
1155 3066 1230 3121 tunc
1250 3056 1321 3120 suit.
1354 3058 1466 3141 Neque
1489 3056 1521 3119 id
1544 3061 1593 3119 est
1613 3053 1737 3116 mirum.

418 3149 498 3212 Tum
521 3149 606 3214 euim
626 3159 757 3234 propter
781 3153 827 3216 rei
855 3153 1001 3236 publicae
1030 3153 1223 3218 calamitates
1245 3151 1386 3215 omnium
1406 3150 1627 3233 possessiones
1648 3151 1740 3209 eraut

417 3242 571 3309 incertae:
600 3264 684 3308 nuuc
713 3245 808 3308 deum
836 3247 1058 3311 immortalium
1087 3246 1283 3330 benignitate
1317 3244 1459 3309 omnium
1489 3243 1635 3306 fortunae
1664 3244 1740 3302 suut

417 3345 532 3403 certae.
574 3340 656 3402 Tum
680 3346 749 3403 erat
775 3359 850 3424 ager
877 3340 1016 3405 incultus
1042 3340 1112 3404 sine
1141 3346 1240 3404 tecto:
1276 3359 1360 3402 nunc
1382 3345 1429 3402 est
1450 3337 1645 3402 cultissimus
1666 3352 1738 3398 cum

417 3432 537 3518 optima
563 3432 650 3496 villa.
700 3429 751 3497 34.
779 3436 897 3499 Verum
924 3442 1045 3510 444444,
1078 3434 1229 3519 quoniam
1256 3441 1369 3497 natura
1395 3438 1460 3494 tum
1486 3431 1660 3495 malevolus
1688 3448 1775 3502 eam

415 3545 590 3612 numquam
617 3526 679 3591 ista
703 3536 734 3592 44
764 3530 910 3594 molestia
934 3537 966 3593 et
986 3548 1062 3594 cura
1082 3528 1235 3592 liberabo.
1276 3530 1440 3594 Praeclare
1461 3549 1554 3593 suum
1575 3526 1739 3610 negotium

415 3621 516 3703 gessit
535 3620 686 3697 Roscius,
707 3621 840 3686 fundum
853 3623 1139 3688 fructuosissimum
1154 3623 1303 3689 abstulit:
1326 3623 1405 3709 quid
1419 3623 1459 3687 ad
1474 3625 1527 3686 tei
1552 3625 1653 3686 Tuam
1667 3640 1740 3704 par-

415 3720 479 3778 tem
502 3713 685 3792 dimidiam,
714 3719 981 3801 quemadmodum
1003 3719 1068 3793 vis,
1098 3717 1219 3782 decide.
1260 3717 1363 3780 Vertit
1390 3716 1442 3780 hic
1463 3717 1617 3780 rationem
1640 3722 1673 3779 et
1693 3714 1740 3789 id,

416 3807 505 3891 quod
526 3808 661 3891 probare
675 3830 741 3873 nou
755 3819 878 3895 potest,
900 3809 1018 3896 fingere
1033 3820 1177 3876 conatur.
1191 3813 1294 3874 —De
1308 3817 1375 3874 tota
1388 3830 1437 3886 re,
1450 3811 1570 3895 iuquit,
1585 3808 1741 3874 decidisti.

499 3902 585 3986 Ergo
611 3903 675 3967 buc
700 3906 850 3969 universa
871 3926 967 3970 causa
988 3906 1169 3981 deducitur,
1190 3912 1296 3968 utmm
1317 3904 1452 3968 Roscius
1474 3924 1546 3968 cum
1568 3904 1678 3969 Flavio
1701 3904 1778 3969 dees

408 4005 587 4082 suspecte
608 4017 650 4061 au
673 3999 712 4063 de
733 4006 800 4063 tota
822 4000 971 4064 societate
986 4000 1096 4064 lecerit
1109 3999 1299 4082 pactionem.
1336 3995 1387 4062 35.
1409 4000 1489 4063 Nam
1506 4018 1565 4082 ego
1579 3997 1742 4074 Roscium,

418 4089 445 4154 si
467 4091 546 4177 quid
568 4094 730 4157 communi
750 4094 879 4159 nomine
901 4094 1020 4178 tetigit,
1043 4089 1197 4157 confiteor
1218 4099 1379 4176 praestare
1393 4092 1508 4156 debere
1531 4091 1685 4156 societati.
1699 4122 1742 4138 -

483 4346 508 4397 4.
529 4341 583 4397 sal.
602 4344 821 4410 mundabatur»
838 4358 892 4411 mg.
910 4343 938 4400 4.
958 4371 985 4381 -
1009 4344 1203 4410 4444441444
1218 4359 1247 4395 α.
1263 4371 1290 4380 -
1309 4342 1333 4394 3.
1350 4356 1382 4394 nc
1398 4356 1451 4394 om.
1463 4344 1494 4393 4.
1508 4369 1536 4378 -
1554 4343 1579 4393 7.
1597 4343 1672 4408 Nom]
1689 4343 1743 4392 tons

417 4417 537 4475 4144.
550 4444 581 4459 -
600 4421 641 4473 44.
659 4425 716 4471 arat
732 4433 785 4471 om.
798 4418 825 4474 4.
840 4445 867 4455 -
883 4433 1030 4484 ponmgum
1039 4435 1068 4471 α.
1083 4448 1111 4457 -
1131 4419 1171 4470 44.
1190 4419 1276 4470 mmai
1291 4418 1396 4484 4444444]
1414 4417 1453 4469 ci.
1467 4419 1544 4469 Peter
1555 4417 1590 4467 ad
1601 4418 1656 4468 cic.
1669 4418 1741 4467 Brut.

417 4494 442 4561 5.
455 4494 513 4547 444.
529 4507 556 4562 p.
569 4493 611 4547 44.
627 4523 654 4534 -
673 4496 778 4547 4444444444
794 4509 856 4547 cum
872 4494 949 4547 litura
960 4511 988 4548 α.
1004 4520 1031 4534 -
1051 4496 1091 4546 44.
1108 4496 1223 4546 maenas
1239 4507 1293 4545 om.
1305 4509 1325 4543 α
1334 4494 1418 4546 (4444
1434 4496 1462 4543 44
1472 4491 1586 4544 Klotzius
1597 4494 1624 4543 iu
1640 4492 1684 4543 ed.
1696 4489 1741 4541 alt.

416 4567 525 4622 codun
535 4571 690 4635 Naugerius.
709 4569 785 4635 (14.5.
800 4570 840 4622 34.
856 4599 882 4608 -
896 4572 937 4623 46.
950 4585 1041 4635 onpm
1053 4571 1115 4634 (om.
1129 4569 1159 4633 44
1172 4569 1256 4625 (ibt.
1271 4597 1298 4606 -
1312 4572 1360 4621 l¹ro
1370 4566 1741 4632 ostentamentis.

419 4672 448 4684 -
467 4645 508 4697 47.
528 4645 623 4698 4444444444
644 4651 680 4698 444
698 4646 769 4706 tus;
793 4647 904 4710 soccum
923 4647 970 4698 Tb.
989 4648 1147 4699 blommseu.
1168 4671 1195 4682 -
1223 4645 1264 4696 t8.
1286 4644 1357 4711 44444]
1382 4658 1448 4694 mus
1466 4646 1663 4703 4444444444,
1689 4643 1744 4690 iuro

417 4718 617 4787 osenbruggeu.
638 4748 665 4759 -
685 4722 724 4772 49.
742 4721 808 4772 enin
824 4725 895 4771 44444
911 4722 973 4784 (om.
985 4721 1020 4784 tn)
1037 4719 1064 4774 4.
1079 4745 1106 4755 -
1125 4719 1167 4769 20.
1185 4724 1213 4769 444
1224 4722 1285 4770 aute
1297 4734 1322 4771 v.
1335 4725 1469 4770 4444444444.
1481 4715 1666 4770 arenant.
1692 4714 1744 4766 sd·

417 4795 483 4849 didit
493 4797 649 4862 Naugerius.
663 4823 692 4835 -
710 4797 818 4848 44444444
830 4811 858 4847 α.
873 4823 901 4834 -
919 4797 960 4847 tl.
973 4796 1015 4846 liS
1030 4807 1056 4857 4,·
1074 4795 1163 4846 ccclrrr
1177 4796 1299 4847 uthA.
1315 4822 1343 4831 -
1362 4800 1390 4845 to
1405 4796 1467 4846 aute
1478 4807 1503 4844 v.
1517 4793 1637 4843 4444444444
1650 4802 1742 4841 omo.

420 4897 449 4910 -
468 4871 532 4925 Vero
549 4870 710 4924 (iuilielmius
726 4873 754 4924 et
769 4874 868 4923 Pareus
886 4870 921 4933 (iu
936 4871 1059 4922 Nautissa
1077 4872 1140 4921 Lex.
1153 4870 1216 4922 Crit.
1234 4883 1261 4936 p.
1282 4870 1364 4934 itaq:
1381 4870 1507 4935 44444444
1522 4881 1581 4919 ocrc
1597 4878 1659 4916 cum
1671 4861 1745 4913 codi-

420 4944 497 5001 cous
512 4948 578 5010 44,
596 4947 665 4999 sirit
679 4947 725 4998 boc
740 4961 828 4999 conon
844 4947 1008 4998 Hotomanus
1025 4947 1052 4996 et
1067 4944 1221 5008 Turnebus,
1244 4945 1313 4996 44444
1328 4945 1374 4996 boc
1388 4958 1447 4996 cero
1463 4943 1495 5005 4,
1512 4942 1597 5006 444444
1611 4942 1669 5001 boc,
1686 4951 1745 4990 cero

420 5020 522 5088 {sm
535 5023 592 5076 44444
608 5022 674 5085 also,
690 5036 744 5074 non
758 5025 819 5088 gut!
830 5021 855 5088 s)
871 5020 1053 5086 Naegelsbach
1070 5021 1174 5071 Stitistik
1189 5034 1217 5086 p.
1229 5021 1286 5072 444.
1301 5020 1344 5072 ed.
1356 5019 1413 5085 alt,
1432 5020 1462 5084 [44
1476 5022 1506 5085 fit
1520 5019 1566 5069 boc
1579 5012 1648 5078 coro]
1665 5013 1695 5063 0.
1714 5038 1743 5050 —

421 5094 554 5163 44444·
570 5099 685 5163 moster
701 5097 762 5162 (om.
775 5098 879 5162 qaoque)
894 5098 990 5158 4644,
1007 5097 1048 5146 in.
1067 5109 1093 5159 q;
1111 5096 1201 5147 cccliii.
1215 5100 1244 5145 tu
1258 5095 1332 5159 44444
1349 5096 1410 5161 (om.
1424 5094 1528 5159 quoquc)
1545 5092 1617 5143 4.-
1635 5088 1676 5139 it.
1688 5087 1746 5138 4444-

420 5168 492 5225 ruso
506 5173 585 5227 aas
618 5173 727 5225 4444444444
742 5173 780 5238 44,
798 5172 955 5226 liberabimus
971 5173 1017 5223 Tb.
1031 5173 1189 5224 llommsen.
1207 5169 1326 5235 (44444444
1341 5172 1396 5222 iam
1411 5167 1533 5231 luntiua.)
1550 5193 1577 5203 -
1595 5163 1636 5214 ³³.
1653 5163 1747 5214 044444·

421 5246 523 5302 mli.
540 5274 570 5286 -
587 5213 629 5302 ll.
647 5249 969 5314 quodopprobcrcorFG.
989 5274 1017 5285 -
1035 5247 1186 5298 4444444444.
1204 5271 1232 5283 ·-
1250 5245 1291 5298 37.
1309 5246 1396 5312 ncipit]
1413 5240 1594 5307 «444444σί44
1611 5249 1666 5303 443.
1684 5235 1711 5291 t.

463 5337 633 5392 amau.
1510 5333 1533 5402 g
