4367 6109
444 538 485 604 56
734 535 884 603 ORATIO
906 533 984 600 PRO
1007 533 1097 598 SEX.
1118 533 1267 600 ROSCIO
1290 531 1473 601 marito

445 711 529 776 enim
550 710 628 775 mihi
649 710 683 772 in
703 713 840 771 mentem
861 705 924 768 oris
946 706 1003 768 tui.
1046 706 1149 780 Tene,
1171 726 1243 769 cum
1265 704 1361 768 ceteri
1384 704 1463 768 socii
1484 703 1532 767 tui
1553 702 1702 787 fugerent
1722 724 1758 769 ac

445 826 480 870 se
502 806 712 877 occultarent,
744 809 780 864 ut
800 800 861 863 boc
883 799 1035 862 iudicium
1058 818 1124 861 non
1147 799 1185 861 de
1208 800 1335 862 illorum
1356 799 1491 881 praeda,
1524 798 1582 863 sed
1603 797 1643 861 de
1664 798 1760 863 huius

446 894 599 962 maleficio
628 894 693 961 lieri
715 895 890 969 videretur,
918 893 1117 977 potissimum
1148 894 1206 956 tibi
1228 903 1333 978 partes
1354 894 1431 957 istas
1454 895 1694 978 depoposcisse,
1727 903 1763 958 ut

445 992 479 1056 in
505 992 622 1055 iudicio
647 1009 808 1052 versarere
836 996 868 1051 et
895 987 1022 1052 sederes
1045 1009 1117 1051 eum
1139 991 1346 1051 accusatore?
1377 989 1495 1072 quain
1516 1007 1550 1052 re
1572 987 1651 1050 nihil
1675 985 1762 1051 aliud

422 1085 641 1169 sassequeris,
671 1084 734 1146 nisi
761 1090 797 1147 ut
824 1084 864 1146 ab
895 1082 1040 1145 omnibus
1061 1083 1248 1146 mortalibus
1270 1083 1403 1146 audacia
1424 1090 1478 1146 tua
1501 1087 1712 1165 cognoscatur
1733 1088 1766 1145 et

445 1178 650 1263 impudentia.
693 1175 744 1239 96.
778 1176 892 1240 Occiso
924 1177 996 1238 Sex.
1023 1176 1156 1251 Roscio,
1190 1178 1262 1262 quis
1291 1177 1410 1261 primns
1433 1176 1591 1239 Ameriam
1614 1176 1764 1240 nuntiat?

446 1274 571 1340 Mallius
600 1272 744 1346 Glaucia,
778 1292 873 1355 quem
902 1271 964 1332 iam
993 1276 1086 1333 antea
1115 1271 1290 1344 nominavi,
1321 1279 1394 1333 tuus
1417 1269 1516 1333 cliens
1538 1279 1570 1333 et
1591 1270 1766 1334 familiaris.

448 1370 533 1445 Quid
554 1368 680 1432 attinuit
702 1386 774 1429 eum
796 1367 995 1449 potissimum
1017 1365 1178 1439 nuntiare,
1201 1364 1306 1448 quod,
1328 1365 1353 1425 si
1375 1363 1497 1426 nullum
1519 1364 1582 1427 iam
1604 1372 1676 1427 ante
1691 1384 1767 1427 con·

447 1465 553 1528 silium
575 1463 614 1528 de
637 1469 736 1525 morte
758 1480 794 1524 ac
817 1460 857 1524 de
878 1460 970 1523 bonis
1001 1459 1069 1521 eius
1097 1460 1213 1522 inieras
1240 1457 1424 1541 nullamque
1455 1457 1639 1522 societatem
1661 1478 1766 1542 neque

409 1559 574 1624 tosceleris
595 1575 700 1641 neque
722 1556 854 1638 praemii
876 1574 947 1617 cum
968 1553 1097 1616 bomine
1121 1554 1186 1615 ullo
1209 1552 1348 1626 coleras,
1370 1551 1409 1613 ad
1433 1558 1463 1614 tc
1479 1552 1608 1615 minime
1624 1553 1765 1627 omnium

364 1719 367 1723 ,
445 1653 644 1736 pertinebat?
679 1651 743 1712 Sua
764 1656 877 1733 sponte
899 1647 1026 1711 Mallius
1047 1648 1182 1710 nuntiat.
1219 1646 1321 1722 Quid,
1344 1665 1479 1730 quaeso,
1503 1646 1572 1710 eius
1593 1648 1765 1710 intererat?

447 1750 512 1822 An,
534 1765 606 1809 cum
627 1744 785 1806 Ameriam
807 1763 872 1805 non
893 1742 1026 1805 buiusce
1047 1743 1095 1804 rei
1117 1762 1212 1805 causa
1232 1741 1386 1815 venisset,
1416 1762 1491 1804 casu
1515 1741 1645 1817 accidit,
1666 1749 1703 1804 ut
1724 1740 1766 1816 id,

450 1841 535 1925 quod
557 1840 675 1901 Romae
697 1837 856 1912 audierat,
879 1837 999 1920 primus
1022 1838 1206 1900 nuntiaret?
1243 1836 1341 1899 Cuius
1355 1837 1400 1897 rei
1420 1856 1515 1899 causa
1529 1841 1660 1900 venerat
1674 1836 1767 1898 Ame-

448 1934 548 1997 riam?
591 1935 662 1994 Non
682 1952 829 2017 possum,
858 1931 978 2015 inquit,
1001 1930 1153 1993 divinare.
1196 1932 1243 1993 Eo
1266 1950 1333 1992 rem
1354 1929 1417 1992 iam
1439 1929 1610 2003 adducam,
1632 1936 1668 1992 ut
1689 1927 1768 1991 nihil

412 2027 642 2094 redivinatione
674 2046 754 2110 opus
785 2026 835 2088 sit.
879 2025 949 2100 Qua
976 2025 1100 2086 ratione
1125 2025 1238 2088 Roscio
1262 2025 1409 2106 Capitoni
1431 2024 1567 2107 primum
1589 2022 1768 2086 nuntiavit?

451 2123 528 2184 Cum
549 2121 693 2184 Ameriae
717 2120 789 2183 Sex.
811 2118 917 2182 Roscii
939 2119 1069 2192 domus,
1097 2138 1180 2181 uxor
1200 2117 1354 2201 liberique
1377 2126 1500 2192 essent,
1532 2136 1604 2178 curn
1626 2123 1674 2179 tot
1695 2135 1769 2198 pro-

449 2215 561 2300 pinqui
582 2215 773 2298 cognatique
795 2214 915 2298 optime
937 2212 1178 2286 convenientes,
1200 2231 1264 2296 qua
1285 2212 1407 2274 ratione
1429 2210 1633 2286 factumest,
1658 2219 1692 2273 ut
1710 2211 1769 2272 iste

450 2317 523 2372 tuus
546 2309 660 2384 cliens,
684 2308 810 2372 sceleris
833 2308 879 2370 tui
902 2307 1046 2379 nuntiae,
1069 2308 1104 2367 Τ.
1122 2307 1237 2369 Roscio
1255 2308 1399 2392 Capitoni
1421 2307 1621 2392 potissimum
1643 2309 1768 2372 nuntia·

450 2407 521 2467 ret?
563 2401 614 2464 97.
637 2402 769 2466 Occisus
800 2410 848 2465 est
875 2421 894 2463 a
924 2421 1002 2464 cena
1023 2399 1166 2462 rediens:
1195 2401 1336 2463 nondum
1358 2402 1501 2475 lucebat,
1531 2422 1602 2464 cum
1623 2403 1769 2467 Ameriae
1844 2436 1849 2446 ·

414 2497 564 2562 asscitum
586 2505 643 2559 est.
678 2495 762 2571 Quid
784 2495 835 2558 bic
857 2495 1051 2557 incredibilis
1074 2514 1199 2568 cursus,
1222 2495 1299 2578 quid
1321 2495 1399 2557 baec
1421 2502 1506 2557 tanta
1521 2496 1666 2560 celeritas
1680 2497 1769 2561 sesti·

452 2592 602 2672 natioque
625 2583 803 2672 significat?
846 2591 916 2651 Non
939 2607 1076 2672 quaero,
1098 2589 1169 2670 quis
1190 2591 1391 2672 percusserit.
1434 2589 1520 2651 Nihil
1542 2598 1605 2664 cst,
1628 2590 1768 2667 Glaucia,

454 2685 538 2768 quod
561 2690 700 2746 metuas:
723 2702 788 2744 non
812 2683 939 2745 excutio
962 2691 1008 2757 te,
1030 2682 1057 2744 si
1080 2681 1158 2765 quid
1179 2683 1260 2746 forte
1281 2683 1356 2746 ferri
1372 2683 1526 2757 habuisti,
1549 2705 1613 2747 non
1630 2694 1768 2763 scrutor;

367 2804 372 2811 ·
452 2777 531 2839 nibil
554 2776 666 2839 adme
689 2776 823 2839 arbitror
843 2777 1016 2860 pertinere:
1039 2777 1207 2860 quoniam,
1230 2777 1320 2840 cuius
1343 2777 1477 2840 consilio
1493 2778 1617 2842 occisus
1640 2779 1698 2854 sit,
1720 2781 1770 2842 in·

451 2872 561 2945 venio,
584 2871 675 2934 cuius
697 2891 793 2933 manu
815 2871 856 2933 sit
877 2890 1061 2954 percussus,
1090 2891 1154 2933 non
1176 2871 1297 2933 laboro.
1340 2871 1443 2933 Unum
1464 2870 1526 2933 boe
1548 2891 1655 2947 sumo,
1682 2872 1768 2957 quod

414 2966 529 3032 somibi
552 2971 696 3047 apertum
719 2973 809 3028 tuum
831 2965 934 3027 scelus
956 2984 1070 3047 resque
1093 2964 1259 3027 manifesta
1280 2963 1343 3026 dat.
1386 2964 1445 3026 Ubi
1467 2972 1522 3027 aut
1542 2965 1627 3029 unde
1649 2967 1771 3030 audivit

452 3059 606 3123 Glaucia?
630 3058 685 3142 qui
707 3064 771 3121 tam
793 3059 855 3122 cito
878 3058 992 3121 scivit?
1028 3059 1089 3121 Fac
1113 3059 1239 3121 audisse
1261 3058 1382 3120 statim:
1407 3079 1488 3142 quae
1507 3078 1559 3121 res
1582 3079 1654 3121 eum
1677 3066 1769 3122 nocte

451 3174 515 3218 una
536 3161 657 3216 tantum
679 3153 800 3216 itineris
823 3153 1014 3216 contendere
1036 3153 1164 3234 coligit?
1198 3172 1279 3236 quae
1301 3155 1473 3215 necessitas
1495 3173 1568 3215 eum
1590 3161 1676 3217 tanta
1698 3174 1770 3237 pre·

451 3249 572 3323 mebat‚
594 3254 643 3321 ut,
667 3247 693 3309 si
717 3266 775 3311 sua
797 3255 910 3329 sponte
933 3246 993 3307 iter
1012 3246 1170 3308 Ameriam
1191 3246 1326 3320 iaceret,
1348 3247 1380 3308 id
1404 3247 1553 3329 temporis
1572 3247 1672 3310 Roma
1693 3267 1767 3330 pro·

451 3340 659 3415 ficisceretur,
681 3342 801 3404 nullam
822 3349 944 3423 partem
959 3339 1060 3402 noctis
1075 3339 1310 3422 requiesceret?
1346 3340 1477 3400 XXXV.
1498 3340 1643 3405 Etiamne
1658 3344 1692 3405 in
1707 3352 1769 3405 tam

415 3436 630 3519 aoperspicuis
657 3436 752 3498 rebus
778 3433 1009 3517 argumentatio
1037 3435 1220 3516 quaerenda
1240 3442 1295 3496 aut
1317 3435 1499 3510 coniectura
1521 3436 1675 3518 capienda
1697 3439 1769 3500 est?

452 3527 503 3590 98.
526 3531 638 3591 Nonne
660 3530 749 3592 robis
771 3529 866 3603 baec,
890 3547 972 3612 quac
994 3527 1290 3602 auctorisaremus
1314 3527 1414 3590 oculis
1435 3528 1603 3604 videmini,
1625 3530 1769 3594 iudices?

453 3643 518 3686 non
539 3624 630 3685 illum
652 3624 814 3696 miserum,
836 3623 981 3704 ignarum
1003 3642 1093 3684 casus
1116 3622 1181 3694 sui,
1203 3622 1387 3685 redeuntem
1409 3640 1525 3684 asena
1540 3622 1682 3686 videtis?
1705 3645 1770 3688 non

452 3719 572 3802 positas
599 3717 745 3791 insidias,
774 3736 839 3778 non
867 3717 1019 3798 impetum
1045 3717 1269 3796 repentinum?
1299 3736 1363 3778 non
1390 3724 1534 3778 versatur
1564 3724 1636 3779 ante
1658 3719 1769 3782 oculos

453 3811 544 3875 vobis
565 3813 598 3874 in
621 3810 716 3872 caede
739 3810 890 3873 Glaucia?
920 3829 985 3871 non
1013 3810 1102 3871 adest
1124 3810 1184 3871 iste
1207 3809 1242 3868 T.
1264 3810 1419 3870 Roscius?
1448 3829 1514 3871 non
1536 3810 1602 3872 suis
1625 3811 1770 3875 manibus

417 3907 486 3968 asin
509 3926 603 3968 curru
625 3905 760 3966 collocat
779 3903 1044 3965 Automedontem
1066 3903 1172 3975 illum,
1196 3903 1243 3963 sui
1264 3902 1391 3965 sceleris
1407 3904 1602 3966 acerbissimi
1617 3906 1771 3969 nefariae·

455 4020 517 4083 que
539 3999 690 4061 victoriae
712 3997 882 4059 nuntium?
914 4016 978 4058 non
998 4004 1081 4069 orat,
1103 4005 1139 4057 ut
1153 4016 1222 4058 eam
1237 4005 1362 4058 noctem
1376 3998 1566 4079 pervigilet?
1588 4005 1624 4059 ut
1638 3998 1769 4061 honoris

455 4095 503 4157 sui
526 4113 621 4156 causa
643 4092 784 4155 laboret?
815 4097 850 4152 ut
873 4089 1018 4173 Capitoni
1040 4111 1136 4174 quam
1158 4090 1294 4172 primum
1315 4091 1462 4153 nuntiet?
1506 4089 1557 4152 99.
1581 4090 1666 4166 Quid
1688 4099 1771 4166 erat,

520 4268 616 4326 t.’tcse
631 4288 687 4325 cum
704 4287 761 4324 vc:
779 4279 832 4324 tane
848 4264 890 4336 q'us
906 4276 943 4336 G;
962 4279 1026 4324 tenes
1042 4287 1098 4323 cum
1115 4275 1180 4331 lla;
1205 4278 1270 4323 tenes
1286 4275 1345 4336 quio
1362 4274 1434 4336 Cap;
1453 4279 1518 4324 traca
1533 4275 1599 4323 caim
1615 4275 1674 4336 quio
1693 4275 1723 4326 ll.
1744 4301 1771 4311 -

455 4352 479 4402 3.
498 4356 526 4401 ut
540 4352 632 4400 iudicia
649 4353 678 4400 G.
698 4376 725 4385 -
745 4348 769 4400 l.
788 4363 840 4412 quo
856 4355 883 4398 tu
898 4363 925 4398 re
943 4362 1015 4414 susp.
1035 4351 1095 4400 Eru.
1116 4376 1143 4384 -
1168 4351 1192 4398 5.
1212 4349 1353 4409 adsequeris
1370 4350 1398 4397 G.
1420 4375 1445 4384 -
1466 4349 1490 4397 6.
1508 4350 1677 4411 imprudentia
1694 4352 1722 4399 G.
1744 4376 1771 4387 -

455 4424 517 4489 quis]
535 4425 573 4475 sie
590 4425 699 4488 scripsi:
727 4425 770 4487 qui
791 4423 884 4484 codd,
907 4422 1014 4473 relativo
1031 4428 1076 4474 aut
1093 4423 1125 4473 ed
1143 4423 1308 4487 praecedens
1326 4425 1411 4473 Roscio
1428 4424 1524 4474 autad
1541 4437 1657 4488 sequens
1673 4424 1774 4475 Mollior

454 4513 536 4566 prave
554 4514 569 4549 a
586 4498 698 4549 librariis
716 4498 807 4550 relato.
829 4526 856 4536 -
875 4500 899 4548 7.
917 4499 1019 4549 dllotltur
1035 4501 1157 4550 Gltlva:
1180 4499 1290 4549 Manlios
1312 4500 1389 4550 CllS
1397 4513 1416 4560 χ
1426 4512 1449 4549 c.
1471 4528 1497 4536 -
1526 4499 1628 4549 thntio
1645 4501 1665 4548 G
1683 4502 1718 4562 let
1734 4502 1773 4551 sic

454 4575 538 4638 inira).
560 4601 587 4611 —
606 4574 630 4624 8.
649 4588 704 4624 eom
720 4575 746 4624 td
760 4581 811 4637 pot.
825 4572 851 4628 8.
868 4600 893 4610 -
915 4575 953 4624 40.
973 4588 1050 4637 aequo
1066 4578 1127 4625 aute
1140 4588 1238 4636 praem.
1253 4588 1307 4626 om.
1320 4576 1350 4627 G.
1364 4600 1392 4611 -
1410 4587 1467 4624 cum
1483 4574 1525 4623 illo
1542 4589 1565 4623 a.
1582 4602 1607 4610 -
1628 4576 1667 4624 44.
1683 4588 1774 4637 quasso

455 4667 487 4702 o:
506 4652 578 4713 quasi
598 4652 719 4710 Gilva,
738 4648 840 4710 ton..
859 4648 920 4701 Pall.
935 4676 963 4686 -
984 4652 1023 4699 43.
1041 4652 1112 4699 casira
1127 4663 1204 4699 cauca
1221 4651 1258 4699 rei
1269 4652 1298 4698 G.
1312 4676 1341 4688 -
1359 4648 1400 4703 ll.
1417 4655 1446 4700 ut
1461 4650 1522 4698 nibil
1538 4650 1688 4699 mutuatione
1699 4652 1728 4700 G.
1743 4675 1771 4686 -

456 4729 495 4777 45.
512 4727 594 4788 primo
611 4736 684 4789 susp.
703 4726 819 4775 Buechn.
840 4752 868 4762 -
888 4725 926 4774 48.
948 4725 972 4774 T.
992 4738 1044 4774 om.
1065 4726 1097 4775 ll.
1114 4750 1139 4760 —
1160 4726 1199 4774 49.
1219 4724 1353 4776 lucescebat
1367 4732 1404 4790 ψ.
1423 4752 1450 4762 -
1468 4726 1508 4775 20.
1527 4726 1615 4774 scitum
1632 4737 1684 4775 om.
1699 4727 1728 4774 G.
1743 4750 1772 4762 -

454 4803 502 4865 iric]
519 4803 599 4850 adbuc
611 4802 639 4850 G.
655 4827 681 4836 -
701 4800 741 4850 st.
760 4800 821 4850 nibil
837 4805 872 4850 eat
888 4829 902 4837 -
913 4826 928 4836 ·
944 4815 992 4850 aon
1009 4801 1115 4866 scindor]
1133 4802 1199 4851 haec
1217 4815 1248 4851 ex
1265 4800 1394 4851 memoria
1406 4799 1483 4850 alleri
1493 4799 1635 4850 Diomedes
1646 4811 1672 4862 p.
1686 4797 1733 4849 387
1743 4801 1771 4849 Ρ.

457 4900 484 4911 -
504 4875 544 4924 33.
563 4875 656 4924 occisus
677 4880 712 4925 est
728 4877 757 4925 G.
778 4901 805 4911 —
829 4875 869 4925 35.
891 4875 934 4924 Ubi
950 4901 989 4912 ··
1007 4876 1126 4938 tiloucio,
1150 4878 1193 4939 qui
1214 4878 1308 4941 (prou.)
1331 4881 1382 4925 tom
1405 4889 1427 4925 c.
1445 4874 1534 4925 molt?
1555 4875 1774 4937 interpunxcrunt

455 4951 585 5001 Manutius
603 4951 630 4998 et
647 4950 725 5001 lleus.
737 4964 743 5010 ς
762 4953 789 5001 at
806 4953 861 5000 tum
879 4951 1060 5013 requireretur
1071 4965 1077 5001 ι
1096 4953 1139 5013 qui
1155 4958 1207 5002 tam
1223 4953 1271 5002 cito
1287 4951 1393 5001 racemi.
1407 4976 1436 4988 -
1454 4951 1495 5001 iti.
1514 4951 1622 4999 audisset
1632 4952 1653 4998 G
1662 4950 1681 5000 C
1691 4958 1726 5012 ψ.
1742 4974 1771 4987 -

454 5032 525 5076 nocte
540 5039 593 5075 ooo
609 5039 665 5075 eruo
681 5031 698 5075 t.
717 5026 733 5075 i.
753 5039 775 5075 e.
794 5025 984 5088 cooperite·
1003 5026 1043 5074 tt.
1062 5028 1167 5093 tanturn]
1185 5034 1267 5077 tomen
1284 5028 1333 5077 Mi.
1354 5050 1381 5062 —
1401 5027 1441 5077 28.
1460 5027 1539 5076 liano
1556 5039 1609 5076 om.
1628 5026 1663 5084 G;
1682 5026 1774 5075 ltomos

455 5115 480 5151 v.
501 5128 527 5136 -
548 5100 587 5151 30.
606 5102 728 5163 capiendo
743 5105 779 5150 est
790 5099 893 5164 Madvig
911 5101 966 5164 (Op.
980 5101 999 5149 l.
1018 5113 1045 5164 p.
1059 5101 1125 5163 484.)
1144 5106 1171 5152 et
1187 5101 1264 5153 Orelli
1282 5104 1315 5150 2:
1333 5114 1390 5164 cop.
1408 5102 1439 5150 sit
1455 5102 1533 5152 codd.
1547 5102 1576 5152 0.
1591 5126 1618 5136 -
1638 5100 1678 5149 34.
1697 5100 1774 5150 oculte

455 5188 555 5224 cernue
571 5175 662 5238 Aquila
680 5177 754 5227 Gom.
774 5177 798 5241 5.
819 5175 857 5226 43.
878 5203 905 5211 -
925 5176 965 5225 33.
984 5189 1069 5226 casum
1086 5178 1115 5231 G.
1136 5204 1164 5213 -
1182 5178 1222 5231 33.
1240 5191 1290 5229 ooo
1307 5181 1422 5227 versatam
1438 5184 1495 5231 autc
1510 5177 1593 5228 costos
1604 5175 1656 5238 ipse
1667 5175 1775 5229 Glaucia

455 5247 547 5320 Aquila
564 5248 580 5300 l.
599 5264 623 5302 c.
644 5278 671 5288 -
689 5251 730 5303 33.
748 5252 943 5305 ootmnedoatcm
960 5251 988 5308 G,
