4367 6109
654 567 723 636 nn.
743 569 798 635 111.
822 568 904 636 cm
924 569 1213 636 uranx-xc.
1237 566 1297 654 33.
1318 565 1512 638 soc-au.
1686 566 1746 637 au

424 745 536 815 restatc
567 748 606 803 ut
630 746 690 823 per
715 739 796 806 baso
824 748 966 824 tempora
994 746 1145 806 tractatos
1173 741 1315 806 videdat
1359 740 1423 806 Cur
1442 741 1522 805 baec
1539 747 1563 805 4
1582 759 1633 806 me
1654 748 1753 826 opert

424 835 643 899 consumitur?
672 835 750 918 qeid
782 834 922 899 sedetis?
950 855 1007 898 our
1033 855 1098 899 nou
1122 835 1156 897 in
1178 835 1283 901 media
1300 836 1448 900 oratioue
1470 855 1541 899 mea
1561 835 1751 920 consurgitis

423 935 520 1012 atqm
547 927 734 992 dismditisr
768 928 872 991 Vultis
900 935 1007 992 eatam
1033 930 1167 993 istorum
1187 929 1335 993 audacias
1357 936 1455 1013 atque
1476 928 1624 993 libidines
1644 928 1753 1014 aliqui

423 1042 464 1088 ex
484 1030 576 1105 parte
595 1025 766 1087 resecaret
797 1022 940 1086 Desinite
964 1020 1125 1097 dubitare,
1154 1029 1262 1086 uuum
1291 1024 1333 1086 sit
1354 1023 1464 1087 utilius
1485 1031 1616 1106 propter
1635 1022 1752 1087 multo's

423 1114 583 1199 improbos
603 1115 660 1179 uni
681 1135 810 1199 parcere
831 1136 873 1179 an
892 1114 990 1179 unius
1011 1115 1148 1198 improbi
1162 1116 1320 1199 supplicio
1334 1117 1507 1181 multorum
1519 1116 1775 1202 improbitatem

423 1216 581 1274 coercere.
624 1207 692 1273 XC.
713 1207 786 1273 209.
808 1209 947 1274 Tametsi
975 1230 1057 1293 quaa
1086 1211 1147 1274 ista
1176 1218 1250 1274 sunt
1276 1211 1424 1295 exempla
1452 1211 1649 1275 multorum?
1678 1227 1753 1273 nam

423 1321 495 1365 cum
516 1301 550 1364 in
573 1322 669 1367 causa
689 1310 792 1380 taum,
821 1325 893 1368 cum
921 1304 956 1366 in
976 1304 1108 1366 ommino
1128 1305 1268 1367 maximo
1289 1303 1353 1367 dici
1374 1324 1395 1367 a
1415 1302 1583 1368 defensore
1604 1309 1752 1386 coeptu

423 1404 471 1459 ast
491 1394 667 1462 factitatum
688 1418 758 1462 csse
777 1398 919 1482 aliquid,
948 1406 1135 1481 exspectant
1154 1397 1194 1472 ii,
1217 1400 1273 1480 qui
1295 1399 1444 1474 audiunt,
1465 1398 1613 1483 exempla
1634 1417 1677 1461 ex
1697 1404 1752 1460 've-

423 1497 490 1553 tera
512 1493 680 1565 memoria,
709 1513 749 1556 ex
778 1493 990 1557 monumentis
1010 1513 1048 1556 ac
1068 1492 1200 1567 litteris,
1229 1493 1323 1576 plena
1346 1492 1525 1576 dignitatis,
1554 1492 1650 1576 plena
1670 1491 1752 1555 anti·

423 1583 574 1668 quitatis:
594 1585 674 1650 baec
696 1588 781 1651 enim
802 1586 975 1670 plurimum
990 1585 1095 1650 solent
1109 1593 1140 1649 et
1157 1587 1353 1650 auctoritatis
1366 1586 1484 1650 natm
1498 1586 1539 1650 ad
1553 1583 1788 1668 probandumss

423 1687 456 1742 et
476 1679 681 1744 iucunditatis
703 1680 743 1745 ad
765 1680 969 1745 audiendum.
1000 1679 1166 1745 Africanos
1188 1679 1265 1743 mibi
1280 1688 1313 1743 et
1328 1679 1464 1743 Catones
1479 1687 1512 1744 et
1524 1678 1651 1743 Laelios
1667 1688 1752 1744 cona-

423 1773 636 1838 memorabis?
664 1783 697 1838 ct
717 1792 774 1838 eos
796 1775 882 1839 idem
902 1773 1017 1839 fecisse
1039 1774 1150 1838 dices?
1183 1775 1334 1851 Quamvis
1356 1794 1408 1838 res
1429 1775 1508 1838 mihi
1528 1792 1596 1837 non
1617 1772 1752 1855 placent,

424 1877 530 1932 tamen
550 1874 662 1932 contra
682 1868 846 1933 bominum
867 1871 1087 1932 auctoritatam
1114 1889 1256 1952 pugnare
1277 1888 1344 1932 non
1366 1877 1489 1951 potero.
1528 1870 1582 1932 bn
1603 1888 1674 1934 cum
1695 1891 1752 1937 eos

423 1978 487 2025 uon
507 1963 645 2044 potaris,
667 1962 807 2046 proferes
828 1961 889 2025 hos
911 1971 1070 2038 recentes,
1093 1962 1132 2038 Q.
1157 1963 1302 2027 Catulum
1323 1970 1459 2047 patrem,
1482 1963 1516 2028 C.
1538 1966 1688 2039 Marium,
1710 1965 1750 2042 Q.

424 2054 622 2131 Scaevolam,
643 2057 686 2120 ll.
708 2058 876 2129 Scaurum,
899 2054 938 2131 Q.
958 2057 1143 2122 Metellum?
1166 2057 1222 2140 qui
1243 2076 1354 2120 omnes
1375 2058 1553 2141 provincias
1572 2057 1790 2128 habueramus

423 2156 456 2214 et
474 2148 667 2214 frumentum
696 2151 795 2215 cellae
817 2151 944 2214 nomine
966 2150 1212 2232 imperaverunt.
1253 2150 1369 2232 Magna
1390 2159 1438 2215 est
1457 2150 1622 2217 bominum
1643 2163 1752 2220 aucto-

422 2245 498 2308 ritas
519 2251 552 2308 et
573 2252 674 2319 tantm
695 2252 730 2308 ut
752 2245 849 2310 etiam
869 2244 977 2308 delicti
997 2244 1213 2327 suspicionem
1234 2252 1341 2328 tegere
1362 2245 1475 2328 possit.
1508 2242 1581 2310 440.
1602 2249 1674 2314 Νοιι
1694 2250 1752 2315 ba·

421 2340 479 2403 bes
506 2357 547 2402 ne
576 2357 618 2401 ax
638 2338 689 2402 his
709 2337 842 2421 quidem
863 2337 1065 2414 bominibus,
1093 2339 1149 2422 qui
1171 2356 1274 2421 nuper
1294 2338 1438 2413 fuerunt,
1467 2339 1567 2404 ullum
1588 2351 1751 2410 auctorem

423 2436 515 2501 istius
537 2433 775 2497 aestimationis.
819 2431 892 2507 Quo
919 2452 970 2496 me
1000 2433 1097 2515 igitur
1117 2440 1173 2497 aut
1193 2432 1234 2496 ad
1256 2450 1338 2517 quae
1360 2453 1411 2497 me
1433 2435 1578 2518 exempla
1598 2441 1750 2502 revocas?

423 2530 471 2594 lu
492 2529 556 2594 illis
577 2525 778 2601 bominibus,
805 2526 862 2610 qui
890 2535 957 2590 tum
978 2528 1095 2590 versati
1117 2535 1191 2590 suut
1211 2527 1245 2589 iu
1267 2547 1301 2590 re
1323 2527 1465 2609 publica,
1492 2540 1566 2591 cum
1587 2538 1620 2593 et
1640 2532 1788 2615 cpdmlao

423 2643 528 2688 mores
555 2630 645 2686 erant
672 2629 705 2684 et
729 2620 893 2684 hominum
914 2622 1108 2685 existimatio
1130 2623 1233 2704 graus
1254 2622 1430 2687 habebatur
1450 2633 1483 2688 et
1502 2625 1621 2690 iudicia
1640 2646 1752 2693 seran

423 2717 556 2790 fiebant,
577 2714 619 2778 ad
640 2714 722 2778 hanc
742 2713 907 2779 bominum
929 2714 1092 2779 libidinem
1108 2735 1144 2780 ac
1159 2717 1321 2781 licentiam
1334 2738 1385 2781 me
1399 2717 1552 2783 abducis?
1574 2728 1607 2784 et
1619 2722 1654 2785 in
1668 2741 1752 2807 quos

424 2812 546 2896 aliquid
576 2810 714 2893 exempli
742 2809 883 2893 populus
911 2811 1072 2875 Romanus
1094 2811 1190 2875 statui
1212 2818 1303 2895 putat
1324 2819 1488 2893 oportere,
1517 2815 1557 2877 ab
1578 2815 1618 2880 iis
1639 2824 1675 2880 tu
1696 2816 1752 2883 de-

425 2905 582 2972 fensionis
603 2903 750 2987 exempla
771 2904 925 2988 quaeris?
956 2905 1028 2967 Non
1048 2904 1138 2987 fugio
1160 2924 1200 2967 ne
1214 2903 1275 2968 hos
1288 2905 1419 2988 qrridern
1434 2918 1555 2985 mores,
1579 2911 1751 2978 dummdo

426 3022 467 3068 er
487 3000 538 3063 bis
560 3018 613 3074 ea,
635 3016 718 3081 quae
740 2997 854 3081 probat
875 2998 1013 3081 populus
1034 2999 1195 3063 Romanus
1216 2998 1379 3082 exempla,
1407 3020 1473 3065 non
1495 3021 1548 3076 ω,
1569 3023 1654 3087 quae
1675 3020 1789 3070 conen

426 3095 569 3168 damnat,
591 3111 772 3175 sequamur.
815 3093 885 3155 Nou
907 3091 1175 3173 circumspiciam,
1202 3112 1269 3156 non
1290 3104 1443 3176 quaeram
1462 3093 1556 3159 forisr
1577 3096 1681 3163 habeo
1702 3100 1753 3164 iu*

425 3189 512 3252 dicas
535 3195 639 3250 tecum
662 3185 822 3270 principes
844 3185 996 3261 civitatis,
1026 3188 1059 3249 P.
1082 3186 1251 3251 Servilium
1273 3193 1305 3249 et
1327 3186 1367 3263 Q.
1392 3187 1556 3265 Catulum,
1585 3191 1642 3275 qul
1663 3199 1752 3258 tanta

425 3282 612 3347 auctoritate
643 3287 733 3356 sunt,
767 3281 864 3344 tantis
890 3280 986 3343 rebus
1014 3281 1129 3362 gestis,
1161 3288 1197 3344 nt
1226 3280 1261 3343 iu
1280 3280 1339 3344 illo
1364 3283 1658 3366 antiquissimorum
1687 3287 1753 3352 cleb

426 3374 691 3458 rissimorumque
721 3373 906 3448 bominum,
938 3372 979 3435 de
1009 3375 1127 3457 quibus
1159 3381 1252 3438 autea
1278 3374 1364 3450 dixi,
1391 3395 1526 3440 numero
1547 3378 1752 3463 reponantur.

426 3467 497 3534 444.
519 3469 675 3552 Exempla
696 3468 879 3553 quaerimus
901 3475 934 3530 et
955 3487 992 3530 ea
1014 3487 1078 3531 non
1093 3470 1236 3553 antiqua.
1272 3469 1369 3532 llodo
1382 3471 1649 3554 uterqueborum
1662 3492 1791 3541 exer-ao

427 3567 524 3629 citum
546 3564 666 3628 babuit.
697 3563 840 3639 Quaere,
862 3561 1030 3636 Hortensi,
1052 3563 1204 3646 quoniam
1227 3571 1259 3626 te
1272 3563 1413 3626 recentia
1427 3565 1573 3649 exempla
1587 3567 1753 3645 delectant,

427 3658 505 3745 quid
526 3657 670 3722 fecerint.
701 3658 790 3721 Itane
804 3660 906 3721 vero?
939 3656 979 3733 Q.
995 3655 1124 3720 Catulus
1145 3656 1305 3720 frumento
1326 3662 1376 3721 est
1389 3662 1483 3733 usus,
1504 3660 1674 3742 pecuniam
1687 3683 1754 3729 non

427 3751 547 3835 coligit:
569 3750 603 3815 P.
626 3750 779 3816 Servilius
801 3751 1055 3837 quinquennium
1078 3750 1232 3815 exercitui
1246 3771 1320 3815 cum
1334 3759 1497 3834 praeesset
1511 3760 1543 3817 at
1557 3753 1618 3819 ista
1630 3756 1754 3821 ratione

490 4071 516 4122 4.
534 4073 714 4120 mammam
723 4066 802 4132 4344.
814 4091 842 4105 -
860 4081 918 4119 oreo
934 4080 987 4119 om.
1000 4067 1081 4120 idem.
1095 4091 1123 4103 -
1143 4067 1168 4118 4.
1181 4066 1255 4117 uano
1263 4066 1295 4117 V.
1307 4093 1336 4105 -
1353 4069 1491 4120 aedom
1501 4069 1532 4121 V.
1544 4093 1572 4108 -
1585 4077 1662 4135 etqua
1672 4072 1754 4138 4344ε

340 4203 346 4211 ,
426 4159 458 4198 ac
473 4143 530 4199 rell.
544 4145 609 4196 0.-
629 4146 653 4196 t.
666 4144 836 4207 svuaarclo
850 4143 1031 4195 MVLYORVM
1040 4143 1071 4204 V,
1089 4146 1119 4194 ut
1129 4144 1172 4194 Br.
1185 4143 1291 4193 videtur
1304 4143 1366 4205 (non
1376 4143 1531 4206 mm,
1549 4148 1579 4197 nt
1589 4147 1658 4198 uuio
1668 4147 1757 4200 usum

427 4221 504 4286 est.l;
521 4219 629 4283 moos
644 4219 725 4282 atsppl.
743 4220 814 4270 mult.
828 4232 882 4270 om.
895 4218 974 4283 4344.
990 4244 1017 4255 -
1036 4217 1060 4268 6.
1078 4222 1137 4268 aust
1152 4217 1202 4267 tcta
1217 4218 1251 4275 l.;
1269 4217 1319 4266 a‘sta
1335 4230 1389 4270 om.
1405 4217 1484 4282 4344.
1498 4244 1528 4258 -
1546 4220 1571 4271 ’4.
1589 4225 1663 4271 taeta
1678 4234 1759 4273 sues

426 4296 496 4362 4344
513 4297 576 4362 (non
593 4297 658 4347 ltem
669 4296 710 4359 Vl.
725 4323 753 4332 -
771 4309 828 4346 cum
843 4309 972 4346 morumve
987 4295 1102 4345 maclmo
1118 4293 1186 4343 cocao
1197 4292 1245 4354 des.
1259 4290 1336 4356 4344.
1351 4319 1379 4330 -
1400 4294 1425 4344 9.
1442 4307 1476 4345 etc
1491 4296 1755 4361 14044444443444414

426 4386 460 4423 aa
476 4384 529 4423 om.
548 4371 632 4435 4344ς
651 4377 800 4425 amorum.
818 4369 875 4422 rell.
893 4371 923 4421 0.
944 4398 971 4408 -
991 4371 1030 4421 40.
1049 4371 1111 4421 baec
1126 4368 1193 4419 enlm
1209 4366 1429 4431 satalenuv:
1446 4370 1492 4421 ltoc
1507 4377 1543 4423 sat
1558 4374 1595 4432 4;
1612 4372 1675 4423 baec
1691 4371 1757 4425 dett.

430 4473 458 4483 -
477 4448 518 4498 44.
535 4447 601 4497 idon
615 4448 664 4509 sec.
682 4446 769 4510 4344;
786 4446 834 4511 sec.
852 4446 918 4496 idem
933 4443 990 4496 rell.
1004 4446 1033 4495 0.
1048 4471 1075 4480 -
1094 4443 1156 4494 mitt
1170 4456 1211 4493 rec
1226 4444 1262 4501 νς
1279 4443 1340 4493 mitt
1354 4456 1408 4494 om.
1421 4443 1527 4510 64433.
1540 4445 1606 4498 dett.
1621 4475 1649 4485 -
1668 4447 1708 4500 43.
1720 4448 1760 4499 ts-

424 4533 541 4587 psqnore
558 4521 588 4573 V.
608 4521 660 4586 [hic
677 4534 772 4573 versus
783 4523 811 4572 et
825 4519 1021 4586 praecedentes
1031 4516 1059 4571 in
1070 4519 1131 4570 cod.
1140 4518 1195 4570 tere
1207 4519 1328 4570 exstincti
1339 4519 1422 4582 sunt]
1433 4545 1461 4558 -
1474 4519 1515 4573 44.
1529 4522 1633 4584 poteria,
1646 4523 1761 4588 proruo

427 4597 497 4662 4344
509 4595 577 4660 ch:
602 4597 696 4660 poteris
716 4596 847 4661 prolerre,
869 4595 984 4660 proteres
999 4594 1066 4652 44ος
1090 4594 1185 4657 poteria
1206 4596 1321 4657 proso-re
1337 4594 1403 4646 dett.
1424 4621 1453 4634 -
1477 4598 1582 4647 rmtts
1596 4597 1628 4649 V.
1648 4595 1710 4662 (Bc.)
1727 4623 1757 4637 -

428 4673 468 4725 49.
486 4672 679 4724 mammons
694 4671 772 4736 4344,
792 4698 821 4710 -
839 4670 893 4736 sat]
911 4676 986 4733 atque
1003 4669 1112 4733 434944.
1132 4696 1159 4708 -
1180 4683 1244 4732 qaae
1259 4684 1298 4721 nce
1315 4669 1400 4735 egle:
1421 4683 1461 4722 ms
1477 4683 1531 4722 om.
1549 4670 1607 4722 rull.
1625 4673 1655 4723 0.
1670 4698 1699 4711 -
1715 4671 1758 4724 44.

427 4746 489 4812 m]
507 4752 591 4798 amos
607 4747 686 4810 4344.
706 4772 734 4783 -
752 4747 793 4797 at.
810 4759 894 4797 snm
909 4746 988 4810 agas.
1004 4773 1030 4782 -
1049 4744 1091 4795 aa.
1108 4743 1208 4810 panno
1225 4745 1327 4808 acme
1342 4743 1412 4808 ussa
1430 4745 1462 4808 <e
1476 4746 1529 4797 aaa.
1541 4757 1590 4796 sc.
1600 4745 1759 4811 smum

428 4823 498 4881 ΑΒ).
513 4849 541 4858 -
560 4822 686 4873 &amttam
702 4835 734 4872 oc
750 4821 793 4873 444.
806 4820 871 4872 dett.
885 4821 914 4872 0.
929 4847 956 4856 -
975 4820 1079 4870 adducta
1094 4819 1163 4884 4349
1174 4819 1215 4871 44.
1231 4846 1258 4857 -
1276 4820 1317 4871 44.
1330 4819 1363 4870 ab
1379 4819 1432 4870 aas
1447 4820 1496 4882 des.
1508 4818 1586 4884 4344.
1600 4844 1627 4856 -
1646 4817 1688 4872 44.
1701 4819 1761 4870 Μ

429 4899 445 4948 6
461 4898 540 4961 4133.
558 4897 623 4948 dett.
643 4923 671 4933 ·-
690 4897 731 4947 46.
749 4896 822 4961 [ortis
838 4894 917 4959 4344.
936 4922 966 4932 -
982 4895 1060 4946 tabeo
1076 4895 1146 4959 4349
1158 4894 1239 4956 lica:
1256 4893 1330 4945 babes
1341 4891 1484 4957 naman,
1503 4907 1557 4945 om.
1570 4893 1653 4957 ml}
1669 4893 1762 4946 babeas

428 4970 502 5032 rell.;
529 4985 587 5022 oum
606 4971 698 5022 tobosa
718 4971 738 5022 0
755 4983 819 5022 οιιιιι
836 4971 917 5033 Naug.
946 4968 1075 5034 [Zumptio
1097 4968 1161 5021 lslsa
1179 4970 1213 5021 ds
1231 4969 1309 5021 codd.
1328 4970 1407 5033 lagg.
1425 4969 1545 5020 numeris
1561 4967 1657 5019 tradita
1674 4970 1760 5030 erant,

428 5059 483 5111 quo
499 5048 584 5111 magis
600 5044 763 5098 laudandum
780 5045 911 5109 estquod
928 5059 943 5095 a
960 5058 1025 5097 sano
1042 5044 1139 5096 iudicio
1157 5059 1210 5097 nou
1227 5047 1270 5096 est
1285 5043 1437 5111 deductus]
1459 5070 1487 5080 -
1512 5043 1554 5094 47.
1572 5048 1653 5094 tecum
1669 5041 1759 5095 codd:

429 5134 483 5172 om.
502 5122 523 5172 0
540 5133 603 5172 cum
618 5121 700 5185 Naug.
723 5147 749 5156 —
768 5125 792 5171 at
809 5121 839 5184 0.
858 5119 912 5171 Cot.
932 5119 962 5171 4·.
989 5125 1012 5171 ct
1028 5133 1082 5172 om.
1101 5117 1157 5171 rell.
1177 5120 1206 5170 0.
1227 5145 1255 5156 -
1274 5116 1315 5172 44.
1333 5121 1414 5183 antiq,
1431 5119 1677 5180 clamastwmqas
1692 5115 1761 5182 4344

428 5209 467 5260 o:
486 5197 649 5258 aliquorum
665 5202 688 5247 et
704 5193 1010 5247 emmeramiano.
1026 5222 1052 5232 -
1072 5195 1113 5246 34.
1126 5195 1162 5261 ll]
1179 5196 1208 5259 Q.
1221 5195 1300 5259 4433.
1319 5198 1427 5260 praeter
1437 5193 1478 5248 44.
1493 5219 1520 5231 ·-
1538 5194 1615 5244 tatem
1626 5192 1762 5256 pacm

428 5271 523 5324 medis
540 5284 595 5325 ona.
613 5270 700 5339 4344;
719 5273 770 5325 tata
784 5277 836 5325 rot.
850 5285 906 5338 psa.
924 5272 1019 5323 bom.
1037 5268 1096 5323 rell.
1113 5272 1192 5336 4433.
1209 5272 1316 5337 praeter
1330 5270 1373 5322 44.
