4367 6109
789 579 864 645 cn.
883 579 1071 646 cv-cvr.
1097 576 1155 665 sp.
1176 574 1365 644 leo-eas.
1672 565 1734 637 ser

421 772 491 815 esse
512 758 568 814 aut
588 752 621 815 in
641 750 772 814 homine
792 749 859 813 ullo
880 751 988 815 autin
1010 750 1138 826 ordine,
1157 751 1220 814 lsoc
1241 770 1305 815 uno
1325 756 1412 815 metu
1429 768 1464 814 se
1485 755 1598 832 putant
1610 746 1735 830 equites

421 848 579 910 Romanos
600 846 633 908 in
656 852 842 928 potestatem
865 864 953 908 suam
974 844 1172 920 redacturos,
1203 845 1231 907 si
1251 846 1456 908 constitutum
1477 844 1535 915 sit,
1562 849 1599 906 ut
1619 842 1658 904 de
1680 840 1737 914 iis,

421 942 476 1025 qui
498 960 564 1002 rem
586 940 769 1013 iudicarint,
788 939 922 1002 lruiusce
943 939 1030 1001 modi
1050 939 1168 1002 iudicia
1187 934 1256 1002 lieri
1276 939 1408 1022 possint.
1441 937 1557 1002 Vident
1576 936 1661 1001 enim
1681 948 1737 998 au·

420 1035 596 1099 cleritatem
616 1033 711 1097 huius
733 1033 853 1096 ordinis
868 1029 1062 1105 confirmari,
1083 1031 1194 1093 rident
1207 1031 1326 1095 iudicia
1339 1031 1554 1115 comprohari:
1574 1030 1637 1095 hoo
1650 1034 1737 1091 metu

420 1128 583 1212 proposito
611 1128 746 1191 evellere
773 1148 808 1190 se
833 1126 976 1189 aculeum
1000 1125 1176 1195 severitatis
1200 1131 1323 1187 restrae
1347 1144 1439 1206 posse
1458 1124 1631 1188 confidunt.
1665 1117 1758 1184 leus

420 1224 501 1299 Quis
528 1222 611 1285 enim
639 1221 680 1285 de
707 1221 836 1286 homine
865 1219 980 1283 audeat
1000 1218 1097 1300 paulo
1119 1217 1290 1281 maioribus
1312 1217 1424 1302 opibus
1445 1216 1591 1301 praedito
1610 1232 1684 1281 rere
1705 1221 1739 1277 et

418 1317 543 1379 lortiter
569 1315 727 1389 iudicare,
755 1334 828 1379 cum
855 1313 962 1378 rideat
988 1311 1049 1375 sibi
1070 1310 1111 1374 de
1133 1331 1189 1384 eo,
1218 1312 1305 1394 quod
1327 1312 1437 1375 coierit
1456 1319 1511 1375 aut
1531 1310 1738 1383 consenserit,

419 1429 545 1474 causam
572 1428 645 1473 esse
669 1408 858 1473 dicendam?
910 1407 990 1470 LVI.
1019 1404 1047 1468 0
1075 1405 1159 1468 viros
1189 1403 1287 1468 lortes
1319 1406 1443 1487 equites
1474 1406 1648 1481 Romanos,
1681 1405 1737 1488 qui

417 1504 538 1569 lsomini
561 1504 737 1568 clarissimo
758 1523 795 1567 sc
813 1501 1049 1585 potentissimo,
1069 1499 1112 1562 ll.
1126 1499 1248 1573 Druso,
1268 1498 1525 1582 tribunoplebis,
1547 1500 1738 1572 restiterunt,

418 1621 488 1664 cum
509 1600 564 1662 ille
585 1598 665 1663 nihil
685 1596 771 1661 aliud
793 1603 900 1678 ageret
921 1615 992 1659 cum
1016 1594 1073 1657 illa
1093 1600 1222 1668 cuncta,
1251 1612 1332 1676 quae
1354 1600 1421 1657 tum
1442 1601 1527 1666 eret,
1556 1592 1772 1666 nobilitatem

418 1695 479 1758 nisi
499 1700 536 1756 ut
548 1693 581 1767 ii,
603 1693 658 1774 qui
679 1711 745 1755 rem
762 1691 955 1755 iudicassent
967 1690 1100 1755 huiusce
1114 1687 1200 1752 modi
1215 1685 1453 1770 quaestionibus
1467 1687 1501 1749 in
1515 1687 1667 1751 iudicium
1682 1703 1738 1747 vo·

418 1787 580 1851 curentur!
613 1789 702 1850 'lunc
724 1786 758 1849 C.
779 1785 906 1849 Flavius
922 1785 1033 1858 Pusio,
1055 1783 1113 1846 Cn.
1127 1781 1282 1856 Titinius,
1303 1779 1337 1843 C.
1352 1781 1532 1855 Maecenas,
1555 1778 1612 1841 illa
1625 1778 1738 1841 sobora

418 1881 530 1966 populi
560 1880 693 1943 Romani
727 1879 949 1963 equestrisque
976 1877 1117 1951 ordinis,
1145 1894 1209 1939 non
1237 1873 1381 1938 fecerunt
1409 1872 1511 1948 idem,
1540 1872 1626 1956 quod
1654 1890 1739 1935 nune

420 1974 598 2049 Cluentius,
620 1980 657 2037 ut
677 1973 797 2056 aliquid
818 1974 933 2056 culpae
955 1972 1115 2055 suscipere
1136 1989 1171 2033 se
1193 1975 1340 2050 putarent
1360 1967 1552 2043 recusando,
1574 1966 1632 2031 sed
1647 1984 1738 2048 sper-

418 2070 538 2133 tissime
558 2075 791 2151 repugnarunt,
813 2087 885 2131 cum
905 2067 986 2130 haee
1006 2071 1190 2127 resument
1202 2069 1236 2125 et
1256 2060 1360 2143 pslsm
1381 2059 1554 2125 fortissime
1566 2069 1663 2144 atque
1679 2058 1773 2121 lio-so

418 2161 596 2225 nestissime
617 2159 757 2223 dicerent
784 2179 819 2222 se
851 2160 995 2242 potuisse
1022 2157 1142 2221 iudicio
1172 2155 1282 2239 populi
1302 2155 1435 2219 llomani
1456 2155 1490 2219 in
1510 2154 1739 2239 amplissimum

420 2256 523 2317 locum
543 2255 727 2335 pervenire,
748 2253 775 2315 si
797 2274 856 2317 sua
876 2252 983 2317 studia
1003 2251 1044 2316 ad
1064 2251 1203 2314 honores
1220 2249 1376 2332 petendos
1390 2249 1534 2314 conferre
1547 2249 1738 2321 voluissent3

417 2366 487 2411 sese
507 2347 643 2422 vidisse,
664 2347 699 2409 in
720 2365 759 2410 ea
780 2347 845 2410 vita
865 2346 969 2430 qualis
984 2343 1135 2430 splendor
1148 2345 1283 2420 inesset,
1305 2352 1423 2427 quanta
1435 2351 1635 2419 ornamenta,
1655 2362 1738 2426 quae

419 2440 576 2523 dignitas:
598 2461 681 2523 qnae
702 2460 822 2504 senon
844 2440 1085 2525 contempsisse,
1110 2438 1166 2502 sed
1188 2438 1299 2503 ordine
1320 2459 1379 2503 suo
1399 2446 1589 2524 patrumque
1608 2456 1738 2502 suorum

417 2543 584 2599 contentos
604 2533 705 2598 luisse
726 2544 759 2598 et
778 2536 873 2599 vitam
895 2535 983 2597 illam
1004 2532 1206 2616 tranquillans
1228 2534 1432 2617 etquietam,
1453 2539 1606 2596 rensuum
1627 2551 1646 2596 a
1667 2541 1774 2614 pro-¹⁰

417 2627 506 2692 cellis
527 2626 718 2692 invidiarum
740 2637 773 2693 et
793 2629 927 2692 huiusce
948 2628 1034 2693 modi
1056 2626 1263 2701 iudiciorum,
1284 2627 1376 2710 sequi
1399 2627 1568 2691 malumes
1591 2620 1663 2689 tol.
1684 2632 1740 2690 sut

359 2800 364 2808 ¹
417 2721 477 2784 sibi
499 2719 540 2783 ad
562 2720 699 2785 honores
720 2722 875 2806 petendos
896 2729 1032 2788 sentem
1053 2722 1210 2803 integram
1232 2721 1355 2786 restitui
1376 2728 1539 2804 oportere,
1568 2727 1638 2794 aut,
1659 2739 1739 2802 quo·

416 2816 501 2878 niam
529 2813 562 2878 id
590 2835 655 2877 non
682 2824 808 2899 posset,
840 2837 911 2880 eam
937 2816 1159 2881 condicionem
1180 2815 1279 2889 vitae,
1303 2810 1409 2899 :quens
1430 2814 1531 2878 secuti
1552 2813 1738 2898 petitionem

415 2907 634 2990 reliquissent,
656 2929 803 2974 manere:
836 2911 981 2994 iniquum
1011 2929 1082 2974 esse
1104 2928 1177 2983 eos,
1207 2908 1264 2992 qui
1284 2906 1440 2973 lsonoruss
1461 2915 1646 2973 muts
1664 2925 1739 2990 pro-

416 3011 487 3086 pter
515 3002 728 3084 periculorum
758 3005 993 3069 multitudinem
1023 3002 1326 3086 praetermisissent,
1353 3001 1465 3085 populi
1484 3000 1649 3066 beneficiis
1667 3008 1773 3064 esssst

416 3096 569 3179 privatos,
590 3095 781 3162 iudiciorum
801 3118 956 3163 novorum
977 3098 1128 3182 periculis
1148 3117 1214 3161 non
1229 3116 1354 3160 careres
1375 3104 1552 3161 senawrens
1567 3096 1629 3161 hoc
1644 3095 1736 3179 queri

416 3209 480 3252 non
506 3208 618 3271 posse,
649 3200 819 3274 propterea
848 3192 935 3276 quod
965 3211 1004 3256 aa
1031 3191 1219 3256 condicione
1245 3191 1409 3274 proposita
1434 3196 1542 3274 petere
1562 3191 1736 3274 coepisset,

415 3283 565 3366 quodque
593 3284 748 3366 permulta
777 3292 884 3349 essent
910 3292 1112 3359 ornamenta,
1146 3284 1262 3368 quibus
1290 3303 1361 3348 eam
1387 3285 1531 3367 mitigare
1558 3284 1736 3349 molestiam

415 3383 539 3458 posset,
561 3376 666 3451 locus,
696 3378 882 3453 auctoritas,
910 3378 995 3443 domi
1017 3379 1185 3462 splendor,
1205 3376 1289 3462 apud
1311 3386 1436 3443 estem
1457 3379 1600 3443 nationes
1621 3396 1736 3444 nomen

415 3478 446 3532 et
460 3468 570 3550 qratia,
592 3477 666 3552 toga
682 3479 855 3554 praetexta,
877 3472 956 3537 sella
970 3472 1105 3546 curulis,
1128 3466 1306 3555 [insignia]
1329 3472 1442 3547 ineas,
1465 3467 1654 3556 [exemtus]
1678 3471 1775 3536 ins-te

413 3564 519 3646 peria,
540 3564 740 3646 provinciae:
761 3565 877 3648 quibus
898 3565 932 3629 in
954 3566 1048 3629 rebus
1070 3586 1142 3629 cum
1164 3573 1395 3638 summerseta
1414 3565 1506 3631 lactis
1522 3567 1659 3631 maiores
1679 3586 1737 3630 no·

413 3657 469 3719 stri
491 3658 648 3739 praemia,
676 3663 745 3720 tuns
765 3658 858 3742 plura
878 3659 1016 3742 peccaui
1036 3660 1177 3743 pericnla
1196 3661 1360 3744 preposite
1380 3678 1450 3725 esse
1471 3661 1650 3725 voluerunt.
1685 3660 1735 3725 Illi

413 3769 478 3812 sson
498 3750 562 3813 hoe
582 3751 786 3825 recusabant,
813 3773 855 3815 ne
877 3771 916 3816 aa
943 3753 1013 3836 lege
1033 3762 1273 3829 accusarentur,
1303 3772 1367 3839 qua
1387 3774 1472 3819 nuuc
1490 3755 1624 3821 llalsitus
1645 3776 1736 3821 mou·

413 3852 517 3919 satur,
539 3864 621 3928 quse
643 3852 719 3908 tusc
739 3854 806 3909 erat
823 3846 1025 3931 Sempronia,
1045 3867 1131 3911 nunc
1152 3855 1201 3913 est
1214 3848 1376 3912 Cornelia:
1409 3848 1629 3932 intelligebant
1649 3851 1756 3914 enim·

414 3958 452 4003 ea
482 3939 553 4021 lege
581 3945 760 4022 equestrem
783 3940 927 4005 ordinem
947 3962 1012 4006 non
1034 3942 1155 4016 teneri,
1186 3942 1243 4006 sed
1264 3961 1306 4006 ne
1327 3961 1410 4007 nora
1430 3942 1500 4024 lege
1522 3943 1772 4026 alligarentur&

478 4154 502 4203 t.
521 4154 549 4203 lss
562 4158 683 4216 nomes
697 4167 744 4204 seo
759 4151 820 4206 ast.
838 4155 994 4207 Emendarit
1010 4158 1037 4208 P.
1056 4156 1196 4211 manime.
1211 4182 1239 4193 -
1256 4157 1415 4207 matum
1430 4158 1462 4207 sle
1476 4158 1509 4207 L:
1525 4159 1685 4210 cosmum
1700 4165 1736 4211 est

413 4226 505 4287 4ης
522 4229 555 4279 stt
570 4228 845 4282 consummasse·
861 4231 1013 4283 contectura
1030 4232 1060 4284 0.
1078 4231 1298 4295 Clwesenlserg
1313 4231 1350 4284 sd
1365 4245 1406 4283 or.
1424 4233 1549 4298 psallo
1565 4233 1689 4300 essm.
1706 4262 1732 4273 ·-

412 4303 450 4353 tls
465 4304 491 4352 S.
511 4328 538 4339 -
559 4302 583 4353 3.
600 4316 642 4357 ree
656 4305 685 4356 L.
706 4332 734 4343 -
751 4306 889 4357 essenus
904 4319 968 4359 cum
984 4309 1011 4358 Ρ.
1030 4308 1146 4363 naseos
1162 4308 1225 4368 l.0;
1242 4309 1382 4361 ladem
1397 4304 1485 4363 tiae.
1510 4309 1550 4362 cl.
1567 4310 1735 4375 Wesenberg

412 4375 429 4426 l.
448 4375 464 4426 l.
484 4391 510 4441 p.
528 4377 569 4429 lt.
590 4403 617 4416 -
635 4379 775 4430 luimmodi
791 4374 847 4432 30.
867 4406 895 4417 -
913 4380 937 4432 8.
955 4383 1047 4444 quius
1062 4382 1199 4444 Romanos,
1216 4385 1260 4446 qsss'
1276 4385 1339 4447 cet]
1357 4383 1397 4436 cl.
1411 4384 1466 4436 Cic.
1479 4397 1529 4449 pro
1540 4382 1644 4435 Rabirio
1661 4388 1733 4436 Post.

412 4452 436 4514 5.
456 4452 487 4501 43
503 4463 545 4516 sq.
565 4479 592 4490 -
616 4455 656 4504 lo.
677 4454 744 4519 meo]
765 4469 841 4517 quous
860 4467 917 4506 mess
936 4453 998 4507 tes.
1024 4455 1179 4507 Emendaeit
1199 4458 1353 4522 llerregius.
1377 4486 1405 4497 -
1431 4465 1504 4511 mont
1518 4459 1655 4510 aedilitatis
1670 4458 1732 4513 as.

411 4528 569 4579 emandavit
590 4530 745 4593 llervagius.
768 4530 828 4596 (sal.
846 4544 912 4594 quoe
931 4536 985 4581 essa
999 4535 1056 4581 eret
1069 4529 1199 4583 mm·
1217 4545 1270 4597 mg.
1289 4530 1324 4596 t.)
1345 4559 1372 4572 -
1396 4535 1436 4585 ll.
1454 4540 1484 4586 ot
1503 4535 1523 4585 44
1539 4536 1583 4598 qai
1598 4533 1731 4588 llalmius:

411 4603 498 4664 eque
513 4598 581 4661 um
597 4605 636 4655 alt
651 4606 695 4667 qut
711 4617 774 4657 curu
791 4608 818 4657 P.
832 4606 948 4657 mnodo
963 4603 1045 4657 isto.
1065 4603 1105 4656 ct.
1124 4617 1150 4656 v.
1162 4606 1187 4656 4.
1204 4632 1233 4645 -
1249 4620 1290 4658 res
1305 4603 1388 4660 lto.
1402 4635 1430 4647 -
1448 4611 1489 4661 lt.
1507 4610 1627 4660 Tutssstus
1641 4611 1733 4667 Sim

413 4677 524 4726 litim
534 4678 563 4728 Τ.
582 4678 621 4730 Cl.
634 4680 709 4731 verr.
723 4681 816 4732 accos.
836 4681 856 4731 4.
874 4679 898 4744 3.
912 4680 969 4733 tte.
984 4706 1012 4719 ·-
1030 4680 1071 4731 43.
1088 4681 1255 4744 squamaque
1270 4681 1435 4735 Quies:
1452 4686 1575 4747 cdoeiqu
1589 4686 1736 4736 eiasemi

411 4753 472 4810 εἲς
490 4753 611 4815 comque
626 4753 794 4805 lalwasodl
808 4752 949 4807 444430.
968 4755 1098 4817 (colemque
1112 4755 1220 4807 emas
1235 4756 1513 4822 mnemon)—
1532 4761 1735 4813 alesaciones

411 4824 475 4879 ue:
494 4827 644 4879 amm
659 4827 878 4892 associatio.
899 4856 928 4870 ·-
945 4829 1125 4894 ”stolum
1141 4843 1196 4883 on.
1208 4831 1236 4883 T.
1251 4857 1279 4868 -
1296 4831 1435 4898 idaeam]
1451 4832 1613 4887 meast·
1635 4836 1679 4886 25.
1695 4836 1735 4887 de

411 4903 505 4966 miletis
521 4905 548 4953 et
560 4903 679 4965 pmcalis
694 4917 748 4955 orsi.
762 4906 790 4955 Τ.
812 4930 840 4943 -·
857 4905 898 4957 30.
916 4910 976 4970 lopo
991 4909 1015 4957 sl
1027 4910 1163 4968 muto
1178 4902 1209 4957 u,
1230 4930 1257 4942 -
1274 4905 1393 4972 ismiel
1413 4908 1487 4960 lleno
1503 4922 1599 4961 rocem
1615 4911 1733 4974 spuriam

413 4990 474 5028 esse
491 4978 593 5041 pslmos
608 4977 674 5028 vldtt
689 4977 849 5030 Gulielmius.
868 4979 930 5032 uun
946 4980 1027 5033 eliam
1042 4993 1068 5032 v.
1079 4981 1204 5032 medies
1218 4983 1280 5033 ante
1295 4995 1322 5032 v.
1334 4982 1441 5044 merto
1456 4987 1611 5049 compedum
1623 4989 1673 5037 est.
1692 4984 1731 5037 cl.

414 5063 440 5114 p.
456 5050 544 5102 ltabir.
562 5053 632 5102 Post.
650 5051 665 5115 3
693 5052 733 5104 44.
754 5078 782 5088 -
803 5054 845 5105 34.
862 5052 928 5118 esso}
944 5068 992 5104 coss
1007 5057 1040 5114 'l;
1062 5068 1116 5108 om.
1134 5057 1162 5107 8.
1180 5082 1208 5093 -
1233 5059 1515 5120 msa-prasos,
1537 5064 1591 5109 cass
1607 5057 1730 5111 Orellius:

413 5127 737 5188 sama--prasseesss
752 5128 816 5188 l'F;
832 5131 1104 5193 munem
1120 5133 1183 5195 (om.
1201 5131 1266 5193 aas)
1283 5130 1327 5183 ed.
1344 5133 1461 5192 lantins3
1479 5147 1733 5197 summ-proo-

413 5200 539 5328 msmurqsss
555 5204 876 5266 mmm-prmissa
891 5200 1038 5258 recall.
1053 5231 1081 5242 -
1099 5205 1140 5260 33.
1157 5218 1190 5259 ιο
1204 5206 1303 5261 oos‘l:
1320 5204 1544 5265 4144444330.
1558 5235 1586 5247 -
1604 5208 1646 5265 34.
1663 5209 1730 5281 lasse]
