4367 6109
814 563 890 631 co.
907 530 1103 630 vrrss-vrrr.
1129 560 1187 648 ss
1208 559 1356 628 is-ac.
1670 556 1732 624 ior

415 756 486 800 eum
508 734 646 818 denique
668 755 725 799 nos
747 755 857 817 agrum
878 736 911 798 P.
926 733 1018 798 Rullo
1040 734 1253 809 concessisse,
1275 734 1331 817 qui
1352 752 1428 816 ager
1447 733 1516 817 ipse
1536 753 1594 819 per
1611 752 1682 797 sese
1704 740 1736 796 et

415 829 562 891 Sullanae
586 828 791 892 dominationi
814 835 845 891 et
860 826 1070 890 Gracchorum
1091 827 1253 910 largitioni
1274 828 1449 891 restitisset.
1479 829 1551 891 Non
1572 826 1663 900 dico,
1685 846 1736 889 so·

415 922 479 984 lum
500 923 561 985 boc
582 924 615 985 in
638 943 671 984 re
693 922 817 1005 publica
837 920 971 1004 vectigal
993 941 1080 996 esso,
1102 922 1188 1006 quod
1211 922 1335 985 amissis
1356 920 1427 984 aliis
1442 928 1618 996 remaneat,
1639 920 1736 983 inter-

414 1015 518 1078 missis
540 1036 605 1078 non
627 1017 848 1099 conquiescat,
870 1015 902 1076 in
924 1017 1139 1097 persultent,
1161 1016 1194 1077 in
1209 1014 1295 1077 bello
1310 1034 1375 1077 non
1391 1014 1581 1089 obsolescat,
1603 1014 1735 1077 militem

413 1115 580 1182 sustentet,
601 1108 725 1171 hostem
748 1128 812 1170 non
833 1107 1043 1189 pertimescat.
1080 1109 1299 1172 Praetermitto
1316 1128 1441 1171 omnem
1462 1109 1544 1172 banc
1561 1109 1760 1173 orationsmi

413 1212 445 1266 et
466 1203 606 1266 contioni
636 1221 781 1265 reservo:
810 1201 849 1265 de
877 1200 1018 1285 periculo
1043 1201 1154 1265 salutis
1176 1222 1213 1264 ac
1234 1191 1387 1267 libertatis
1409 1201 1534 1286 loquor.
1577 1199 1628 1265 22.
1651 1200 1735 1278 Quid

414 1296 500 1360 enim
527 1297 715 1360 existimatis
743 1296 900 1378 integrum
921 1295 1012 1358 vobis
1034 1295 1068 1358 in
1089 1317 1124 1359 re
1146 1295 1275 1378 publica
1294 1295 1363 1360 iore
1385 1297 1494 1359 autin
1516 1307 1622 1361 vestra
1642 1295 1737 1359 liber·

413 1400 475 1454 tate
498 1411 534 1454 ac
556 1389 709 1474 (lignitate
729 1388 910 1465 retinenda,
932 1408 1003 1453 cum
1017 1388 1129 1453 llullus
1144 1397 1240 1471 atque
1254 1390 1292 1462 ii,
1315 1410 1397 1474 quos
1412 1390 1512 1454 multo
1527 1390 1626 1473 magis
1641 1408 1736 1473 quam

413 1484 539 1548 Rullum
570 1485 705 1558 timetis,
737 1504 807 1546 cum
836 1482 922 1546 omni
951 1484 1113 1566 egentium
1147 1489 1243 1565 atque
1272 1484 1489 1567 improborum
1518 1503 1630 1557 manu,
1664 1502 1735 1546 cunr

414 1578 560 1641 omnibus
582 1577 698 1661 copiis,
726 1597 797 1640 cum
824 1577 909 1640 omni
932 1584 1063 1660 argento
1086 1584 1118 1640 et
1139 1596 1216 1640 auro
1241 1576 1382 1660 Capuam
1404 1585 1436 1639 et
1457 1577 1552 1641 urbes
1574 1577 1656 1640 circa
1679 1575 1777 1673 ila-Q

415 1691 509 1753 puam
531 1670 741 1753 occuparint?
763 1670 820 1734 llis
835 1690 894 1753 ego
910 1671 1020 1746 rebus,
1041 1671 1147 1754 patres
1163 1670 1350 1755 conscripti,
1372 1671 1517 1735 resistam
1533 1671 1736 1734 vehementer

415 1773 509 1848 atque
538 1763 653 1827 acriter
679 1783 783 1848 neque
812 1763 915 1846 patiar
943 1762 1088 1828 homines
1117 1784 1155 1828 ea
1181 1784 1232 1829 me
1261 1764 1392 1829 consule
1421 1784 1622 1848 expromere,
1654 1783 1736 1848 quae

415 1866 523 1944 contra
544 1878 611 1921 rem
633 1858 792 1941 publicam
814 1858 876 1920 iam
898 1857 953 1920 diu
975 1857 1164 1941 cogitarunt.

498 1947 550 2014 23.
571 1952 725 2026 Errastis,
746 1949 853 2026 Rullo,
875 1950 1077 2014 vehementer
1099 1961 1131 2015 et
1151 1960 1185 2016 tu
1207 1959 1239 2015 et
1261 1970 1324 2014 nou
1346 1949 1426 2014 nulli
1444 1950 1583 2033 collegae
1597 1951 1661 2026 tui,
1683 1950 1738 2034 qui

414 2044 564 2130 sperastis
586 2065 643 2110 vos
665 2053 774 2109 contra
795 2045 957 2108 consulem
971 2045 1117 2120 verimte,
1139 2065 1205 2110 non
1220 2044 1429 2109 ostentatione
1443 2043 1629 2129 popularem
1643 2051 1775 2126 possetb

414 2140 447 2202 in
469 2139 639 2203 evertenda
659 2158 693 2201 re
715 2137 843 2221 publica
863 2137 1032 2221 populares
1048 2139 1232 2202 existimari.
1262 2138 1397 2202 Lacesso
1412 2158 1486 2215 ros3
1509 2137 1737 2201 incentionem

414 2254 511 2310 voco;
533 2233 653 2317 populo
675 2234 817 2296 Romano
840 2231 1050 2314 disceptatore
1076 2233 1123 2295 uti
1144 2231 1229 2296 volo.
1272 2233 1356 2295 Vlll.
1376 2232 1519 2308 Etenim,
1547 2238 1584 2294 ut
1604 2230 1738 2295 circum·

414 2329 582 2411 spiciamus
605 2326 727 2400 omnia,
750 2344 831 2409 quac
853 2324 973 2407 populo
994 2334 1082 2409 grata
1105 2334 1201 2410 atque
1222 2325 1362 2390 iucunda
1386 2326 1467 2401 sint,
1493 2324 1573 2388 nihil
1595 2332 1660 2388 tam
1681 2344 1738 2407 po·

414 2421 523 2504 pulare
545 2440 639 2505 mam
662 2439 790 2503 pacem,
811 2437 907 2502 quam
928 2419 1146 2496 concordiam,
1168 2440 1264 2504 quam
1286 2419 1386 2483 otium
1408 2419 1614 2501 reperiemus.
1644 2416 1739 2480 Solli-

414 2515 508 2579 citam
536 2513 613 2578 mihi
642 2513 801 2593 civitatem
823 2512 1022 2594 suspicione,
1051 2533 1238 2596 suspensam
1261 2520 1364 2587 metu,
1391 2512 1604 2599 perturbatam
1624 2509 1775 2575 vestrissb

415 2606 537 2690 legibus
559 2615 592 2671 et
612 2605 811 2670 contionibus
833 2612 865 2668 et
885 2606 1095 2670 seditionibus
1118 2605 1311 2670 tradidistis:
1341 2626 1429 2688 spem
1458 2605 1610 2690 improbis
1632 2611 1738 2668 osten·

417 2702 520 2775 distis,
542 2702 687 2764 timorem
709 2698 801 2762 bonis
823 2700 994 2773 iniecistis,
1015 2699 1111 2762 iidem
1126 2700 1165 2763 de
1187 2699 1273 2775 foro,
1296 2698 1479 2782 dignitatem
1494 2699 1534 2762 de
1556 2718 1590 2762 re
1611 2698 1738 2782 publica

417 2794 597 2857 sustulistis.
638 2790 691 2856 24.
712 2794 780 2857 Ηοο
807 2801 896 2856 motu
917 2802 1013 2877 atque
1034 2793 1092 2856 hac
1115 2793 1350 2877 perturbatione
1372 2793 1549 2856 animorum
1571 2799 1667 2875 atque
1687 2811 1738 2854 re·

417 2909 501 2962 rum,
531 2908 601 2951 cum
622 2887 741 2970 populo
762 2888 904 2950 Romano
927 2907 989 2949 vox
1018 2894 1049 2950 ot
1077 2888 1246 2951 auctoritas
1269 2887 1407 2951 consulis
1429 2893 1560 2970 repente
1586 2886 1619 2948 in
1642 2885 1737 2949 tantis

417 2981 554 3045 tenebris
575 2980 733 3054 illuxerit,
755 3000 826 3043 cum
849 2979 1022 3044 ostenderit
1043 2979 1124 3042 nihil
1145 3001 1215 3044 esse
1237 2979 1457 3053 metuendum,
1479 2980 1601 3042 nullum
1616 2978 1774 3042 exemi-rs

415 3083 498 3150 tum,
527 3075 646 3137 nullam
667 3094 811 3149 manum,
839 3075 942 3137 nullas
965 3073 1122 3149 colonias,
1150 3075 1269 3139 nullam
1291 3073 1507 3137 venditionem
1528 3073 1736 3156 vectigalium,

415 3169 537 3233 nullum
559 3169 726 3251 imperium
748 3187 884 3243 norum,
912 3166 1034 3230 nullum
1056 3188 1189 3251 reguum
1213 3167 1437 3243 decemvirale,
1454 3168 1586 3232 nullam
1606 3166 1736 3231 alteram

415 3263 547 3325 Romam
575 3281 681 3345 neque
702 3261 795 3324 aliam
817 3261 926 3325 sedem
946 3261 1071 3345 imperii
1093 3262 1186 3327 nobis
1206 3262 1390 3327 consulibus
1409 3262 1547 3327 iuturam
1568 3281 1737 3326 summam-

416 3376 478 3438 que
499 3354 761 3439 tranquillitatem
782 3356 869 3437 pacis
895 3362 990 3438 atque
1013 3355 1085 3431 otii,
1117 3356 1306 3431 verendum,
1338 3357 1452 3431 credo,
1480 3356 1573 3420 nobis
1595 3357 1668 3431 erit,
1697 3375 1737 3418 ne

415 3456 519 3514 vestra
539 3449 600 3512 ista
620 3448 784 3533 praeclara
804 3448 858 3511 lex
879 3449 1002 3532 agraria
1022 3449 1123 3531 magis
1144 3450 1306 3534 popularis
1322 3470 1392 3514 esse
1407 3450 1560 3514 videatur.
1591 3446 1643 3512 25.
1659 3450 1775 3514 eumn

415 3561 491 3605 vero
519 3541 639 3604 scelera
667 3541 872 3606 consiliorum
893 3549 1067 3606 vestrorum
1093 3540 1303 3628 fraudemque
1324 3543 1404 3626 legis
1426 3551 1458 3607 et
1478 3541 1628 3616 iusidias,
1655 3563 1737 3628 quae

416 3635 478 3719 ipsi
498 3633 617 3719 populo
638 3635 780 3699 Romano
801 3655 821 3699 a
841 3633 1046 3719 popularibus
1068 3634 1201 3700 tribunis
1221 3637 1325 3721 plebis
1345 3633 1437 3710 fiant,
1459 3636 1645 3714 ostendero,
1665 3657 1738 3721 per·

417 3732 595 3803 timescam,
617 3729 730 3804 credo,
753 3749 792 3792 ne
815 3728 892 3791 mihi
915 3749 979 3792 non
1000 3727 1095 3792 liceat
1116 3739 1226 3793 contra
1246 3749 1304 3794 ros
1326 3731 1358 3792 in
1381 3729 1529 3793 contione
1551 3731 1737 3806 consistere,
1828 3722 1832 3735 ’

416 3819 600 3906 priesertim
622 3843 694 3886 cum
717 3822 794 3886 mibi
817 3823 1026 3886 deliberatum
1047 3829 1080 3884 et
1100 3824 1307 3887 constitutum
1329 3823 1386 3897 sit,
1408 3824 1452 3887 ita
1468 3843 1577 3906 gerere
1592 3825 1738 3888 consula·

416 3926 500 3993 tum,
523 3936 587 4000 quo
609 3936 673 3979 uno
695 3917 790 3979 modo
812 3917 879 4000 geri
902 3917 1037 4000 graviter
1052 3923 1083 3979 ot
1103 3916 1201 3979 libere
1218 3923 1337 4000 potest,
1359 3924 1394 3980 ut
1414 3936 1521 4000 neque
1542 3917 1776 3999 provinciamas

417 4032 522 4096 nequo
542 4012 698 4074 bonorem
718 4017 1054 4095 nequeornamentum
1075 4008 1206 4092 aliquod
1221 4018 1276 4072 aut
1290 4008 1492 4072 commodum
1513 4029 1618 4094 neque
1639 4011 1738 4075 ullam

416 4125 498 4178 rem,
522 4124 602 4188 quae
624 4125 643 4168 a
664 4104 791 4167 tribuno
814 4104 916 4188 plebis
938 4102 1086 4187 impediri
1107 4103 1226 4184 possit,
1248 4104 1444 4187 appetiturus
1466 4103 1537 4166 sim.
1580 4099 1631 4166 26.
1653 4104 1738 4168 Dicit

416 4198 671 4282 frequentissimo
704 4204 815 4260 senatu
844 4196 955 4261 consul
983 4195 1135 4260 Kalendis
1156 4196 1308 4260 Ianuariis
1331 4216 1418 4271 sese,
1447 4196 1475 4260 si
1498 4204 1596 4260 status
1617 4196 1670 4260 bic
1690 4197 1736 4260 rei

415 4293 561 4375 publicae
583 4298 708 4354 maneat
728 4309 832 4372 neque
853 4290 984 4374 aliquod
1004 4289 1168 4373 negotium
1190 4290 1362 4366 exstiterit,
1394 4290 1480 4375 quod
1507 4291 1641 4356 honeste
1663 4292 1737 4356 sub-

417 4385 574 4467 terfugere
595 4404 660 4448 non
682 4383 798 4466 possit,
820 4383 854 4446 in
875 4383 1070 4466 provinciam
1091 4404 1156 4447 nou
1183 4384 1311 4448 iturum.
1355 4383 1407 4447 Sic
1428 4403 1478 4447 me
1500 4383 1535 4446 in
1555 4384 1618 4449 lroc
1639 4383 1775 4468 magi-io

483 4652 506 4704 4.
523 4652 550 4703 Ρ.
569 4665 623 4703 om.
642 4653 669 4702 F.
689 4677 715 4688 —
735 4652 759 4703 6.
777 4651 889 4703 concioni
906 4651 961 4705 EF.
979 4681 1005 4690 —
1025 4651 1064 4717 oc]
1081 4660 1105 4706 ei
1121 4653 1148 4706 i'.
1163 4682 1189 4690 —
1209 4653 1233 4706 7.
1252 4653 1412 4706 wutuncstis
1428 4651 1457 4704 E.
1472 4681 1499 4690 -
1518 4653 1543 4704 8.
1560 4648 1735 4714 retinenddF;

416 4727 570 4779 retinendum
585 4727 670 4780 Ani.
689 4753 718 4765 -
737 4728 756 4777 ii
772 4740 825 4778 om.
845 4729 871 4778 F.
886 4754 913 4763 —
933 4731 973 4779 40.
991 4731 1061 4780 circa
1072 4731 1193 4796 mperes]
1210 4733 1279 4781 circa
1294 4744 1351 4781 eoin
1367 4730 1402 4789 Ε;
1419 4730 1489 4779 circa
1500 4730 1611 4778 Graevio
1628 4731 1737 4778 auctore

416 4803 545 4862 lilotzius;
563 4805 657 4854 oirmsn
674 4802 787 4866 Copuoni
803 4800 939 4853 Gebhardt
955 4803 971 4853 l.
984 4801 1001 4853 l.
1020 4805 1039 4854 1.
1057 4817 1085 4869 p.
1097 4806 1129 4855 42
1140 4818 1200 4870 sqq.
1219 4806 1258 4857 ct.
1277 4805 1301 4870 s.
1313 4806 1355 4857 2⁰.
1374 4804 1409 4856 ad
1425 4806 1476 4855 444.
1494 4804 1559 4854 Vlll.
1578 4805 1609 4854 42
1624 4805 1655 4864 Α,
1673 4802 1734 4854 3.-

417 4880 458 4928 44.
475 4879 522 4928 liiii
533 4879 559 4928 F.
575 4905 602 4913 -
620 4877 879 4943 spolerquFP.-
899 4879 940 4928 43.
957 4879 1138 4931 iosnEFPT:
1157 4893 1210 4932 om.
1223 4879 1377 4935 Auto-
1395 4875 1734 4945 capitaneitbauredanus:

416 4954 550 5018 comtemnit
561 4951 689 5007 Bruto.
701 4977 730 4991 -
749 4952 789 5005 44.
801 4954 902 5004 Errasti
918 4953 946 5003 Ε.
959 4978 987 4991 ··
1006 4956 1046 5005 444.
1058 4955 1234 5017 memore
1250 4958 1381 5008 soimeri
1396 4955 1490 5008 ER·
1509 4951 1696 5016 ostentationem
1705 4950 1735 5001 E.

417 5028 457 5077 44,
471 5028 652 5092 perspiciam
664 5029 734 5079 E.-
753 5028 856 5080 terini
871 5029 931 5079 EF:
949 5034 1007 5080 sunt
1021 5026 1172 5082 Abib-
1191 5030 1232 5080 49.
1249 5030 1455 5094 reppesieiuiili.
1471 5055 1498 5066 -
1516 5029 1558 5078 2⁴.
1576 5024 1738 5078 deditionibus

417 5102 530 5152 EFPA.
546 5102 710 5165 (sedbionibiis
726 5103 779 5155 ianr
796 5102 838 5154 ed.
851 5101 965 5167 Aldina.)
984 5131 1012 5141 -
1030 5102 1070 5154 33.
1087 5117 1139 5153 non
1154 5116 1209 5154 om.
1227 5105 1294 5156 4.·-
1312 5104 1353 5155 36.
1371 5104 1468 5164 4444ᾳυί44
1483 5102 1571 5153 ER·
1588 5101 1668 5152 idern
1682 5113 1736 5151 rein

416 5177 451 5226 E:
468 5177 616 5227 reinutloin
632 5175 771 5230 ritib.
792 5206 820 5216 -
838 5178 879 5230 38.
897 5178 956 5230 liat.
973 5179 1140 5239 innomi&
1157 5179 1215 5230 Kal.
1232 5178 1288 5229 lan.
1305 5181 1342 5239 Α;
1360 5178 1477 5230 Kalendis
1492 5179 1547 5227 lan.
1565 5177 1601 5237 l.;
1618 5175 1737 5227 Kdeiidis

416 5260 531 5313 tarmei
546 5260 577 5324 r;
599 5248 635 5315 ii.
652 5247 753 5316 Μ
768 5290 795 5303 -
814 5262 856 5315 ao.
873 5263 1046 5328 riquier:
1062 5262 1189 5328 umiae
1206 5265 1382 5330 irruperint.
1400 5259 1556 5322 numam
1575 5256 1732 5312 emina
