4367 6109
728 587 797 652 Lm.
818 587 844 651 l.
874 587 947 653 Car.
970 587 1108 652 11-1v.
1133 586 1190 671 55.
1213 584 1341 652 t-lt.
1673 580 1735 647 435

412 756 526 841 gionea
552 775 629 822 vero
660 755 936 840 caerimoniaeque
958 759 1099 821 omnium
1122 778 1281 821 sacrorum
1303 757 1516 840 fanorumque
1537 756 1673 819 violatae
1695 753 1737 818 si·

413 850 618 935 mulaoraque
640 850 789 925 deorum,
817 869 899 932 quae
922 870 987 913 non
1015 853 1111 915 modo
1134 872 1174 914 ex
1196 853 1262 915 suis
1285 852 1411 934 templis
1433 852 1538 913 ablata
1560 856 1650 921 sunt,
1679 846 1737 911 sed

413 943 511 1008 etiam
539 942 647 1007 iacent
676 944 711 1006 in
739 945 878 1008 tenebris
904 946 944 1007 ah
973 947 1034 1010 isto
1055 955 1179 1010 retrusa
1200 952 1296 1029 atque
1318 945 1438 1019 abdita,
1471 943 1645 1007 consistere
1668 941 1737 1004 eins

412 1037 555 1102 animum
575 1036 645 1102 sine
666 1037 774 1102 furore
796 1045 893 1123 atquo
914 1041 1053 1103 amentia
1073 1061 1139 1104 non
1161 1040 1280 1102 sinunt.
1323 1037 1353 1101 8.
1375 1040 1488 1121 Neque
1509 1037 1569 1101 iste
1593 1036 1671 1100 mihi
1690 1035 1738 1098 vi·

412 1131 506 1195 detur
535 1149 572 1195 se
601 1131 642 1195 ad
668 1131 903 1197 damnationem
925 1133 1029 1195 solum
1051 1134 1175 1207 offerre,
1197 1151 1301 1216 neque
1323 1133 1384 1195 hoc
1406 1131 1555 1194 avaritiae
1577 1128 1761 1213 supplicioo

412 1223 574 1288 communi
588 1225 658 1310 qui
689 1246 724 1289 se
752 1234 801 1289 tot
821 1226 993 1290 sceleribus
1014 1227 1219 1290 obstrinxerit
1241 1233 1409 1290 contentus
1432 1244 1517 1288 esse:
1545 1225 1738 1307 singularem

412 1319 574 1402 quandam
594 1340 731 1403 poenam
753 1321 846 1384 istius
868 1320 1013 1384 immanis
1034 1329 1130 1403 atque
1146 1321 1328 1403 importuna
1341 1328 1455 1383 natura
1469 1317 1638 1380 desiderat.
1665 1318 1738 1380 Non

412 1411 446 1474 id
468 1410 574 1475 solnm
595 1415 774 1498 quaeritur,
796 1421 833 1476 nt
853 1415 914 1477 isto
938 1415 1085 1479 damnato
1101 1415 1186 1476 hona
1203 1413 1408 1476 restituantur
1422 1412 1477 1487 iis,
1500 1412 1615 1496 quihus
1630 1418 1739 1494 erepta
1825 1428 1830 1441 ·

412 1512 502 1581 sunt,
524 1505 582 1570 sed
603 1515 637 1571 et
656 1509 828 1591 religiones
850 1508 983 1571 deorum
1004 1509 1229 1571 immortalium
1251 1506 1428 1590 expiandae
1451 1514 1482 1570 et
1495 1507 1611 1570 civium
1625 1507 1738 1568 Roma·

412 1622 527 1666 norum
548 1604 706 1667 cruciatus
727 1602 964 1686 multorumque
986 1602 1205 1665 innocentium
1222 1603 1351 1687 sanguis
1370 1601 1461 1664 istius
1477 1602 1634 1685 supplicio
1649 1602 1739 1665 luen·
1748 1615 1775 1662 to

413 1697 474 1759 dus
496 1704 554 1760 est.
581 1693 613 1760 9.
627 1698 699 1760 Non
712 1696 798 1760 enim
811 1694 924 1770 furem,
939 1697 995 1758 sed
1009 1705 1202 1778 ereptorem,
1224 1717 1289 1760 non
1304 1696 1492 1769 adulterum,
1506 1696 1561 1759 sed
1577 1716 1740 1779 expugna-

412 1797 515 1853 torem
535 1790 725 1874 pudicitiae,
754 1810 819 1853 non
841 1790 1045 1873 sacrilegum,
1068 1790 1124 1853 sed
1145 1790 1269 1853 hostem
1291 1810 1453 1853 sacrorum
1474 1789 1739 1873 religionumque,

413 1902 479 1947 non
509 1883 674 1959 sicarium,
695 1884 752 1947 sed
774 1883 1025 1947 crudelissimum
1048 1881 1227 1948 carnificem
1250 1885 1366 1947 civium
1388 1885 1612 1966 sociorumque
1634 1881 1667 1944 in
1685 1903 1740 1946 ve·

413 1986 515 2042 strum
535 1978 690 2041 iudicium
712 1977 920 2052 adduximus,
943 1986 978 2041 ut
999 1999 1058 2061 ego
1080 1978 1164 2041 hunc
1188 2000 1285 2041 unum
1308 1977 1464 2041 eiusmodi
1486 1998 1575 2041 reum
1597 1976 1741 2060 postho-

414 2072 535 2136 minnm
557 2073 743 2137 memoriam
763 2072 863 2135 fnisse
884 2073 1034 2147 arbitrer,
1057 2073 1109 2134 cui
1132 2072 1272 2135 damnari
1295 2072 1470 2154 expediret
1750 2089 1778 2135 to

496 2166 550 2229 lv.
572 2168 652 2229 llam
674 2167 747 2250 quis
768 2166 830 2229 hoc
852 2187 916 2228 non
938 2167 1104 2249 intelligit,
1132 2168 1227 2230 istum
1258 2166 1437 2229 absolutum
1468 2165 1518 2228 dis
1544 2165 1742 2228 hominihus·

415 2281 477 2346 que
508 2260 617 2324 inritis
646 2269 751 2324 tamen
774 2282 815 2324 ex
837 2261 981 2324 manibus
1004 2262 1116 2344 populi
1139 2262 1271 2324 Romani
1294 2260 1373 2343 eripi
1396 2260 1485 2323 nullo
1508 2259 1604 2323 modo
1625 2262 1742 2344 posse?

416 2356 495 2433 Quis
515 2356 578 2419 hoc
600 2375 665 2418 non
688 2355 854 2438 perspicit,
886 2355 1047 2439 praeclare
1070 2356 1234 2418 nobiscum
1258 2363 1362 2418 actum
1384 2355 1440 2430 iri,
1472 2355 1499 2418 si
1521 2356 1659 2439 populus
1681 2355 1743 2416 llo-

417 2469 529 2514 manus
552 2449 644 2512 istius
666 2449 760 2511 unius
784 2449 941 2531 supplicio
964 2457 1132 2513 contentus
1160 2449 1256 2512 fuerit
1277 2470 1314 2512 ac
1335 2469 1400 2512 non
1422 2451 1468 2512 sic
1489 2452 1649 2525 statuerit,
1678 2469 1743 2512 non

416 2546 511 2609 istum
534 2543 637 2607 maius
660 2544 694 2606 in
716 2563 786 2607 sese
809 2543 912 2606 scelus
935 2544 1136 2626 concepisse,
1158 2565 1230 2607 cnm
1251 2543 1326 2607 iana
1346 2545 1505 2626 spoliarit,
1527 2565 1599 2608 cum
1619 2552 1667 2607 tot
1686 2544 1780 2606 lio-ao

416 2640 516 2703 mines
544 2637 733 2700 innocentes
762 2637 898 2710 necarit,
927 2657 998 2699 cum
1031 2639 1116 2701 cives
1137 2640 1296 2702 Romanos
1318 2647 1436 2712 morte,
1466 2640 1620 2714 cruciatu,
1650 2658 1744 2702 eruce

414 2731 571 2806 affecerit,
600 2751 672 2793 cnm
705 2731 903 2814 praedonum
925 2731 1022 2793 duces
1044 2739 1175 2814 accepta
1196 2732 1332 2814 pecunia
1355 2731 1525 2807 dimiserit,
1554 2752 1650 2816 quam
1672 2751 1752 2808 eos,

415 2828 443 2891 si
465 2826 521 2910 qni
537 2825 634 2889 istum
648 2832 705 2899 tot,
728 2825 839 2899 tantis,
862 2833 926 2887 tam
943 2823 1073 2888 nefariis
1088 2825 1261 2888 sceleribus
1278 2832 1463 2909 coopertum
1477 2825 1571 2890 iurati
1588 2827 1744 2892 sententia

415 2942 474 2985 sua
496 2919 685 2983 liberarint?
723 2914 773 2981 to.
796 2921 867 2981 Non
890 2926 954 2993 est,
977 2938 1041 2981 non
1064 2927 1114 2982 est
1134 2921 1167 2984 in
1188 2920 1248 2982 hoc
1269 2919 1398 2982 homine
1421 2920 1570 3006 cuiquam
1591 2920 1744 3006 peccandi

414 3015 522 3088 locus,
544 3012 684 3075 iudices:
707 3032 772 3075 non
794 3013 821 3074 is
844 3020 892 3076 est
912 3031 1005 3087 reus,
1028 3032 1093 3075 non
1116 3013 1148 3074 id
1171 3021 1313 3097 tempus,
1335 3034 1400 3077 non
1421 3014 1456 3078 id
1478 3017 1646 3079 consilinm
1670 3016 1782 3098 [me-ao

415 3116 471 3172 tuo
493 3125 534 3171 ne
557 3106 635 3190 qnid
656 3107 856 3189 arrogantius
880 3107 965 3191 apud
981 3106 1059 3170 tales
1074 3108 1161 3170 viros
1176 3106 1286 3171 videar
1301 3105 1434 3190 dicere),
1457 3130 1497 3172 ne
1512 3117 1600 3173 actor
1615 3110 1744 3195 quidem

415 3210 465 3265 est
485 3202 530 3275 is,
553 3200 604 3264 cui
625 3221 700 3264 reus
722 3210 785 3265 tam
808 3221 944 3276 nocens,
976 3211 1038 3264 tam
1061 3203 1221 3285 perditus,
1244 3210 1308 3264 tam
1329 3203 1431 3266 victus
1453 3210 1509 3265 aut
1530 3202 1653 3265 occulte
1676 3223 1745 3265 sur-

417 3298 479 3381 ripi
501 3303 558 3360 aut
577 3296 708 3378 impune
730 3295 811 3379 eripi
833 3296 944 3377 possit.
980 3294 1038 3357 His
1061 3315 1120 3378 ego
1143 3295 1300 3359 iudicibus
1323 3316 1387 3359 non
1406 3298 1548 3380 probabo
1565 3297 1598 3360 C.
1614 3298 1744 3360 Verrem

416 3399 527 3455 contra
549 3390 634 3471 leges
656 3389 825 3472 pecuniam
847 3390 993 3471 cepisse?
1016 3389 1218 3452 sustinebunt
1239 3392 1319 3453 tales
1340 3391 1400 3453 viri
1422 3412 1456 3454 se
1471 3400 1519 3455 tot
1533 3391 1744 3464 senatoribus,

418 3493 464 3549 tot
485 3483 647 3568 equitibus
669 3483 836 3559 Romanis,
865 3491 913 3546 tot
943 3483 1141 3556 civitatibus,
1170 3492 1217 3546 tot
1246 3484 1428 3548 hominihus
1451 3485 1683 3549 honestissimis
1705 3500 1782 3547 exto

417 3586 480 3643 tam
502 3577 619 3642 illustri
641 3577 823 3660 provincia,
855 3586 901 3640 tot
923 3578 1115 3660 populorum
1137 3579 1398 3662 privatorumque
1420 3580 1535 3643 litteris
1557 3599 1622 3642 non
1645 3579 1746 3642 credi·

418 3673 519 3746 disse,
541 3678 647 3735 tanme
669 3672 780 3755 populi
802 3673 936 3734 Romani
959 3672 1115 3734 voluntati
1138 3673 1315 3735 restitisset
1359 3668 1409 3735 ll.
1434 3674 1632 3736 Sustineant:
1655 3691 1747 3754 repe-

418 3769 555 3841 riemus,
577 3766 605 3829 si
627 3766 724 3829 istum
746 3766 854 3829 vivum
876 3765 914 3828 ad
938 3765 1025 3829 aliud
1042 3764 1196 3828 iudicium
1217 3767 1392 3848 perducere
1414 3768 1606 3850 poterimus,
1629 3765 1745 3849 quibus

417 3861 588 3947 prohemus
616 3860 712 3923 istum
741 3861 776 3923 in
805 3868 976 3944 quaestura
1003 3858 1174 3944 pecuniam
1202 3859 1362 3942 publicam
1385 3860 1441 3923 Cn.
1464 3860 1600 3924 Carboni
1622 3858 1746 3923 consuli

418 3957 522 4019 datam
536 3954 705 4030 avertisse;
720 3955 837 4038 quihus
850 3955 1099 4038 persuadeamus
1114 3953 1210 4016 istum
1225 3954 1330 4017 alieno
1345 3955 1474 4018 nomine
1489 3975 1507 4018 a
1523 3953 1784 4038 quaestoribnsoo

417 4050 563 4124 urbanis,
586 4050 672 4132 quod
687 4050 793 4134 priore
809 4051 934 4113 actione
949 4050 1124 4125 didicistis,
1146 4049 1315 4134 pecuniam
1329 4049 1509 4112 abstulisse.
1551 4049 1668 4120 Erunt,
1689 4046 1745 4131 qui

418 4144 503 4208 etin
525 4163 565 4207 eo
587 4163 718 4227 quoquc
741 4145 905 4207 audaciam
928 4145 998 4208 eius
1020 4144 1270 4225 reprehendant,
1301 4143 1387 4226 quod
1417 4143 1542 4226 aliquot
1562 4143 1746 4205 nominibus

418 4239 457 4302 de
485 4239 604 4321 capite,
637 4246 791 4322 quantum
820 4240 1022 4301 commodum
1048 4237 1161 4312 fuerit,
1192 4237 1342 4301 frumenti
1373 4237 1542 4327 decumani
1563 4236 1746 4299 detraxerit.

483 4396 508 4446 o.
527 4394 607 4445 sotrtm
624 4396 714 4458 offerre
731 4396 763 4444 Gt
775 4395 833 4456 ²5²
852 4396 942 4458 offerre
957 4395 1001 4444 sol.
1015 4395 1061 4446 dtt.
1076 4396 1105 4446 0.
1122 4422 1149 4431 -
1169 4395 1208 4443 44.
1227 4400 1364 4457 ereptorem
1375 4394 1465 4456 codd,
1478 4394 1525 4445 lul.
1537 4396 1629 4444 Seven.
1647 4407 1672 4458 p.
1687 4391 1744 4444 348.

418 4471 482 4524 ast:
500 4476 630 4534 raptorem
646 4469 724 4520 codd.
744 4483 825 4520 noun.
845 4484 887 4534 ap.
907 4469 1011 4530 Quintil.
1030 4470 1054 4528 8,
1066 4470 1090 4529 t,
1104 4471 1128 4519 2.
1150 4495 1176 4506 -
1198 4471 1237 4520 47.
1256 4471 1348 4534 tamen]
1366 4483 1422 4520 eum
1439 4471 1471 4520 Gt
1484 4471 1525 4530 ἲς
1542 4468 1574 4519 al.
1594 4471 1632 4519 Do
1644 4470 1706 4531 ng.
1719 4470 1747 4518 et

418 4547 464 4598 bd.
476 4548 589 4596 tacetur.
608 4542 716 4608 Vulgata
734 4545 776 4594 est
792 4558 807 4594 a
824 4547 918 4607 Nang.;
936 4551 1020 4595 tamen
1036 4558 1089 4595 om.
1107 4547 1134 4595 L.
1156 4572 1182 4580 -
1203 4546 1271 4594 nullo
1287 4547 1360 4594 modo
1375 4546 1440 4609 sript
1450 4546 1496 4595 Gt.
1512 4571 1538 4582 -
1560 4545 1599 4596 49.
1616 4545 1693 4606 suem
1709 4543 1746 4593 Gt

418 4621 529 4686 flgiti.
547 4621 628 4671 Prisc.
647 4620 678 4669 ll.
701 4632 727 4683 p.
748 4619 804 4669 460.
827 4618 874 4670 lul.
896 4620 956 4668 Sev.
982 4633 1008 4684 p.
1026 4619 1093 4670 ata:
1116 4621 1163 4671 etit
1184 4620 1231 4671 dtt.
1253 4646 1278 4657 -
1308 4635 1339 4671 oc
1361 4622 1451 4671 unca
1468 4625 1498 4670 st.
1517 4621 1563 4672 Gt.
1583 4646 1611 4654 -
1629 4619 1670 4667 to.
1688 4631 1747 4680 spo-

418 4699 491 4747 liaret
502 4699 649 4745 --nsccrss
666 4692 714 4743 dtt.
733 4718 761 4729 -
780 4692 821 4740 22.
840 4705 897 4741 cam
910 4695 999 4754 praed.
1012 4720 1049 4731 -·
1060 4695 1180 4744 dimiserit
1197 4709 1251 4746 om.
1271 4697 1316 4747 63.
1332 4724 1358 4733 -
1377 4694 1418 4745 44.
1437 4694 1571 4743 liberarent
1587 4692 1635 4743 dtt.
1650 4719 1676 4727 -
1695 4706 1746 4740 non

419 4778 452 4822 ort
468 4769 551 4821 altero
568 4768 628 4820 loco
645 4781 698 4818 om.
718 4770 762 4819 Gt.
781 4782 831 4818 non
847 4773 882 4818 est
898 4769 924 4816 in
940 4768 985 4818 boc
1003 4771 1125 4831 peccandi
1141 4770 1209 4820 locos
1226 4770 1303 4820 affert
1318 4769 1365 4819 lul.
1384 4771 1443 4819 Sev.
1463 4782 1489 4833 p.
1508 4767 1565 4819 ata.
1592 4767 1631 4818 Cl.
1650 4768 1744 4817 Donat.

419 4847 453 4898 ad
468 4847 574 4896 Terent.
593 4842 674 4894 Andr.
687 4844 707 4893 l.
726 4844 750 4904 ἲ,
763 4843 803 4893 32.
819 4870 846 4880 -
865 4843 905 4893 26.
924 4856 968 4892 nec
984 4848 1056 4893 octor
1072 4845 1105 4892 Gt
1121 4845 1183 4907 ng.
1204 4846 1318 4908 (praeter
1327 4843 1367 4907 ta)
1386 4843 1435 4893 dtt.
1453 4840 1591 4906 vulgatam
1609 4844 1698 4891 tuetur
1713 4844 1743 4892 Α.

421 4949 448 4960 -
466 4921 507 4972 29.
533 4924 623 4970 cootrn
643 4919 660 4968 l.
684 4912 826 4981 pecunmm'
841 4918 877 4967 Ga
893 4917 1022 4980 agarna:
1046 4920 1181 4980 pecuniam
1204 4933 1226 4968 c.
1246 4920 1263 4969 4.
1282 4921 1332 4977 Gt;
1359 4924 1449 4968 contra
1473 4917 1489 4966 4.
1507 4918 1627 4979 pecunius
1646 4918 1694 4965 dtt.
1714 4917 1743 4967 0.

420 4995 518 5046 Ctlll.
538 4994 637 5058 §.aaa
659 4994 949 5045 -30.1lomonisom.
969 4993 1013 5042 63.
1041 4994 1083 5043 Sic
1101 4995 1130 5044 ll.
1149 4994 1173 5056 ἓ.
1193 4995 1249 5044 tao.
1269 4995 1295 5043 in
1313 4995 1413 5057 optimo
1430 4992 1536 5050 codice,
1563 4992 1604 5040 sat
1621 4991 1746 5040 Ronmoaa
1811 5052 1815 5060 1

420 5072 453 5121 ita
475 5071 509 5121 ad
526 5069 633 5136 plenam
650 5071 729 5133 atque
746 5069 918 5119 honorificam
935 5069 1025 5131 equitis
1040 5068 1243 5133 appellationem
1261 5070 1384 5133 pertinet,
1402 5071 1432 5118 ut
1448 5070 1520 5117 certe
1538 5067 1564 5115 in
1582 5064 1745 5116 orationibus

419 5147 461 5197 vix
478 5148 613 5198 omittatur
629 5158 784 5208 uniquam.»
802 5146 888 5195 Kahat
904 5157 930 5208 p.
945 5145 984 5194 44.
1004 5145 1037 5195 ct.
1055 5148 1112 5195 Act.
1127 5147 1146 5195 l.
1164 5145 1187 5208 ἓ.
1202 5147 1243 5195 22.
1263 5144 1307 5195 lib.
1324 5147 1343 5195 l.
1363 5145 1387 5208 S.
1401 5145 1440 5194 43.
1455 5143 1510 5194 434.
1530 5141 1653 5203 143448.
1671 5139 1743 5191 alibi.

421 5250 449 5260 -
462 5223 502 5274 33.
517 5223 655 5286 possemus
665 5221 697 5270 Gt
710 5221 767 5280 25:
782 5221 937 5283 potusrtmns
953 5219 1002 5272 dtt.
1016 5247 1043 5256 -
1062 5221 1104 5271 34.
1116 5225 1140 5271 et
1149 5247 1163 5258 -
1172 5247 1185 5258 -
1198 5235 1295 5287 quoquo
1310 5221 1465 5285 suspectum
1476 5215 1558 5267 habet
1569 5214 1696 5267 Wesenb.
1710 5213 1745 5266 ad

419 5298 487 5350 sest.
505 5310 532 5364 p.
546 5297 587 5349 24.
605 5309 632 5351 n.
646 5299 670 5351 2.
