4367 6109
494 587 556 656 tot
863 589 905 652 IN
925 585 1091 653 VERREM
1110 585 1234 653 acrio
1257 588 1440 654 SECUNDA
1534 630 1537 637 ·

493 781 564 824 rum
585 756 837 822 commovemiui.
871 756 956 833 Quid
978 759 1062 821 enim
1083 765 1195 821 natura
1210 758 1302 822 nobis
1322 757 1506 831 iucundius,
1528 755 1607 841 quid
1622 755 1724 820 carius
1738 777 1806 821 esse

493 853 617 917 voluit?
640 851 715 936 quid
738 858 785 913 est
805 849 946 932 dignius,
968 849 1002 912 in
1023 870 1087 934 quo
1110 853 1213 915 omnis
1234 859 1342 914 nostra
1363 850 1526 932 diligentia
1545 848 1806 934 indulgentiaque

493 947 716 1011 consumatur?
760 939 832 1006 443.
854 945 957 1007 Homo
978 944 1262 1027 importunissime,
1286 966 1343 1009 cur
1362 952 1481 1008 mutam
1495 944 1646 1007 iniuriam
1659 944 1693 1006 P.
1706 945 1807 1009 Annio

492 1049 617 1105 mortuo
638 1039 761 1103 fecisti?
784 1059 841 1102 cur
860 1039 945 1102 hunc
967 1038 1110 1101 dolorem
1131 1039 1232 1101 cineri
1254 1039 1322 1102 eius
1343 1047 1440 1122 atque
1455 1038 1580 1102 ossibus
1595 1038 1754 1114 inussisti,
1773 1046 1808 1102 ut

468 1135 598 1198 tliberis
621 1135 689 1198 eius
710 1132 795 1197 bona
816 1131 933 1217 patria,
955 1128 1119 1195 voluntate
1140 1132 1253 1214 patris,
1276 1133 1361 1208 iure,
1382 1132 1505 1214 legibus
1519 1131 1651 1207 tradita,
1673 1133 1809 1215 eriperes

492 1237 538 1305 et,
560 1230 610 1293 cui
630 1228 689 1292 tibi
711 1234 794 1290 esset
814 1226 1032 1300 commodum,
1057 1226 1278 1289 condonares?
1314 1227 1511 1302 Quibuscum
1526 1225 1591 1289 vivi
1604 1225 1691 1289 bona
1703 1234 1811 1289 nostra

491 1322 659 1407 partimur,
688 1321 727 1386 iis
755 1329 882 1405 praetor
911 1321 1048 1383 adimere
1071 1321 1164 1383 uobis
1186 1321 1317 1384 mortuis
1337 1321 1422 1383 bona
1442 1320 1649 1402 fortunasque
1670 1321 1810 1403 poterit?

489 1418 558 1480 Nnc
584 1436 795 1492 rarrrrousu,
827 1415 948 1500 inquit,
978 1433 1037 1477 440
1059 1434 1286 1478 rossessrouesr
1308 1434 1401 1479 naso.
1443 1414 1567 1496 Eripies
1589 1413 1687 1495 igitur
1705 1413 1811 1496 pupil-

490 1510 539 1574 lae
567 1516 673 1595 togam
702 1512 922 1595 praetextam?
951 1507 1098 1572 detrahes
1127 1518 1310 1572 ornamenta
1339 1529 1404 1572 nen
1432 1509 1534 1571 solum
1557 1507 1720 1582 lorturme,
1755 1507 1809 1571 sed

381 1639 392 1662 .
452 1605 584 1667 toetiam
605 1604 835 1687 ingenuitatis?
877 1603 1027 1667 Miramur
1061 1602 1101 1665 ad
1123 1623 1209 1666 arma
1231 1612 1341 1667 contra
1361 1605 1457 1667 istum
1477 1601 1639 1664 bominem
1661 1601 1811 1684 Lampsa·

489 1718 585 1763 cenos
607 1699 691 1762 isse?
713 1699 864 1761 miramur
884 1698 978 1760 istum
1002 1696 1040 1758 de
1062 1697 1225 1780 provincia
1240 1696 1445 1760 decedentem
1462 1696 1543 1758 clam
1558 1694 1723 1778 Syracusis
1737 1713 1811 1777 pro·

488 1794 631 1877 fugisse?
665 1795 729 1856 Nos
751 1792 778 1856 si
801 1792 937 1856 alienam
959 1791 1060 1854 vicem
1082 1811 1140 1873 pro
1163 1799 1269 1854 nostra
1289 1790 1406 1853 iniuria
1423 1789 1621 1863 doleremus,
1642 1788 1809 1871 vestigium

488 1888 579 1950 istius
609 1888 642 1951 in
673 1886 742 1949 foro
774 1886 898 1949 nullum
928 1892 1012 1949 esset
1032 1885 1186 1948 relictum.
1230 1880 1302 1946 444.
1324 1886 1417 1947 Ρο404
1438 1884 1492 1947 dat
1511 1880 1616 1946 tiliae:
1648 1882 1809 1966 prohibes.

488 1982 588 2064 Leges
617 1981 744 2052 sinunt;
772 1987 876 2043 tamen
905 1988 936 2042 te
958 1980 1144 2062 interponis.
1186 1980 1233 2041 lle
1255 1979 1321 2042 suis
1342 1979 1437 2041 bonis
1458 1979 1503 2040 ita
1524 1978 1594 2052 dat,
1621 1984 1658 2039 ut
1678 1977 1718 2039 ab
1741 1976 1809 2038 iure

450 2084 553 2139 ttnon
582 2076 683 2139 abeat.
726 2074 812 2151 Quid
839 2073 955 2147 habes,
991 2072 1078 2157 quod
1108 2073 1346 2155 reprehendas?
1388 2071 1490 2145 Nihil,
1520 2071 1645 2153 opinor.
1680 2070 1721 2132 44
1750 2088 1808 2151 ego

488 2169 646 2232 concedo:
668 2168 817 2252 prohibe,
840 2168 867 2231 si
888 2175 994 2251 potes,
1018 2169 1045 2231 si
1066 2168 1164 2230 babes
1187 2167 1243 2251 qui
1266 2175 1297 2229 te
1318 2165 1443 2239 audiat,
1466 2164 1493 2227 si
1513 2171 1620 2246 potest
1643 2163 1701 2227 tibi
1724 2162 1809 2225 dicto

487 2262 620 2325 audiens
642 2281 713 2326 esse
735 2261 916 2346 quisquam:
949 2262 1075 2344 Eripias
1098 2269 1133 2323 tu
1153 2260 1348 2323 voluntatem
1369 2258 1519 2334 mortuis,
1540 2258 1626 2321 bona
1639 2256 1736 2332 vivis,
1758 2257 1808 2319 ius

487 2356 659 2420 omnibus?
701 2356 771 2418 Hoc
798 2356 936 2439 populus
964 2357 1124 2418 Romanus
1152 2375 1217 2417 non
1246 2374 1340 2418 manu
1362 2353 1570 2428 vindicasset,
1595 2351 1659 2416 nisi
1680 2359 1712 2416 te
1733 2349 1809 2413 huic

486 2449 622 2533 tempori
646 2456 743 2533 atque
763 2447 839 2511 huic
859 2449 979 2512 iudicio
1002 2451 1219 2512 reservasset?

448 2552 477 2601 ao
570 2544 780 2626 Posteaquam
812 2542 863 2605 ius
890 2543 1084 2627 praetorium
1115 2543 1320 2605 constitutum
1347 2550 1411 2617 est,
1439 2561 1565 2624 semper
1583 2541 1646 2605 hoc
1667 2542 1737 2605 iure
1757 2541 1807 2604 nsi

487 2656 616 2700 sumuss
639 2635 666 2697 si
688 2635 813 2699 tabariae
835 2636 1015 2699 testamenti
1036 2655 1102 2700 non
1124 2636 1358 2720 proferrentur,
1378 2645 1446 2700 tum
1466 2637 1512 2699 uti
1528 2655 1688 2721 quemque
1708 2637 1808 2721 potis·

487 2730 601 2793 simum
622 2727 772 2792 heredem
794 2749 864 2793 esse
886 2736 1063 2812 oporteret,
1085 2731 1113 2793 si
1129 2732 1156 2793 is
1171 2731 1338 2794 intestatus
1354 2738 1496 2795 mortuus
1512 2738 1612 2806 esset,
1636 2731 1681 2795 ita
1696 2751 1809 2795 secuu-

486 2824 563 2886 dum
591 2842 663 2886 eum
688 2825 850 2905 possessio
880 2823 1015 2886 daretur.
1071 2824 1176 2899 Quare
1204 2824 1265 2887 hoc
1295 2825 1335 2888 sit
1365 2825 1609 2908 aequissimum,
1641 2824 1736 2888 facile
1761 2830 1809 2887 est

486 2916 609 2991 dicere,
641 2916 697 2979 sed
716 2915 759 2980 'in
785 2938 819 2981 re
848 2924 911 2980 tam
940 2918 1056 2981 usitata
1083 2919 1159 2981 satis
1189 2927 1237 2981 est
1258 2917 1425 2981 ostendere
1447 2938 1556 2982 omnes
1577 2927 1671 2983 antea
1691 2920 1742 2982 ius
1763 2918 1808 2981 ita

447 3011 605 3075 aodixisse
627 3018 660 3075 et
679 3011 740 3074 boc
762 3019 852 3074 vetus
875 3011 1011 3075 edictum
1034 3012 1326 3094 translaticiumque
1349 3031 1429 3075 esse.
1471 3014 1566 3075 XLV.
1588 3010 1660 3077 445.
1683 3013 1809 3096 Cogno·

486 3104 563 3168 scite
584 3104 722 3169 bominis
744 3104 831 3167 aliud
852 3105 885 3167 iu
907 3113 1063 3169 revetere
1080 3105 1220 3170 edictum
1234 3127 1367 3180 novum,
1390 3114 1422 3170 et
1436 3107 1547 3183 simul,
1569 3107 1645 3170 dum
1660 3104 1808 3171 estunde

484 3198 535 3261 ius
564 3198 656 3261 civile
684 3197 841 3272 discatur,
875 3198 1093 3262 adolescentes
1122 3200 1155 3262 in
1185 3201 1383 3284 disciplinam
1406 3203 1435 3265 ei
1456 3202 1589 3266 tradite:
1622 3202 1737 3265 mirum
1760 3207 1809 3264 est

484 3290 622 3355 bominis
644 3292 821 3373 ingenium,
843 3293 923 3355 mira
944 3293 1122 3374 prudentia.
1166 3294 1324 3357 Minucius
1346 3295 1476 3379 quidam
1498 3304 1641 3360 mortuus
1663 3304 1713 3361 est
1733 3302 1807 3359 ante

484 3385 580 3447 istum
602 3393 797 3467 praetorem:
820 3385 889 3448 eius
911 3394 1135 3450 testamentum
1157 3395 1223 3450 erat
1244 3387 1388 3451 nullum:
1410 3390 1480 3473 lege
1501 3390 1661 3455 hereditas
1676 3390 1716 3454 ad
1732 3409 1808 3474 gen-

447 3485 549 3542 aotem
569 3479 739 3542 Minuciam
761 3480 917 3543 veniebat.
962 3481 995 3543 Si
1017 3481 1180 3545 habuisset
1202 3482 1262 3571 iste
1284 3482 1438 3558 edictum,
1461 3486 1546 3568 quod
1569 3494 1643 3549 ante
1664 3486 1762 3549 istum
1777 3490 1809 3547 et

483 3580 595 3657 postea
623 3592 733 3636 omnes
759 3573 952 3648 habuerunt,
981 3575 1142 3656 possessio
1165 3575 1323 3640 Minuciae
1345 3577 1430 3658 genti
1453 3587 1537 3642 esset
1558 3579 1651 3643 data:
1680 3579 1710 3644 si
1734 3578 1807 3665 quis

485 3674 672 3731 testamento
694 3687 730 3730 se
750 3667 899 3730 heredem
921 3687 991 3731 esse
1012 3667 1231 3743 arbitraretur,
1262 3669 1349 3753 quod
1378 3677 1445 3733 tum
1466 3692 1532 3735 nou
1553 3681 1708 3751 exstaret,
1736 3675 1808 3758 lege

484 3769 592 3845 ageret
612 3762 645 3825 in
666 3760 891 3836 hereditatem3
913 3769 968 3824 aut
989 3780 1047 3843 pro
1069 3761 1186 3843 praede
1208 3762 1275 3824 litis
1296 3762 1502 3826 vindiciarum
1525 3785 1598 3828 cum
1618 3769 1696 3833 satis
1718 3788 1809 3834 acce·

484 3855 600 3936 pisset,
622 3854 828 3935 sponsionem
849 3855 983 3930 faceret,
1005 3856 1048 3917 ita
1063 3856 1103 3917 de
1121 3854 1295 3919 hereditate
1310 3865 1455 3920 certaret.
1476 3859 1561 3935 lloc,
1583 3861 1715 3945 opinor,
1737 3862 1807 3926 iure

447 3954 518 4010 0404
538 3947 674 4010 maiores
696 3950 796 4012 nostri
819 3956 852 4012 et
872 3967 930 4011 nos
953 3968 1077 4031 semper
1099 3950 1149 4012 usi
1171 3969 1290 4012 sumus.
1333 3950 1462 4026 Videte,
1483 3960 1521 4015 ut
1541 3953 1602 4018 hoc
1623 3955 1685 4020 iste
1700 3976 1806 4020 corre·

485 4043 579 4105 xerit.
621 4037 693 4105 446.
727 4042 895 4126 Compouit
923 4041 1062 4105 edictum
1091 4043 1131 4105 iis
1160 4045 1281 4119 verbis,
1309 4050 1346 4109 ut
1373 4045 1477 4128 quivis
1504 4047 1681 4131 intelligere
1701 4051 1808 4136 possi?

535 4311 559 4362 3.
571 4310 810 4373 400044444404444041.
820 4336 847 4347 -
861 4310 885 4361 6.
896 4309 992 4375 eostre]
1006 4317 1116 4373 00404440
1127 4311 1204 4375 agae.
1216 4339 1243 4349 -—
1263 4313 1303 4365 44.
1314 4314 1411 4364 0044004
1421 4316 1456 4364 V:
1474 4329 1525 4365 0044
1535 4318 1581 4367 044.
1591 4317 1620 4368 0.
1634 4316 1808 4384 (4404004444

484 4386 552 4438 rot?
569 4387 615 4451 st.)
635 4415 662 4425 -
682 4386 722 4438 44.
740 4387 785 4452 ito]
803 4387 853 4436 4440
868 4400 909 4452 pr.
922 4388 953 4439 V.
974 4414 1001 4424 -
1020 4388 1060 4438 44.
1078 4388 1230 4438 0044404004
1246 4389 1309 4438 44.-
1326 4391 1508 4452 repraesentas
1523 4391 1553 4444 V.
1572 4419 1600 4429 -—
1617 4393 1658 4455 At]
1675 4395 1710 4446 od
1725 4395 1757 4446 V.
1777 4422 1805 4434 -

487 4464 527 4516 46.
545 4465 624 4515 edicto
640 4464 687 4514 dtt.
713 4462 850 4527 Vulgatam
867 4466 956 4513 tuetur
972 4465 1051 4514 etiem
1068 4463 1151 4513 Prisc.
1169 4464 1199 4512 ll.
1219 4475 1245 4527 p.
1263 4464 1319 4513 444.
1339 4492 1366 4501 -
1386 4467 1425 4515 44.
1444 4467 1577 4529 quisquam
1593 4481 1647 4519 om.
1659 4469 1684 4519 V
1700 4471 1728 4521 et
1743 4471 1805 4523 cod.

486 4540 588 4591 blonec.
607 4540 688 4589 Prisc.
714 4539 790 4589 Extat
806 4552 848 4603 ap.
867 4539 948 4589 Prisc.
967 4538 1073 4589 Kreblii.
1094 4566 1122 4575 -
1145 4539 1250 4588 mortuis
1265 4539 1347 4589 Prisc.
1366 4542 1394 4589 et
1409 4541 1487 4591 codd.
1505 4545 1613 4607 praeter
1627 4544 1659 4607 V,
1677 4545 1725 4608 qui
1739 4559 1808 4597 moe·

486 4618 529 4663 400
544 4612 635 4664 babet.
655 4639 682 4649 -
701 4612 743 4662 49.
761 4613 816 4662 iore
833 4625 886 4664 om.
902 4614 933 4663 V.
959 4614 1043 4664 4404.
1062 4613 1086 4677 5.
1101 4614 1157 4663 444.
1171 4615 1236 4683 extr.
1252 4641 1279 4650 -
1299 4615 1339 4664 44.
1358 4617 1503 4680 40004349.
1518 4644 1545 4654 -
1561 4620 1807 4684 040040404οΜ

487 4701 534 4750 000
545 4689 572 4738 4.
594 4686 628 4738 04.
640 4686 729 4736 Baiter
744 4685 777 4736 ad
795 4688 855 4738 400.
874 4699 900 4751 p.
914 4686 970 4736 490.
991 4715 1018 4726 ·-
1038 4689 1078 4739 44.
1097 4689 1118 4737 44·
1134 4688 1214 4738 444444.
1228 4693 1303 4739 mort.
1320 4694 1379 4739 esset
1395 4703 1534 4755 perperam
1555 4692 1625 4745 delet
1643 4707 1706 4747 cum
1722 4696 1806 4747 lioto-

487 4773 566 4811 44000
580 4761 609 4811 0.
627 4759 661 4810 04.
679 4759 766 4810 Madv.
779 4761 826 4825 0p.
839 4762 859 4812 l.
878 4775 904 4825 p.
917 4761 965 4812 348
977 4776 1017 4826 sq.
1036 4763 1091 4812 Rata
1109 4763 1139 4812 44.
1157 4775 1184 4827 p.
1196 4764 1224 4814 44
1232 4764 1302 4816 -44
1317 4791 1344 4801 -
1363 4767 1491 4817 intestatus
1502 4769 1562 4831 444,
1581 4773 1611 4821 ut
1626 4773 1657 4822 ll.
1677 4772 1701 4837 9.
1715 4771 1757 4823 43.
1770 4771 1806 4824 ad

487 4836 602 4886 Herenn.
619 4836 640 4887 1.
663 4834 687 4899 5.
706 4835 748 4887 43.
771 4850 798 4901 p.
818 4834 919 4887 Cluent.
944 4836 967 4900 ἓ.
986 4838 1050 4888 4444
1076 4840 1191 4888 4444044040
1212 4838 1260 4890 dtt.
1288 4840 1321 4891 ci.
1346 4840 1380 4892 de
1401 4843 1455 4894 inv.
1473 4845 1505 4895 44.
1523 4844 1548 4909 5.
1567 4844 1623 4897 448.
1642 4846 1677 4897 de
1693 4847 1766 4898 0404.
1783 4848 1804 4899 4.

487 4909 511 4975 4.
532 4908 587 4961 483.
608 4935 636 4946 -
654 4909 694 4960 44.
713 4911 794 4961 dicere
809 4910 840 4962 V.
858 4910 890 4960 H.
908 4911 970 4973 ng.
988 4914 1096 4976 praeter
1112 4912 1162 4964 ta:
1180 4913 1266 4964 docere
1282 4915 1311 4965 0.
1327 4941 1354 4950 -
1372 4916 1413 4966 44.
1430 4917 1535 4968 bonotius
1551 4918 1621 4970 0444444
1631 4921 1716 4984 igit:
1734 4920 1806 4971 0444444

486 4985 593 5036 bominis
608 4983 656 5036 dtt.
674 4986 703 5036 0.
724 5012 752 5022 -
770 4985 810 5037 47.
828 4986 856 5035 to
871 4986 966 5049 decipi.
985 4989 1007 5036 44
1023 4988 1092 5051 4349
1109 4988 1190 5039 Prisc.
1208 4990 1239 5038 44.
1258 5002 1285 5054 p.
1304 4991 1376 5041 4444
1396 4993 1460 5042 etin
1476 4994 1535 5044 disc.
1548 4992 1596 5045 dtt.
1609 4993 1639 5044 0.
1655 5020 1682 5031 -
1700 4993 1742 5044 34.
1754 5005 1806 5044 0444

486 5060 599 5111 4404040444
615 5061 696 5111 Prisc.
713 5057 731 5110 l.
749 5058 766 5110 l.
792 5062 826 5111 44
841 5059 874 5111 04.
893 5061 917 5124 fl.
931 5059 987 5113 444.
1001 5063 1058 5113 tir.
1074 5090 1101 5099 —
1120 5062 1160 5113 33.
1178 5063 1228 5113 titis
1242 5066 1410 5117 044444404οΜ0
1421 5067 1498 5118 codd.
1511 5070 1541 5136 4.
1560 5067 1642 5117 Prisc.
1655 5069 1686 5118 u.
1704 5080 1731 5132 p.
1744 5067 1803 5118 aaa.

487 5132 591 5185 Probus
606 5147 634 5199 p.
647 5134 703 5186 448.
722 5135 795 5187 lind.
822 5137 850 5187 ln
868 5137 936 5200 egea
953 5139 1015 5202 post
1030 5138 1080 5188 44444
1096 5138 1216 5188 additur:
1232 5140 1290 5204 44404
1300 5154 1384 5192 osores
1395 5143 1419 5204 (4.
1434 5155 1457 5192 e.
1470 5141 1651 5203 fideiussores)
1665 5141 1802 5205 4444040444».

488 5209 567 5260 Galus
584 5211 611 5260 tn
627 5209 679 5260 bac
695 5209 807 5261 formula
823 5223 933 5275 semper
948 5211 1043 5263 hebet:
1064 5213 1114 5263 44444
1129 5219 1152 5264 04
1167 5214 1235 5264 04044.
1254 5242 1282 5252 -
1306 5215 1346 5268 44.
1364 5217 1456 5279 soem
1471 5222 1495 5270 44
1509 5218 1548 5270 ito
1563 5216 1624 5269 ced.
1642 5217 1699 5272 Urs.
1718 5218 1755 5283 404
1769 5217 1802 5281 A,

486 5286 576 5350 recte,
593 5285 697 5352 opinor.
714 5285 795 5351 Bur.)
813 5310 841 5324 ·-
857 5289 969 5338 04440404
984 5286 1045 5340 cod.
1063 5289 1120 5341 Urs.
1139 5314 1167 5328 -
1185 5289 1227 5342 34.
1239 5295 1323 5354 point
1336 5292 1413 5355 aare.
