4367 6109
381 649 382 652 =
488 602 552 670 370
858 605 901 668 iit
920 604 1087 668 venanti
1108 601 1231 668 ACTlO
1254 601 1438 667 SECUNDA

487 777 564 853 bus,
596 774 722 839 revellit
747 778 846 857 ¹atque
867 772 1012 846 abstulit;
1046 778 1078 834 et
1098 779 1203 835 tamen
1225 771 1377 835 indicavit
1398 790 1433 834 se
1455 768 1648 833 nonsolum
1671 763 1819 852 artifieio,

486 873 543 936 sed
564 871 659 935 etiam
679 867 780 952 pretio
802 873 998 951 quaestuque
1021 865 1104 928 duci.
1133 867 1212 929 Nam
1233 865 1337 928 bullas
1359 884 1470 928 aureas
1493 883 1605 928 omnes
1626 882 1671 926 ex
1693 861 1735 926 iis
1753 860 1821 925 val·

485 967 548 1041 vis,
576 982 658 1049 quae
685 967 775 1024 erant
801 959 919 1024 multae
941 967 972 1021 et
997 979 1123 1042 graves,
1158 979 1223 1023 non
1245 958 1402 1023 dubitavit
1422 957 1563 1033 auterre,
1597 976 1735 1043 quarum
1758 954 1819 1019 iste

484 1081 549 1124 non
569 1077 664 1141 opere
686 1055 911 1128 delectabatur,
936 1053 992 1116 sed
1014 1052 1166 1137 pondere.
1210 1055 1320 1138 ltaque
1343 1054 1412 1115 eius
1434 1051 1520 1116 modi
1542 1052 1649 1116 valvas
1672 1049 1818 1134 reliquit,

461 1162 535 1228 sut,
563 1157 654 1235 quae·
674 1148 751 1213 olim
777 1149 819 1212 ad
852 1146 1028 1211 ornandum
1050 1148 1203 1230 templum
1225 1153 1315 1211 erant
1336 1148 1490 1221 maxime,
1520 1166 1604 1209 nuno
1626 1152 1756 1209 tantum
1778 1142 1817 1207 ad

484 1244 693 1309 claudendum
707 1241 807 1305 hetae
823 1261 894 1305 esse
908 1240 1084 1305 videantur.
1127 1236 1199 1304 445.
1220 1242 1365 1304 Etiamne
1381 1241 1555 1324 gramineas
1569 1241 1679 1303 hastas
1693 1271 1739 1287 -
1750 1236 1816 1301 vidi

484 1340 569 1403 enim
590 1356 647 1400 vos
669 1337 703 1399 in
725 1335 786 1398 hoc
801 1335 946 1408 nomine,
968 1355 1038 1398 cum
1054 1336 1144 1398 testis
1160 1336 1288 1408 diceret,
1311 1336 1511 1409 commoveri,
1535 1333 1622 1417 quod
1636 1339 1731 1398 eraut
1746 1332 1817 1395 eius

483 1431 584 1505 modi,
606 1438 642 1493 ut
662 1430 759 1494 semel
781 1430 898 1493 vidisse
920 1429 995 1491 satis
1018 1437 1119 1503 esset3
1142 1429 1176 1491 in
1199 1429 1315 1513 quibus
1336 1449 1441 1512 neque
1461 1449 1556 1492 manu
1577 1427 1697 1492 factum
1721 1425 1817 1512 quid·

484 1545 593 1609 qum,
621 1543 727 1607 neque
749 1522 951 1607 pulchritudo
974 1529 1041 1585 erat
1061 1523 1145 1596 ulla,
1179 1523 1235 1586 sed
1257 1531 1377 1586 tantum
1399 1523 1581 1604 magnitudo
1603 1520 1815 1596 incredibilis,

447 1641 476 1688 ⁴0
484 1618 523 1680 de
546 1638 609 1701 qua
630 1618 680 1681 vel
702 1616 812 1680 audire
836 1616 911 1678 satis
934 1625 1033 1690 esset,
1055 1616 1189 1679 nimium
1210 1617 1316 1679 videre
1337 1616 1409 1698 plus
1428 1635 1524 1699 quam
1545 1617 1700 1680 semel-
1716 1616 1815 1680 etiam

483 1711 516 1774 id
538 1711 739 1794 concupisti?
783 1711 876 1773 LVll.
898 1712 976 1773 Nam
999 1711 1144 1793 Sappho,
1175 1731 1255 1794 quae
1282 1711 1404 1774 sublata
1427 1708 1467 1773 de
1496 1712 1641 1794 prytanio
1665 1720 1730 1788 est,
1762 1710 1818 1775 dat

483 1805 541 1869 tibi
572 1805 687 1870 iustam
716 1805 970 1879 exeusationem,
998 1825 1097 1888 prope
1127 1813 1162 1868 ut
1190 1803 1429 1868 concedendum
1458 1810 1555 1888 atque
1584 1803 1817 1888 ignoscendum

484 1919 554 1964 esse
583 1899 738 1964 videatur.
781 1894 854 1961 iao.
884 1898 1055 1962 Silanionis
1079 1918 1160 1980 opus
1183 1906 1246 1962 tam
1268 1897 1460 1981 perfectum,
1489 1907 1554 1962 um
1575 1899 1722 1984 elegans,
1750 1906 1817 1962 tam

484 1994 678 2058 elaboratum
712 1993 880 2077 quisquam
910 2013 974 2055 non
1002 1993 1096 2055 modo
1121 1994 1278 2076 privatus,
1311 1992 1367 2056 sed
1397 1993 1533 2074 populus
1555 1995 1660 2077 potius
1681 1993 1818 2058 baberet

447 2107 579 2173 isquam
600 2086 697 2150 homo
721 2086 972 2169 elegantissimus
992 2095 1088 2170 atque
1104 2086 1351 2160 eruditissimus,
1374 2088 1510 2149 Verres?
1532 2088 1686 2152 Nimirum
1702 2094 1819 2152 nonna

484 2181 546 2245 dici
568 2181 648 2244 nihil
669 2188 783 2264 potest.
817 2181 964 2243 Nostrum
987 2181 1070 2243 enim
1093 2200 1176 2243 unus
1194 2180 1340 2264 quisque,
1364 2180 1418 2263 qui
1440 2188 1504 2242 tam
1522 2181 1617 2256 beati,
1640 2201 1738 2265 quam
1754 2180 1817 2245 iste

483 2284 547 2351 est,
579 2296 646 2339 non
679 2294 803 2348 sumus,
836 2282 899 2336 tam
930 2273 1055 2336 delicati
1082 2293 1241 2337 essenon
1270 2294 1454 2357 possumus,
1490 2276 1518 2338 si
1541 2274 1669 2358 quando
1690 2273 1817 2358 aliquid

482 2370 574 2434 istius
595 2370 681 2433 modi
702 2369 812 2433 videre
834 2368 934 2443 volet,
958 2374 1009 2430 eat
1030 2368 1069 2429 ad
1092 2368 1202 2429 aedem
1217 2368 1408 2442 Felicitatis,
1430 2369 1469 2431 ad
1491 2377 1732 2434 mouumentum
1757 2368 1819 2432 Ca·

482 2465 557 2540 tuli,
579 2466 612 2527 in
635 2463 790 2547 porticum
811 2462 948 2538 Metelli;
971 2461 1025 2524 det
1046 2481 1192 2544 operam,
1214 2471 1250 2524 ut
1272 2462 1452 2525 admittatur
1473 2461 1507 2525 in
1522 2462 1657 2528 alicuius
1679 2464 1817 2526 istorum

446 2558 712 2632 soTuseulanum3
734 2564 857 2640 spectet
876 2554 979 2619 forum
1002 2562 1164 2630 ornatum,
1187 2557 1213 2618 si
1236 2555 1313 2640 quid
1335 2556 1394 2618 iste
1410 2576 1538 2619 suorum
1552 2556 1712 2622 aedilibus
1728 2576 1819 2621 com·

482 2652 631 2717 modarit:
654 2653 768 2715 Verres
789 2651 868 2714 haec
889 2649 1004 2712 habeat
1026 2649 1127 2725 domi,
1149 2650 1264 2713 Verres
1279 2651 1470 2731 ornamentis
1484 2649 1629 2713 fanorum
1644 2659 1743 2735 atque
1758 2670 1818 2734 op-
1843 2646 1852 2668 ‘

481 2747 628 2832 pidorum
648 2746 763 2809 habeat
783 2745 909 2829 plenam
933 2745 1079 2818 domum,
1101 2744 1193 2808 villas
1215 2746 1356 2808 refertas.
1393 2745 1539 2808 Etiamne
1560 2744 1654 2809 huius
1676 2746 1818 2831 operarii

482 2841 586 2905 studia
607 2860 643 2903 ac
666 2840 811 2914 delicias,
839 2839 976 2913 iudices,
1003 2837 1191 2921 perferetis?
1219 2840 1273 2923 qui
1302 2840 1346 2902 ita
1373 2845 1483 2912 natus,
1513 2839 1556 2902 ita
1578 2839 1734 2903 educatus
1756 2849 1817 2914 est,

481 2934 526 2997 ita
547 2934 648 2996 factus
677 2941 709 2997 et
738 2934 844 2996 animo
867 2941 900 2996 et
920 2953 1063 3015 corpore,
1097 2939 1133 2994 ut
1154 2933 1252 2996 multo
1275 2932 1450 3015 appositior
1470 2931 1510 2994 ad
1531 2932 1681 3009 ferenda,
1716 2951 1816 3018 qnam

444 3028 522 3098 ssad
543 3025 716 3090 auferenda
738 3027 827 3109 signa
849 3046 919 3089 esse
934 3026 1087 3090 videatur.
1122 3021 1193 3088 iai.
1214 3029 1319 3109 Atque
1334 3025 1412 3088 haee
1427 3025 1555 3108 Sappho
1571 3026 1695 3089 sublata
1710 3044 1817 3110 quan-

481 3129 547 3185 tum
569 3120 760 3185 desiderium
781 3121 830 3184 sui
851 3120 1030 3204 reliquerit,
1054 3121 1116 3183 diei
1139 3121 1194 3182 vix
1214 3126 1329 3205 potest.
1358 3122 1437 3183 Nam
1459 3140 1529 3183 cum
1552 3120 1621 3203 ipsa
1641 3119 1701 3183 fuit
1723 3140 1818 3203 egro·

481 3216 532 3299 gie
553 3214 650 3290 iacta,
672 3221 737 3278 tum
760 3215 951 3298 epigramma
972 3214 1124 3278 Graecum
1146 3214 1311 3297 pernobile
1331 3214 1465 3277 incisum
1488 3215 1591 3276 estin
1611 3214 1698 3288 basi,
1722 3213 1816 3299 quod

480 3309 540 3373 ists
563 3309 705 3373 eruditus
726 3307 821 3371 homo
850 3315 882 3371 et
904 3308 1089 3383 Graeculus,
1120 3309 1174 3391 qui
1204 3308 1282 3371 haec
1303 3306 1461 3370 subtiliter
1481 3307 1614 3383 iudicat,
1646 3307 1701 3391 qui
1724 3307 1815 3372 solus

481 3401 643 3485 intelligit,
665 3402 693 3466 si
714 3421 810 3466 unam
831 3402 966 3465 litteram
988 3401 1139 3465 Graecam
1161 3403 1292 3477 scisset,
1315 3408 1400 3465 certe
1418 3421 1482 3465 una
1496 3402 1686 3466 sustulisset.
1720 3403 1816 3466 Nunc

548 3673 572 3722 4.
590 3672 612 3721 ss'
627 3685 678 3721 ooo
694 3673 729 3731 R;
747 3684 773 3721 se
788 3683 841 3720 om.
854 3671 933 3734 Lagg.
948 3696 975 3706 -
995 3674 1020 3722 4.
1038 3673 1080 3722 sed
1090 3679 1113 3723 44
1130 3670 1155 3723 i.
1169 3698 1196 3708 -
1216 3684 1299 3722 omnes
1315 3684 1407 3720 coreas
1423 3671 1456 3720 Gi
1472 3672 1499 3721 et
1514 3672 1592 3736 Lagg.
1607 3674 1716 3737 praeter
1727 3672 1770 3725 44.
1784 3698 1813 3710 -

480 3747 512 3796 iis
528 3748 563 3798 it:
581 3747 619 3797 ists
635 3747 670 3805 ος
697 3758 750 3796 om.
770 3746 847 3808 4349.
873 3773 895 3782 -
915 3746 939 3795 3.
957 3747 1051 3797 maim
1068 3746 1178 3800 asia:
1207 3754 1230 3798 et
1249 3748 1343 3797 multoe
1359 3747 1423 3797 dett.
1443 3748 1472 3796 0.
1497 3773 1524 3781 -
1549 3748 1573 3796 44.
1592 3760 1714 3799 mamm
1730 3749 1761 3799 44.
1782 3775 1812 3785 -

482 3823 506 3872 6.
525 3823 672 3872 eludendum
688 3823 769 3875 uoti
788 3821 934 3870 studendum
950 3822 987 3871 Gi
1005 3822 1052 3872 Ld.
1072 3850 1099 3859 ·-
1120 3826 1143 3875 i.
1163 3826 1188 3874 irs
1204 3824 1249 3874 boc
1264 3824 1363 3872 nomine
1379 3822 1432 3872 443ι
1455 3822 1482 3870 in
1498 3822 1543 3871 hoc
1559 3836 1609 3872 oon
1624 3824 1727 3874 minime
1743 3823 1813 3874 dett.

482 3899 554 3949 illst:
573 3900 599 3949 iu
617 3898 668 3948 hoc
686 3897 791 3947 nomine
809 3895 911 3946 insolito
923 3897 1057 3947 hastarum
1069 3901 1264 3961 graminearum
1277 3899 1312 3960 iat
1323 3897 1383 3947 vide
1394 3898 1497 3961 Zumpt.
1511 3912 1534 3931 =
1547 3898 1573 3947 in
1587 3897 1637 3949 hac
1650 3912 1694 3960 re,
1714 3899 1740 3949 in
1758 3899 1815 3949 hoe

481 3972 558 4034 ioco).
584 3971 767 4036 intelliguntur
783 3971 926 4022 arundines
939 3972 1060 4023 indicae:
1079 3975 1257 4024 Rambusrobr.
1279 3972 1345 4022 Vide
1357 3974 1393 4022 sis
1405 3973 1491 4022 Garat.
1505 3971 1539 4021 ad
1551 3970 1639 4023 Plane.
1653 3987 1678 4039 p.
1692 3972 1750 4024 464.
1765 3971 1812 4024 ed.

482 4042 615 4100 nostra'o.»
629 4050 673 4099 Or.
688 4049 737 4097 i.-
759 4047 825 4097 testis
836 4048 926 4096 44444444
938 4048 987 4097 RS:
1005 4053 1075 4098 testes
1086 4049 1194 4099 44444444
1205 4048 1269 4098 dett.
1283 4049 1312 4098 0.
1332 4047 1455 4098 «Etiamsi
1472 4046 1562 4111 piures
1575 4049 1653 4100 unius
1669 4049 1708 4099 rei
1726 4048 1813 4098 testes

482 4126 587 4184 essent,
609 4121 752 4173 verisimile
775 4124 817 4172 est
834 4134 916 4172 unum
937 4135 1029 4172 eorum
1047 4122 1132 4173 soium
1150 4137 1210 4174 esse
1227 4120 1357 4180 locutum,
1379 4127 1425 4172 aut
1442 4124 1514 4172 certe
1532 4121 1647 4184 iudices,
1670 4121 1735 4173 dum
1755 4121 1813 4186 pri·

482 4212 556 4250 mum
574 4202 670 4250 testem
688 4196 823 4257 audirent,
843 4200 991 4247 commotos
1008 4210 1068 4249 esse
1086 4201 1216 4262 oportuit,
1235 4211 1296 4248 eum
1314 4200 1396 4249 ceteri
1414 4200 1504 4262 postea
1522 4197 1584 4248 nihii
1603 4209 1701 4249 novum
1719 4197 1813 4261 adter-

480 4276 549 4324 rent.
575 4275 645 4324 Vere
667 4274 756 4336 itaque
777 4285 834 4322 eum
856 4273 921 4321 testis
937 4273 1053 4322 diceret.»
1078 4272 1170 4322 Girir.
1190 4274 1221 4322 ii.
1245 4301 1272 4309 -
1297 4279 1369 4322 erum
1391 4272 1469 4322 dett:
1496 4278 1551 4322 oroi
1568 4271 1617 4333 443,
1636 4271 1717 4336 4349,
1736 4270 1812 4336 quod

481 4348 610 4398 mendum
627 4346 848 4410 retinuit,iiioiz.;
875 4348 960 4409 agitur
976 4351 1066 4397 eutem
1084 4346 1118 4397 de
1136 4349 1219 4398 basiis
1235 4350 1386 4412 gramineis.
1407 4374 1434 4382 -
1456 4349 1576 4398 eimmodi
1592 4346 1642 4399 RS:
1669 4346 1814 4398 badwmodi

482 4422 546 4473 (4444.
566 4423 594 4472 0.
616 4448 643 4459 -
663 4423 702 4473 49.
722 4424 828 4473 etiamne
843 4421 908 4472 dett.
927 4422 955 4471 0.
976 4448 1004 4457 —
1024 4424 1063 4473 44.
1080 4423 1215 4485 paratonio
1231 4425 1266 4480 iu
1290 4424 1423 4486 pitirtcneo
1440 4423 1501 4481 Ld.;
1523 4428 1647 4485 protenso
1663 4426 1710 4474 ott.
1729 4424 1760 4475 0.
1781 4449 1810 4460 -

481 4498 521 4548 44.
541 4502 617 4559 cique
632 4502 660 4547 ot
675 4498 768 4561 iocoso.
787 4497 851 4548 dett.
873 4524 899 4534 -
920 4497 959 4547 43.
977 4510 1026 4547 csse
1043 4511 1097 4549 om.
1116 4499 1194 4561 4349.
1208 4524 1235 4532 -
1254 4499 1291 4548 Μ.
1304 4501 1365 4549 ante
1383 4499 1463 4547 Siloa.
1477 4496 1578 4548 habent
1588 4497 1654 4550 dett.
1669 4526 1697 4537 ·-
1717 4500 1759 4550 445.
1771 4501 1814 4552 iss·

481 4573 662 4637 aquatissimo-s
679 4574 707 4622 44.
728 4599 755 4609 -
776 4573 815 4623 47.
835 4576 870 4622 eat
885 4585 938 4622 om.
958 4573 1035 4636 4349.
1056 4601 1083 4608 -
1103 4574 1194 4636 aliquit
1210 4573 1238 4622 44.
1260 4600 1287 4609 -
1310 4573 1349 4623 48.
1368 4578 1409 4623 ent
1425 4585 1479 4623 om.
1498 4573 1542 4624 443.
1564 4600 1591 4610 -
1610 4573 1651 4625 iti.
1669 4574 1696 4623 io
1709 4575 1814 4638 peritos

481 4648 559 4712 bagg.
578 4649 686 4712 praeter
702 4647 742 4697 so.
757 4674 784 4683 -
803 4648 844 4699 49.
862 4646 1058 4713 sorumleomm
1075 4651 1153 4712 Legg.
1169 4676 1196 4686 -
1214 4649 1235 4697 st
1252 4649 1305 4711 quii
1322 4650 1340 4698 44
1360 4650 1382 4698 4.
1397 4662 1432 4699 m.
1448 4675 1476 4685 -
1495 4647 1669 4709 mesimeri..
1688 4649 1769 4714 4349.
1782 4676 1810 4687 -

481 4725 646 4774 conmodcrit
662 4724 730 4773 44444
747 4723 809 4773 bd:
836 4725 1044 4774 commandaverit
1059 4725 1110 4781 ui;
1129 4724 1325 4773 occmomodnuit
1341 4723 1420 4783 dett.;
1439 4724 1633 4774 accommodarit
1649 4723 1719 4787 4349
1730 4724 1761 4775 0.
1782 4752 1810 4763 -

481 4798 522 4848 44.
541 4804 717 4848 ornamentum
728 4798 773 4847 443.
793 4825 816 4835 -
834 4800 875 4849 44.
895 4801 997 4861 operari·
1008 4801 1036 4849 44.
1051 4827 1078 4836 -
1100 4800 1139 4850 43.
1158 4801 1196 4850 ito
1211 4804 1286 4849 octos
1302 4805 1337 4851 ost
1352 4801 1390 4849 s'tn
1405 4802 1525 4851 educatus
1535 4801 1572 4849 s'to
1584 4800 1648 4849 dett.
1664 4827 1691 4835 -
1710 4797 1752 4850 44.
1767 4799 1814 4850 od·

477 4873 584 4935 posittor
600 4873 629 4922 44.
650 4899 677 4909 -
694 4872 798 4935 suendo
815 4872 850 4922 443
869 4874 938 4935 (Bali.
957 4888 983 4938 p.
996 4873 1061 4937 33.);
1079 4875 1212 4938 deforma
1228 4874 1335 4926 detta.
1351 4903 1378 4911 -
1398 4876 1437 4926 46,
1457 4889 1513 4925 mem
1524 4874 1560 4926 443
1571 4874 1654 4938 43494
1673 4879 1726 4924 son
1743 4872 1811 4927 aete

483 4973 511 4984 -
534 4960 588 5011 egr.
613 4946 684 5009 socio
706 4946 756 5009 suit
780 4960 833 4997 om.
857 4949 912 5010 ipso
929 4948 1006 5011 eges.
1028 4976 1053 4985 -
1075 4949 1117 4998 47,
1136 4953 1172 4999 est
1188 4949 1224 4999 443
1235 4946 1266 4999 l:
1292 4948 1377 4999 babuit
1398 4949 1462 5000 dett.
1481 4952 1510 5000 0.
1539 4977 1566 4987 -
1593 4950 1634 5000 48.
1653 4950 1713 5000 baec
1729 4951 1811 5015 Lagg.

482 5033 593 5072 omnes:
611 5019 658 5069 boo
674 5021 710 5072 443
727 5020 775 5072 soii
793 5037 826 5074 ox
843 5026 919 5074 notis.
947 5024 1171 5088 frequentissima
1188 5027 1230 5075 est
1245 5024 1341 5075 horum
1358 5038 1401 5075 vv.
1420 5027 1446 5075 in
1464 5025 1541 5076 codd.
1560 5026 1732 5077 commutatio
1749 5038 1814 5092 pro-

482 5155 544 5218 pter
560 5154 635 5204 notas
651 5100 681 5203 bh
698 5156 725 5205 et
740 5102 770 5204 hoc
785 5169 812 5205 v.
831 5154 855 5218 5.
875 5154 930 5205 436.
954 5180 979 5190 -
1009 5154 1049 5206 49.
1068 5159 1203 5206 coruom.
1221 5156 1300 5219 bagg.
1318 5158 1426 5220 praeter
1442 5157 1489 5218 49,
1507 5158 1536 5207 0.
1556 5183 1584 5194 -
1606 5170 1660 5207 stan
1674 5157 1814 5209 residisset

482 5227 619 5287 Herelius:
636 5241 687 5278 ooo
703 5229 837 5279 misisset
853 5228 931 5279 codd.
951 5231 985 5286 0;
1003 5229 1138 5280 sustulisset
1154 5232 1242 5281 Garat.
1255 5231 1323 5280 coni.
1342 5230 1419 5295 prob.
1438 5231 1523 5282 idedu
1539 5245 1566 5297 p.
1578 5233 1619 5284 444
1637 5232 1732 5284 Kahnt.
1745 5234 1813 5284 bai-

483 5304 591 5356 madvv.
610 5302 679 5354 criti.
697 5316 724 5368 p.
743 5304 784 5355 ta.
814 5302 852 5355 ct.
876 5304 956 5355 edom
977 5302 1011 5354 de
1030 5303 1058 5354 ir.
1075 5303 1092 5355 i.
1112 5303 1216 5357 welch.
1233 5304 1364 5357 Emendd.
1382 5307 1437 5356 tir.
1454 5318 1482 5370 p.
1499 5305 1557 5358 4444.
1581 5307 1638 5358 iiaa
1653 5307 1685 5359 ii.
1702 5319 1732 5373 p.
1749 5306 1810 5360 tw.
