4367 6109
798 591 871 656 Gir.
893 592 1112 660 iim-xiv.
1140 590 1197 679 85.
1218 588 1366 659 36-43.
1693 592 1734 660 83

417 762 452 826 in
480 767 635 837 mentem,
664 760 881 844 repromisisse
910 762 1065 826 Fannium
1086 764 1218 842 Roscio,
1248 765 1275 830 si
1298 764 1377 851 quid
1399 784 1418 829 a
1438 763 1547 829 Flavio
1569 764 1734 848 exegisset,

417 856 488 919 eius
511 862 634 938 partem
656 855 834 932 dimidiam,
856 854 911 918 sed
933 858 1061 920 omnino
1083 860 1225 943 exegisse
1241 859 1330 923 nibil.
1358 858 1466 935 Quidt
1488 867 1523 923 tu
1535 880 1601 924 non
1615 860 1735 924 exitum

417 951 612 1026 exactionis,
641 952 696 1014 sed
724 951 851 1015 initium
880 951 1136 1033 repromissionis
1164 961 1307 1036 spectare
1335 953 1447 1016 debes:
1479 973 1599 1038 neque,
1631 954 1658 1017 si
1679 953 1735 1017 ille

417 1045 570 1128 persequi
592 1044 709 1119 noluit,
732 1063 797 1106 non
819 1045 907 1128 quod
928 1045 962 1106 in
983 1064 1017 1107 se
1038 1043 1099 1107 init
1120 1046 1286 1120 iudicavit,
1315 1046 1465 1110 Roscium
1486 1067 1576 1122 suas,
1596 1068 1661 1111 non
1683 1067 1735 1111 sc·

417 1139 542 1202 cietatis
564 1137 635 1200 lites
656 1137 839 1202 redemisse.
874 1139 976 1216 Quid,
998 1139 1024 1202 si
1047 1139 1174 1201 tandem
1193 1137 1324 1220 planum
1337 1137 1436 1215 facio,
1457 1149 1529 1222 post
1542 1130 1735 1205 decisionem
1757 1153 1773 1200 t

416 1239 556 1295 veterem
577 1230 701 1305 Roscii,
722 1241 795 1314 post
814 1232 1093 1315 repromissionem
1114 1240 1272 1294 recentem
1286 1232 1369 1294 banc
1382 1232 1510 1309 Fannii,
1532 1234 1593 1298 iis
1608 1253 1735 1296 cccrueo

416 1326 574 1389 Fannium
594 1344 615 1388 a
636 1324 674 1403 Q.
696 1324 824 1401 Flavio,
846 1326 980 1408 Panurgi
996 1327 1125 1390 nomine
1139 1325 1327 1390 abstulisse:
1351 1331 1457 1391 tamen
1470 1326 1589 1393 diutius
1602 1329 1735 1393 illudere

416 1420 477 1484 viri
499 1420 611 1504 optimi
634 1419 858 1484 existimationi
883 1418 934 1505 [Q.
949 1417 1068 1504 lloscii]
1091 1420 1245 1485 audebit?

502 1516 587 1577 xiv.
608 1510 660 1577 40.
681 1514 780 1577 Paulo
802 1523 874 1577 ante
896 1515 1099 1599 quaerebam,
1132 1516 1165 1578 id
1187 1515 1273 1599 quod
1295 1511 1498 1579 vehementer
1517 1518 1556 1581 ad
1577 1539 1645 1583 rem
1665 1537 1737 1601 per·

417 1609 554 1683 tinebat,
577 1626 641 1692 qua
663 1607 703 1670 de
719 1607 967 1684 caesarianus,
990 1631 1061 1673 cum
1076 1609 1116 1672 dc
1130 1616 1196 1673 tota
1209 1607 1265 1672 lite
1279 1607 1399 1673 faceret
1415 1610 1610 1693 pactionem,
1631 1623 1774 1696 nequeto

418 1702 495 1766 satis
523 1700 682 1782 acciperet
707 1720 727 1763 a
753 1700 886 1785 Roscio,
914 1722 1020 1786 neque
1047 1702 1167 1766 indicio
1200 1703 1418 1769 absolveretur
1439 1724 1459 1769 a
1478 1706 1619 1769 Fannio:
1652 1728 1736 1771 nunc

416 1816 509 1871 vero,
536 1794 570 1858 id
593 1793 679 1878 quod
701 1794 815 1857 mirum
838 1803 870 1858 et
892 1795 1076 1860 incredibile
1099 1803 1161 1873 est,
1194 1799 1340 1883 requiro,
1375 1819 1472 1885 qiam
1493 1799 1636 1876 obrem,
1664 1821 1736 1864 cum

417 1887 457 1952 de
478 1894 547 1952 tota
567 1908 602 1951 re
624 1888 795 1953 decidisset
816 1909 886 1952 cum
909 1891 1042 1966 Roscio,
1064 1892 1124 1956 fle
1147 1911 1275 1953 coerano
1298 1895 1467 1976 separatim
1480 1894 1601 1958 Fannio
1623 1894 1737 1958 dissol-

415 1983 508 2046 verit.
549 1983 618 2046 lloc
649 1981 737 2059 loco,
767 1983 888 2057 Saturi,
917 1983 995 2067 quid
1025 2005 1118 2067 pares
1145 1986 1354 2069 respondere,
1388 1987 1468 2051 scire
1490 1987 1600 2073 cupio:
1631 1996 1737 2051 utrum

417 2077 549 2141 omnino
575 2076 731 2141 Fannium
762 2077 911 2142 aFlavio
933 2078 993 2142 fle
1016 2099 1143 2141 occiano
1165 2099 1231 2143 non
1252 2080 1436 2156 abstulisse,
1462 2101 1504 2145 an
1525 2082 1589 2146 alio
1610 2081 1775 2145 nominato

417 2179 449 2237 ct
469 2172 534 2237 alia
554 2174 595 2236 de
618 2191 714 2236 causa
736 2173 925 2237 abstulisset
970 2169 1021 2237 li.
1044 2174 1078 2238 Si
1099 2174 1162 2238 alia
1185 2172 1224 2237 de
1246 2194 1356 2239 causa:
1382 2194 1466 2260 quae
1485 2176 1567 2240 ratio
1588 2174 1645 2238 tibi
1666 2194 1739 2239 cum

415 2285 455 2330 eo
475 2267 722 2331 intercesserat?
755 2267 858 2330 Nulla.
891 2266 1043 2331 Addictus
1066 2276 1133 2332 erat
1153 2267 1235 2331 tibit
1266 2270 1347 2331 Non.
1381 2259 1511 2333 Fnrstda
1524 2275 1650 2353 tempus
1664 2287 1740 2331 con·

415 2367 496 2425 tero.
528 2359 684 2436 Omnino,
707 2360 827 2445 iuquit,
850 2360 909 2424 HS
932 2379 1062 2423 occisae
1085 2361 1226 2425 aFlavio
1240 2382 1307 2425 non
1322 2361 1465 2438 abstulit,
1487 2382 1591 2448 neque
1602 2361 1740 2446 Panurgi

414 2454 547 2518 nomine
568 2475 674 2538 neque
697 2455 895 2539 cuiusquam.
931 2458 963 2520 Si
985 2457 1115 2539 planum
1137 2455 1237 2531 facio,
1264 2456 1439 2539 posthanc
1460 2464 1619 2521 recentem
1641 2455 1740 2539 stipu-

415 2547 568 2613 lationem
590 2548 696 2612 lloscii
718 2548 778 2612 Ha·
802 2568 929 2611 acernen
951 2571 970 2615 a
991 2551 1100 2614 Flavio
1121 2557 1154 2614 te
1174 2551 1363 2628 abstulisse,
1384 2552 1540 2636 numquid
1554 2570 1667 2615 causac
1682 2556 1777 2624 estio

416 2643 497 2725 quin
519 2643 558 2707 ab
580 2641 699 2706 iudicio
721 2644 815 2707 abeas
837 2645 1018 2727 turpissime
1039 2645 1166 2708 victus?
1202 2641 1253 2708 42.
1277 2645 1349 2721 Quo
1371 2651 1450 2709 teste
1472 2645 1569 2729 igitur
1588 2644 1650 2707 boc
1673 2643 1741 2726 pls·

417 2756 495 2799 num
517 2735 658 2799 faciam?
694 2739 843 2815 Venerat,
872 2748 908 2804 ut
929 2742 1058 2826 opinor,
1087 2741 1166 2803 baec
1188 2737 1293 2802 resin
1315 2738 1478 2802 iudicium.
1522 2738 1623 2802 Certe.
1659 2737 1740 2813 Quis

415 2838 485 2894 erat
505 2831 649 2915 petitor?
672 2832 820 2897 Fannius.
865 2835 944 2911 Quis
966 2836 1060 2898 reus?
1086 2831 1223 2897 Flavius.
1266 2831 1346 2908 Quis
1367 2833 1486 2897 iudex?
1509 2833 1649 2897 Cluvius.
1690 2834 1741 2896 Ex

415 2923 467 2989 his
487 2945 573 2989 unns
597 2925 675 2989 mibi
698 2927 787 2991 testis
810 2935 857 2990 est
877 2929 1117 3012 producendus,
1140 2928 1196 3012 qui
1218 2929 1386 3010 pecuniam
1409 2927 1513 2992 datam
1534 2928 1627 2991 dicat.
1660 2925 1740 3002 Quis

416 3027 467 3084 est
488 3040 529 3084 ex
550 3019 602 3084 his
625 3020 851 3104 gravissimus?
884 3022 959 3085 Sine
980 3023 1213 3098 controversia,
1236 3022 1291 3106 qui
1307 3022 1448 3086 omnium
1462 3021 1581 3086 iudicio
1595 3038 1778 3104 compro-tt

415 3113 508 3180 batus
530 3124 588 3179 est.
634 3115 737 3191 Quem
758 3116 854 3198 igitur
876 3136 916 3180 ex
936 3118 987 3181 bis
1009 3117 1109 3180 tribus
1132 3137 1151 3180 a
1172 3137 1222 3179 me
1245 3124 1356 3180 testem
1370 3115 1594 3200 exspectabis?
1622 3115 1740 3178 Petito-

415 3213 509 3275 remt
540 3211 681 3274 Fannius
704 3215 767 3272 est:
790 3217 900 3274 contra
921 3231 955 3274 se
977 3231 1150 3294 numquam
1173 3211 1389 3274 testimonium
1404 3211 1497 3275 dicet
1528 3208 1648 3271 Renm‘l
1669 3208 1741 3272 Fla·

414 3305 486 3370 rins
509 3311 568 3369 est.
611 3304 642 3367 ls
663 3304 726 3366 iam
746 3306 870 3389 pridem
894 3313 941 3368 est
962 3314 1114 3369 mortuus.
1151 3305 1184 3368 Si
1206 3304 1343 3378 viveret,
1367 3304 1464 3368 verba
1485 3303 1554 3366 eius
1575 3302 1739 3366 audiretis.

416 3399 580 3464 iudicent
615 3398 744 3462 Cluvius
779 3407 836 3462 est.
879 3398 966 3475 Quid
997 3399 1025 3462 is
1055 3397 1157 3462 dicit?
1201 3397 1261 3461 Hb*
1288 3415 1417 3459 cccruau
1444 3394 1581 3478 Panurgi
1611 3396 1740 3459 nomine

415 3496 560 3562 Flavium
573 3495 694 3559 Fannio
716 3492 910 3557 dissolvisse.
940 3492 1043 3569 Quem
1064 3499 1099 3556 tu
1121 3491 1148 3555 si
1172 3511 1213 3556 ex
1234 3511 1332 3555 censu
1353 3497 1492 3576 spectas,
1515 3508 1612 3573 eques
1626 3491 1777 3556 Roma-co

414 3611 476 3656 nus
499 3599 567 3668 est;
590 3590 616 3654 si
639 3609 680 3653 ex
702 3587 781 3664 vita,
803 3587 898 3651 homo
921 3586 1112 3650 clarissimus
1134 3593 1199 3662 est;
1221 3586 1249 3650 si
1270 3604 1310 3649 cx
1332 3592 1378 3662 te,
1399 3583 1538 3648 iudicem
1561 3582 1739 3667 sumpsisti,

417 3685 443 3751 si
465 3705 506 3748 ex
527 3684 677 3758 veritate,
704 3681 756 3756 id,
787 3681 876 3765 quod
898 3680 978 3744 scire
1000 3680 1104 3763 potuit
1125 3687 1157 3742 et
1179 3678 1301 3754 debuit,
1330 3679 1421 3745 dixit.
1463 3675 1514 3742 43.
1535 3678 1637 3760 Nega,
1658 3696 1741 3759 nega

416 3798 502 3844 nunc
525 3777 625 3863 equiti
647 3777 806 3852 Romano,
835 3773 957 3837 bomini
978 3773 1130 3848 honesto,
1159 3772 1257 3836 iudici
1280 3779 1352 3848 tuo,
1375 3773 1461 3837 credi
1482 3779 1638 3855 oportere.
1673 3772 1741 3836 Cir·

417 3871 601 3958 cumspioit,
622 3878 764 3935 aestuat:
786 3875 880 3951 negat
901 3886 959 3930 nos
983 3866 1086 3930 Cluvii
1107 3865 1323 3930 testimonium
1344 3867 1541 3931 recitaturos.
1583 3865 1740 3931 llecitabi-

416 3988 497 4033 mus.
537 3965 650 4030 Erras:
683 3963 771 4027 inani
801 3970 833 4026 et
859 3961 947 4026 tenui
976 3980 1033 4044 spe
1060 3967 1091 4024 te
1113 3958 1299 4024 consolaris.
1334 3960 1444 4025 Recita
1464 3959 1681 4024 testimonium
1702 3960 1776 4026 'loe

415 4058 774 4128 similitudines
797 4058 933 4133 Ocreae,
955 4055 1089 4118 duorum
1111 4061 1308 4130 senatorum,
1332 4053 1499 4118 hominum
1521 4053 1739 4118 ornatissimo·

477 4257 504 4309 4.
526 4255 643 4320 {netes
658 4254 768 4306 roscium
783 4253 878 4314 aGbl,
898 4251 986 4315 fannio
1002 4250 1116 4301 Roscium
1132 4250 1162 4299 Α.
1182 4275 1210 4285 -
1234 4248 1260 4299 2.
1278 4248 1320 4299 ssd
1334 4244 1444 4312 comico]
1460 4259 1486 4298 sc
1500 4247 1600 4299 domm
1615 4249 1737 4300 ocul.

412 4330 572 4386 Emendarlt
586 4331 727 4383 Uenutius.
742 4357 769 4368 -
789 4329 854 4392 Quid
870 4326 944 4378 mm?
959 4341 1010 4377 noo
1020 4327 1049 4376 l..
1064 4353 1091 4362 -
1111 4324 1136 4376 3.
1148 4320 1240 4375 deba?
1255 4320 1282 4384 2,
1300 4335 1429 4388 perversa
1440 4322 1579 4374 senwntia.
1594 4349 1621 4360 -
1640 4321 1665 4374 4.
1679 4336 1739 4386 ρον-

412 4409 482 4472 aaut
505 4405 594 4472 noluit]
620 4407 647 4457 tc
663 4420 691 4457 co
708 4405 858 4469 equarum
873 4405 937 4465 αθ,
958 4401 1156 4466 persequendus
1171 4400 1235 4450 iil.
1261 4398 1424 4450 Sententiam
1443 4396 1610 4463 probabilem
1626 4399 1739 4450 restituit

412 4485 560 4547 moues,
582 4479 631 4534 sed
653 4481 710 4547 ipsa
730 4478 815 4531 verba
838 4478 973 4531 ciceronis
990 4475 1109 4527 nondum
1125 4475 1231 4538 reperta
1249 4475 1318 4525 sunt.
1339 4501 1366 4510 -
1390 4475 1456 4537 qood
1475 4474 1503 4524 ie
1522 4488 1552 4527 rc
1569 4475 1619 4539 fcit
1634 4474 1739 4526 llusch·

411 4557 480 4612 klus.
495 4585 524 4596 -
543 4557 568 4610 6.
585 4555 801 4620 rcprmntssc'oncm
816 4559 894 4606 acen
909 4558 1030 4604 recentes
1040 4554 1078 4612 il,
1097 4550 1311 4614 repromissiones
1326 4550 1586 4602 assereremus.
1601 4577 1628 4586 -
1647 4549 1736 4601 7-43.

411 4634 539 4686 Possm
554 4646 573 4683 o
589 4633 619 4696 Q.
639 4630 870 4682 Ftcoto---ccm
885 4628 970 4679 aneto
983 4627 1200 4678 iiScccrsaoom.
1214 4640 1242 4676 α.
1257 4652 1284 4662 -
1303 4624 1564 4677 recensuerit.
1579 4652 1606 4662 -
1625 4629 1738 4675 messe

412 4709 546 4762 diatim..
564 4736 591 4746 -
610 4707 635 4758 8.
654 4704 819 4756 cestimotioct
834 4707 865 4755 Α.
886 4731 913 4740 -
937 4704 965 4764 Q.
983 4703 1064 4753 ltoscii
1086 4713 1147 4752 curn
1168 4701 1316 4752 Hotomano
1333 4698 1431 4752 delevit
1443 4701 1472 4751 i..
1497 4701 1552 4751 Nos
1568 4697 1736 4751 seclusimus.

414 4811 442 4824 -
461 4782 502 4836 ta.
514 4781 653 4833 mma
664 4782 698 4831 L:
717 4780 896 4830 dissolvitcum
907 4777 1045 4830 codicibus
1056 4775 1142 4830 480.
1152 4802 1179 4812 -
1198 4776 1238 4826 45.
1252 4775 1352 4826 metuo
1363 4788 1416 4826 orn.
1428 4776 1463 4826 ll.
1475 4800 1503 4811 -
1519 4773 1636 4838 formiam
1646 4799 1683 4812 --
1694 4772 1738 4823 ab·

411 4859 517 4911 altstat
528 4858 563 4919 Ι,
579 4857 729 4922 [melun
740 4854 971 4906 obstctbsctaFG.
984 4880 1011 4889 -
1025 4865 1042 4900 c
1059 4863 1113 4901 om.
1126 4851 1220 4900 all-
1239 4850 1279 4901 le.
1292 4849 1429 4901 obelum
1442 4850 1593 4900 aiom-
1610 4849 1736 4899 lntervv.

412 4946 478 4998 quos
494 4935 523 4985 et
538 4933 607 4984 sotto
622 4931 651 4984 ln
666 4932 692 4985 ll
707 4930 803 4983 lacuna
821 4932 862 4982 est
877 4929 974 4980 decem
991 4928 1046 4979 iere
1062 4925 1217 4977 litterarum.
1237 4953 1265 4963 -
1285 4926 1327 4977 2⁰.
1344 4938 1451 4977 ccum
1466 4925 1515 4976 αθ
1525 4923 1563 4985 ll,
1587 4933 1689 4973 ccccm
1703 4922 1735 4975 A.
1855 4951 1860 4966 ι

412 5007 516 5075 (ccam
532 5012 568 5059 cst
583 5008 602 5058 F
618 5009 646 5058 et
661 5005 819 5070 Turnebus.)
839 5032 866 5041 -
884 5004 925 5054 2³.
944 5003 988 5067 qul
1003 5003 1080 5053 tudcc
1096 5002 1159 5053 Gll.
1174 4992 1204 5038 ἱ·
1222 5001 1263 5052 25.
1282 5000 1333 5066 qus]
1351 5002 1450 5064 quun.
1469 5026 1497 5037 -
1514 4995 1688 5060 comedatur
1702 5001 1738 5048 cst

412 5081 542 5136 orellius:
568 5081 743 5147 cmisprobotsoe
765 5085 801 5133 cst
823 5080 900 5130 ludex
924 5090 987 5130 curn
1012 5075 1150 5128 codicibus
1174 5074 1266 5140 Alli,
1288 5075 1462 5140 conprobatus
1480 5076 1516 5126 cst
1536 5070 1631 5137 [inda]
1651 5071 1682 5122 0.
1706 5097 1733 5110 -·

411 5154 454 5209 2⁶.
472 5158 627 5222 mectcbts
643 5172 706 5210 cum
722 5159 869 5209 liotomano
886 5157 923 5206 L:
940 5153 1059 5219 spectabis
1075 5166 1138 5205 cum
1148 5150 1222 5203 libris
1233 5150 1349 5214 AL80,
1366 5154 1495 5214 westou
1507 5145 1550 5199 vel
1565 5144 1738 5209 mactabitis

411 5234 555 5286 mooun.
570 5260 598 5272 -
615 5233 656 5286 28.
669 5239 711 5285 cst.
729 5232 761 5299 Is]
772 5233 838 5284 testis
848 5233 932 5283 atili.
946 5259 974 5269 -
993 5230 1033 5281 34.
1051 5228 1213 5292 emens]
1229 5227 1379 5278 eudemus
1393 5222 1509 5278 malebat
1519 5220 1663 5274 Lamblntn
1674 5218 1734 5274 coll.

412 5307 499 5374 §.lis
511 5309 681 5362 musteus
691 5306 808 5362 Halmius
817 5304 1036 5371 coll.§.ll.-3ti.
1044 5304 1204 5359 licem.-
1211 5297 1667 5367 mummlbcscsttcstmom
1675 5296 1733 5351 llll.
