4367 6109
443 590 506 661 572
838 596 990 662 orario
1011 596 1090 661 PRO
1112 598 1150 661 t.
1173 596 1373 663 GLUENTIO

445 771 536 835 dixit.
578 766 742 850 Proprium
764 766 883 830 crimen
905 766 983 829 illud
1006 766 1203 850 quaestionis
1226 766 1293 830 eius
1315 786 1379 829 non
1401 765 1474 829 tuit
1524 755 1607 825 tot.
1632 755 1782 821 Fidicula

445 866 517 927 nius
540 860 617 946 quid
638 860 750 925 fecisse
773 860 961 925 dicebatur?
994 863 1161 945 Accepisse
1182 882 1201 925 a
1224 861 1367 924 Cluentio
1390 860 1451 924 its
1469 876 1566 923 cccc.
1608 852 1713 917 Cuius
1727 864 1784 917 erat

446 956 591 1019 ordinis?
614 955 781 1018 Senatorii.
811 954 882 1031 Qua
903 955 972 1038 lege
994 957 1026 1019 in
1050 976 1088 1020 eo
1111 976 1227 1038 genere
1249 976 1268 1018 a
1289 961 1434 1019 senatore
1456 953 1545 1018 ratio
1564 946 1677 1033 repeti
1702 945 1783 1022 solet,

446 1050 486 1114 de
518 1050 660 1132 pecuniis
691 1049 890 1132 repetundis,
923 1069 960 1113 ea
988 1050 1058 1132 lege
1085 1056 1250 1113 accusatus
1278 1049 1506 1113 honestissime
1529 1051 1589 1111 est
1612 1038 1783 1105 absolutus

422 1146 522 1207 alata
545 1149 594 1206 est
614 1142 699 1206 enim
721 1163 814 1206 causa
836 1163 922 1207 more
944 1146 1097 1208 maiorum
1120 1145 1189 1207 sine
1210 1143 1260 1217 ri,
1288 1143 1355 1206 sine
1377 1150 1486 1217 metu,
1518 1140 1601 1205 sine
1624 1133 1783 1220 periculo:

446 1238 531 1299 dicta
553 1243 584 1299 et
606 1236 751 1320 exposita
772 1243 805 1299 et
825 1236 1038 1301 demonstrata
1060 1244 1134 1300 suut
1155 1238 1269 1299 omnia.
1302 1235 1438 1299 Adducti
1453 1234 1589 1299 iudices
1606 1236 1705 1301 sunt,
1726 1248 1783 1293 non

446 1329 540 1393 modo
563 1329 701 1411 potuisse
722 1330 854 1393 honeste
876 1332 915 1393 ab
938 1351 976 1395 eo
999 1352 1087 1395 rcum
1110 1329 1328 1413 condemnari,
1350 1328 1406 1412 qui
1421 1349 1487 1393 non
1502 1332 1675 1412 perpetuo
1691 1321 1786 1384 sedis·

420 1429 512 1495 .set,
542 1421 596 1485 sed
627 1422 713 1487 aliud
742 1425 768 1487 si
799 1426 896 1488 iudcx
919 1426 999 1488 nihil
1024 1426 1137 1489 scisset
1158 1423 1220 1486 nisi
1243 1443 1326 1506 quae
1346 1421 1550 1504 praeiudicia
1575 1418 1620 1481 de
1645 1436 1689 1481 eo
1710 1415 1785 1479 facts

448 1536 517 1581 csse
539 1525 734 1592 constarent,
762 1518 871 1582 audire
900 1527 1064 1602 praeterea
1093 1518 1174 1581 nihil
1197 1517 1352 1580 debuisse.
1395 1515 1582 1579 xxxvni.
1608 1508 1689 1575 l05.
1712 1512 1784 1573 'lun

410 1613 542 1675 scotiam
563 1612 610 1674 illi
632 1612 791 1696 quinque,
815 1615 869 1697 qui
891 1615 1109 1696 imperitorum
1131 1613 1295 1675 bominum
1316 1611 1513 1675 rumusculos
1539 1605 1705 1692 aucupati
1727 1614 1784 1668 tun

446 1705 535 1770 illum
556 1705 773 1780 absolverunt,
795 1707 857 1770 iam
880 1728 970 1770 suam
993 1707 1190 1771 clementiam
1214 1704 1334 1768 laudari
1357 1725 1471 1789 magno
1487 1724 1594 1789 opere
1615 1700 1785 1766 nolebant:

447 1800 602 1884 aquibus
625 1800 728 1883 siqui
751 1809 934 1885 quaereret,
957 1801 1156 1864 sedissentne
1178 1797 1298 1862 iudices
1320 1799 1354 1872 in
1376 1798 1410 1862 C.
1431 1798 1642 1871 Fabricium,
1668 1793 1784 1857 sedisse

447 1914 482 1956 se
504 1894 663 1956 dicerent:
685 1895 711 1957 si
734 1895 1014 1978 interrogarentur,
1036 1915 1112 1957 num
1135 1913 1197 1977 quo
1217 1893 1347 1956 crimine
1362 1894 1389 1956 is
1403 1900 1487 1956 esset
1501 1899 1686 1956 accusatus
1701 1906 1785 1971 prse-

449 1993 591 2070 terquam
619 1989 732 2051 veneni
764 1991 850 2063 eius,
883 1989 970 2074 quod
999 1989 1177 2073 quaesitum
1199 1985 1316 2048 llabito
1339 1987 1515 2061 diceretur,
1541 1990 1731 2068 negarent:
1761 1980 1783 2044 si

411 2078 563 2144 indeindc
586 2088 692 2144 essent
712 2082 829 2164 rogati,
851 2081 927 2166 quid
950 2084 1157 2154 iudicassent,
1180 2079 1408 2143 condemnasse
1430 2100 1464 2143 se
1486 2081 1662 2152 dicerent:
1696 2095 1783 2139 nemo

448 2176 533 2239 enirn
559 2174 704 2237 absolvit.
743 2175 864 2239 Eodem
894 2176 987 2240 modo
1016 2176 1193 2259 quaesitum
1224 2174 1250 2237 si
1281 2182 1365 2236 esset
1386 2173 1425 2236 de
1448 2171 1675 2245 Scamandro,
1705 2178 1782 2233 certe

420 2266 422 2271 ’
448 2269 532 2331 idem
561 2267 818 2352 respondissent:
847 2270 971 2334 tametsi
993 2270 1047 2333 ille
1068 2288 1132 2331 una
1155 2269 1311 2332 sententia
1332 2277 1381 2331 est
1401 2268 1585 2343 absolutus:
1613 2266 1678 2331 sed
1701 2264 1783 2328 illam

364 2386 369 2399 ·
449 2382 543 2424 unam
565 2380 658 2423 nemo
680 2368 745 2424 tum
767 2364 897 2426 istorum
921 2383 1009 2426 suam
1025 2363 1086 2426 dici
1107 2361 1211 2425 vellet.
1256 2358 1327 2424 too.
1350 2362 1424 2425 Uter
1444 2362 1545 2445 igitur
1558 2361 1696 2426 facilius
1710 2380 1782 2424 suae

449 2453 623 2517 sententiae
646 2456 799 2519 rationem
820 2457 986 2520 redderet:
1015 2458 1105 2532 isne,
1128 2458 1182 2540 qui
1205 2475 1239 2518 sc
1262 2463 1292 2518 et
1314 2455 1374 2518 sibi
1396 2463 1427 2518 ct
1447 2455 1494 2517 rei
1515 2454 1690 2519 iudicatae
1711 2474 1783 2517 con-

412 2550 566 2612 rostitissc
588 2548 678 2623 dicit,
701 2550 835 2625 anille,
858 2552 912 2635 qui
936 2572 970 2614 sc
995 2551 1027 2613 in
1049 2551 1223 2635 principem
1246 2545 1390 2612 maleficii
1413 2549 1534 2624 lenem,
1558 2549 1595 2612 in
1620 2549 1783 2613 adiutores

449 2645 517 2708 eius
539 2652 571 2706 et
591 2645 734 2706 conscios
754 2645 1065 2708 vehementissimum
1087 2664 1157 2706 esse
1179 2644 1374 2726 respondet?
1407 2641 1553 2718 Quorum
1573 2663 1640 2726 ego
1657 2643 1699 2706 de
1714 2662 1783 2705 saa-

449 2737 546 2801 tcntia
567 2756 632 2799 non
655 2735 755 2798 debeo
778 2737 958 2820 disputare:
991 2756 1095 2820 neque
1117 2737 1201 2799 enim
1224 2737 1347 2810 dubito,
1370 2737 1448 2820 quin
1462 2736 1485 2798 ii
1500 2737 1581 2799 tales
1597 2736 1664 2801 viri
1681 2734 1783 2819 suspi-

449 2832 540 2896 cione
562 2830 668 2914 aliqua
690 2829 827 2911 perculsi
850 2833 1015 2914 repentina
1037 2830 1075 2893 de
1098 2838 1178 2893 statu
1201 2851 1259 2894 suo
1282 2830 1479 2894 declinarint.
1523 2830 1639 2907 Quare
1663 2851 1781 2904 eorum.

453 2927 507 3009 qui
522 2924 744 2998 absolverunt,
766 2925 1012 2989 misericordiam
1027 2946 1089 2988 non
1105 2925 1318 3008 reprehendo:
1341 2946 1466 3000 eorum,
1482 2925 1588 3009 quiin
1606 2923 1782 2989 iudicando

411 3021 613 3105 insuperiora
633 3018 752 3082 iudicia
773 3020 871 3082 secuti
888 3027 962 3082 sunt
975 3040 1033 3083 sua
1046 3028 1177 3103 sponte,
1199 3040 1264 3082 non
1278 3019 1396 3082 Staieni
1417 3019 1544 3093 fraude,
1567 3020 1781 3084 constantiam

450 3116 636 3200 comprob03
659 3133 770 3177 eorum
786 3134 877 3190 vero,
900 3116 956 3199 qni
976 3115 1117 3178 sibinen
1137 3115 1259 3198 liquere
1275 3114 1441 3188 dixerunt,
1462 3114 1660 3197 sapientiam
1674 3112 1781 3187 laudo,

449 3212 504 3293 qni
525 3210 688 3273 absolvere
710 3228 800 3283 eum,
822 3230 916 3292 quem
931 3209 1186 3272 nocentissimum
1202 3215 1374 3290 cognorant
1388 3214 1419 3271 et
1433 3228 1529 3291 quem
1544 3207 1610 3291 ipsi
1625 3207 1678 3270 bis
1695 3202 1778 3291 [iam]

449 3311 540 3366 antea
562 3302 819 3378 condemnarant,
842 3301 1038 3366 nullomodo
1061 3310 1223 3384 poterant:
1247 3302 1472 3374 condemnare,
1495 3321 1567 3364 cum
1591 3308 1687 3367 tanta
1707 3320 1781 3365 con·

450 3398 511 3460 silii
539 3396 667 3459 infamia
697 3407 728 3460 et
755 3405 819 3460 tam
848 3396 961 3460 atrocis
992 3397 1037 3458 rei
1068 3397 1206 3479 suspicio
1229 3404 1313 3459 esset
1333 3396 1464 3468 iniecta,
1495 3395 1592 3476 paulo
1617 3394 1780 3477 posterius

410 3505 439 3552 aa
450 3490 601 3575 patefacta
628 3510 663 3552 re
694 3491 881 3554 maluerunt.
926 3486 995 3552 t07.
1017 3492 1062 3553 Ac
1084 3510 1125 3552 ne
1153 3511 1194 3552 ex
1216 3490 1297 3553 sacto
1320 3490 1422 3552 solum
1444 3489 1608 3570 sapientes
1633 3489 1713 3552 illos
1735 3488 1781 3550 iu-

449 3585 574 3659 dicetis,
603 3584 659 3648 sed
687 3585 781 3647 etiam
810 3605 851 3647 ex
871 3582 1050 3647 hominibus
1072 3584 1166 3667 ipsis,
1198 3583 1282 3667 quod
1303 3584 1325 3645 ii
1347 3584 1506 3655 fecerunt,
1538 3582 1725 3645 rectissime
1746 3601 1781 3644 ac

449 3679 679 3763 sapientissime
700 3678 816 3741 factum
838 3678 994 3761 probetis:
1019 3678 1090 3761 quis
1112 3678 1145 3740 P.
1166 3677 1294 3740 Octavio
1317 3677 1413 3739 Balbo
1429 3677 1557 3758 ingenio
1575 3675 1781 3759 prudentior,

450 3774 518 3836 iure
539 3772 686 3857 peritior,
715 3772 796 3845 fide,
825 3771 995 3853 religione,
1021 3771 1127 3834 officio
1149 3771 1328 3853 diligentior
1350 3777 1403 3833 aut
1423 3770 1561 3833 sanctior
1582 3788 1781 3832 commemo-

451 3869 512 3930 rari
534 3868 664 3948 potest‘l
697 3866 766 3928 Non
788 3863 931 3927 absolvit.
965 3864 1045 3940 Quis
1068 3865 1106 3940 Q.
1130 3864 1281 3928 Considio
1303 3864 1518 3926 constantior?
1545 3863 1622 3947 quis
1644 3862 1781 3927 iudicio·

413 3972 520 4023 strum
535 3967 629 4042 atque
646 3958 714 4021 cius
729 3957 902 4039 dignitatis,
924 3977 1005 4041 quae
1021 3959 1052 4020 in
1073 3957 1198 4021 iudiciis
1214 3956 1348 4041 publicis
1363 3956 1480 4019 versari
1495 3956 1600 4031 debet,
1624 3958 1779 4040 peritior?

452 4054 525 4137 quis
547 4054 677 4126 ddutc,
707 4052 858 4125 consilio,
888 4052 1073 4113 auctoritate
1096 4052 1328 4134 praestantiori
1359 4053 1405 4113 Ne
1427 4051 1454 4112 is
1476 4050 1605 4133 quidem
1629 4051 1779 4115 absolvit.

451 4146 595 4229 Longum
618 4153 666 4208 est
695 4146 734 4208 de
756 4143 953 4226 singulorum
975 4143 1088 4207 virtute
1111 4145 1153 4207 ita
1175 4144 1295 4208 dicere:
1326 4164 1424 4228 quae,
1454 4143 1527 4227 quia
1552 4145 1685 4227 cognita
1707 4152 1780 4208 sunt

449 4334 563 4392 nanum,
582 4344 660 4392 gnam
674 4336 775 4393 capum
790 4343 914 4392 nusquam
930 4329 966 4378 St.
985 4326 1017 4387 s:
1038 4328 1197 4378 initiandam
1210 4331 1355 4392 pecuniam,
1374 4343 1451 4392 gnam
1466 4329 1514 4388 St,
1531 4328 1575 4392 qai
1590 4341 1702 4379 ccam
1718 4342 1780 4379 444-

450 4423 526 4470 qnam
538 4410 569 4467 1.;
587 4408 747 4457 indicandam
760 4406 902 4468 pecaniam,
916 4417 967 4465 qna
978 4407 1052 4464 capta
1062 4416 1185 4464 nmquam
1196 4405 1312 4455 Staienus
1322 4405 1416 4454 flavius
1431 4405 1504 4453 Varr.
1516 4405 1592 4454 Lecti.
1607 4404 1626 4452 l.
1640 4416 1669 4467 p.
1678 4405 1708 4454 44
1719 4417 1778 4468 sqq.

453 4510 480 4519 -
499 4484 522 4532 4.
540 4482 633 4531 crimen
650 4494 704 4531 om.
717 4482 745 4530 T.
764 4480 803 4530 Cl.
817 4479 841 4542 S.
852 4479 893 4530 st.
906 4507 933 4515 -
952 4479 976 4528 2.
994 4478 1088 4541 secbsd
1100 4480 1126 4528 F.
1142 4505 1169 4512 -
1188 4482 1307 4542 accepim
1324 4495 1341 4529 a
1353 4481 1462 4531 Cluentio
1478 4479 1519 4529 HS
1535 4478 1615 4529 0000
1629 4491 1688 4529 om.
1704 4477 1780 4529 cias-

450 4557 515 4607 senii
532 4555 638 4607 codices
655 4568 749 4606 omnes
767 4560 873 4619 praetor
888 4555 943 4604 ST.
958 4579 984 4588 -
1005 4552 1089 4616 CCCC]
1102 4553 1159 4603 000
1174 4556 1210 4612 Λ;
1229 4555 1320 4611 licio
1338 4557 1365 4604 l..
1387 4582 1414 4593 -
1432 4557 1458 4605 5.
1475 4555 1527 4604 sins
1543 4555 1605 4603 ante
1623 4567 1650 4604 v.
1664 4554 1780 4616 periurio

451 4644 504 4682 am.
522 4632 551 4681 T.
571 4659 598 4668 -
617 4631 641 4681 6.
660 4631 760 4680 oddncti
776 4628 916 4683 STALS:
940 4628 1040 4678 4444444
1056 4628 1088 4686 F;
1108 4628 1205 4676 addocti
1222 4630 1251 4678 0.
1271 4630 1328 4679 Vid.
1348 4629 1504 4692 Madvigium
1520 4628 1554 4677 ad
1572 4630 1629 4678 Cic.
1648 4629 1686 4679 de
1705 4631 1779 4681 Finn.

450 4721 477 4769 p.
490 4707 530 4756 32.
550 4732 578 4742 -
596 4705 621 4756 8.
639 4706 709 4754 alind
724 4706 745 4755 ri
762 4704 892 4755 Halmius:
912 4704 981 4752 alind
997 4704 1019 4752 s's
1034 4703 1092 4759 SF:
1112 4704 1182 4752 alind
1198 4703 1219 4752 si
1234 4704 1256 4751 is
1271 4703 1304 4760 T:
1322 4705 1343 4752 si
1359 4704 1428 4753 alind
1444 4705 1466 4752 is
1481 4699 1596 4754 atto,
1616 4727 1645 4753 -.-
1672 4702 1699 4754 9.
1718 4717 1780 4754 cotr-

450 4786 527 4831 staret
538 4783 565 4830 l..
584 4780 623 4832 Cl.
642 4794 689 4845 pro
701 4781 794 4830 Roscio
806 4784 864 4830 Am.
878 4780 901 4843 g.
915 4780 973 4829 tt8.
987 4778 1021 4829 de
1034 4777 1114 4828 domo
1125 4779 1149 4841 5.
1164 4779 1219 4828 439.
1229 4806 1255 4813 -
1276 4779 1316 4827 to.
1330 4781 1372 4840 qai
1388 4779 1560 4841 imperitorum
1570 4778 1594 4827 h.
1608 4791 1632 4828 r.
1645 4784 1780 4842 aucupant

451 4857 598 4908 Priscianus
609 4857 651 4906 lll.
664 4857 694 4915 5,
707 4856 748 4905 30.
762 4881 789 4890 -
808 4856 827 4903 ii
840 4856 980 4917 peritorum
996 4855 1054 4903 T.-
1074 4853 1114 4901 tt.
1133 4853 1281 4902 dementiam
1297 4854 1350 4902 ST.
1363 4881 1389 4888 -
1410 4852 1450 4902 43.
1463 4857 1593 4901 cannatas
1604 4878 1644 4889 --
1655 4858 1780 4916 44444444

451 4943 505 4981 orn.
518 4930 546 4979 T.
561 4956 588 4965 -
608 4930 648 4981 48.
663 4931 721 4980 liter
735 4931 860 4993 igitar--
870 4931 982 4979 redderet
999 4926 1040 4989 (nl.
1053 4928 1144 4988 reddet)
1163 4927 1334 4987 Quintilianus
1350 4929 1391 4977 lll.
1405 4928 1430 4988 Ξ,
1444 4927 1483 4976 46.
1494 4953 1521 4963 -
1539 4927 1579 4976 ts.
1592 4928 1712 4977 redderet
1727 4928 1781 4976 isse

452 5008 495 5069 qni
510 5019 535 5055 se
551 5003 692 5058 stulto:
712 5005 815 5054 reddere
830 5006 861 5053 iis
876 5005 987 5066 44444444
1004 5005 1060 5053 sn.
1071 5030 1097 5039 —
1116 5005 1157 5053 20.
1171 5004 1238 5053 dicat
1249 5005 1279 5056 S:
1298 5005 1389 5053 diceret
1402 5004 1430 5053 l..
1446 5028 1473 5037 -
1491 5015 1516 5051 se
1527 5014 1581 5051 orn.
1593 5003 1624 5052 T.
1635 5028 1662 5039 -
1679 5002 1780 5051 adiuto-

451 5096 505 5132 rem
516 5082 608 5133 Fa-
626 5081 667 5131 Si.
679 5081 809 5141 respondet
820 5081 979 5130 Francianus
997 5079 1107 5142 primus.
1121 5079 1154 5128 0:
1173 5080 1298 5141 respondit
1314 5077 1403 5136 Ra&
1423 5079 1579 5139 responderet
1595 5078 1624 5126 L.
1646 5103 1677 5115 —
1696 5077 1739 5128 22.
1759 5076 1777 5125 ii

453 5169 506 5206 orn.
520 5157 574 5206 ST.
589 5182 616 5191 -
634 5154 675 5206 23.
690 5156 801 5217 pnnnsi
811 5168 864 5218 mg.
878 5154 911 5217 t,
924 5155 954 5204 0.
966 5179 994 5190 -
1008 5154 1155 5202 declinarint
1165 5166 1217 5216 mg.
1231 5153 1263 5212 t,
1282 5153 1315 5202 0:
1334 5153 1484 5204 declinarent
1499 5150 1549 5204 tlt
1560 5151 1652 5206 1.ssoe
1668 5152 1713 5203 27.
1725 5154 1779 5202 iaris

454 5243 507 5281 orn.
526 5233 579 5282 ST.
599 5258 626 5267 —
646 5232 687 5282 34.
704 5230 914 5280 nominidnscum
930 5228 972 5278 od.
986 5229 1134 5279 Victoriana
1151 5228 1206 5282 20.
1221 5256 1248 5265 -
1267 5228 1293 5292 ii]
1311 5228 1335 5277 iri
1352 5230 1405 5279 ST.
1424 5255 1451 5264 -
1468 5229 1578 5292 [44444444
1593 5227 1653 5276 ST:
1672 5227 1779 5291 14444444

456 5302 596 5359 444ιὲ0.
610 5332 637 5344 -
656 5306 696 5362 ³2.
715 5307 758 5371 gni
772 5308 799 5358 S.
814 5332 841 5344 -
859 5304 901 5358 3l.
920 5306 980 5371 onis
996 5306 1036 5371 Q.]
1054 5305 1156 5369 44444444
1171 5305 1198 5356 F.
1217 5330 1244 5342 ·-
1263 5303 1304 5356 st.
1321 5302 1406 5354 (444444
1421 5304 1448 5354 T.
