4367 6109
743 588 811 653 ιιι.
833 587 888 653 nr.
917 588 1167 655 carr-vr.
1194 585 1410 672 spi-ra.
1686 584 1749 655 rao

418 754 567 841 tinmqne
588 755 715 821 ornarit
745 758 1029 843 praesertim-cum
1058 778 1118 824 ros
1147 766 1253 823 vestro
1274 760 1375 823 Marte
1402 758 1454 823 bis
1475 758 1571 824 rebus
1600 761 1748 825 omnibus

419 849 612 916 madeus:
633 852 763 915 Verrem
785 872 856 916 osse
877 853 934 937 qui
955 862 1076 920 vestm
1097 854 1191 918 villas
1213 854 1279 916 suis
1301 853 1460 917 manubiis
1482 856 1594 917 ornet‘l
1618 855 1748 918 Verrem

419 962 492 1009 ease
513 944 571 1029 qni
592 964 666 1009 cum
686 945 722 1009 1..
743 946 896 1011 Mummio
919 956 1033 1023 certet,
1062 955 1100 1012 ut
1120 947 1228 1031 plures
1255 946 1309 1012 bic
1335 948 1496 1011 sociorum
1525 947 1622 1010 urbes
1651 968 1747 1032 quam

419 1036 645 1105 illabentium
665 1041 820 1124 spoliasse
848 1041 1009 1116 rideatur,
1038 1042 1146 1126 plures
1172 1043 1224 1105 bic
1253 1041 1345 1106 villas
1374 1043 1570 1106 ornamentis
1598 1041 1746 1106 fanorum

419 1150 518 1217 quam
537 1131 594 1195 ille
614 1132 689 1198 iana
717 1134 828 1218 spoliis
855 1133 998 1198 bostium
1027 1156 1172 1200 ornasse:
1200 1142 1233 1199 et
1254 1136 1282 1198 is
1308 1136 1369 1199 erit
1395 1136 1436 1199 ob
1465 1156 1534 1200 eam
1562 1156 1629 1200 rem
1656 1136 1772 1200 vobisc

418 1225 538 1300 carior,
561 1233 597 1288 ut
616 1226 714 1290 ceteri
732 1226 885 1291 libentius
906 1248 965 1291 suo
987 1230 1130 1312 periculo
1154 1231 1269 1294 restris
1291 1231 1517 1313 cupiditatibus
1538 1231 1697 1295 serviant?

503 1321 540 1382 V.
563 1314 614 1383 to,
636 1321 754 1384 Verum
774 1321 854 1385 baec
876 1329 910 1386 ct
929 1323 1077 1386 dicentur
1098 1323 1163 1387 alio
1184 1324 1255 1387 loco
1278 1331 1310 1387 et
1331 1323 1417 1388 dicta
1439 1333 1529 1388 sunt:
1551 1345 1636 1389 nunc
1653 1322 1748 1410 profi-

418 1413 575 1478 ciscamur
595 1415 636 1479 ad
657 1415 792 1500 reliqua,
814 1416 842 1479 si
863 1435 967 1499 pauca
986 1425 1060 1481 ante
1080 1415 1234 1483 fuerimus
1256 1437 1274 1481 a
1297 1418 1398 1492 vobis,
1419 1418 1555 1492 iudices,
1576 1418 1747 1502 deprecati.

418 1508 589 1592 Superiora
611 1509 699 1572 omni
721 1510 865 1574 oratione
886 1517 1082 1593 perattentos
1114 1517 1237 1576 vestros
1266 1511 1388 1574 animos
1416 1509 1602 1574 habuimus:
1632 1513 1665 1575 id
1687 1512 1749 1577 luit

418 1603 512 1667 nobis
533 1609 657 1686 gratum
677 1604 860 1669 admodum.
884 1604 947 1668 Sed
967 1605 1069 1668 multo
1091 1605 1153 1668 erit
1173 1605 1304 1688 gratius,
1326 1604 1354 1667 si
1376 1603 1503 1687 reliqua
1516 1603 1632 1670 soletis
1646 1613 1785 1671 atton-ro

418 1698 505 1773 dere,
526 1704 697 1782 propterea
720 1698 807 1783 quod
828 1699 863 1762 in
882 1698 934 1762 bis
956 1700 1114 1774 omnibus,
1136 1717 1220 1784 quse
1241 1706 1335 1762 antea
1357 1698 1441 1761 dicta
1462 1705 1548 1772 sunt,
1569 1706 1637 1764 erat
1650 1721 1749 1785 quae-

418 1793 492 1856 dam
513 1812 555 1855 ex
576 1792 647 1875 ipsa
668 1793 822 1856 varietate
843 1812 880 1856 ac
901 1792 1042 1856 novitate
1063 1812 1170 1856 rerum
1192 1799 1225 1857 et
1246 1791 1414 1854 criminum
1436 1790 1615 1857 delectatio.
1656 1795 1748 1857 Nunc

417 1893 552 1949 tractare
574 1904 702 1949 causam
724 1886 921 1949 instituimus
941 1886 1191 1960 frumentariam,
1214 1905 1297 1969 quae
1320 1884 1538 1967 magnitudine
1558 1885 1694 1951 iniuriae
1716 1895 1750 1952 et

417 2001 452 2043 re
473 1979 540 2042 fere
560 1979 747 2044 criminibus
768 1981 883 2044 ceteris
904 1982 1083 2056 antecellit,
1105 1980 1312 2045 iucunditatis
1335 1981 1368 2043 in
1390 1979 1513 2064 agendo
1536 1987 1568 2044 et
1588 1981 1748 2046 varietatis

417 2076 524 2140 minus
543 2073 691 2138 babebit:
720 2081 826 2137 vestra
853 2081 961 2137 autem
991 2074 1181 2139 auctoritate
1203 2082 1235 2138 et
1255 2074 1425 2158 prudentia
1447 2073 1668 2155 dignissimum
1690 2082 1785 2151 estro

416 2168 558 2243 iudices,
580 2169 614 2230 in
635 2167 788 2231 audiendi
810 2168 974 2252 diligentia
994 2190 1060 2232 non
1081 2169 1187 2232 minus
1208 2169 1358 2251 religioni
1380 2167 1518 2231 tribuere
1540 2188 1636 2253 quam
1657 2170 1748 2233 volu·

416 2263 507 2345 ptati.
551 2256 602 2324 44.
623 2262 661 2325 ln
683 2261 743 2325 hac
766 2282 863 2326 causa
883 2262 1089 2326 frumentaria
1111 2263 1333 2346 cognoscenda
1353 2261 1433 2326 baec
1454 2262 1546 2325 vobis
1567 2261 1748 2344 proponite,

415 2356 549 2431 iudices,
570 2375 627 2420 ros
650 2356 691 2418 de
712 2356 807 2419 rebus
828 2355 1032 2441 fortunisque
1055 2357 1236 2420 Siculorum
1258 2356 1411 2430 omnium,
1433 2357 1473 2418 de
1495 2355 1611 2419 civium
1632 2355 1748 2420 Itoma-

415 2470 541 2527 norum,
565 2449 622 2534 qui
643 2457 736 2514 mant
756 2450 791 2513 in
813 2450 937 2526 Sicilia,
959 2450 1062 2524 bonis,
1085 2450 1126 2514 de
1147 2451 1355 2532 vectigalibus
1377 2469 1397 2513 a
1418 2450 1591 2514 maioribus
1612 2449 1747 2524 traditis,

415 2544 456 2607 de
478 2546 544 2609 rita
563 2544 715 2632 rictuque
737 2544 848 2627 populi
866 2545 1002 2608 Romani
1021 2545 1217 2628 cognituros.
1251 2543 1341 2619 Quae
1363 2545 1391 2607 si
1413 2564 1527 2628 magua
1547 2551 1643 2627 atque
1666 2543 1784 2607 adeoao

415 2640 555 2703 maxima
576 2637 669 2703 vobis
689 2637 891 2714 ridebuntur,
914 2657 1010 2724 quam
1032 2640 1119 2704 varie
1141 2647 1174 2705 et
1194 2660 1291 2723 quam
1312 2639 1444 2723 copiose
1467 2639 1613 2702 dicantur
1634 2657 1748 2720 exspe-

415 2740 502 2796 ctare
523 2732 634 2795 nolite.

500 2827 665 2891 Neminem
686 2836 828 2891 restrum
850 2829 1018 2912 praeterit,
1048 2830 1189 2903 iudices,
1217 2849 1345 2893 omnem
1365 2829 1537 2894 utilitatem
1558 2828 1748 2913 opportuni·

415 2927 577 3004 talemque
599 2921 783 3004 provinciae
799 2922 937 2996 Siciliae,
960 2941 1043 3006 quae
1064 2922 1105 2986 ad
1128 2924 1295 2987 commoda
1316 2923 1431 3006 populi
1445 2923 1579 2986 Romani
1597 2923 1747 2987 adiuncta

415 3016 467 3091 sit,
489 3015 664 3079 consistere
686 3016 777 3079 inre
799 3016 1005 3080 frumentaria
1027 3017 1181 3081 maxime:
1203 3037 1278 3080 nam
1300 3017 1414 3080 ceteris
1439 3016 1535 3079 rebus
1559 3015 1784 3081 adiuvamurru

415 3128 457 3173 ex
477 3109 534 3173 illa
555 3108 730 3192 provincia,
751 3110 811 3174 bac
833 3131 909 3174 vero
931 3111 1049 3174 alimur
1070 3131 1107 3175 ac
1129 3113 1333 3176 sustinemur.
1375 3105 1426 3175 lt.
1448 3111 1494 3173 Ea
1515 3129 1612 3174 causa
1632 3110 1746 3193 triper-

414 3207 484 3280 tita,
506 3205 639 3278 iudices,
663 3205 724 3267 erit
743 3205 778 3268 in
799 3205 1019 3268 accusatione:
1042 3205 1181 3289 primum
1202 3207 1287 3269 enim
1309 3206 1349 3269 de
1365 3205 1553 3279 decumano,
1575 3204 1691 3268 deinde
1706 3204 1746 3267 de

415 3305 523 3383 empto
546 3297 690 3362 dicemus
712 3298 883 3374 frumento,
905 3307 1067 3382 postremo
1088 3300 1130 3364 dc
1151 3299 1329 3363 aestimato.

500 3393 555 3456 Vl.
577 3393 665 3457 Inter
685 3393 826 3457 Siciliam
849 3400 1036 3478 ceterasque
1056 3393 1255 3478 provincias,
1282 3392 1420 3467 iudices,
1449 3390 1484 3454 in
1504 3411 1654 3475 agrorum
1674 3413 1747 3457 vec·

415 3488 560 3571 tigalium
592 3486 716 3551 ratione
742 3488 805 3552 boc
830 3488 977 3562 interest,
1007 3489 1094 3572 quod
1117 3486 1230 3552 ceteris
1251 3493 1306 3548 aut
1334 3484 1520 3568 impositum
1541 3487 1677 3571 vectigal
1698 3497 1783 3554 estao

414 3589 547 3656 certum,
569 3582 656 3665 quod
679 3581 921 3664 stipendiarium
944 3581 1070 3656 dicitur,
1096 3589 1132 3644 ut
1152 3580 1304 3664 Hispanis
1326 3589 1359 3646 et
1379 3581 1543 3665 plerisque
1564 3584 1745 3648 Poenorum

415 3675 508 3759 quasi
530 3674 684 3739 victoriae
704 3676 882 3757 praemium
903 3695 940 3738 ac
962 3695 1067 3758 poena
1087 3675 1175 3750 belli,
1198 3682 1253 3739 aut
1275 3676 1421 3740 censoria
1441 3676 1559 3741 locatio
1574 3677 1747 3743 constituta

414 3775 473 3844 est,
494 3776 531 3832 ut
552 3769 647 3833 Asiae
668 3768 739 3852 lege
763 3770 963 3852 Sempronia.
1003 3769 1131 3833 Siciliae
1154 3769 1298 3833 civitates
1319 3769 1366 3833 sic
1387 3771 1422 3833 iu
1443 3770 1615 3835 amicitiam
1637 3767 1747 3835 tidem·

415 3882 479 3947 que
499 3864 695 3947 recepimus,
724 3871 762 3928 ut
782 3864 896 3929 eodem
925 3865 994 3928 iure
1021 3871 1131 3928 essent
1155 3882 1220 3947 quo
1242 3862 1394 3939 fuissent,
1424 3864 1536 3927 cadem
1557 3863 1765 3928 condicione¹

413 3958 536 4041 populo
550 3959 694 4023 Romano
716 3966 865 4043 parerent
886 3979 951 4043 qua
973 3959 1039 4022 suis
1060 3965 1134 4021 anto
1162 3957 1353 4039 paruissent
1397 3953 1447 4021 43.
1469 3960 1650 4042 Perpauoac
1666 3958 1783 4025 sici-ss

463 4172 489 4223 2.
506 4171 623 4222 mosibus
637 4171 706 4236 4349
714 4170 746 4222 42
764 4169 798 4222 al.
808 4198 835 4208 -
853 4171 879 4223 3.
894 4172 977 4234 prore
992 4170 1071 4235 4342.
1086 4197 1115 4207 -
1132 4170 1158 4222 4.
1169 4169 1209 4220 tic
1224 4170 1298 4220 vitta:
1313 4169 1383 4234 4342
1393 4183 1421 4236 p.
1433 4184 1470 4222 ιιι.
1484 4172 1519 4222 Ε;
1536 4172 1577 4222 ts'c
1591 4172 1659 4237 sola:
1672 4172 1747 4224 oldas

414 4244 471 4296 rell.
490 4246 519 4296 0.
539 4271 567 4280 -
585 4245 610 4296 7.
629 4251 652 4296 et
668 4247 782 4296 demto
797 4245 940 4310 4342Εφτ
959 4247 1071 4296 dicentur
1087 4244 1136 4295 dtt.
1152 4268 1180 4280 -
1198 4245 1223 4296 8.
1240 4245 1362 4308 mammos
1373 4245 1518 4309 4342Εφε
1536 4249 1630 4299 erimus
1645 4247 1694 4300 dtt.
1715 4273 1742 4285 -

415 4322 440 4372 9.
458 4321 582 4384 asperiori
598 4319 668 4384 4342
684 4334 711 4385 p.
725 4334 761 4371 m.
782 4347 810 4356 -
829 4321 870 4371 44.
888 4321 916 4372 tn
934 4322 965 4371 tls
981 4322 1037 4372 40.
1053 4346 1080 4357 -
1101 4319 1141 4370 42.
1159 4333 1193 4370 eo
1209 4319 1359 4384 ipsotgla:
1377 4334 1411 4371 ec
1426 4322 1458 4371 to
1474 4335 1496 4373 s.
1509 4336 1542 4373 ec
1557 4323 1595 4372 tt:
1611 4325 1673 4387 433.
1686 4322 1744 4375 rell.

413 4397 534 4448 443044.
549 4422 577 4432 -
595 4408 627 4446 oc
642 4394 1317 4460 mutuomtrp.m.n.-eteenoent,e:
1337 4396 1590 4450 occimtaoeorell.
1610 4401 1638 4450 0.
1658 4398 1746 4451 etad

414 4470 440 4535 3.
458 4472 482 4522 4.
502 4473 529 4522 et
546 4472 642 4522 Osann.
655 4469 690 4520 ad
707 4472 771 4535 ch.
785 4483 812 4535 p.
825 4468 883 4522 464.
893 4496 920 4508 -·
940 4470 979 4520 43.
998 4475 1022 4521 et
1036 4482 1065 4519 re
1080 4471 1133 4533 [ere
1149 4470 1218 4534 4342
1229 4485 1256 4536 p.
1269 4484 1321 4523 m.:
1340 4475 1364 4522 st
1379 4484 1409 4522 ra
1419 4472 1515 4533 Erit:
1531 4474 1585 4537 fere
1600 4473 1658 4527 roll.
1670 4476 1699 4528 0.
1716 4502 1744 4513 -

414 4546 455 4598 44.
468 4546 595 4596 masesele:
606 4543 675 4609 4342
687 4557 713 4609 p.
726 4557 764 4595 m.
777 4571 804 4581 -
824 4545 865 4595 44.
879 4549 963 4596 oum
980 4558 1033 4595 om.
1052 4543 1131 4609 4342.
1146 4571 1171 4584 -
1188 4546 1227 4597 46.
1246 4547 1273 4597 in
1289 4546 1408 4597 audiendi
1423 4547 1553 4612 4444344444
1564 4547 1745 4613 Lgl21errors

413 4618 534 4670 additum
551 4618 623 4684 apud
639 4620 742 4685 Zumpt.
762 4633 802 4684 pr.
817 4620 875 4683 m.]‚
894 4621 958 4672 Fll:
976 4621 1003 4670 to
1019 4620 1144 4671 audiendo
1154 4621 1309 4685 diltgmttum
1324 4619 1381 4672 rell.
1397 4646 1424 4658 -
1442 4623 1565 4673 adnotati
1580 4622 1649 4687 4342
1666 4637 1744 4689 pm.

416 4717 444 4731 -
464 4695 504 4745 48.
522 4693 634 4744 onmium
649 4705 703 4743 om.
722 4693 791 4757 4342
809 4708 835 4758 p.
855 4707 892 4744 m.
920 4721 947 4730 —
974 4696 1016 4747 29.
1034 4697 1064 4746 de
1078 4697 1148 4746 victu
1161 4697 1263 4758 ottoqm
1278 4696 1347 4760 4342
1365 4710 1392 4762 p.
1411 4710 1448 4749 m.
1466 4697 1538 4762 quod
1554 4697 1651 4762 probat
1668 4700 1746 4750 Peter

412 4767 448 4819 ad
464 4770 537 4820 Brut.
555 4768 580 4833 3.
599 4767 640 4818 94.
662 4794 689 4804 -
707 4768 748 4818 24.
766 4768 915 4819 uidebuntur
931 4768 999 4832 4342
1017 4784 1043 4835 p.
1062 4782 1116 4820 m.:
1141 4771 1258 4822 uidemur
1272 4771 1330 4823 rell.
1348 4772 1378 4824 0.
1399 4799 1427 4807 -
1445 4772 1487 4825 23.
1505 4774 1747 4837 oportrmttoumque

412 4843 491 4907 4329.
507 4869 532 4883 -
552 4843 593 4894 24.
612 4856 673 4893 nom
690 4842 759 4907 4342
771 4857 809 4905 cp:
828 4845 855 4894 to
875 4842 929 4895 rell
950 4846 979 4896 0.
1000 4872 1028 4882 -
1046 4845 1185 4896 odtwotur
1200 4846 1269 4910 4342
1285 4861 1312 4913 p.
1325 4860 1363 4898 m.
1383 4873 1412 4885 -
1429 4847 1470 4898 24.
1489 4851 1512 4898 et
1527 4847 1679 4898 assem
1693 4846 1744 4900 dtt.

412 4920 443 4970 ln
459 4920 481 4970 4
497 4932 529 4970 sc
543 4919 702 4969 memor.
720 4919 761 4968 llo
776 4931 920 4970 comcom.
935 4946 962 4956 -
980 4920 1042 4971 boec
1057 4933 1137 4970 causo
1152 4922 1259 4985 432943.
1274 4950 1302 4960 -
1320 4923 1452 4986 tripartita
1467 4922 1559 4987 4340.
1574 4948 1602 4960 -
1619 4922 1662 4974 27.
1679 4924 1746 4975 estro

413 5006 468 5045 om.
485 4993 555 5058 4342
571 5008 599 5060 p.
612 5005 648 5045 ιιι.
664 5019 691 5032 -
710 4994 797 5046 doado
811 5001 892 5059 erupto
909 4995 979 5059 4342
995 4999 1023 5048 ot
1039 4997 1055 5046 6
1068 4995 1119 5047 alii.
1135 5023 1163 5032 -
1182 4997 1222 5048 30.
1239 4999 1339 5048 rotiosse
1354 4996 1500 5062 43424φ;
1517 4997 1628 5047 rodone:
1643 4995 1700 5048 rell.
1713 4998 1742 5050 0.

415 5094 443 5105 -
460 5068 580 5133 vectigale
595 5073 631 5120 eat
649 5074 715 5120 certe
732 5069 801 5134 4342
820 5084 847 5136 p.
865 5084 913 5129 m.;
931 5077 966 5123 ert
982 5085 1035 5123 orn.
1054 5072 1070 5123 6
1087 5073 1166 5135 4433.
1185 5071 1247 5132 (444.;
1276 5085 1329 5123 non
1345 5073 1411 5124 item
1427 5071 1473 5133 42,
1491 5074 1522 5122 ut
1537 5070 1574 5121 ait
1589 5072 1692 5137 Zumpt.
1714 5098 1742 5111 -

413 5141 455 5194 34.
472 5143 643 5208 apumque]
660 5145 794 5208 meroque
808 5144 857 5197 dtt.
878 5170 906 5182 -
925 5146 966 5198 33.
983 5147 1057 5197 Asiae
1073 5146 1215 5209 mete:
1233 5146 1294 5198 Ario
1308 5145 1367 5198 rell.
1386 5173 1416 5184 -
1433 5144 1475 5197 34.
1493 5146 1634 5209 sommus
1648 5148 1742 5200 44344.

411 5220 448 5270 44
467 5218 501 5271 ct.
518 5218 553 5271 ad
574 5220 647 5272 Fam.
665 5220 730 5273 xm.
749 5222 791 5283 49,
808 5223 833 5273 2.
852 5221 900 5273 044.
919 5223 939 5273 1.
957 5223 998 5285 tt,
1017 5223 1069 5285 34,
1093 5221 1129 5274 sd
1139 5223 1192 5275 444.
1210 5222 1242 5275 44.
1260 5222 1301 5286 29,
1321 5223 1346 5274 4.
1363 5221 1418 5274 XV.
1437 5219 1477 5284 44,
1495 5220 1521 5273 3.
1539 5219 1599 5274 coll.
1616 5235 1644 5289 p.
1661 5222 1742 5274 Arcti.

414 5293 456 5356 42,
474 5292 515 5346 34.
529 5320 557 5332 -
575 5293 616 5348 34.
635 5300 693 5350 octe
709 5294 778 5361 4342
794 5310 822 5362 p.
834 5309 883 5350 m:
901 5301 977 5351 anuo
992 5294 1049 5350 rell.
1068 5297 1098 5348 0.
