4367 6109
435 588 500 661 444
805 597 849 660 444
869 594 1038 662 nmis
1057 595 1182 664 ACTIO
1203 595 1387 662 SECUNDA

435 764 630 832 senatorium
651 784 768 829 nomen
789 765 956 829 nundinati
972 771 1061 830 sunt:
1083 773 1116 830 et
1130 767 1217 851 quod
1231 765 1391 841 Halesini,
1408 764 1622 849 antiquissimi
1637 771 1670 829 et
1683 760 1761 831 lide-

434 861 550 927 lissimi
577 858 656 924 sooii
685 864 782 941 atque
812 859 921 934 amici,
954 861 1072 924 llomae
1093 859 1301 943 impetrarant
1320 866 1357 922 ut
1376 859 1462 942 apud
1483 878 1517 922 se
1539 878 1580 922 ne
1602 859 1762 944 suffragiis

435 953 566 1041 quidem
586 949 655 1016 fieri
676 951 803 1028 liceret,
824 951 857 1015 id
878 953 981 1035 pretio
1002 960 1040 1016 ut
1059 953 1129 1018 lieri
1150 960 1260 1036 posset
1274 954 1387 1017 ellecit.
1424 954 1460 1016 L.
1475 947 1547 1016 ⁴23.
1561 953 1761 1038 Agrigentini

434 1047 474 1113 de
495 1052 608 1110 senatu
629 1045 809 1128 cooptando
833 1046 992 1129 Scipionis
1013 1047 1099 1130 leges
1121 1047 1271 1131 antiquas
1291 1047 1425 1122 hubent,
1453 1047 1489 1109 in
1511 1048 1629 1132 quihus
1651 1048 1764 1114 stilla

410 1140 545 1213 eoadem
565 1146 675 1204 sancta
696 1146 817 1203 suntet
837 1137 899 1203 hoc
913 1140 1072 1222 amplius:
1094 1160 1166 1204 cum
1181 1141 1459 1224 Agrigentinorum
1473 1141 1537 1205 duo
1553 1160 1672 1225 genera
1685 1142 1762 1218 siut,

432 1253 533 1300 unum
552 1241 711 1309 veterum,
741 1232 875 1298 alterum
897 1232 1102 1310 colonorum,
1131 1254 1213 1318 quos
1241 1237 1277 1296 Τ.
1298 1236 1435 1298 Manlius
1456 1243 1585 1318 praetor
1606 1257 1647 1300 ex
1669 1256 1762 1301 sena·

432 1334 484 1391 tus
501 1327 647 1391 consulto
669 1327 710 1391 de
732 1328 860 1410 oppidis
882 1328 1062 1392 Siculorum
1083 1328 1217 1393 deduxit
1237 1327 1460 1410 Agrigentum,
1493 1336 1622 1393 cautum
1650 1339 1701 1394 est
1726 1331 1761 1396 in

433 1422 593 1506 Scipionis
614 1422 753 1506 legibus,
775 1442 816 1485 nc
837 1423 945 1507 plures
960 1430 1068 1487 essent
1081 1423 1116 1486 in
1129 1431 1242 1487 senatu
1257 1442 1298 1486 ex
1312 1423 1500 1487 colonorum
1514 1445 1647 1488 numero
1663 1445 1761 1509 quam

433 1536 474 1581 ex
505 1523 612 1581 vetere
645 1516 935 1601 Agrigentinorum.
977 1518 1059 1593 lste,
1092 1519 1148 1601 qui
1178 1517 1286 1581 omnia
1314 1517 1384 1580 iura
1412 1519 1516 1601 pretio
1547 1526 1763 1603 exaequasset

353 1596 363 1613 '
396 1611 637 1694 coomninmque
669 1633 777 1676 rerum
805 1611 963 1676 delectum
991 1621 1088 1698 atque
1115 1612 1283 1676 discrimen
1305 1613 1441 1695 pecunia
1461 1614 1663 1689 sustulisset,
1692 1634 1760 1677 non

431 1706 527 1770 modo
549 1705 615 1781 illa,
637 1726 721 1790 quae
740 1713 830 1770 erant
845 1707 968 1782 aetatis,
990 1709 1112 1772 ordinis
1127 1713 1353 1792 quaestusque,
1375 1708 1570 1790 permiscuit,
1591 1707 1760 1771 sedetiam

430 1802 466 1865 in
485 1799 537 1864 his
560 1798 685 1865 duobus
706 1801 874 1885 generibus
888 1801 1004 1864 civium
1019 1821 1177 1866 novorum
1190 1808 1397 1886 veterumque
1411 1801 1558 1865 turbavit.
1592 1797 1664 1865 lat.
1678 1803 1759 1865 llam

432 1915 505 1961 cum
533 1901 617 1957 esset
646 1915 687 1959 ex
714 1901 858 1958 veterum
886 1915 1020 1959 numero
1052 1896 1183 1980 quidam
1211 1903 1339 1960 senator
1364 1896 1549 1960 demortuus
1571 1903 1694 1961 etcum
1717 1917 1760 1960 ex

431 1998 570 2073 utroque
599 2008 715 2074 genere
744 2009 803 2072 par
830 2009 980 2053 numerus
1001 1990 1146 2073 reliquus
1168 1995 1270 2052 esset:
1300 1995 1439 2052 veterem
1462 1991 1607 2072 cooptari
1627 2010 1759 2055 necesse

394 2091 499 2154 tuerat
519 2083 660 2168 legibus,
681 2091 718 2146 ut
738 2085 766 2147 is
788 2085 925 2168 amplior
946 2104 1098 2147 numerus
1120 2091 1213 2147 esset.
1246 2083 1336 2158 Quas
1357 2102 1429 2145 curn
1444 2083 1487 2145 ita
1502 2103 1537 2146 se
1551 2104 1603 2147 res
1617 2084 1759 2160 haberet,

430 2187 536 2243 tamen
562 2178 603 2241 ad
630 2179 726 2242 istum
754 2186 895 2260 emptum
920 2185 1077 2242 venerunt
1104 2178 1195 2240 illum
1225 2177 1331 2240 locum
1352 2178 1545 2240 senatorium
1566 2197 1632 2240 uon
1653 2178 1759 2242 solum

429 2279 570 2346 veteres,
598 2292 707 2336 verum
737 2272 832 2336 ctiam
859 2273 945 2335 novi.
987 2273 1053 2347 Fit,
1086 2278 1123 2335 ut
1151 2273 1253 2354 pretio
1281 2291 1384 2334 novus
1406 2271 1513 2335 vincat
1533 2270 1759 2356 litterasquea

429 2374 575 2450 praetore
597 2367 708 2430 afferat
727 2365 944 2448 Agrigentum.
988 2366 1187 2458 Agrigentini
1209 2365 1249 2429 ad
1271 2367 1366 2428 istum
1387 2366 1509 2449 legatos
1530 2366 1675 2442 mittunt,
1702 2368 1759 2451 qui

431 2481 503 2524 eum
526 2461 612 2544 leges
634 2459 771 2523 doceant
792 2461 1118 2545 consuetudinemque
1140 2462 1282 2525 omnium
1296 2479 1452 2524 annorum
1474 2461 1701 2537 demonstrent,
1722 2469 1759 2525 ut

392 2555 491 2625 snisto
511 2554 702 2637 intelligeret
723 2554 752 2616 ei
776 2575 810 2618 se
833 2555 925 2617 illum
946 2556 1051 2617 locum
1073 2555 1271 2629 vendidisse,
1300 2554 1352 2617 cui
1377 2574 1417 2617 ne
1440 2554 1664 2617 commercium
1686 2555 1758 2637 qui·

430 2649 502 2712 dcrn
525 2668 594 2711 esse
617 2655 787 2733 oporteret.
825 2649 967 2725 Quorum
990 2650 1135 2713 oratione
1157 2650 1234 2723 iste,
1257 2669 1328 2712 cum
1343 2649 1481 2731 pretium
1496 2648 1559 2710 iam
1574 2651 1757 2734 accepisset,

429 2763 470 2806 ne
491 2742 649 2805 tantulum
672 2743 800 2826 quidem
823 2750 998 2807 commotus
1021 2750 1079 2806 est.
1124 2738 1195 2805 l25.
1217 2744 1305 2806 Idem
1326 2743 1401 2806 lecit
1414 2742 1590 2806 Heracliae.
1622 2744 1702 2806 Nam
1717 2763 1756 2806 eo

430 2855 560 2920 quoque
582 2835 714 2900 colonos
742 2839 776 2900 P.
798 2838 944 2920 Rupilius
967 2837 1101 2901 deduxit
1127 2839 1279 2922 legesque
1302 2837 1422 2901 similes
1445 2837 1484 2900 de
1505 2837 1686 2921 cooptando
1707 2857 1758 2900 se·

429 2936 507 2993 natu
528 2935 562 2992 ct
583 2930 623 2993 do
645 2951 779 2995 numero
802 2940 944 2996 veterum
966 2951 1003 2995 ac
1025 2953 1180 2999 uovorum
1202 2931 1299 2994 dedit.
1341 2931 1389 2994 lbi
1411 2951 1476 2995 non
1498 2930 1602 2994 solum
1623 2929 1699 3005 iste,
1722 2938 1758 2994 ut

392 3024 514 3108 roapud
537 3031 676 3102 ceteros,
698 3028 865 3110 pecuniam
887 3027 1026 3110 accepit,
1049 3027 1105 3090 sed
1127 3027 1221 3090 etiam
1244 3045 1360 3109 genera
1381 3033 1523 3090 veterum
1544 3044 1582 3087 ac
1602 3042 1758 3087 novorum

428 3139 660 3204 numerumque
680 3122 876 3203 permiscuit.
919 3121 970 3184 Ll.
992 3120 1097 3183 Nolite
1119 3127 1320 3203 exspectare,
1341 3120 1416 3183 dum
1433 3139 1544 3183 omnes
1558 3118 1669 3182 obeam
1686 3135 1758 3179 ora-

428 3213 515 3277 tione
537 3233 609 3278 moa
629 3215 792 3278 civitates:
814 3215 876 3278 hoc
897 3235 962 3278 uno
985 3212 1179 3296 complector
1201 3214 1320 3290 omnia,
1346 3214 1506 3277 neminem
1527 3214 1589 3278 isto
1611 3219 1757 3295 praetore

428 3313 608 3373 senatorem
630 3304 697 3372 fieri
717 3309 877 3392 potuisse,
900 3307 961 3371 nisi
985 3306 1041 3391 qui
1062 3307 1114 3370 isti
1138 3307 1307 3391 pecuniam
1328 3307 1478 3370 dedisset.

513 3395 586 3464 lto.
608 3400 678 3464 Hoc
692 3402 777 3465 idem
791 3402 947 3465 transiero
962 3401 997 3463 in
1012 3401 1229 3482 magistratus,
1252 3401 1448 3476 curationes,
1471 3402 1663 3477 sacerdotia3
1686 3402 1759 3486 qui·

390 3496 488 3565 robus
509 3495 543 3556 in
564 3493 660 3558 rebus
681 3514 747 3558 non
769 3495 872 3559 solum
893 3495 1059 3558 hominum
1081 3494 1167 3568 iura,
1189 3495 1246 3558 sed
1267 3495 1363 3558 etiam
1377 3496 1509 3558 deorum
1530 3496 1758 3560 immortalium

428 3588 599 3671 religiones
626 3607 736 3652 omnes
761 3588 952 3673 repudiavit
995 3589 1160 3672 Syracusis
1190 3588 1243 3652 lcx
1269 3595 1317 3653 est
1343 3590 1383 3653 de
1411 3588 1584 3672 religione,
1617 3610 1702 3675 quae
1723 3591 1757 3654 in

429 3701 530 3746 annos
562 3680 706 3764 singulos
733 3682 818 3746 lovis
846 3681 1042 3746 sacerdotem
1071 3683 1184 3747 sortito
1214 3682 1285 3765 capi
1312 3682 1435 3758 iubeat,
1467 3685 1554 3767 quod
1576 3684 1661 3767 apud
1682 3685 1756 3748 illos

428 3775 659 3858 amplissimum
688 3775 900 3840 sacerdotium
928 3785 1067 3859 putatur.
1111 3772 1184 3839 447.
1215 3778 1293 3840 Cum
1320 3776 1479 3859 suffragiis
1505 3784 1569 3843 tres
1590 3799 1632 3842 ex
1653 3779 1756 3842 tribus

430 3871 598 3954 generibus
620 3870 719 3934 creati
741 3877 828 3945 sunt,
851 3890 901 3933 res
923 3879 1090 3934 revocatur
1112 3871 1151 3935 ad
1174 3878 1301 3934 sortem.
1336 3871 1514 3935 Perfecerat
1535 3873 1594 3938 iste
1609 3874 1755 3957 imperio,

391 3970 466 4034 aaut
485 3984 544 4047 pro
567 3965 716 4047 suffragio
746 3964 976 4027 Theomnastus
1003 3964 1169 4027 semiliaris
1199 3985 1275 4027 suus
1297 3965 1331 4027 in
1353 3966 1452 4029 trihus
1473 3966 1537 4031 illis
1558 3967 1757 4030 renuntiare-

429 4065 491 4123 tur.
523 4059 560 4121 ln
582 4065 682 4133 sorte,
705 4059 756 4122 cui
778 4058 934 4142 imperare
955 4079 1020 4122 nou
1035 4066 1179 4142 poterat,
1201 4059 1428 4141 exspectabant
1440 4060 1587 4125 homines
1603 4061 1756 4146 quidnam

430 4159 557 4219 actonis
580 4160 672 4216 esset
704 4152 828 4229 Homo,
852 4151 885 4215 id
901 4151 1070 4238 quoderat
1083 4152 1285 4227 facillimum,
1306 4154 1409 4236 primo
1424 4161 1510 4218 vetat
1524 4156 1646 4219 sortiri:
1667 4155 1758 4220 iubet

494 4402 520 4455 4.
537 4403 584 4454 illo
599 4403 686 4454 eodem
701 4401 734 4453 l:
752 4403 839 4454 sodon
854 4403 900 4454 illa
916 4404 963 4455 dtt.
983 4404 1011 4456 0.
1032 4433 1059 4440 -
1079 4405 1104 4455 6.
1122 4406 1151 4455 l..
1169 4405 1248 4455 llool
1267 4404 1335 4468 4344
1353 4419 1378 4470 p.
1392 4419 1428 4457 m.
1442 4421 1479 4468 φ;
1498 4407 1525 4457 G.
1538 4407 1667 4458 Mamilius
1683 4408 1754 4458 coni.

428 4478 501 4544 Pigh.
521 4492 554 4530 ex
570 4480 625 4529 Lis.
643 4478 685 4540 47,
704 4478 744 4529 36.
765 4503 790 4516 -
811 4478 835 4529 8.
854 4479 881 4528 in
897 4485 985 4530 sermo
998 4479 1146 4544 4344Νφι
1165 4493 1219 4530 om.
1233 4482 1278 4531 ott.
1294 4507 1321 4516 -
1340 4481 1364 4532 8.
1383 4495 1417 4531 en
1431 4487 1542 4532 odeum
1558 4482 1592 4532 de
1610 4481 1669 4531 llot.
1683 4481 1753 4532 coni.

429 4556 450 4608 1.
466 4553 542 4620 proh.
561 4555 605 4604 or.
624 4554 643 4603 l.
664 4579 691 4589 -
711 4553 751 4602 40.
770 4553 884 4603 ddectom
901 4555 978 4618 4344.
999 4580 1026 4592 -
1050 4556 1090 4605 44.
1114 4560 1273 4618 υοιονιιωᾳω
1289 4556 1408 4606 mlum
1424 4557 1583 4619 ordinesque
1598 4556 1676 4620 vulgo
1694 4557 1756 4609 inde

430 4629 464 4683 ab
483 4631 595 4693 llervsg.
609 4631 701 4680 oontm
719 4628 796 4680 codd.
811 4628 840 4679 0.
854 4629 902 4691 [sic
918 4631 969 4681 iam
986 4630 1012 4682 in
1025 4634 1135 4682 Arcens.
1149 4631 1233 4697 4444]
1247 4657 1275 4668 -
1295 4632 1334 4682 43.
1352 4645 1386 4681 ea
1401 4637 1482 4682 vetere
1498 4646 1566 4683 amn.
1580 4632 1628 4683 dtt.
1643 4660 1671 4670 —
1690 4634 1757 4696 qais-

426 4706 499 4771 piosa
514 4718 565 4756 seri.
581 4705 609 4756 l..
626 4731 650 4742 -
672 4705 712 4755 44.
730 4704 870 4767 44444344ον
885 4704 911 4766 4,
924 4704 1075 4768 ollVPal.
1091 4720 1162 4757 seo:
1180 4707 1217 4756 lis
1228 4707 1304 4768 ampl.
1317 4708 1353 4765 ll;
1371 4707 1409 4756 lais
1419 4707 1526 4770 amplius
1537 4709 1585 4759 dtt.
1600 4735 1627 4745 —
1640 4709 1759 4761 laudm

430 4779 528 4846 434444
545 4778 587 4831 alii
604 4777 651 4830 dtt.
665 4806 693 4816 -
711 4779 750 4830 46.
765 4785 838 4842 sapt.
856 4793 881 4830 o.
899 4783 917 4830 t.
933 4781 980 4831 loc.
994 4781 1018 4842 4,
1033 4782 1072 4832 V:
1090 4796 1144 4833 oen.
1159 4783 1323 4833 alsatiam
1339 4783 1387 4833 dtt.
1401 4783 1430 4832 0.
1446 4810 1473 4819 -
1493 4783 1630 4834 liemon
1643 4784 1754 4849 LngV:

429 4857 473 4909 sss
489 4857 534 4908 ott.
552 4856 581 4906 0.
602 4881 630 4892 -
657 4853 697 4904 48.
716 4844 815 4917 adserit
830 4854 1037 4919 Aqriqustraav:
1056 4858 1158 4921 aalma
1173 4856 1256 4922 4344,
1275 4859 1307 4919 0;
1326 4861 1419 4921 offerro
1434 4860 1512 4922 Lagg.
1531 4857 1587 4910 rell.
1608 4886 1635 4897 -
1654 4861 1694 4911 44.
1712 4861 1757 4911 ds-

429 4935 613 4993 mosstrartqse
628 4926 706 4993 4344.
721 4954 749 4964 -
767 4929 809 4980 46.
827 4930 976 4995 tromper-et
992 4932 1040 4994 (sic
1056 4931 1223 4997 plerumque)
1235 4933 1267 4984 V.
1281 4959 1309 4969 -
1327 4933 1409 4983 404444
1424 4934 1494 4983 sum
1507 4933 1538 4983 V.
1553 4960 1581 4971 -
1598 4947 1677 4997 moses
1691 4948 1755 4987 eom.

429 5005 463 5058 V.
476 5028 504 5043 -
522 5005 565 5056 44.
583 5003 684 5055 sssetV.
699 5029 727 5040 -
745 5003 786 5054 44.
798 5004 929 5056 {inedias
939 5005 1007 5070 4344
1024 5021 1050 5073 p.
1064 5021 1115 5059 m.:
1133 5009 1267 5059 Hoaclsos
1283 5009 1322 5060 eV
1337 5011 1382 5059 ott.
1396 5009 1425 5059 0.
1445 5008 1478 5060 cl.
1490 5008 1521 5058 V.
1534 5007 1559 5071 3.
1572 5010 1613 5062 86.
1627 5038 1656 5050 -
1673 5011 1715 5064 44.
1733 5018 1758 5064 et

431 5083 461 5135 ds
477 5078 591 5147 ugltv:
611 5092 643 5130 oc
659 5078 689 5129 de
705 5081 751 5131 stt.
769 5081 799 5131 0.
819 5105 847 5116 -
865 5081 907 5132 44.
924 5083 1001 5132 eliam
1017 5084 1139 5148 dapem
1155 5083 1186 5133 V.
1207 5111 1235 5121 -
1260 5085 1302 5134 47.
1319 5099 1370 5134 oso
1386 5083 1474 5147 serapt.
1493 5083 1639 5147 lgstuv:
1662 5100 1713 5138 isso
1731 5100 1755 5138 e.

429 5157 531 5208 aarum
546 5156 578 5218 li,
596 5155 702 5217 Frauo.;
720 5169 770 5207 isso
786 5169 809 5208 s.
826 5157 931 5208 crimine
946 5159 991 5209 ott.
1007 5185 1035 5196 -
1052 5159 1094 5211 49.
1111 5161 1264 5225 moserata
1273 5159 1304 5210 V.
1319 5188 1347 5197 -
1366 5160 1407 5211 36.
1424 5161 1494 5211 imm.
1505 5159 1551 5210 set.
1565 5160 1648 5223 44349,
1665 5162 1755 5212 ABV:

431 5232 478 5286 rat
496 5233 565 5284 m.
578 5234 624 5284 ott
637 5233 666 5283 0.
681 5257 709 5269 -
729 5231 769 5284 86.
787 5235 829 5283 cast
844 5233 905 5296 imp.
921 5247 947 5283 s.
962 5240 1100 5296 parerent
1115 5235 1184 5300 4344
1200 5248 1226 5301 p.
1240 5249 1292 5297 m.;
1310 5249 1368 5287 casa
1382 5237 1443 5298 imp
1460 5249 1511 5288 sos
1523 5240 1642 5300 potuerat
1657 5236 1757 5302 lgttlA

433 5308 505 5362 B.-
523 5307 1089 5376 ot.actwis]aerosatme,tsoswor1..
1108 5336 1137 5348 -
1153 5316 1279 5363 erotom.
1297 5309 1366 5376 4344
1382 5323 1459 5378 pun
