<?xml version="1.0" encoding="UTF-8"?>
<!DOCTYPE html PUBLIC "-//W3C//DTD XHTML 1.0 Transitional//EN"
    "http://www.w3.org/TR/xhtml1/DTD/xhtml1-transitional.dtd">
<html xmlns="http://www.w3.org/1999/xhtml" xml:lang="en" lang="en">
 <head>
  <title>
</title>
<meta http-equiv="Content-Type" content="text/html;charset=utf-8" />
  <meta name='ocr-system' content='tesseract 3.04.00' />
  <meta name='ocr-capabilities' content='ocr_page ocr_carea ocr_par ocr_line ocrx_word'/>
</head>
<body>
  <div class='ocr_page' id='page_1' title='image "./operaquaesupers02halmgoog_0272.png"; bbox 0 0 4367 6109; ppageno 0'>
   <div class='ocr_carea' id='block_1_1' title="bbox 472 561 1417 629">
    <p class='ocr_par' dir='ltr' id='par_1_1' title="bbox 472 561 1417 629">
     <span class='ocr_line' id='line_1_1' title="bbox 472 561 1417 629; baseline -0.001 0"><span class='ocrx_word' id='word_1_1' title='bbox 472 561 534 629; x_wconf 77' lang='lat'><strong>258</strong></span> <span class='ocrx_word' id='word_1_2' title='bbox 840 565 882 627; x_wconf 90' lang='lat' dir='ltr'><strong>IN</strong></span> <span class='ocrx_word' id='word_1_3' title='bbox 903 563 1068 628; x_wconf 78' lang='lat' dir='ltr'><strong>VERREM</strong></span> <span class='ocrx_word' id='word_1_4' title='bbox 1088 564 1211 629; x_wconf 85' lang='lat' dir='ltr'><strong>ACTIO</strong></span> <span class='ocrx_word' id='word_1_5' title='bbox 1234 564 1417 628; x_wconf 81' lang='lat' dir='ltr'>SECUNDA</span> 
     </span>
    </p>
   </div>
   <div class='ocr_carea' id='block_1_2' title="bbox 426 731 1789 2777">
    <p class='ocr_par' dir='ltr' id='par_1_2' title="bbox 426 731 1789 2777">
     <span class='ocr_line' id='line_1_2' title="bbox 472 731 1786 816; baseline 0.001 -19"><span class='ocrx_word' id='word_1_6' title='bbox 472 753 543 797; x_wconf 92' lang='lat' dir='ltr'><strong>cum</strong></span> <span class='ocrx_word' id='word_1_7' title='bbox 563 731 808 815; x_wconf 80' lang='lat' dir='ltr'><strong>apparitoribus,</strong></span> <span class='ocrx_word' id='word_1_8' title='bbox 837 732 869 795; x_wconf 93' lang='lat' dir='ltr'><strong>id</strong></span> <span class='ocrx_word' id='word_1_9' title='bbox 892 739 955 806; x_wconf 87' lang='lat' dir='ltr'><strong>est,</strong></span> <span class='ocrx_word' id='word_1_10' title='bbox 978 753 1047 795; x_wconf 92' lang='lat' dir='ltr'><strong>cum</strong></span> <span class='ocrx_word' id='word_1_11' title='bbox 1068 734 1101 796; x_wconf 83' lang='lat' dir='ltr'><strong>ri</strong></span> <span class='ocrx_word' id='word_1_12' title='bbox 1121 753 1157 796; x_wconf 88' lang='lat' dir='ltr'><strong>ac</strong></span> <span class='ocrx_word' id='word_1_13' title='bbox 1179 734 1271 796; x_wconf 93' lang='lat' dir='ltr'><strong>minis</strong></span> <span class='ocrx_word' id='word_1_14' title='bbox 1292 735 1446 806; x_wconf 86' lang='lat' dir='ltr'><strong>venisset,</strong></span> <span class='ocrx_word' id='word_1_15' title='bbox 1467 751 1598 816; x_wconf 89' lang='lat' dir='ltr'><strong>poscere</strong></span> <span class='ocrx_word' id='word_1_16' title='bbox 1619 735 1786 816; x_wconf 90' lang='lat' dir='ltr'><strong>pecuniam</strong></span> 
     </span>
     <span class='ocr_line' id='line_1_3' title="bbox 471 826 1787 912; baseline 0.002 -23"><span class='ocrx_word' id='word_1_17' title='bbox 471 827 619 908; x_wconf 76' lang='lat' dir='ltr'><strong>grandem</strong></span> <span class='ocrx_word' id='word_1_18' title='bbox 642 826 761 907; x_wconf 91' lang='lat' dir='ltr'><strong>coepit,</strong></span> <span class='ocrx_word' id='word_1_19' title='bbox 783 833 818 888; x_wconf 91' lang='lat' dir='ltr'><strong>ut</strong></span> <span class='ocrx_word' id='word_1_20' title='bbox 839 833 967 908; x_wconf 89' lang='lat' dir='ltr'><strong>accepto</strong></span> <span class='ocrx_word' id='word_1_21' title='bbox 989 826 1076 889; x_wconf 87' lang='lat' dir='ltr'><strong>lucro</strong></span> <span class='ocrx_word' id='word_1_22' title='bbox 1091 826 1275 890; x_wconf 91' lang='lat' dir='ltr'><strong>discederet.</strong></span> <span class='ocrx_word' id='word_1_23' title='bbox 1304 827 1395 890; x_wconf 90' lang='lat' dir='ltr'><strong>Nolle</strong></span> <span class='ocrx_word' id='word_1_24' title='bbox 1417 847 1451 889; x_wconf 90' lang='lat' dir='ltr'><strong>se</strong></span> <span class='ocrx_word' id='word_1_25' title='bbox 1473 826 1591 908; x_wconf 91' lang='lat' dir='ltr'><strong>negotii</strong></span> <span class='ocrx_word' id='word_1_26' title='bbox 1612 829 1787 912; x_wconf 82' lang='lat' dir='ltr'><strong>quidquam</strong></span> 
     </span>
     <span class='ocr_line' id='line_1_4' title="bbox 469 918 1788 1005; baseline 0.003 -25"><span class='ocrx_word' id='word_1_27' title='bbox 469 919 585 983; x_wconf 85' lang='lat' dir='ltr'><strong>babere</strong></span> <span class='ocrx_word' id='word_1_28' title='bbox 615 918 751 993; x_wconf 89' lang='lat' dir='ltr'><strong>dicebat,</strong></span> <span class='ocrx_word' id='word_1_29' title='bbox 780 919 835 982; x_wconf 88' lang='lat' dir='ltr'><strong>sed</strong></span> <span class='ocrx_word' id='word_1_30' title='bbox 864 927 989 1002; x_wconf 90' lang='lat' dir='ltr'><strong>accepta</strong></span> <span class='ocrx_word' id='word_1_31' title='bbox 1018 921 1150 1001; x_wconf 89' lang='lat' dir='ltr'><strong>pecunia</strong></span> <span class='ocrx_word' id='word_1_32' title='bbox 1173 941 1266 1003; x_wconf 90' lang='lat' dir='ltr'><strong>quam</strong></span> <span class='ocrx_word' id='word_1_33' title='bbox 1290 922 1423 1005; x_wconf 93' lang='lat' dir='ltr'><strong>primum</strong></span> <span class='ocrx_word' id='word_1_34' title='bbox 1444 920 1538 983; x_wconf 90' lang='lat' dir='ltr'><strong>aliam</strong></span> <span class='ocrx_word' id='word_1_35' title='bbox 1559 920 1713 983; x_wconf 87' lang='lat' dir='ltr'><strong>civitatem</strong></span> <span class='ocrx_word' id='word_1_36' title='bbox 1735 942 1788 984; x_wconf 91' lang='lat' dir='ltr'><strong>oc-</strong></span> 
     </span>
     <span class='ocr_line' id='line_1_5' title="bbox 470 1013 1788 1096; baseline 0.002 -23"><span class='ocrx_word' id='word_1_37' title='bbox 470 1033 592 1096; x_wconf 86' lang='lat' dir='ltr'><strong>cupare.</strong></span> <span class='ocrx_word' id='word_1_38' title='bbox 629 1013 709 1075; x_wconf 85' lang='lat' dir='ltr'><strong>Sunt</strong></span> <span class='ocrx_word' id='word_1_39' title='bbox 728 1032 837 1076; x_wconf 90' lang='lat' dir='ltr'><strong>omnes</strong></span> <span class='ocrx_word' id='word_1_40' title='bbox 860 1014 957 1076; x_wconf 83' lang='lat' dir='ltr'><strong>Siculi</strong></span> <span class='ocrx_word' id='word_1_41' title='bbox 978 1033 1042 1076; x_wconf 94' lang='lat' dir='ltr'><strong>non</strong></span> <span class='ocrx_word' id='word_1_42' title='bbox 1064 1014 1300 1087; x_wconf 90' lang='lat' dir='ltr'><strong>contemnendi,</strong></span> <span class='ocrx_word' id='word_1_43' title='bbox 1324 1015 1350 1075; x_wconf 89' lang='lat' dir='ltr'><strong>si</strong></span> <span class='ocrx_word' id='word_1_44' title='bbox 1371 1034 1427 1096; x_wconf 90' lang='lat' dir='ltr'><strong>per</strong></span> <span class='ocrx_word' id='word_1_45' title='bbox 1448 1019 1571 1077; x_wconf 89' lang='lat' dir='ltr'><strong>nostros</strong></span> <span class='ocrx_word' id='word_1_46' title='bbox 1592 1014 1788 1094; x_wconf 77' lang='lat' dir='ltr'><strong>magistratus</strong></span> 
     </span>
     <span class='ocr_line' id='line_1_6' title="bbox 446 1104 1788 1190; baseline 0.001 -23"><span class='ocrx_word' id='word_1_47' title='bbox 446 1104 577 1181; x_wconf 72' lang='lat' dir='ltr'><strong>tuerat,</strong></span> <span class='ocrx_word' id='word_1_48' title='bbox 598 1106 655 1169; x_wconf 92' lang='lat' dir='ltr'><strong>sed</strong></span> <span class='ocrx_word' id='word_1_49' title='bbox 676 1104 818 1169; x_wconf 90' lang='lat' dir='ltr'><strong>homines</strong></span> <span class='ocrx_word' id='word_1_50' title='bbox 841 1114 872 1170; x_wconf 92' lang='lat' dir='ltr'><strong>et</strong></span> <span class='ocrx_word' id='word_1_51' title='bbox 893 1109 966 1169; x_wconf 88' lang='lat' dir='ltr'><strong>satis</strong></span> <span class='ocrx_word' id='word_1_52' title='bbox 987 1106 1082 1169; x_wconf 90' lang='lat' dir='ltr'><strong>fortes</strong></span> <span class='ocrx_word' id='word_1_53' title='bbox 1105 1114 1137 1170; x_wconf 91' lang='lat' dir='ltr'><strong>et</strong></span> <span class='ocrx_word' id='word_1_54' title='bbox 1158 1108 1249 1190; x_wconf 90' lang='lat' dir='ltr'><strong>plane</strong></span> <span class='ocrx_word' id='word_1_55' title='bbox 1270 1107 1352 1188; x_wconf 82' lang='lat' dir='ltr'><strong>frugi</strong></span> <span class='ocrx_word' id='word_1_56' title='bbox 1374 1127 1410 1169; x_wconf 91' lang='lat' dir='ltr'><strong>ac</strong></span> <span class='ocrx_word' id='word_1_57' title='bbox 1433 1107 1545 1180; x_wconf 88' lang='lat' dir='ltr'><strong>sobrii,</strong></span> <span class='ocrx_word' id='word_1_58' title='bbox 1571 1115 1603 1169; x_wconf 94' lang='lat' dir='ltr'><strong>et</strong></span> <span class='ocrx_word' id='word_1_59' title='bbox 1624 1107 1656 1168; x_wconf 92' lang='lat' dir='ltr'><strong>in</strong></span> <span class='ocrx_word' id='word_1_60' title='bbox 1678 1107 1788 1187; x_wconf 90' lang='lat' dir='ltr'><strong>primis</strong></span> 
     </span>
     <span class='ocr_line' id='line_1_7' title="bbox 468 1193 1786 1283; baseline 0.003 -24"><span class='ocrx_word' id='word_1_61' title='bbox 468 1196 546 1261; x_wconf 89' lang='lat' dir='ltr'><strong>baec</strong></span> <span class='ocrx_word' id='word_1_62' title='bbox 574 1198 696 1272; x_wconf 84' lang='lat' dir='ltr'><strong>civitas,</strong></span> <span class='ocrx_word' id='word_1_63' title='bbox 728 1198 767 1262; x_wconf 94' lang='lat' dir='ltr'><strong>de</strong></span> <span class='ocrx_word' id='word_1_64' title='bbox 791 1219 853 1282; x_wconf 87' lang='lat' dir='ltr'><strong>qua</strong></span> <span class='ocrx_word' id='word_1_65' title='bbox 881 1200 1009 1283; x_wconf 91' lang='lat' dir='ltr'><strong>loquor,</strong></span> <span class='ocrx_word' id='word_1_66' title='bbox 1041 1200 1168 1263; x_wconf 90' lang='lat' dir='ltr'><strong>iudices.</strong></span> <span class='ocrx_word' id='word_1_67' title='bbox 1212 1198 1262 1263; x_wconf 87' lang='grc'><strong>68.</strong></span> <span class='ocrx_word' id='word_1_68' title='bbox 1285 1201 1393 1282; x_wconf 90' lang='lat' dir='ltr'><strong>Itaque</strong></span> <span class='ocrx_word' id='word_1_69' title='bbox 1414 1201 1534 1264; x_wconf 93' lang='lat' dir='ltr'><strong>bomini</strong></span> <span class='ocrx_word' id='word_1_70' title='bbox 1556 1193 1786 1282; x_wconf 84' lang='lat' dir='ltr'><strong>improbissimo</strong></span> 
     </span>
     <span class='ocr_line' id='line_1_8' title="bbox 467 1291 1789 1376; baseline 0.002 -24"><span class='ocrx_word' id='word_1_71' title='bbox 467 1291 657 1374; x_wconf 90' lang='lat' dir='ltr'><strong>respondent</strong></span> <span class='ocrx_word' id='word_1_72' title='bbox 677 1293 887 1375; x_wconf 80' lang='lat' dir='ltr'><strong>Agyrinenses</strong></span> <span class='ocrx_word' id='word_1_73' title='bbox 909 1313 978 1355; x_wconf 90' lang='lat' dir='ltr'><strong>sese</strong></span> <span class='ocrx_word' id='word_1_74' title='bbox 1001 1292 1145 1356; x_wconf 82' lang='lat' dir='ltr'><strong>decumas</strong></span> <span class='ocrx_word' id='word_1_75' title='bbox 1167 1294 1212 1366; x_wconf 91' lang='lat' dir='ltr'><strong>ei,</strong></span> <span class='ocrx_word' id='word_1_76' title='bbox 1235 1314 1328 1376; x_wconf 92' lang='lat' dir='ltr'><strong>quem</strong></span> <span class='ocrx_word' id='word_1_77' title='bbox 1351 1293 1390 1356; x_wconf 95' lang='lat' dir='ltr'><strong>ad</strong></span> <span class='ocrx_word' id='word_1_78' title='bbox 1405 1293 1531 1356; x_wconf 92' lang='lat' dir='ltr'><strong>modum</strong></span> <span class='ocrx_word' id='word_1_79' title='bbox 1546 1294 1711 1366; x_wconf 88' lang='lat' dir='ltr'><strong>deberent,</strong></span> <span class='ocrx_word' id='word_1_80' title='bbox 1734 1291 1789 1355; x_wconf 91' lang='lat' dir='ltr'><strong>da·</strong></span> 
     </span>
     <span class='ocr_line' id='line_1_9' title="bbox 467 1385 1789 1469; baseline 0.002 -22"><span class='ocrx_word' id='word_1_81' title='bbox 467 1391 570 1457; x_wconf 92' lang='lat' dir='ltr'><strong>turos,</strong></span> <span class='ocrx_word' id='word_1_82' title='bbox 592 1385 728 1459; x_wconf 91' lang='lat' dir='ltr'><strong>lucrum,</strong></span> <span class='ocrx_word' id='word_1_83' title='bbox 751 1406 819 1448; x_wconf 90' lang='lat' dir='ltr'><strong>cum</strong></span> <span class='ocrx_word' id='word_1_84' title='bbox 842 1387 896 1448; x_wconf 92' lang='lat' dir='ltr'><strong>ille</strong></span> <span class='ocrx_word' id='word_1_85' title='bbox 912 1405 1023 1468; x_wconf 88' lang='lat' dir='ltr'><strong>magno</strong></span> <span class='ocrx_word' id='word_1_86' title='bbox 1045 1387 1228 1469; x_wconf 89' lang='lat' dir='ltr'><strong>praesertim</strong></span> <span class='ocrx_word' id='word_1_87' title='bbox 1243 1388 1387 1460; x_wconf 89' lang='lat' dir='ltr'><strong>emisset,</strong></span> <span class='ocrx_word' id='word_1_88' title='bbox 1408 1407 1472 1449; x_wconf 93' lang='lat' dir='ltr'><strong>non</strong></span> <span class='ocrx_word' id='word_1_89' title='bbox 1487 1387 1659 1450; x_wconf 83' lang='lat' dir='ltr'><strong>additurus.</strong></span> <span class='ocrx_word' id='word_1_90' title='bbox 1687 1386 1789 1468; x_wconf 89' lang='lat' dir='ltr'><strong>Apro-</strong></span> 
     </span>
     <span class='ocr_line' id='line_1_10' title="bbox 467 1477 1788 1562; baseline 0.001 -23"><span class='ocrx_word' id='word_1_91' title='bbox 467 1477 537 1540; x_wconf 88' lang='lat' dir='ltr'><strong>nius</strong></span> <span class='ocrx_word' id='word_1_92' title='bbox 559 1479 720 1540; x_wconf 83' lang='lat' dir='ltr'><strong>certiorem</strong></span> <span class='ocrx_word' id='word_1_93' title='bbox 741 1478 815 1540; x_wconf 91' lang='lat' dir='ltr'><strong>facit</strong></span> <span class='ocrx_word' id='word_1_94' title='bbox 828 1480 938 1551; x_wconf 91' lang='lat' dir='ltr'><strong>istum,</strong></span> <span class='ocrx_word' id='word_1_95' title='bbox 960 1480 1029 1542; x_wconf 90' lang='lat' dir='ltr'><strong>cuia</strong></span> <span class='ocrx_word' id='word_1_96' title='bbox 1043 1499 1092 1541; x_wconf 89' lang='lat' dir='ltr'><strong>res</strong></span> <span class='ocrx_word' id='word_1_97' title='bbox 1108 1486 1184 1542; x_wconf 92' lang='lat' dir='ltr'><strong>erat.</strong></span> <span class='ocrx_word' id='word_1_98' title='bbox 1220 1480 1364 1542; x_wconf 85' lang='lat' dir='ltr'><strong>xxvut.</strong></span> <span class='ocrx_word' id='word_1_99' title='bbox 1386 1480 1513 1554; x_wconf 84' lang='lat' dir='ltr'><strong>Statim,</strong></span> <span class='ocrx_word' id='word_1_100' title='bbox 1535 1488 1695 1562; x_wconf 89' lang='lat' dir='ltr'><strong>tamquam</strong></span> <span class='ocrx_word' id='word_1_101' title='bbox 1712 1499 1788 1541; x_wconf 91' lang='lat' dir='ltr'><strong>con-</strong></span> 
     </span>
     <span class='ocr_line' id='line_1_11' title="bbox 431 1569 1787 1657; baseline 0.006 -31"><span class='ocrx_word' id='word_1_102' title='bbox 431 1569 576 1634; x_wconf 83' lang='lat' dir='ltr'><strong>tbiuratio</strong></span> <span class='ocrx_word' id='word_1_103' title='bbox 598 1570 704 1653; x_wconf 90' lang='lat' dir='ltr'><strong>aliqua</strong></span> <span class='ocrx_word' id='word_1_104' title='bbox 718 1572 823 1652; x_wconf 90' lang='lat' dir='ltr'><strong>Agyrii</strong></span> <span class='ocrx_word' id='word_1_105' title='bbox 838 1579 946 1634; x_wconf 89' lang='lat' dir='ltr'><strong>contra</strong></span> <span class='ocrx_word' id='word_1_106' title='bbox 965 1593 1031 1634; x_wconf 90' lang='lat' dir='ltr'><strong>rem</strong></span> <span class='ocrx_word' id='word_1_107' title='bbox 1053 1573 1211 1655; x_wconf 84' lang='lat' dir='ltr'><strong>publicam</strong></span> <span class='ocrx_word' id='word_1_108' title='bbox 1232 1573 1314 1636; x_wconf 88' lang='lat' dir='ltr'><strong>facta</strong></span> <span class='ocrx_word' id='word_1_109' title='bbox 1329 1581 1383 1635; x_wconf 91' lang='lat' dir='ltr'><strong>aut</strong></span> <span class='ocrx_word' id='word_1_110' title='bbox 1399 1574 1520 1655; x_wconf 89' lang='lat' dir='ltr'><strong>legatus</strong></span> <span class='ocrx_word' id='word_1_111' title='bbox 1541 1574 1694 1657; x_wconf 90' lang='lat' dir='ltr'><strong>praetoris</strong></span> <span class='ocrx_word' id='word_1_112' title='bbox 1716 1572 1787 1655; x_wconf 92' lang='lat' dir='ltr'><strong>pul-</strong></span> 
     </span>
     <span class='ocr_line' id='line_1_12' title="bbox 468 1665 1788 1750; baseline 0.002 -23"><span class='ocrx_word' id='word_1_113' title='bbox 468 1671 552 1727; x_wconf 87' lang='lat' dir='ltr'><strong>satus</strong></span> <span class='ocrx_word' id='word_1_114' title='bbox 581 1670 678 1738; x_wconf 91' lang='lat' dir='ltr'><strong>esset,</strong></span> <span class='ocrx_word' id='word_1_115' title='bbox 709 1666 750 1728; x_wconf 91' lang='lat' dir='ltr'><strong>ita</strong></span> <span class='ocrx_word' id='word_1_116' title='bbox 778 1665 894 1748; x_wconf 88' lang='lat' dir='ltr'><strong>Agyrio</strong></span> <span class='ocrx_word' id='word_1_117' title='bbox 923 1667 1122 1747; x_wconf 88' lang='lat' dir='ltr'><strong>magistratus</strong></span> <span class='ocrx_word' id='word_1_118' title='bbox 1144 1675 1176 1730; x_wconf 90' lang='lat' dir='ltr'><strong>et</strong></span> <span class='ocrx_word' id='word_1_119' title='bbox 1198 1669 1336 1750; x_wconf 92' lang='lat' dir='ltr'><strong>quinque</strong></span> <span class='ocrx_word' id='word_1_120' title='bbox 1364 1669 1457 1749; x_wconf 90' lang='lat' dir='ltr'><strong>primi</strong></span> <span class='ocrx_word' id='word_1_121' title='bbox 1479 1668 1579 1730; x_wconf 91' lang='lat' dir='ltr'><strong>accitu</strong></span> <span class='ocrx_word' id='word_1_122' title='bbox 1600 1668 1690 1728; x_wconf 90' lang='lat' dir='ltr'><strong>istius</strong></span> <span class='ocrx_word' id='word_1_123' title='bbox 1713 1686 1788 1729; x_wconf 86' lang='lat' dir='ltr'><strong>evo·</strong></span> 
     </span>
     <span class='ocr_line' id='line_1_13' title="bbox 468 1758 1787 1844; baseline 0.002 -24"><span class='ocrx_word' id='word_1_124' title='bbox 468 1764 585 1820; x_wconf 86' lang='lat' dir='ltr'><strong>cantur.</strong></span> <span class='ocrx_word' id='word_1_125' title='bbox 628 1758 768 1820; x_wconf 90' lang='lat' dir='ltr'><strong>Veniunt</strong></span> <span class='ocrx_word' id='word_1_126' title='bbox 788 1758 975 1840; x_wconf 82' lang='lat' dir='ltr'><strong>Syracusas:</strong></span> <span class='ocrx_word' id='word_1_127' title='bbox 998 1766 1121 1842; x_wconf 87' lang='lat' dir='ltr'><strong>praesto</strong></span> <span class='ocrx_word' id='word_1_128' title='bbox 1143 1769 1191 1822; x_wconf 91' lang='lat' dir='ltr'><strong>est</strong></span> <span class='ocrx_word' id='word_1_129' title='bbox 1204 1761 1377 1844; x_wconf 81' lang='lat' dir='ltr'><strong>Apronius:</strong></span> <span class='ocrx_word' id='word_1_130' title='bbox 1399 1762 1443 1823; x_wconf 88' lang='lat' dir='ltr'><strong>ait</strong></span> <span class='ocrx_word' id='word_1_131' title='bbox 1464 1781 1518 1823; x_wconf 89' lang='lat' dir='ltr'><strong>eos</strong></span> <span class='ocrx_word' id='word_1_132' title='bbox 1541 1762 1640 1842; x_wconf 92' lang='lat' dir='ltr'><strong>ipsos,</strong></span> <span class='ocrx_word' id='word_1_133' title='bbox 1664 1761 1719 1843; x_wconf 93' lang='lat' dir='ltr'><strong>qui</strong></span> <span class='ocrx_word' id='word_1_134' title='bbox 1733 1780 1787 1822; x_wconf 87' lang='lat' dir='ltr'><strong>ve-</strong></span> 
     </span>
     <span class='ocr_line' id='line_1_14' title="bbox 466 1851 1787 1937; baseline 0.002 -25"><span class='ocrx_word' id='word_1_135' title='bbox 466 1851 604 1927; x_wconf 90' lang='lat' dir='ltr'><strong>nissent,</strong></span> <span class='ocrx_word' id='word_1_136' title='bbox 626 1857 734 1915; x_wconf 89' lang='lat' dir='ltr'><strong>contra</strong></span> <span class='ocrx_word' id='word_1_137' title='bbox 756 1851 893 1914; x_wconf 90' lang='lat' dir='ltr'><strong>edictum</strong></span> <span class='ocrx_word' id='word_1_138' title='bbox 916 1853 1068 1933; x_wconf 91' lang='lat' dir='ltr'><strong>praetoris</strong></span> <span class='ocrx_word' id='word_1_139' title='bbox 1089 1852 1213 1916; x_wconf 88' lang='lat' dir='ltr'><strong>fecisse.</strong></span> <span class='ocrx_word' id='word_1_140' title='bbox 1244 1854 1459 1929; x_wconf 88' lang='lat' dir='ltr'><strong>Quaerebant,</strong></span> <span class='ocrx_word' id='word_1_141' title='bbox 1482 1855 1581 1937; x_wconf 74' lang='lat' dir='ltr'><strong>quid?</strong></span> <span class='ocrx_word' id='word_1_142' title='bbox 1603 1852 1787 1937; x_wconf 82' lang='lat' dir='ltr'><strong>Responde-</strong></span> 
     </span>
     <span class='ocr_line' id='line_1_15' title="bbox 465 1944 1787 2030; baseline 0 -24"><span class='ocrx_word' id='word_1_143' title='bbox 465 1944 520 2008; x_wconf 92' lang='lat' dir='ltr'><strong>bat</strong></span> <span class='ocrx_word' id='word_1_144' title='bbox 540 1966 574 2009; x_wconf 87' lang='lat' dir='ltr'><strong>se</strong></span> <span class='ocrx_word' id='word_1_145' title='bbox 595 1945 635 2007; x_wconf 91' lang='lat' dir='ltr'><strong>ad</strong></span> <span class='ocrx_word' id='word_1_146' title='bbox 656 1952 892 2026; x_wconf 86' lang='lat' dir='ltr'><strong>recuperatores</strong></span> <span class='ocrx_word' id='word_1_147' title='bbox 914 1965 983 2007; x_wconf 90' lang='lat' dir='ltr'><strong>esse</strong></span> <span class='ocrx_word' id='word_1_148' title='bbox 1006 1945 1170 2010; x_wconf 89' lang='lat' dir='ltr'><strong>dicturum.</strong></span> <span class='ocrx_word' id='word_1_149' title='bbox 1214 1949 1293 2021; x_wconf 89' lang='lat' dir='ltr'><strong>lste,</strong></span> <span class='ocrx_word' id='word_1_150' title='bbox 1316 1947 1522 2030; x_wconf 91' lang='lat' dir='ltr'><strong>aequissimus</strong></span> <span class='ocrx_word' id='word_1_151' title='bbox 1545 1947 1655 2020; x_wconf 92' lang='lat' dir='ltr'><strong>homo,</strong></span> <span class='ocrx_word' id='word_1_152' title='bbox 1677 1945 1787 2007; x_wconf 92' lang='lat' dir='ltr'><strong>formi-</strong></span> 
     </span>
     <span class='ocr_line' id='line_1_16' title="bbox 429 2036 1785 2123; baseline 0 -23"><span class='ocrx_word' id='word_1_153' title='bbox 429 2036 571 2101; x_wconf 77' lang='lat' dir='ltr'><strong>ttdinem</strong></span> <span class='ocrx_word' id='word_1_154' title='bbox 599 2038 685 2101; x_wconf 93' lang='lat' dir='ltr'><strong>illam</strong></span> <span class='ocrx_word' id='word_1_155' title='bbox 707 2057 795 2100; x_wconf 90' lang='lat' dir='ltr'><strong>suam</strong></span> <span class='ocrx_word' id='word_1_156' title='bbox 817 2039 937 2101; x_wconf 91' lang='lat' dir='ltr'><strong>miseris</strong></span> <span class='ocrx_word' id='word_1_157' title='bbox 959 2040 1205 2122; x_wconf 80' lang='lat' dir='ltr'><strong>Agyrinensibus</strong></span> <span class='ocrx_word' id='word_1_158' title='bbox 1231 2041 1405 2116; x_wconf 69' lang='lat' dir='ltr'><strong>inficiebat:</strong></span> <span class='ocrx_word' id='word_1_159' title='bbox 1435 2047 1667 2123; x_wconf 86' lang='lat' dir='ltr'><strong>recuperatores</strong></span> <span class='ocrx_word' id='word_1_160' title='bbox 1689 2058 1723 2101; x_wconf 88' lang='lat' dir='ltr'><strong>se</strong></span> <span class='ocrx_word' id='word_1_161' title='bbox 1745 2038 1785 2101; x_wconf 92' lang='lat' dir='ltr'><strong>de</strong></span> 
     </span>
     <span class='ocr_line' id='line_1_17' title="bbox 466 2131 1785 2216; baseline -0.001 -22"><span class='ocrx_word' id='word_1_162' title='bbox 466 2132 591 2195; x_wconf 88' lang='lat' dir='ltr'><strong>cohorte</strong></span> <span class='ocrx_word' id='word_1_163' title='bbox 613 2152 671 2194; x_wconf 91' lang='lat' dir='ltr'><strong>sua</strong></span> <span class='ocrx_word' id='word_1_164' title='bbox 691 2131 836 2195; x_wconf 90' lang='lat' dir='ltr'><strong>daturum</strong></span> <span class='ocrx_word' id='word_1_165' title='bbox 858 2133 1041 2195; x_wconf 87' lang='lat' dir='ltr'><strong>minabatur.</strong></span> <span class='ocrx_word' id='word_1_166' title='bbox 1085 2134 1313 2216; x_wconf 87' lang='lat' dir='ltr'><strong>Agyrinenses,</strong></span> <span class='ocrx_word' id='word_1_167' title='bbox 1341 2133 1399 2196; x_wconf 87' lang='lat' dir='ltr'><strong>viri</strong></span> <span class='ocrx_word' id='word_1_168' title='bbox 1423 2132 1602 2206; x_wconf 87' lang='lat' dir='ltr'><strong>fortissimi,</strong></span> <span class='ocrx_word' id='word_1_169' title='bbox 1634 2132 1785 2196; x_wconf 92' lang='lat' dir='ltr'><strong>iudicium</strong></span> 
     </span>
     <span class='ocr_line' id='line_1_18' title="bbox 466 2224 1784 2309; baseline -0.002 -20"><span class='ocrx_word' id='word_1_170' title='bbox 466 2246 500 2289; x_wconf 90' lang='lat' dir='ltr'><strong>se</strong></span> <span class='ocrx_word' id='word_1_171' title='bbox 527 2245 675 2309; x_wconf 90' lang='lat' dir='ltr'><strong>passuros</strong></span> <span class='ocrx_word' id='word_1_172' title='bbox 704 2245 773 2288; x_wconf 87' lang='lat' dir='ltr'><strong>esse</strong></span> <span class='ocrx_word' id='word_1_173' title='bbox 802 2224 954 2290; x_wconf 85' lang='lat' dir='ltr'><strong>dicebant.</strong></span> <span class='ocrx_word' id='word_1_174' title='bbox 997 2224 1048 2288; x_wconf 87' lang='grc'><strong>69.</strong></span> <span class='ocrx_word' id='word_1_175' title='bbox 1077 2227 1241 2308; x_wconf 84' lang='lat' dir='ltr'><strong>Ingerebat</strong></span> <span class='ocrx_word' id='word_1_176' title='bbox 1267 2227 1326 2289; x_wconf 90' lang='lat' dir='ltr'><strong>iste</strong></span> <span class='ocrx_word' id='word_1_177' title='bbox 1347 2225 1578 2288; x_wconf 90' lang='lat' dir='ltr'><strong>Artemidorum</strong></span> <span class='ocrx_word' id='word_1_178' title='bbox 1602 2225 1784 2289; x_wconf 87' lang='lat' dir='ltr'><strong>Cornelium</strong></span> 
     </span>
     <span class='ocr_line' id='line_1_19' title="bbox 464 2318 1785 2402; baseline 0.001 -21"><span class='ocrx_word' id='word_1_179' title='bbox 464 2319 619 2382; x_wconf 90' lang='lat' dir='ltr'><strong>medicum</strong></span> <span class='ocrx_word' id='word_1_180' title='bbox 643 2326 675 2380; x_wconf 93' lang='lat' dir='ltr'><strong>et</strong></span> <span class='ocrx_word' id='word_1_181' title='bbox 695 2318 913 2400; x_wconf 82' lang='lat' dir='ltr'><strong>Tlepolemum</strong></span> <span class='ocrx_word' id='word_1_182' title='bbox 937 2319 1115 2384; x_wconf 90' lang='lat' dir='ltr'><strong>Cornelium</strong></span> <span class='ocrx_word' id='word_1_183' title='bbox 1137 2319 1287 2400; x_wconf 93' lang='lat' dir='ltr'><strong>pictorem</strong></span> <span class='ocrx_word' id='word_1_184' title='bbox 1309 2328 1340 2382; x_wconf 91' lang='lat' dir='ltr'><strong>et</strong></span> <span class='ocrx_word' id='word_1_185' title='bbox 1364 2319 1496 2382; x_wconf 89' lang='lat' dir='ltr'><strong>huiusce</strong></span> <span class='ocrx_word' id='word_1_186' title='bbox 1511 2318 1596 2381; x_wconf 91' lang='lat' dir='ltr'><strong>modi</strong></span> <span class='ocrx_word' id='word_1_187' title='bbox 1619 2338 1785 2402; x_wconf 89' lang='lat' dir='ltr'><strong>recupera·</strong></span> 
     </span>
     <span class='ocr_line' id='line_1_20' title="bbox 465 2412 1785 2497; baseline 0.002 -22"><span class='ocrx_word' id='word_1_188' title='bbox 465 2421 567 2487; x_wconf 90' lang='lat' dir='ltr'><strong>tores,</strong></span> <span class='ocrx_word' id='word_1_189' title='bbox 589 2433 724 2497; x_wconf 91' lang='lat' dir='ltr'><strong>quorum</strong></span> <span class='ocrx_word' id='word_1_190' title='bbox 746 2412 821 2474; x_wconf 82' lang='lat' dir='ltr'><strong>civis</strong></span> <span class='ocrx_word' id='word_1_191' title='bbox 844 2413 1002 2475; x_wconf 85' lang='lat' dir='ltr'><strong>Romanus</strong></span> <span class='ocrx_word' id='word_1_192' title='bbox 1023 2434 1115 2476; x_wconf 90' lang='lat' dir='ltr'><strong>nemo</strong></span> <span class='ocrx_word' id='word_1_193' title='bbox 1139 2420 1220 2486; x_wconf 90' lang='lat' dir='ltr'><strong>erat,</strong></span> <span class='ocrx_word' id='word_1_194' title='bbox 1250 2415 1305 2476; x_wconf 91' lang='lat' dir='ltr'><strong>sed</strong></span> <span class='ocrx_word' id='word_1_195' title='bbox 1328 2413 1436 2476; x_wconf 87' lang='lat' dir='ltr'><strong>Graeci</strong></span> <span class='ocrx_word' id='word_1_196' title='bbox 1458 2412 1618 2495; x_wconf 90' lang='lat' dir='ltr'><strong>sacrilegi,</strong></span> <span class='ocrx_word' id='word_1_197' title='bbox 1639 2414 1701 2476; x_wconf 90' lang='lat' dir='ltr'><strong>iam</strong></span> <span class='ocrx_word' id='word_1_198' title='bbox 1720 2414 1785 2495; x_wconf 88' lang='lat' dir='ltr'><strong>pri-</strong></span> 
     </span>
     <span class='ocr_line' id='line_1_21' title="bbox 426 2505 1784 2590; baseline 0.003 -25"><span class='ocrx_word' id='word_1_199' title='bbox 426 2507 537 2571; x_wconf 75' lang='lat' dir='ltr'><strong>todem</strong></span> <span class='ocrx_word' id='word_1_200' title='bbox 557 2507 707 2589; x_wconf 90' lang='lat' dir='ltr'><strong>improbi,</strong></span> <span class='ocrx_word' id='word_1_201' title='bbox 730 2513 860 2587; x_wconf 90' lang='lat' dir='ltr'><strong>repente</strong></span> <span class='ocrx_word' id='word_1_202' title='bbox 883 2505 1028 2570; x_wconf 84' lang='lat' dir='ltr'><strong>Cornelii.</strong></span> <span class='ocrx_word' id='word_1_203' title='bbox 1061 2505 1217 2570; x_wconf 90' lang='lat' dir='ltr'><strong>Videbant</strong></span> <span class='ocrx_word' id='word_1_204' title='bbox 1237 2508 1465 2590; x_wconf 87' lang='lat' dir='ltr'><strong>Agyrinenses,</strong></span> <span class='ocrx_word' id='word_1_205' title='bbox 1488 2506 1645 2590; x_wconf 91' lang='lat' dir='ltr'><strong>quidquid</strong></span> <span class='ocrx_word' id='word_1_206' title='bbox 1666 2505 1706 2568; x_wconf 90' lang='lat' dir='ltr'><strong>ad</strong></span> <span class='ocrx_word' id='word_1_207' title='bbox 1729 2526 1784 2569; x_wconf 87' lang='lat' dir='ltr'><strong>eos</strong></span> 
     </span>
     <span class='ocr_line' id='line_1_22' title="bbox 463 2599 1784 2684; baseline -0.002 -19"><span class='ocrx_word' id='word_1_208' title='bbox 463 2608 697 2682; x_wconf 88' lang='lat' dir='ltr'><strong>recuperatores</strong></span> <span class='ocrx_word' id='word_1_209' title='bbox 711 2599 866 2683; x_wconf 91' lang='lat' dir='ltr'><strong>Apronius</strong></span> <span class='ocrx_word' id='word_1_210' title='bbox 882 2600 1051 2674; x_wconf 88' lang='lat' dir='ltr'><strong>attulisset,</strong></span> <span class='ocrx_word' id='word_1_211' title='bbox 1075 2600 1163 2662; x_wconf 87' lang='lat' dir='ltr'><strong>illum</strong></span> <span class='ocrx_word' id='word_1_212' title='bbox 1177 2600 1326 2683; x_wconf 84' lang='lat' dir='ltr'><strong>perfacile</strong></span> <span class='ocrx_word' id='word_1_213' title='bbox 1341 2600 1561 2684; x_wconf 90' lang='lat' dir='ltr'><strong>probaturum:</strong></span> <span class='ocrx_word' id='word_1_214' title='bbox 1584 2599 1784 2663; x_wconf 87' lang='lat' dir='ltr'><strong>condemnari</strong></span> 
     </span>
     <span class='ocr_line' id='line_1_23' title="bbox 464 2692 1784 2777; baseline 0 -20"><span class='ocrx_word' id='word_1_215' title='bbox 464 2715 533 2758; x_wconf 92' lang='lat' dir='ltr'><strong>cum</strong></span> <span class='ocrx_word' id='word_1_216' title='bbox 563 2695 651 2757; x_wconf 89' lang='lat' dir='ltr'><strong>istius</strong></span> <span class='ocrx_word' id='word_1_217' title='bbox 679 2692 796 2756; x_wconf 85' lang='lat' dir='ltr'><strong>invidia</strong></span> <span class='ocrx_word' id='word_1_218' title='bbox 825 2693 1015 2777; x_wconf 82' lang='lat' dir='ltr'><strong>infamiaque</strong></span> <span class='ocrx_word' id='word_1_219' title='bbox 1037 2694 1213 2772; x_wconf 89' lang='lat' dir='ltr'><strong>malebant,</strong></span> <span class='ocrx_word' id='word_1_220' title='bbox 1241 2714 1335 2777; x_wconf 93' lang='lat' dir='ltr'><strong>quam</strong></span> <span class='ocrx_word' id='word_1_221' title='bbox 1356 2693 1396 2756; x_wconf 92' lang='lat' dir='ltr'><strong>ad</strong></span> <span class='ocrx_word' id='word_1_222' title='bbox 1418 2695 1485 2757; x_wconf 91' lang='lat' dir='ltr'><strong>eius</strong></span> <span class='ocrx_word' id='word_1_223' title='bbox 1507 2693 1707 2757; x_wconf 87' lang='lat' dir='ltr'><strong>condiciones</strong></span> <span class='ocrx_word' id='word_1_224' title='bbox 1728 2712 1784 2777; x_wconf 91' lang='lat' dir='ltr'><strong>pa·</strong></span> 
     </span>
    </p>
   </div>
   <div class='ocr_carea' id='block_1_3' title="bbox 462 2785 1783 2966">
    <p class='ocr_par' dir='ltr' id='par_1_3' title="bbox 462 2785 1783 2966">
     <span class='ocr_line' id='line_1_24' title="bbox 463 2785 1783 2872; baseline -0.002 -21"><span class='ocrx_word' id='word_1_225' title='bbox 463 2790 645 2870; x_wconf 88' lang='lat' dir='ltr'><strong>ctionesque</strong></span> <span class='ocrx_word' id='word_1_226' title='bbox 676 2785 835 2852; x_wconf 89' lang='lat' dir='ltr'><strong>accedere.</strong></span> <span class='ocrx_word' id='word_1_227' title='bbox 880 2787 1095 2862; x_wconf 87' lang='lat' dir='ltr'><strong>Quaerebant,</strong></span> <span class='ocrx_word' id='word_1_228' title='bbox 1126 2808 1207 2872; x_wconf 92' lang='lat' dir='ltr'><strong>quae</strong></span> <span class='ocrx_word' id='word_1_229' title='bbox 1240 2789 1272 2850; x_wconf 96' lang='lat' dir='ltr'><strong>in</strong></span> <span class='ocrx_word' id='word_1_230' title='bbox 1299 2788 1395 2851; x_wconf 84' lang='lat' dir='ltr'><strong>verba</strong></span> <span class='ocrx_word' id='word_1_231' title='bbox 1423 2794 1655 2869; x_wconf 87' lang='lat' dir='ltr'><strong>recuperatores</strong></span> <span class='ocrx_word' id='word_1_232' title='bbox 1684 2786 1783 2849; x_wconf 83' lang='lat' dir='ltr'><strong>daret.</strong></span> 
     </span>
     <span class='ocr_line' id='line_1_25' title="bbox 462 2878 1782 2966; baseline -0.002 -22"><span class='ocrx_word' id='word_1_233' title='bbox 462 2881 702 2965; x_wconf 81' lang='lat' dir='ltr'><strong>Respondebat:</strong></span> <span class='ocrx_word' id='word_1_234' title='bbox 725 2901 752 2943; x_wconf 85' lang='lat' dir='ltr'><strong>st</strong></span> <span class='ocrx_word' id='word_1_235' title='bbox 773 2900 874 2943; x_wconf 76' lang='lat' dir='ltr'><strong>araur</strong></span> <span class='ocrx_word' id='word_1_236' title='bbox 896 2901 1051 2945; x_wconf 75' lang='lat' dir='ltr'><strong>Anvsnsvs</strong></span> <span class='ocrx_word' id='word_1_237' title='bbox 1072 2901 1211 2945; x_wconf 83' lang='lat' dir='ltr'><strong>snrcrvu</strong></span> <span class='ocrx_word' id='word_1_238' title='bbox 1233 2899 1375 2945; x_wconf 79' lang='lat' dir='ltr'><strong>sacrssn:</strong></span> <span class='ocrx_word' id='word_1_239' title='bbox 1398 2902 1461 2966; x_wconf 89' lang='lat' dir='ltr'><strong>qua</strong></span> <span class='ocrx_word' id='word_1_240' title='bbox 1481 2902 1532 2954; x_wconf 90' lang='lat' dir='ltr'><strong>re,</strong></span> <span class='ocrx_word' id='word_1_241' title='bbox 1556 2901 1590 2943; x_wconf 93' lang='lat' dir='ltr'><strong>se</strong></span> <span class='ocrx_word' id='word_1_242' title='bbox 1612 2881 1645 2943; x_wconf 92' lang='lat' dir='ltr'><strong>in</strong></span> <span class='ocrx_word' id='word_1_243' title='bbox 1666 2878 1782 2942; x_wconf 91' lang='lat' dir='ltr'><strong>iudicio</strong></span> 
     </span>
    </p>
   </div>
   <div class='ocr_carea' id='block_1_4' title="bbox 440 3148 1783 5302">
    <p class='ocr_par' dir='ltr' id='par_1_4' title="bbox 460 3148 1783 3587">
     <span class='ocr_line' id='line_1_26' title="bbox 461 3148 1783 3215; baseline -0.002 -12"><span class='ocrx_word' id='word_1_244' title='bbox 461 3153 488 3203; x_wconf 91' lang='lat' dir='ltr'><strong>bi</strong></span> <span class='ocrx_word' id='word_1_245' title='bbox 505 3165 562 3203; x_wconf 89' lang='lat' dir='ltr'><strong>cum</strong></span> <span class='ocrx_word' id='word_1_246' title='bbox 576 3152 650 3201; x_wconf 82' lang='lat' dir='ltr'><strong>minis</strong></span> <span class='ocrx_word' id='word_1_247' title='bbox 666 3163 697 3200; x_wconf 86' lang='lat' dir='ltr'><strong>ac</strong></span> <span class='ocrx_word' id='word_1_248' title='bbox 712 3151 738 3200; x_wconf 89' lang='lat' dir='ltr'><strong>ui</strong></span> <span class='ocrx_word' id='word_1_249' title='bbox 753 3149 867 3210; x_wconf 83' lang='lat' dir='ltr'><strong>babent;</strong></span> <span class='ocrx_word' id='word_1_250' title='bbox 886 3152 928 3213; x_wconf 81' lang='lat' dir='ltr'><strong>qui</strong></span> <span class='ocrx_word' id='word_1_251' title='bbox 944 3165 1001 3202; x_wconf 92' lang='lat' dir='ltr'><strong>cum</strong></span> <span class='ocrx_word' id='word_1_252' title='bbox 1016 3166 1108 3215; x_wconf 88' lang='lat' dir='ltr'><strong>appar.</strong></span> <span class='ocrx_word' id='word_1_253' title='bbox 1125 3166 1182 3202; x_wconf 90' lang='lat' dir='ltr'><strong>cum</strong></span> <span class='ocrx_word' id='word_1_254' title='bbox 1197 3152 1223 3201; x_wconf 93' lang='lat' dir='ltr'><strong>oi</strong></span> <span class='ocrx_word' id='word_1_255' title='bbox 1239 3165 1270 3202; x_wconf 89' lang='lat' dir='ltr'><strong>ac</strong></span> <span class='ocrx_word' id='word_1_256' title='bbox 1284 3152 1359 3200; x_wconf 84' lang='lat' dir='ltr'><strong>minis</strong></span> <span class='ocrx_word' id='word_1_257' title='bbox 1374 3164 1402 3200; x_wconf 86' lang='lat' dir='ltr'><strong>co</strong></span> <span class='ocrx_word' id='word_1_258' title='bbox 1418 3151 1520 3201; x_wconf 77' lang='lat' dir='ltr'><strong>emisset</strong></span> <span class='ocrx_word' id='word_1_259' title='bbox 1536 3148 1605 3213; x_wconf 77' lang='lat' dir='ltr'><strong>Lgtt</strong></span> <span class='ocrx_word' id='word_1_260' title='bbox 1623 3148 1688 3214; x_wconf 90' lang='lat' dir='ltr'><strong>[sine</strong></span> <span class='ocrx_word' id='word_1_261' title='bbox 1705 3150 1733 3200; x_wconf 86' lang='lat' dir='ltr'><strong>id</strong></span> <span class='ocrx_word' id='word_1_262' title='bbox 1747 3154 1783 3201; x_wconf 86' lang='lat' dir='ltr'><strong>est</strong></span> 
     </span>
     <span class='ocr_line' id='line_1_27' title="bbox 461 3222 1782 3291; baseline -0.002 -14"><span class='ocrx_word' id='word_1_263' title='bbox 461 3229 522 3291; x_wconf 89' lang='lat' dir='ltr'><strong>post</strong></span> <span class='ocrx_word' id='word_1_264' title='bbox 537 3241 639 3290; x_wconf 66' lang='lat' dir='ltr'><strong>appar„</strong></span> <span class='ocrx_word' id='word_1_265' title='bbox 657 3229 685 3276; x_wconf 93' lang='lat' dir='ltr'><strong>ut</strong></span> <span class='ocrx_word' id='word_1_266' title='bbox 702 3225 766 3276; x_wconf 88' lang='lat' dir='ltr'><strong>falso</strong></span> <span class='ocrx_word' id='word_1_267' title='bbox 784 3227 861 3276; x_wconf 89' lang='lat' dir='ltr'><strong>tradit</strong></span> <span class='ocrx_word' id='word_1_268' title='bbox 879 3226 931 3290; x_wconf 89' lang='grc' dir='ltr'><strong>Ζ.];</strong></span> <span class='ocrx_word' id='word_1_269' title='bbox 950 3228 993 3289; x_wconf 86' lang='lat' dir='ltr'><strong>qui</strong></span> <span class='ocrx_word' id='word_1_270' title='bbox 1008 3241 1065 3277; x_wconf 91' lang='lat' dir='ltr'><strong>cum</strong></span> <span class='ocrx_word' id='word_1_271' title='bbox 1082 3227 1282 3290; x_wconf 82' lang='lat' dir='ltr'><strong>apparitoribus,</strong></span> <span class='ocrx_word' id='word_1_272' title='bbox 1302 3228 1328 3277; x_wconf 87' lang='lat' dir='ltr'><strong>oi</strong></span> <span class='ocrx_word' id='word_1_273' title='bbox 1344 3240 1375 3275; x_wconf 88' lang='lat' dir='ltr'><strong>ac</strong></span> <span class='ocrx_word' id='word_1_274' title='bbox 1390 3227 1464 3275; x_wconf 85' lang='lat' dir='ltr'><strong>minis</strong></span> <span class='ocrx_word' id='word_1_275' title='bbox 1480 3239 1508 3275; x_wconf 86' lang='lat' dir='ltr'><strong>eo</strong></span> <span class='ocrx_word' id='word_1_276' title='bbox 1524 3227 1628 3275; x_wconf 70' lang='lat' dir='ltr'><strong>amussi</strong></span> <span class='ocrx_word' id='word_1_277' title='bbox 1643 3222 1736 3276; x_wconf 81' lang='lat' dir='ltr'><strong>bamb.</strong></span> <span class='ocrx_word' id='word_1_278' title='bbox 1754 3224 1782 3274; x_wconf 89' lang='lat' dir='ltr'><strong>ln</strong></span> 
     </span>
     <span class='ocr_line' id='line_1_28' title="bbox 461 3298 1782 3363; baseline -0.001 -13"><span class='ocrx_word' id='word_1_279' title='bbox 461 3313 543 3363; x_wconf 84' lang='lat' dir='ltr'><strong>marg.</strong></span> <span class='ocrx_word' id='word_1_280' title='bbox 563 3300 640 3357; x_wconf 75' lang='lat' dir='ltr'><strong>itit:</strong></span> <span class='ocrx_word' id='word_1_281' title='bbox 659 3302 702 3361; x_wconf 82' lang='lat' dir='ltr'><strong>qui</strong></span> <span class='ocrx_word' id='word_1_282' title='bbox 718 3314 775 3350; x_wconf 88' lang='lat' dir='ltr'><strong>cum</strong></span> <span class='ocrx_word' id='word_1_283' title='bbox 790 3314 818 3350; x_wconf 84' lang='lat' dir='ltr'><strong>aa</strong></span> <span class='ocrx_word' id='word_1_284' title='bbox 834 3314 894 3350; x_wconf 65' lang='lat' dir='ltr'><strong>aum,</strong></span> <span class='ocrx_word' id='word_1_285' title='bbox 907 3315 1009 3363; x_wconf 70' lang='lat' dir='ltr'><strong>appar,</strong></span> <span class='ocrx_word' id='word_1_286' title='bbox 1027 3303 1053 3351; x_wconf 85' lang='lat' dir='ltr'><strong>id</strong></span> <span class='ocrx_word' id='word_1_287' title='bbox 1068 3309 1104 3352; x_wconf 90' lang='lat' dir='ltr'><strong>est</strong></span> <span class='ocrx_word' id='word_1_288' title='bbox 1119 3317 1175 3353; x_wconf 78' lang='lat' dir='ltr'><strong>caua</strong></span> <span class='ocrx_word' id='word_1_289' title='bbox 1190 3303 1265 3352; x_wconf 83' lang='lat' dir='ltr'><strong>minis</strong></span> <span class='ocrx_word' id='word_1_290' title='bbox 1281 3315 1312 3351; x_wconf 90' lang='lat' dir='ltr'><strong>aa</strong></span> <span class='ocrx_word' id='word_1_291' title='bbox 1328 3302 1352 3350; x_wconf 89' lang='lat' dir='ltr'><strong>ut</strong></span> <span class='ocrx_word' id='word_1_292' title='bbox 1367 3301 1471 3350; x_wconf 76' lang='lat' dir='ltr'><strong>oenbsct</strong></span> <span class='ocrx_word' id='word_1_293' title='bbox 1487 3300 1517 3361; x_wconf 90' lang='lat'><strong>0,</strong></span> <span class='ocrx_word' id='word_1_294' title='bbox 1536 3300 1566 3348; x_wconf 94' lang='lat' dir='ltr'><strong>ut</strong></span> <span class='ocrx_word' id='word_1_295' title='bbox 1582 3298 1653 3351; x_wconf 90' lang='lat' dir='ltr'><strong>solus</strong></span> <span class='ocrx_word' id='word_1_296' title='bbox 1669 3301 1731 3363; x_wconf 83' lang='lat' dir='ltr'><strong>Lag.</strong></span> <span class='ocrx_word' id='word_1_297' title='bbox 1749 3299 1782 3349; x_wconf 75' lang='lat' dir='ltr'><strong>i&#39;l</strong></span> 
     </span>
     <span class='ocr_line' id='line_1_29' title="bbox 460 3373 1782 3440; baseline 0 -16"><span class='ocrx_word' id='word_1_298' title='bbox 460 3374 560 3424; x_wconf 87' lang='lat' dir='ltr'><strong>hebere</strong></span> <span class='ocrx_word' id='word_1_299' title='bbox 578 3373 689 3424; x_wconf 84' lang='lat' dir='ltr'><strong>videtur.</strong></span> <span class='ocrx_word' id='word_1_300' title='bbox 713 3374 883 3438; x_wconf 86' lang='lat' dir='ltr'><strong>[bigessbnus</strong></span> <span class='ocrx_word' id='word_1_301' title='bbox 899 3375 1026 3426; x_wconf 85' lang='lat' dir='ltr'><strong>lectiones</strong></span> <span class='ocrx_word' id='word_1_302' title='bbox 1043 3378 1130 3427; x_wconf 87' lang='lat' dir='ltr'><strong>varias</strong></span> <span class='ocrx_word' id='word_1_303' title='bbox 1148 3391 1181 3428; x_wconf 80' lang='lat' dir='ltr'><strong>ex</strong></span> <span class='ocrx_word' id='word_1_304' title='bbox 1192 3377 1266 3427; x_wconf 84' lang='lat' dir='ltr'><strong>Nicb.</strong></span> <span class='ocrx_word' id='word_1_305' title='bbox 1280 3376 1446 3440; x_wconf 88' lang='lat' dir='ltr'><strong>apographo,</strong></span> <span class='ocrx_word' id='word_1_306' title='bbox 1465 3388 1498 3424; x_wconf 81' lang='lat' dir='ltr'><strong>ex</strong></span> <span class='ocrx_word' id='word_1_307' title='bbox 1514 3387 1567 3438; x_wconf 89' lang='lat' dir='ltr'><strong>quo</strong></span> <span class='ocrx_word' id='word_1_308' title='bbox 1584 3388 1646 3425; x_wconf 92' lang='lat' dir='ltr'><strong>cum</strong></span> <span class='ocrx_word' id='word_1_309' title='bbox 1662 3375 1716 3425; x_wconf 91' lang='lat' dir='ltr'><strong>iam</strong></span> <span class='ocrx_word' id='word_1_310' title='bbox 1732 3387 1782 3438; x_wconf 87' lang='lat' dir='ltr'><strong>ap-</strong></span> 
     </span>
     <span class='ocr_line' id='line_1_30' title="bbox 460 3448 1780 3515; baseline 0.001 -17"><span class='ocrx_word' id='word_1_311' title='bbox 460 3452 564 3514; x_wconf 84' lang='lat' dir='ltr'><strong>pareat,</strong></span> <span class='ocrx_word' id='word_1_312' title='bbox 582 3451 659 3500; x_wconf 86' lang='lat' dir='ltr'><strong>idest</strong></span> <span class='ocrx_word' id='word_1_313' title='bbox 675 3464 709 3501; x_wconf 92' lang='lat' dir='ltr'><strong>ne</strong></span> <span class='ocrx_word' id='word_1_314' title='bbox 727 3451 752 3501; x_wconf 91' lang='lat' dir='ltr'><strong>in</strong></span> <span class='ocrx_word' id='word_1_315' title='bbox 766 3452 825 3513; x_wconf 85' lang='lat' dir='ltr'><strong>Lag.</strong></span> <span class='ocrx_word' id='word_1_316' title='bbox 839 3451 879 3501; x_wconf 72' lang='lat' dir='ltr'><strong>li.</strong></span> <span class='ocrx_word' id='word_1_317' title='bbox 893 3452 1001 3515; x_wconf 87' lang='lat' dir='ltr'><strong>quidem</strong></span> <span class='ocrx_word' id='word_1_318' title='bbox 1017 3455 1135 3512; x_wconf 80' lang='lat' dir='ltr'><strong>exstare,</strong></span> <span class='ocrx_word' id='word_1_319' title='bbox 1155 3453 1206 3501; x_wconf 90' lang='lat' dir='ltr'><strong>iam</strong></span> <span class='ocrx_word' id='word_1_320' title='bbox 1218 3464 1297 3502; x_wconf 89' lang='lat' dir='ltr'><strong>nemo</strong></span> <span class='ocrx_word' id='word_1_321' title='bbox 1316 3448 1446 3500; x_wconf 86' lang='lat' dir='ltr'><strong>dubitabit</strong></span> <span class='ocrx_word' id='word_1_322' title='bbox 1464 3450 1526 3511; x_wconf 87' lang='lat' dir='ltr'><strong>quin</strong></span> <span class='ocrx_word' id='word_1_323' title='bbox 1543 3448 1716 3501; x_wconf 86' lang='lat' dir='ltr'><strong>scribendum</strong></span> <span class='ocrx_word' id='word_1_324' title='bbox 1732 3451 1780 3500; x_wconf 88' lang='lat' dir='ltr'><strong>sit:</strong></span> 
     </span>
     <span class='ocr_line' id='line_1_31' title="bbox 461 3521 1779 3587; baseline 0.001 -15"><span class='ocrx_word' id='word_1_325' title='bbox 461 3526 504 3587; x_wconf 83' lang='lat' dir='ltr'><strong>qui</strong></span> <span class='ocrx_word' id='word_1_326' title='bbox 519 3538 575 3573; x_wconf 86' lang='lat' dir='ltr'><strong>aum</strong></span> <span class='ocrx_word' id='word_1_327' title='bbox 592 3538 651 3586; x_wconf 86' lang='lat' dir='ltr'><strong>app.</strong></span> <span class='ocrx_word' id='word_1_328' title='bbox 670 3540 697 3575; x_wconf 88' lang='lat' dir='ltr'><strong>oo</strong></span> <span class='ocrx_word' id='word_1_329' title='bbox 714 3530 738 3575; x_wconf 86' lang='lat' dir='ltr'><strong>et</strong></span> <span class='ocrx_word' id='word_1_330' title='bbox 754 3539 810 3574; x_wconf 88' lang='lat' dir='ltr'><strong>cum</strong></span> <span class='ocrx_word' id='word_1_331' title='bbox 826 3527 851 3574; x_wconf 87' lang='lat' dir='ltr'><strong>oi</strong></span> <span class='ocrx_word' id='word_1_332' title='bbox 868 3540 898 3574; x_wconf 91' lang='lat' dir='ltr'><strong>ac</strong></span> <span class='ocrx_word' id='word_1_333' title='bbox 914 3527 987 3575; x_wconf 81' lang='lat' dir='ltr'><strong>minis</strong></span> <span class='ocrx_word' id='word_1_334' title='bbox 997 3540 1037 3584; x_wconf 87' lang='lat' dir='ltr'><strong>o.;</strong></span> <span class='ocrx_word' id='word_1_335' title='bbox 1056 3530 1098 3576; x_wconf 92' lang='lat' dir='ltr'><strong>est</strong></span> <span class='ocrx_word' id='word_1_336' title='bbox 1114 3529 1202 3576; x_wconf 87' lang='lat' dir='ltr'><strong>autem</strong></span> <span class='ocrx_word' id='word_1_337' title='bbox 1220 3526 1262 3587; x_wconf 84' lang='lat' dir='ltr'><strong>qui</strong></span> <span class='ocrx_word' id='word_1_338' title='bbox 1277 3526 1379 3574; x_wconf 74' lang='lat' dir='ltr'><strong>accuset</strong></span> <span class='ocrx_word' id='word_1_339' title='bbox 1395 3523 1466 3572; x_wconf 92' lang='lat' dir='ltr'><strong>idem</strong></span> <span class='ocrx_word' id='word_1_340' title='bbox 1478 3521 1550 3585; x_wconf 86' lang='lat' dir='ltr'><strong>quod</strong></span> <span class='ocrx_word' id='word_1_341' title='bbox 1565 3536 1622 3572; x_wconf 87' lang='lat' dir='ltr'><strong>cum</strong></span> <span class='ocrx_word' id='word_1_342' title='bbox 1638 3524 1779 3574; x_wconf 81' lang='lat' dir='ltr'><strong>tramisset.</strong></span> 
     </span>
    </p>

    <p class='ocr_par' dir='ltr' id='par_1_5' title="bbox 440 3591 1782 5302">
     <span class='ocr_line' id='line_1_32' title="bbox 440 3591 1779 3663; baseline -0.001 -14"><span class='ocrx_word' id='word_1_343' title='bbox 440 3591 442 3596; x_wconf 69' lang='grc'>’</span> <span class='ocrx_word' id='word_1_344' title='bbox 461 3598 500 3650; x_wconf 91' lang='lat' dir='ltr'><strong>Cf.</strong></span> <span class='ocrx_word' id='word_1_345' title='bbox 518 3601 549 3649; x_wconf 91' lang='lat' dir='ltr'><strong>ll.</strong></span> <span class='ocrx_word' id='word_1_346' title='bbox 568 3599 592 3662; x_wconf 68' lang='lat' dir='ltr'><strong>g.</strong></span> <span class='ocrx_word' id='word_1_347' title='bbox 607 3599 646 3650; x_wconf 84' lang='lat' dir='ltr'><strong>l8.</strong></span> <span class='ocrx_word' id='word_1_348' title='bbox 666 3600 714 3662; x_wconf 83' lang='lat' dir='ltr'><strong>Qui</strong></span> <span class='ocrx_word' id='word_1_349' title='bbox 729 3606 779 3648; x_wconf 83' lang='lat' dir='ltr'><strong>aori</strong></span> <span class='ocrx_word' id='word_1_350' title='bbox 793 3605 873 3661; x_wconf 84' lang='lat' dir='ltr'><strong>posset</strong></span> <span class='ocrx_word' id='word_1_351' title='bbox 888 3614 980 3663; x_wconf 78' lang='lat' dir='ltr'><strong>separe</strong></span> <span class='ocrx_word' id='word_1_352' title='bbox 996 3600 1028 3649; x_wconf 85' lang='lat' dir='ltr'><strong>ab</strong></span> <span class='ocrx_word' id='word_1_353' title='bbox 1044 3601 1093 3650; x_wconf 83' lang='lat' dir='ltr'><strong>iilis</strong></span> <span class='ocrx_word' id='word_1_354' title='bbox 1105 3603 1238 3662; x_wconf 84' lang='lat' dir='ltr'><strong>pecuniam</strong></span> <span class='ocrx_word' id='word_1_355' title='bbox 1255 3602 1353 3660; x_wconf 71' lang='lat' dir='ltr'><strong>datam</strong></span> <span class='ocrx_word' id='word_1_356' title='bbox 1371 3613 1421 3649; x_wconf 81' lang='lat' dir='ltr'><strong>uon</strong></span> <span class='ocrx_word' id='word_1_357' title='bbox 1438 3599 1558 3660; x_wconf 77' lang='lat' dir='ltr'><strong>qumsieit</strong></span> <span class='ocrx_word' id='word_1_358' title='bbox 1574 3600 1624 3648; x_wconf 83' lang='lat' dir='ltr'><strong>cet.</strong></span> <span class='ocrx_word' id='word_1_359' title='bbox 1644 3597 1737 3662; x_wconf 69' lang='lat' dir='ltr'><strong>tirum]</strong></span> <span class='ocrx_word' id='word_1_360' title='bbox 1752 3625 1779 3634; x_wconf 93' lang='lat'><em>—</em></span> 
     </span>
     <span class='ocr_line' id='line_1_33' title="bbox 460 3672 1779 3739; baseline -0.002 -14"><span class='ocrx_word' id='word_1_361' title='bbox 460 3675 484 3725; x_wconf 79' lang='lat'><strong>2.</strong></span> <span class='ocrx_word' id='word_1_362' title='bbox 502 3675 585 3738; x_wconf 80' lang='lat' dir='ltr'><strong>nepoti</strong></span> <span class='ocrx_word' id='word_1_363' title='bbox 601 3675 734 3736; x_wconf 84' lang='lat' dir='ltr'><strong>quicquam</strong></span> <span class='ocrx_word' id='word_1_364' title='bbox 750 3675 782 3725; x_wconf 88' lang='lat' dir='ltr'><strong>V.</strong></span> <span class='ocrx_word' id='word_1_365' title='bbox 802 3701 829 3710; x_wconf 90' lang='lat'><em>-</em></span> <span class='ocrx_word' id='word_1_366' title='bbox 853 3673 877 3723; x_wconf 81' lang='lat'><strong>3.</strong></span> <span class='ocrx_word' id='word_1_367' title='bbox 895 3676 1001 3736; x_wconf 85' lang='lat' dir='ltr'><strong>peaurria</strong></span> <span class='ocrx_word' id='word_1_368' title='bbox 1016 3675 1076 3725; x_wconf 77' lang='lat' dir='ltr'><strong>esde</strong></span> <span class='ocrx_word' id='word_1_369' title='bbox 1093 3689 1169 3737; x_wconf 84' lang='lat' dir='ltr'><strong>quam</strong></span> <span class='ocrx_word' id='word_1_370' title='bbox 1185 3692 1218 3739; x_wconf 67' lang='lat' dir='ltr'><strong>V.</strong></span> <span class='ocrx_word' id='word_1_371' title='bbox 1226 3679 1254 3726; x_wconf 92' lang='lat' dir='ltr'><strong>et</strong></span> <span class='ocrx_word' id='word_1_372' title='bbox 1270 3674 1347 3739; x_wconf 80' lang='lat' dir='ltr'><strong>Lgli.</strong></span> <span class='ocrx_word' id='word_1_373' title='bbox 1373 3702 1400 3710; x_wconf 94' lang='lat'>—</span> <span class='ocrx_word' id='word_1_374' title='bbox 1421 3674 1499 3723; x_wconf 83' lang='lat' dir='ltr'><strong>ctiam</strong></span> <span class='ocrx_word' id='word_1_375' title='bbox 1515 3687 1537 3722; x_wconf 93' lang='lat' dir='ltr'><strong>c.</strong></span> <span class='ocrx_word' id='word_1_376' title='bbox 1556 3686 1678 3735; x_wconf 72' lang='lat' dir='ltr'><strong>ccupare</strong></span> <span class='ocrx_word' id='word_1_377' title='bbox 1693 3672 1779 3736; x_wconf 75' lang='lat' dir='ltr'><strong>Lgit:</strong></span> 
     </span>
     <span class='ocr_line' id='line_1_34' title="bbox 458 3746 1782 3811; baseline 0.001 -14"><span class='ocrx_word' id='word_1_378' title='bbox 458 3748 486 3797; x_wconf 85' lang='lat' dir='ltr'><strong>in</strong></span> <span class='ocrx_word' id='word_1_379' title='bbox 508 3749 586 3798; x_wconf 66' lang='lat' dir='ltr'><strong>diam</strong></span> <span class='ocrx_word' id='word_1_380' title='bbox 609 3762 631 3799; x_wconf 90' lang='lat' dir='ltr'><strong>c.</strong></span> <span class='ocrx_word' id='word_1_381' title='bbox 653 3762 783 3798; x_wconf 82' lang='lat' dir='ltr'><strong>occurrere</strong></span> <span class='ocrx_word' id='word_1_382' title='bbox 803 3749 839 3809; x_wconf 85' lang='lat' dir='ltr'><strong>V,</strong></span> <span class='ocrx_word' id='word_1_383' title='bbox 865 3751 893 3798; x_wconf 92' lang='lat' dir='ltr'><strong>et</strong></span> <span class='ocrx_word' id='word_1_384' title='bbox 913 3750 965 3806; x_wconf 83' lang='lat' dir='ltr'><strong>sic,</strong></span> <span class='ocrx_word' id='word_1_385' title='bbox 992 3747 1039 3800; x_wconf 90' lang='lat' dir='ltr'><strong>sed</strong></span> <span class='ocrx_word' id='word_1_386' title='bbox 1060 3749 1117 3799; x_wconf 85' lang='lat' dir='ltr'><strong>sine</strong></span> <span class='ocrx_word' id='word_1_387' title='bbox 1137 3751 1176 3810; x_wconf 86' lang='lat' dir='ltr'><strong>in,</strong></span> <span class='ocrx_word' id='word_1_388' title='bbox 1203 3749 1259 3800; x_wconf 84' lang='lat' dir='ltr'><strong>rell.</strong></span> <span class='ocrx_word' id='word_1_389' title='bbox 1278 3752 1306 3800; x_wconf 94' lang='lat'><strong>0.</strong></span> <span class='ocrx_word' id='word_1_390' title='bbox 1333 3776 1360 3786; x_wconf 93' lang='lat'>-</span> <span class='ocrx_word' id='word_1_391' title='bbox 1386 3748 1410 3800; x_wconf 83' lang='lat' dir='ltr'><strong>l.</strong></span> <span class='ocrx_word' id='word_1_392' title='bbox 1429 3762 1512 3798; x_wconf 85' lang='lat' dir='ltr'><strong>omnes</strong></span> <span class='ocrx_word' id='word_1_393' title='bbox 1527 3746 1595 3811; x_wconf 77' lang='lat' dir='ltr'><strong>ugit</strong></span> <span class='ocrx_word' id='word_1_394' title='bbox 1612 3749 1647 3797; x_wconf 95' lang='lat' dir='ltr'><strong>V:</strong></span> <span class='ocrx_word' id='word_1_395' title='bbox 1673 3748 1782 3798; x_wconf 73' lang='lat' dir='ltr'><strong>mmmm</strong></span> 
     </span>
     <span class='ocr_line' id='line_1_35' title="bbox 460 3821 1779 3887; baseline 0 -15"><span class='ocrx_word' id='word_1_396' title='bbox 460 3822 537 3873; x_wconf 88' lang='lat' dir='ltr'><strong>codd.</strong></span> <span class='ocrx_word' id='word_1_397' title='bbox 557 3821 612 3872; x_wconf 91' lang='lat' dir='ltr'><strong>rell.</strong></span> <span class='ocrx_word' id='word_1_398' title='bbox 634 3851 661 3860; x_wconf 87' lang='lat'><em>-</em></span> <span class='ocrx_word' id='word_1_399' title='bbox 679 3825 703 3874; x_wconf 77' lang='lat' dir='ltr'><strong>a.</strong></span> <span class='ocrx_word' id='word_1_400' title='bbox 722 3828 746 3873; x_wconf 85' lang='lat' dir='ltr'><strong>et</strong></span> <span class='ocrx_word' id='word_1_401' title='bbox 760 3823 836 3886; x_wconf 73' lang='lat' dir='ltr'><strong>fortas</strong></span> <span class='ocrx_word' id='word_1_402' title='bbox 851 3823 911 3872; x_wconf 83' lang='lat' dir='ltr'><strong>satis</strong></span> <span class='ocrx_word' id='word_1_403' title='bbox 926 3824 1068 3887; x_wconf 72' lang='lat' dir='ltr'><strong>Abigis:</strong></span> <span class='ocrx_word' id='word_1_404' title='bbox 1086 3825 1146 3873; x_wconf 68' lang='lat' dir='ltr'><strong>saus</strong></span> <span class='ocrx_word' id='word_1_405' title='bbox 1161 3826 1237 3886; x_wconf 80' lang='lat' dir='ltr'><strong>sortes</strong></span> <span class='ocrx_word' id='word_1_406' title='bbox 1254 3827 1316 3887; x_wconf 86' lang='lat' dir='ltr'><strong>(om.</strong></span> <span class='ocrx_word' id='word_1_407' title='bbox 1329 3825 1359 3886; x_wconf 78' lang='lat' dir='ltr'><strong>etl</strong></span> <span class='ocrx_word' id='word_1_408' title='bbox 1377 3826 1407 3873; x_wconf 94' lang='lat' dir='ltr'><strong>V.</strong></span> <span class='ocrx_word' id='word_1_409' title='bbox 1423 3849 1450 3859; x_wconf 89' lang='lat'>-</span> <span class='ocrx_word' id='word_1_410' title='bbox 1468 3824 1510 3873; x_wconf 85' lang='lat' dir='ltr'><strong>sed</strong></span> <span class='ocrx_word' id='word_1_411' title='bbox 1522 3823 1599 3886; x_wconf 82' lang='lat' dir='ltr'><strong>plane</strong></span> <span class='ocrx_word' id='word_1_412' title='bbox 1613 3822 1683 3886; x_wconf 74' lang='lat' dir='ltr'><strong>fntpi</strong></span> <span class='ocrx_word' id='word_1_413' title='bbox 1699 3822 1737 3881; x_wconf 84' lang='lat' dir='ltr'><strong>V:</strong></span> <span class='ocrx_word' id='word_1_414' title='bbox 1755 3826 1779 3871; x_wconf 85' lang='lat' dir='ltr'><strong>st</strong></span> 
     </span>
     <span class='ocr_line' id='line_1_36' title="bbox 459 3894 1782 3962; baseline -0.003 -15"><span class='ocrx_word' id='word_1_415' title='bbox 459 3898 519 3947; x_wconf 87' lang='lat' dir='ltr'><strong>satis</strong></span> <span class='ocrx_word' id='word_1_416' title='bbox 531 3897 608 3960; x_wconf 82' lang='lat' dir='ltr'><strong>piace</strong></span> <span class='ocrx_word' id='word_1_417' title='bbox 623 3897 692 3960; x_wconf 73' lang='lat' dir='ltr'><strong>frugi</strong></span> <span class='ocrx_word' id='word_1_418' title='bbox 708 3894 764 3945; x_wconf 91' lang='lat' dir='ltr'><strong>rell.</strong></span> <span class='ocrx_word' id='word_1_419' title='bbox 777 3895 884 3947; x_wconf 85' lang='lat' dir='ltr'><strong>Sustulit</strong></span> <span class='ocrx_word' id='word_1_420' title='bbox 900 3898 960 3947; x_wconf 81' lang='lat' dir='ltr'><strong>satis</strong></span> <span class='ocrx_word' id='word_1_421' title='bbox 977 3898 1004 3947; x_wconf 83' lang='lat' dir='ltr'><strong>l..</strong></span> <span class='ocrx_word' id='word_1_422' title='bbox 1018 3899 1043 3947; x_wconf 92' lang='lat' dir='ltr'><strong>in</strong></span> <span class='ocrx_word' id='word_1_423' title='bbox 1060 3897 1103 3947; x_wconf 90' lang='lat' dir='ltr'><strong>ed.</strong></span> <span class='ocrx_word' id='word_1_424' title='bbox 1117 3900 1219 3949; x_wconf 73' lang='lat' dir='ltr'><strong>itta-</strong></span> <span class='ocrx_word' id='word_1_425' title='bbox 1241 3901 1265 3951; x_wconf 88' lang='grc'><strong>6.</strong></span> <span class='ocrx_word' id='word_1_426' title='bbox 1278 3900 1371 3950; x_wconf 78' lang='lat' dir='ltr'><strong>bamini</strong></span> <span class='ocrx_word' id='word_1_427' title='bbox 1387 3898 1455 3962; x_wconf 75' lang='lat' dir='ltr'><strong>Lgli</strong></span> <span class='ocrx_word' id='word_1_428' title='bbox 1467 3899 1538 3959; x_wconf 71' lang='lat' dir='ltr'><strong>Vqr:</strong></span> <span class='ocrx_word' id='word_1_429' title='bbox 1556 3895 1649 3945; x_wconf 79' lang='lat' dir='ltr'><strong>trambri</strong></span> <span class='ocrx_word' id='word_1_430' title='bbox 1665 3895 1782 3958; x_wconf 68' lang='lat' dir='ltr'><strong>inprimis</strong></span> 
     </span>
     <span class='ocr_line' id='line_1_37' title="bbox 459 3967 1781 4036; baseline -0.002 -16"><span class='ocrx_word' id='word_1_431' title='bbox 459 3969 530 4027; x_wconf 80' lang='lat' dir='ltr'><strong>rell:</strong></span> <span class='ocrx_word' id='word_1_432' title='bbox 548 3971 641 4020; x_wconf 79' lang='lat' dir='ltr'><strong>bomini</strong></span> <span class='ocrx_word' id='word_1_433' title='bbox 658 3969 789 4034; x_wconf 81' lang='lat' dir='ltr'><strong>[inprimis]</strong></span> <span class='ocrx_word' id='word_1_434' title='bbox 808 3972 837 4020; x_wconf 94' lang='lat'><strong>0.</strong></span> <span class='ocrx_word' id='word_1_435' title='bbox 852 3997 879 4006; x_wconf 84' lang='lat'><em>-</em></span> <span class='ocrx_word' id='word_1_436' title='bbox 898 3971 922 4020; x_wconf 83' lang='lat'><strong>7.</strong></span> <span class='ocrx_word' id='word_1_437' title='bbox 941 3984 966 4020; x_wconf 87' lang='lat' dir='ltr'><strong>se</strong></span> <span class='ocrx_word' id='word_1_438' title='bbox 981 3971 1011 4020; x_wconf 95' lang='lat' dir='ltr'><strong>V.</strong></span> <span class='ocrx_word' id='word_1_439' title='bbox 1027 3998 1053 4007; x_wconf 89' lang='lat'>—</span> <span class='ocrx_word' id='word_1_440' title='bbox 1073 3973 1098 4022; x_wconf 83' lang='lat'><strong>8.</strong></span> <span class='ocrx_word' id='word_1_441' title='bbox 1116 3987 1174 4022; x_wconf 89' lang='lat' dir='ltr'><strong>cum</strong></span> <span class='ocrx_word' id='word_1_442' title='bbox 1190 3988 1243 4024; x_wconf 92' lang='lat' dir='ltr'><strong>om.</strong></span> <span class='ocrx_word' id='word_1_443' title='bbox 1257 3975 1288 4023; x_wconf 88' lang='lat' dir='ltr'><strong>V.</strong></span> <span class='ocrx_word' id='word_1_444' title='bbox 1304 4001 1329 4011; x_wconf 99' lang='lat'>-</span> <span class='ocrx_word' id='word_1_445' title='bbox 1346 3974 1494 4036; x_wconf 78' lang='lat' dir='ltr'><strong>praesertin</strong></span> <span class='ocrx_word' id='word_1_446' title='bbox 1510 3983 1602 4032; x_wconf 73' lang='lat' dir='ltr'><strong>mamea</strong></span> <span class='ocrx_word' id='word_1_447' title='bbox 1613 3967 1691 4033; x_wconf 75' lang='lat' dir='ltr'><strong>Lgli.</strong></span> <span class='ocrx_word' id='word_1_448' title='bbox 1709 3971 1744 4019; x_wconf 93' lang='lat' dir='ltr'><strong>At</strong></span> <span class='ocrx_word' id='word_1_449' title='bbox 1753 3969 1781 4018; x_wconf 91' lang='lat' dir='ltr'><strong>in</strong></span> 
     </span>
     <span class='ocr_line' id='line_1_38' title="bbox 459 4039 1781 4112; baseline -0.001 -18"><span class='ocrx_word' id='word_1_450' title='bbox 459 4043 562 4108; x_wconf 83' lang='lat' dir='ltr'><strong>vulgata</strong></span> <span class='ocrx_word' id='word_1_451' title='bbox 581 4045 670 4108; x_wconf 83' lang='lat' dir='ltr'><strong>(qnam</strong></span> <span class='ocrx_word' id='word_1_452' title='bbox 686 4043 824 4094; x_wconf 86' lang='lat' dir='ltr'><strong>confirmat</strong></span> <span class='ocrx_word' id='word_1_453' title='bbox 841 4044 883 4106; x_wconf 81' lang='lat' dir='ltr'><strong>V),</strong></span> <span class='ocrx_word' id='word_1_454' title='bbox 902 4043 929 4093; x_wconf 89' lang='lat' dir='ltr'><strong>id</strong></span> <span class='ocrx_word' id='word_1_455' title='bbox 946 4044 1017 4107; x_wconf 91' lang='lat' dir='ltr'><strong>quod</strong></span> <span class='ocrx_word' id='word_1_456' title='bbox 1035 4049 1181 4096; x_wconf 87' lang='lat' dir='ltr'><strong>sententiaa</strong></span> <span class='ocrx_word' id='word_1_457' title='bbox 1199 4049 1264 4098; x_wconf 91' lang='lat' dir='ltr'><strong>ratio</strong></span> <span class='ocrx_word' id='word_1_458' title='bbox 1282 4039 1417 4112; x_wconf 72' lang='lat' dir='ltr'><strong>postulat,</strong></span> <span class='ocrx_word' id='word_1_459' title='bbox 1432 4047 1473 4096; x_wconf 86' lang='lat' dir='ltr'><strong>vis</strong></span> <span class='ocrx_word' id='word_1_460' title='bbox 1489 4044 1574 4094; x_wconf 93' lang='lat' dir='ltr'><strong>maior</strong></span> <span class='ocrx_word' id='word_1_461' title='bbox 1591 4045 1633 4095; x_wconf 87' lang='lat' dir='ltr'><strong>cst</strong></span> <span class='ocrx_word' id='word_1_462' title='bbox 1649 4056 1682 4095; x_wconf 88' lang='lat' dir='ltr'><strong>aa</strong></span> <span class='ocrx_word' id='word_1_463' title='bbox 1697 4055 1781 4095; x_wconf 87' lang='lat' dir='ltr'><strong>sonus</strong></span> 
     </span>
     <span class='ocr_line' id='line_1_39' title="bbox 459 4116 1782 4185; baseline -0.002 -16"><span class='ocrx_word' id='word_1_464' title='bbox 459 4121 486 4171; x_wconf 91' lang='lat' dir='ltr'><strong>in</strong></span> <span class='ocrx_word' id='word_1_465' title='bbox 502 4134 561 4170; x_wconf 89' lang='lat' dir='ltr'><strong>voc.</strong></span> <span class='ocrx_word' id='word_1_466' title='bbox 580 4133 681 4182; x_wconf 81' lang='lat' dir='ltr'><strong>mapuo.</strong></span> <span class='ocrx_word' id='word_1_467' title='bbox 701 4143 729 4154; x_wconf 95' lang='lat'>-</span> <span class='ocrx_word' id='word_1_468' title='bbox 748 4119 877 4168; x_wconf 80' lang='lat' dir='ltr'><strong>audituros</strong></span> <span class='ocrx_word' id='word_1_469' title='bbox 893 4119 923 4168; x_wconf 90' lang='lat' dir='ltr'><strong>V.</strong></span> <span class='ocrx_word' id='word_1_470' title='bbox 949 4146 971 4154; x_wconf 92' lang='lat'><em>-</em></span> <span class='ocrx_word' id='word_1_471' title='bbox 990 4119 1014 4168; x_wconf 85' lang='grc'><strong>9.</strong></span> <span class='ocrx_word' id='word_1_472' title='bbox 1033 4120 1098 4184; x_wconf 87' lang='lat' dir='ltr'><strong>cuia]</strong></span> <span class='ocrx_word' id='word_1_473' title='bbox 1116 4123 1217 4183; x_wconf 72' lang='grc' dir='ltr'><em>ᾳνοίανη</em></span> <span class='ocrx_word' id='word_1_474' title='bbox 1232 4121 1309 4185; x_wconf 70' lang='lat' dir='ltr'><strong>Lgli.</strong></span> <span class='ocrx_word' id='word_1_475' title='bbox 1330 4149 1357 4157; x_wconf 96' lang='lat'><em>-</em></span> <span class='ocrx_word' id='word_1_476' title='bbox 1376 4126 1432 4170; x_wconf 88' lang='lat' dir='ltr'><strong>arat</strong></span> <span class='ocrx_word' id='word_1_477' title='bbox 1447 4120 1469 4168; x_wconf 92' lang='lat' dir='ltr'><strong>V</strong></span> <span class='ocrx_word' id='word_1_478' title='bbox 1486 4121 1513 4168; x_wconf 89' lang='lat' dir='ltr'><strong>et</strong></span> <span class='ocrx_word' id='word_1_479' title='bbox 1528 4116 1614 4181; x_wconf 74' lang='lat' dir='ltr'><strong>agla:</strong></span> <span class='ocrx_word' id='word_1_480' title='bbox 1632 4121 1702 4183; x_wconf 83' lang='lat' dir='ltr'><strong>erat,</strong></span> <span class='ocrx_word' id='word_1_481' title='bbox 1720 4116 1782 4178; x_wconf 82' lang='lat' dir='ltr'><strong>quid</strong></span> 
     </span>
     <span class='ocr_line' id='line_1_40' title="bbox 458 4191 1779 4260; baseline -0.002 -15"><span class='ocrx_word' id='word_1_482' title='bbox 458 4196 497 4245; x_wconf 85' lang='lat' dir='ltr'><strong>rei</strong></span> <span class='ocrx_word' id='word_1_483' title='bbox 512 4200 571 4245; x_wconf 80' lang='lat' dir='ltr'><strong>esset</strong></span> <span class='ocrx_word' id='word_1_484' title='bbox 586 4193 642 4244; x_wconf 92' lang='lat' dir='ltr'><strong>rell.</strong></span> <span class='ocrx_word' id='word_1_485' title='bbox 662 4196 690 4244; x_wconf 93' lang='lat'><strong>0.</strong></span> <span class='ocrx_word' id='word_1_486' title='bbox 712 4219 738 4230; x_wconf 94' lang='lat'><em>-</em></span> <span class='ocrx_word' id='word_1_487' title='bbox 759 4193 799 4244; x_wconf 82' lang='lat' dir='ltr'><strong>to.</strong></span> <span class='ocrx_word' id='word_1_488' title='bbox 817 4195 895 4258; x_wconf 72' lang='lat' dir='ltr'><strong>Appii</strong></span> <span class='ocrx_word' id='word_1_489' title='bbox 912 4194 942 4243; x_wconf 92' lang='lat' dir='ltr'><strong>V.</strong></span> <span class='ocrx_word' id='word_1_490' title='bbox 963 4220 990 4228; x_wconf 91' lang='lat'><em>-</em></span> <span class='ocrx_word' id='word_1_491' title='bbox 1006 4196 1139 4260; x_wconf 82' lang='lat' dir='ltr'><strong>praetoris]</strong></span> <span class='ocrx_word' id='word_1_492' title='bbox 1156 4198 1203 4247; x_wconf 85' lang='lat' dir='ltr'><strong>Pii.</strong></span> <span class='ocrx_word' id='word_1_493' title='bbox 1217 4198 1247 4246; x_wconf 91' lang='lat' dir='ltr'><strong>V.</strong></span> <span class='ocrx_word' id='word_1_494' title='bbox 1262 4223 1290 4233; x_wconf 95' lang='lat'>-</span> <span class='ocrx_word' id='word_1_495' title='bbox 1311 4198 1350 4246; x_wconf 89' lang='lat' dir='ltr'><strong>ll.</strong></span> <span class='ocrx_word' id='word_1_496' title='bbox 1368 4196 1503 4259; x_wconf 78' lang='lat' dir='ltr'><strong>magistras</strong></span> <span class='ocrx_word' id='word_1_497' title='bbox 1519 4204 1653 4257; x_wconf 88' lang='lat' dir='ltr'><strong>supersar.</strong></span> <span class='ocrx_word' id='word_1_498' title='bbox 1666 4191 1735 4242; x_wconf 86' lang='lat' dir='ltr'><strong>utV.</strong></span> <span class='ocrx_word' id='word_1_499' title='bbox 1750 4216 1779 4227; x_wconf 92' lang='lat'><strong>—-</strong></span> 
     </span>
     <span class='ocr_line' id='line_1_41' title="bbox 460 4265 1782 4333; baseline -0.002 -15"><span class='ocrx_word' id='word_1_500' title='bbox 460 4269 500 4319; x_wconf 79' lang='lat' dir='ltr'><strong>ta.</strong></span> <span class='ocrx_word' id='word_1_501' title='bbox 517 4270 578 4331; x_wconf 83' lang='lat' dir='ltr'><strong>Apr.</strong></span> <span class='ocrx_word' id='word_1_502' title='bbox 593 4275 694 4332; x_wconf 84' lang='lat' dir='ltr'><strong>praesto</strong></span> <span class='ocrx_word' id='word_1_503' title='bbox 710 4274 744 4318; x_wconf 87' lang='lat' dir='ltr'><strong>est</strong></span> <span class='ocrx_word' id='word_1_504' title='bbox 761 4267 837 4330; x_wconf 73' lang='lat' dir='ltr'><strong>Lgtb.</strong></span> <span class='ocrx_word' id='word_1_505' title='bbox 858 4295 885 4303; x_wconf 95' lang='lat'><em>-</em></span> <span class='ocrx_word' id='word_1_506' title='bbox 905 4267 944 4317; x_wconf 84' lang='grc'><strong>13.</strong></span> <span class='ocrx_word' id='word_1_507' title='bbox 962 4269 1141 4330; x_wconf 80' lang='lat' dir='ltr'><strong>respondebant</strong></span> <span class='ocrx_word' id='word_1_508' title='bbox 1156 4273 1186 4321; x_wconf 90' lang='lat' dir='ltr'><strong>V.</strong></span> <span class='ocrx_word' id='word_1_509' title='bbox 1202 4299 1229 4308; x_wconf 92' lang='lat'><em>-</em></span> <span class='ocrx_word' id='word_1_510' title='bbox 1248 4271 1287 4322; x_wconf 82' lang='lat' dir='ltr'><strong>tt.</strong></span> <span class='ocrx_word' id='word_1_511' title='bbox 1306 4272 1484 4333; x_wconf 82' lang='lat' dir='ltr'><strong>reciperatores</strong></span> <span class='ocrx_word' id='word_1_512' title='bbox 1499 4269 1531 4329; x_wconf 90' lang='lat' dir='ltr'><strong>V,</strong></span> <span class='ocrx_word' id='word_1_513' title='bbox 1549 4265 1598 4318; x_wconf 87' lang='lat' dir='ltr'><strong>sed</strong></span> <span class='ocrx_word' id='word_1_514' title='bbox 1615 4266 1704 4317; x_wconf 79' lang='lat' dir='ltr'><strong>statim</strong></span> <span class='ocrx_word' id='word_1_515' title='bbox 1719 4267 1782 4330; x_wconf 85' lang='lat' dir='ltr'><strong>post</strong></span> 
     </span>
     <span class='ocr_line' id='line_1_42' title="bbox 458 4341 1779 4407; baseline -0.002 -15"><span class='ocrx_word' id='word_1_516' title='bbox 458 4357 542 4407; x_wconf 82' lang='lat' dir='ltr'><strong>recup.</strong></span> <span class='ocrx_word' id='word_1_517' title='bbox 554 4369 582 4380; x_wconf 91' lang='lat'>-</span> <span class='ocrx_word' id='word_1_518' title='bbox 602 4342 734 4406; x_wconf 83' lang='lat' dir='ltr'><strong>dicturum]</strong></span> <span class='ocrx_word' id='word_1_519' title='bbox 752 4341 825 4400; x_wconf 78' lang='lat' dir='ltr'><strong>DlCt</strong></span> <span class='ocrx_word' id='word_1_520' title='bbox 842 4341 907 4390; x_wconf 73' lang='grc' dir='ltr'><strong>ΝΜ</strong></span> <span class='ocrx_word' id='word_1_521' title='bbox 923 4341 990 4390; x_wconf 70' lang='grc'><strong>11.-</strong></span> <span class='ocrx_word' id='word_1_522' title='bbox 1008 4343 1141 4405; x_wconf 67' lang='lat' dir='ltr'><strong>[audirem</strong></span> <span class='ocrx_word' id='word_1_523' title='bbox 1156 4346 1187 4395; x_wconf 90' lang='lat' dir='ltr'><strong>V.</strong></span> <span class='ocrx_word' id='word_1_524' title='bbox 1203 4373 1229 4382; x_wconf 89' lang='lat'><em>-</em></span> <span class='ocrx_word' id='word_1_525' title='bbox 1249 4348 1287 4396; x_wconf 84' lang='lat' dir='ltr'><strong>itt.</strong></span> <span class='ocrx_word' id='word_1_526' title='bbox 1300 4345 1416 4395; x_wconf 78' lang='lat' dir='ltr'><strong>iniciebat</strong></span> <span class='ocrx_word' id='word_1_527' title='bbox 1427 4344 1458 4404; x_wconf 85' lang='lat' dir='ltr'><strong>V,</strong></span> <span class='ocrx_word' id='word_1_528' title='bbox 1476 4344 1506 4392; x_wconf 90' lang='lat' dir='ltr'><strong>ut</strong></span> <span class='ocrx_word' id='word_1_529' title='bbox 1516 4353 1670 4405; x_wconf 71' lang='lat' dir='ltr'><strong>semper·</strong></span> <span class='ocrx_word' id='word_1_530' title='bbox 1688 4351 1713 4389; x_wconf 84' lang='lat' dir='ltr'><strong>te</strong></span> <span class='ocrx_word' id='word_1_531' title='bbox 1724 4351 1779 4390; x_wconf 82' lang='lat' dir='ltr'><strong>om.</strong></span> 
     </span>
     <span class='ocr_line' id='line_1_43' title="bbox 458 4412 1782 4484; baseline -0.015 -1"><span class='ocrx_word' id='word_1_532' title='bbox 458 4417 489 4468; x_wconf 80' lang='lat' dir='ltr'><strong>V·</strong></span> <span class='ocrx_word' id='word_1_533' title='bbox 510 4444 537 4453; x_wconf 86' lang='lat'>·</span> <span class='ocrx_word' id='word_1_534' title='bbox 556 4417 593 4481; x_wconf 82' lang='lat' dir='ltr'><strong>de]</strong></span> <span class='ocrx_word' id='word_1_535' title='bbox 610 4417 698 4467; x_wconf 68' lang='lat' dir='ltr'><strong><em>DECE</em></strong></span> <span class='ocrx_word' id='word_1_536' title='bbox 714 4416 744 4465; x_wconf 84' lang='lat' dir='ltr'><strong>V·</strong></span> <span class='ocrx_word' id='word_1_537' title='bbox 766 4441 792 4451; x_wconf 77' lang='grc'>-</span> <span class='ocrx_word' id='word_1_538' title='bbox 812 4414 851 4464; x_wconf 74' lang='lat'><strong>⁴⁶·</strong></span> <span class='ocrx_word' id='word_1_539' title='bbox 870 4414 961 4464; x_wconf 61' lang='grc' dir='ltr'><strong>ἰ14111010</strong></span> <span class='ocrx_word' id='word_1_540' title='bbox 977 4415 1008 4476; x_wconf 82' lang='lat' dir='ltr'><strong>V,</strong></span> <span class='ocrx_word' id='word_1_541' title='bbox 1026 4417 1103 4481; x_wconf 73' lang='lat' dir='ltr'><strong>Lglt.</strong></span> <span class='ocrx_word' id='word_1_542' title='bbox 1122 4419 1161 4471; x_wconf 89' lang='lat' dir='ltr'><strong>Cf.</strong></span> <span class='ocrx_word' id='word_1_543' title='bbox 1180 4421 1210 4470; x_wconf 88' lang='lat' dir='ltr'><strong>lt.</strong></span> <span class='ocrx_word' id='word_1_544' title='bbox 1231 4419 1255 4484; x_wconf 72' lang='lat'><strong>5.</strong></span> <span class='ocrx_word' id='word_1_545' title='bbox 1272 4421 1311 4471; x_wconf 86' lang='grc'><strong>60.</strong></span> <span class='ocrx_word' id='word_1_546' title='bbox 1330 4419 1419 4483; x_wconf 86' lang='lat' dir='ltr'><strong>ibique</strong></span> <span class='ocrx_word' id='word_1_547' title='bbox 1437 4417 1652 4483; x_wconf 89' lang='lat' dir='ltr'><strong>supplementum</strong></span> <span class='ocrx_word' id='word_1_548' title='bbox 1669 4412 1782 4464; x_wconf 90' lang='lat' dir='ltr'><strong>adnota-</strong></span> 
     </span>
     <span class='ocr_line' id='line_1_44' title="bbox 459 4489 1782 4558; baseline 0 -17"><span class='ocrx_word' id='word_1_549' title='bbox 459 4491 542 4542; x_wconf 86' lang='lat' dir='ltr'><strong>tionis.</strong></span> <span class='ocrx_word' id='word_1_550' title='bbox 563 4518 589 4526; x_wconf 94' lang='lat'>-</span> <span class='ocrx_word' id='word_1_551' title='bbox 613 4492 653 4540; x_wconf 82' lang='lat' dir='ltr'><strong>tt.</strong></span> <span class='ocrx_word' id='word_1_552' title='bbox 671 4489 1038 4555; x_wconf 65' lang='lat' dir='ltr'><strong>Artemidorum-pictores]</strong></span> <span class='ocrx_word' id='word_1_553' title='bbox 1059 4495 1098 4544; x_wconf 90' lang='lat' dir='ltr'><strong>sic</strong></span> <span class='ocrx_word' id='word_1_554' title='bbox 1115 4493 1183 4558; x_wconf 79' lang='lat' dir='ltr'><strong>Lglt</strong></span> <span class='ocrx_word' id='word_1_555' title='bbox 1201 4498 1227 4545; x_wconf 88' lang='lat' dir='ltr'><strong>ot</strong></span> <span class='ocrx_word' id='word_1_556' title='bbox 1243 4495 1265 4544; x_wconf 92' lang='lat' dir='ltr'><strong>V</strong></span> <span class='ocrx_word' id='word_1_557' title='bbox 1289 4495 1347 4557; x_wconf 77' lang='lat' dir='ltr'><strong>(nisi</strong></span> <span class='ocrx_word' id='word_1_558' title='bbox 1364 4493 1435 4558; x_wconf 91' lang='lat' dir='ltr'><strong>quod</strong></span> <span class='ocrx_word' id='word_1_559' title='bbox 1453 4494 1479 4543; x_wconf 90' lang='lat' dir='ltr'><strong>in</strong></span> <span class='ocrx_word' id='word_1_560' title='bbox 1496 4492 1538 4542; x_wconf 90' lang='lat' dir='ltr'><strong>illo</strong></span> <span class='ocrx_word' id='word_1_561' title='bbox 1556 4495 1598 4543; x_wconf 90' lang='lat' dir='ltr'><strong>est</strong></span> <span class='ocrx_word' id='word_1_562' title='bbox 1612 4496 1641 4542; x_wconf 90' lang='lat' dir='ltr'><strong>ut</strong></span> <span class='ocrx_word' id='word_1_563' title='bbox 1657 4490 1693 4541; x_wconf 83' lang='lat' dir='ltr'><strong>.T.</strong></span> <span class='ocrx_word' id='word_1_564' title='bbox 1711 4489 1782 4552; x_wconf 81' lang='lat' dir='ltr'><strong>lepo-</strong></span> 
     </span>
     <span class='ocr_line' id='line_1_45' title="bbox 458 4563 1782 4632; baseline -0.002 -15"><span class='ocrx_word' id='word_1_565' title='bbox 458 4567 566 4627; x_wconf 81' lang='lat' dir='ltr'><strong>demum,</strong></span> <span class='ocrx_word' id='word_1_566' title='bbox 595 4567 622 4617; x_wconf 92' lang='lat' dir='ltr'><strong>in</strong></span> <span class='ocrx_word' id='word_1_567' title='bbox 639 4567 690 4616; x_wconf 92' lang='lat' dir='ltr'><strong>boc</strong></span> <span class='ocrx_word' id='word_1_568' title='bbox 705 4563 937 4626; x_wconf 76' lang='lat' dir='ltr'><strong>Artemidoloruml:</strong></span> <span class='ocrx_word' id='word_1_569' title='bbox 958 4566 1050 4616; x_wconf 88' lang='lat' dir='ltr'><strong>Artem.</strong></span> <span class='ocrx_word' id='word_1_570' title='bbox 1070 4569 1143 4619; x_wconf 82' lang='lat' dir='ltr'><strong>Com.</strong></span> <span class='ocrx_word' id='word_1_571' title='bbox 1162 4572 1237 4630; x_wconf 77' lang='lat' dir='ltr'><strong>med..</strong></span> <span class='ocrx_word' id='word_1_572' title='bbox 1258 4571 1383 4620; x_wconf 81' lang='lat' dir='ltr'><strong>Vatcrium</strong></span> <span class='ocrx_word' id='word_1_573' title='bbox 1395 4582 1560 4632; x_wconf 79' lang='lat' dir='ltr'><strong>praeconem,</strong></span> <span class='ocrx_word' id='word_1_574' title='bbox 1579 4567 1644 4630; x_wconf 71' lang='lat' dir='ltr'><strong>tm.</strong></span> <span class='ocrx_word' id='word_1_575' title='bbox 1658 4566 1782 4628; x_wconf 71' lang='grc' dir='ltr'><strong>μίνωνννι</strong></span> 
     </span>
     <span class='ocr_line' id='line_1_46' title="bbox 459 4639 1780 4706; baseline -0.001 -14"><span class='ocrx_word' id='word_1_576' title='bbox 459 4642 492 4700; x_wconf 81' lang='grc'><strong>0;</strong></span> <span class='ocrx_word' id='word_1_577' title='bbox 515 4644 607 4691; x_wconf 84' lang='lat' dir='ltr'><strong>Artem.</strong></span> <span class='ocrx_word' id='word_1_578' title='bbox 625 4641 688 4690; x_wconf 78' lang='lat' dir='ltr'><strong>oud.</strong></span> <span class='ocrx_word' id='word_1_579' title='bbox 708 4640 781 4690; x_wconf 81' lang='lat' dir='ltr'><strong>Cora.</strong></span> <span class='ocrx_word' id='word_1_580' title='bbox 800 4639 860 4700; x_wconf 87' lang='lat' dir='ltr'><strong>pict.</strong></span> <span class='ocrx_word' id='word_1_581' title='bbox 882 4645 906 4688; x_wconf 87' lang='lat' dir='ltr'><strong>et</strong></span> <span class='ocrx_word' id='word_1_582' title='bbox 927 4639 1088 4703; x_wconf 80' lang='lat' dir='ltr'><strong>Tlepolemum</strong></span> <span class='ocrx_word' id='word_1_583' title='bbox 1109 4643 1186 4695; x_wconf 90' lang='lat' dir='ltr'><strong>codd.</strong></span> <span class='ocrx_word' id='word_1_584' title='bbox 1205 4643 1273 4706; x_wconf 86' lang='lat' dir='ltr'><strong>rell,</strong></span> <span class='ocrx_word' id='word_1_585' title='bbox 1299 4644 1348 4696; x_wconf 91' lang='lat' dir='ltr'><strong>sed</strong></span> <span class='ocrx_word' id='word_1_586' title='bbox 1369 4643 1411 4694; x_wconf 89' lang='lat' dir='ltr'><strong>alii</strong></span> <span class='ocrx_word' id='word_1_587' title='bbox 1431 4657 1494 4695; x_wconf 89' lang='lat' dir='ltr'><strong>cum</strong></span> <span class='ocrx_word' id='word_1_588' title='bbox 1509 4642 1566 4693; x_wconf 88' lang='lat' dir='ltr'><strong>aliis</strong></span> <span class='ocrx_word' id='word_1_589' title='bbox 1583 4641 1729 4693; x_wconf 86' lang='lat' dir='ltr'><strong>erroribus.</strong></span> <span class='ocrx_word' id='word_1_590' title='bbox 1750 4667 1780 4678; x_wconf 90' lang='lat'><em>-</em></span> 
     </span>
     <span class='ocr_line' id='line_1_47' title="bbox 458 4711 1782 4783; baseline 0.002 -19"><span class='ocrx_word' id='word_1_591' title='bbox 458 4715 498 4765; x_wconf 82' lang='grc'><strong>18.</strong></span> <span class='ocrx_word' id='word_1_592' title='bbox 516 4715 681 4765; x_wconf 79' lang='lat' dir='ltr'><strong>tuimcensadi</strong></span> <span class='ocrx_word' id='word_1_593' title='bbox 692 4714 730 4763; x_wconf 91' lang='lat' dir='ltr'><strong>V:</strong></span> <span class='ocrx_word' id='word_1_594' title='bbox 748 4714 867 4763; x_wconf 82' lang='lat' dir='ltr'><strong>eiusmodi</strong></span> <span class='ocrx_word' id='word_1_595' title='bbox 882 4711 993 4777; x_wconf 64' lang='lat' dir='ltr'><strong>agiam</strong></span> <span class='ocrx_word' id='word_1_596' title='bbox 1010 4718 1149 4768; x_wconf 73' lang='lat' dir='ltr'><strong>huiusmodi</strong></span> <span class='ocrx_word' id='word_1_597' title='bbox 1166 4721 1242 4782; x_wconf 86' lang='lat' dir='ltr'><strong>Lagg.</strong></span> <span class='ocrx_word' id='word_1_598' title='bbox 1261 4717 1317 4769; x_wconf 94' lang='lat' dir='ltr'><strong>rell.</strong></span> <span class='ocrx_word' id='word_1_599' title='bbox 1337 4745 1365 4756; x_wconf 92' lang='lat'>—</span> <span class='ocrx_word' id='word_1_600' title='bbox 1385 4719 1424 4769; x_wconf 84' lang='grc'><strong>19.</strong></span> <span class='ocrx_word' id='word_1_601' title='bbox 1442 4719 1510 4783; x_wconf 75' lang='lat' dir='ltr'><strong>greci</strong></span> <span class='ocrx_word' id='word_1_602' title='bbox 1525 4717 1556 4767; x_wconf 87' lang='lat' dir='ltr'><strong>V.</strong></span> <span class='ocrx_word' id='word_1_603' title='bbox 1577 4745 1604 4754; x_wconf 95' lang='lat'>-</span> <span class='ocrx_word' id='word_1_604' title='bbox 1622 4717 1664 4768; x_wconf 74' lang='lat'><strong>20.</strong></span> <span class='ocrx_word' id='word_1_605' title='bbox 1683 4715 1782 4767; x_wconf 63' lang='lat' dir='ltr'><strong>Comei</strong></span> 
     </span>
     <span class='ocr_line' id='line_1_48' title="bbox 457 4787 1778 4855; baseline 0.005 -19"><span class='ocrx_word' id='word_1_606' title='bbox 457 4788 488 4838; x_wconf 93' lang='lat' dir='ltr'><strong>V.</strong></span> <span class='ocrx_word' id='word_1_607' title='bbox 510 4815 536 4824; x_wconf 88' lang='lat'><em>-</em></span> <span class='ocrx_word' id='word_1_608' title='bbox 559 4790 592 4838; x_wconf 83' lang='lat' dir='ltr'><strong>ad</strong></span> <span class='ocrx_word' id='word_1_609' title='bbox 608 4788 655 4852; x_wconf 87' lang='lat' dir='ltr'><strong>eas]</strong></span> <span class='ocrx_word' id='word_1_610' title='bbox 678 4789 717 4839; x_wconf 91' lang='lat' dir='ltr'><strong>sic</strong></span> <span class='ocrx_word' id='word_1_611' title='bbox 742 4787 821 4837; x_wconf 90' lang='lat' dir='ltr'><strong>etiam</strong></span> <span class='ocrx_word' id='word_1_612' title='bbox 837 4787 874 4848; x_wconf 91' lang='lat' dir='ltr'><strong>V,</strong></span> <span class='ocrx_word' id='word_1_613' title='bbox 897 4801 950 4838; x_wconf 89' lang='lat' dir='ltr'><strong>non</strong></span> <span class='ocrx_word' id='word_1_614' title='bbox 966 4795 993 4838; x_wconf 89' lang='lat' dir='ltr'><strong>at</strong></span> <span class='ocrx_word' id='word_1_615' title='bbox 1009 4806 1056 4842; x_wconf 86' lang='lat' dir='ltr'><strong>eos.</strong></span> <span class='ocrx_word' id='word_1_616' title='bbox 1077 4821 1103 4830; x_wconf 97' lang='lat'>-</span> <span class='ocrx_word' id='word_1_617' title='bbox 1132 4793 1171 4842; x_wconf 73' lang='lat'><strong>23.</strong></span> <span class='ocrx_word' id='word_1_618' title='bbox 1190 4794 1279 4843; x_wconf 78' lang='lat' dir='ltr'><strong>aaroni</strong></span> <span class='ocrx_word' id='word_1_619' title='bbox 1295 4794 1325 4843; x_wconf 91' lang='lat' dir='ltr'><strong>V.</strong></span> <span class='ocrx_word' id='word_1_620' title='bbox 1347 4821 1374 4830; x_wconf 92' lang='lat'>-</span> <span class='ocrx_word' id='word_1_621' title='bbox 1398 4792 1439 4844; x_wconf 77' lang='lat' dir='ltr'><strong>tl.</strong></span> <span class='ocrx_word' id='word_1_622' title='bbox 1457 4791 1636 4855; x_wconf 78' lang='lat' dir='ltr'><strong>respondebant</strong></span> <span class='ocrx_word' id='word_1_623' title='bbox 1651 4789 1729 4855; x_wconf 74' lang='lat' dir='ltr'><strong>Lgli.</strong></span> <span class='ocrx_word' id='word_1_624' title='bbox 1750 4815 1778 4826; x_wconf 90' lang='lat'>-</span> 
     </span>
     <span class='ocr_line' id='line_1_49' title="bbox 457 4862 1779 4931; baseline 0.002 -20"><span class='ocrx_word' id='word_1_625' title='bbox 457 4863 478 4911; x_wconf 90' lang='lat' dir='ltr'><strong>si</strong></span> <span class='ocrx_word' id='word_1_626' title='bbox 492 4869 566 4925; x_wconf 86' lang='lat' dir='ltr'><strong>paret</strong></span> <span class='ocrx_word' id='word_1_627' title='bbox 577 4864 625 4926; x_wconf 87' lang='lat' dir='ltr'><strong>Lgt</strong></span> <span class='ocrx_word' id='word_1_628' title='bbox 642 4863 673 4914; x_wconf 71' lang='lat'><strong>29</strong></span> <span class='ocrx_word' id='word_1_629' title='bbox 685 4864 739 4924; x_wconf 74' lang='lat' dir='ltr'><strong>Vm</strong></span> <span class='ocrx_word' id='word_1_630' title='bbox 751 4862 857 4914; x_wconf 76' lang='lat' dir='ltr'><strong>Frena:</strong></span> <span class='ocrx_word' id='word_1_631' title='bbox 875 4872 973 4924; x_wconf 82' lang='lat' dir='ltr'><strong>separat</strong></span> <span class='ocrx_word' id='word_1_632' title='bbox 984 4866 1065 4929; x_wconf 72' lang='lat' dir='ltr'><strong>igit:</strong></span> <span class='ocrx_word' id='word_1_633' title='bbox 1084 4869 1248 4930; x_wconf 67' lang='lat' dir='ltr'><strong>caperrata:</strong></span> <span class='ocrx_word' id='word_1_634' title='bbox 1269 4869 1405 4931; x_wconf 87' lang='lat' dir='ltr'><strong>sipareret</strong></span> <span class='ocrx_word' id='word_1_635' title='bbox 1420 4868 1501 4918; x_wconf 89' lang='lat' dir='ltr'><strong>ANO</strong></span> <span class='ocrx_word' id='word_1_636' title='bbox 1513 4866 1581 4931; x_wconf 80' lang='lat' dir='ltr'><strong>Lglb</strong></span> <span class='ocrx_word' id='word_1_637' title='bbox 1592 4866 1638 4928; x_wconf 79' lang='lat' dir='ltr'><strong>ts,</strong></span> <span class='ocrx_word' id='word_1_638' title='bbox 1656 4869 1685 4916; x_wconf 91' lang='lat' dir='ltr'><strong>ut</strong></span> <span class='ocrx_word' id='word_1_639' title='bbox 1696 4865 1779 4928; x_wconf 54' lang='lat' dir='ltr'><strong>§.tta</strong></span> 
     </span>
     <span class='ocr_line' id='line_1_50' title="bbox 457 4937 1781 5006; baseline 0.002 -20"><span class='ocrx_word' id='word_1_640' title='bbox 457 4938 589 5000; x_wconf 86' lang='lat' dir='ltr'><strong>sipaterct</strong></span> <span class='ocrx_word' id='word_1_641' title='bbox 605 4937 651 4988; x_wconf 92' lang='lat' dir='ltr'><strong>dtt.</strong></span> <span class='ocrx_word' id='word_1_642' title='bbox 673 4965 700 4974; x_wconf 91' lang='lat'>-</span> <span class='ocrx_word' id='word_1_643' title='bbox 719 4938 851 4987; x_wconf 72' lang='lat' dir='ltr'><strong>aduumm</strong></span> <span class='ocrx_word' id='word_1_644' title='bbox 866 4939 989 4988; x_wconf 83' lang='lat' dir='ltr'><strong>aedictum</strong></span> <span class='ocrx_word' id='word_1_645' title='bbox 1004 4941 1035 4990; x_wconf 90' lang='lat' dir='ltr'><strong>V.</strong></span> <span class='ocrx_word' id='word_1_646' title='bbox 1056 4969 1082 4978; x_wconf 94' lang='lat'><strong>—-</strong></span> <span class='ocrx_word' id='word_1_647' title='bbox 1102 4957 1153 5005; x_wconf 85' lang='lat' dir='ltr'><strong>qua</strong></span> <span class='ocrx_word' id='word_1_648' title='bbox 1168 4956 1196 4993; x_wconf 87' lang='lat' dir='ltr'><strong>re</strong></span> <span class='ocrx_word' id='word_1_649' title='bbox 1212 4941 1280 5006; x_wconf 73' lang='lat' dir='ltr'><strong>Lgli</strong></span> <span class='ocrx_word' id='word_1_650' title='bbox 1292 4943 1326 5005; x_wconf 91' lang='lat' dir='ltr'><strong>N,</strong></span> <span class='ocrx_word' id='word_1_651' title='bbox 1346 4941 1399 4992; x_wconf 90' lang='lat' dir='ltr'><strong>alii:</strong></span> <span class='ocrx_word' id='word_1_652' title='bbox 1418 4944 1480 5004; x_wconf 84' lang='lat' dir='ltr'><strong>quia</strong></span> <span class='ocrx_word' id='word_1_653' title='bbox 1495 4956 1524 4992; x_wconf 86' lang='lat' dir='ltr'><strong>re</strong></span> <span class='ocrx_word' id='word_1_654' title='bbox 1540 4941 1623 5005; x_wconf 72' lang='lat' dir='ltr'><strong>Lgt‘i,</strong></span> <span class='ocrx_word' id='word_1_655' title='bbox 1640 4939 1668 4989; x_wconf 87' lang='lat' dir='ltr'><strong>ia</strong></span> <span class='ocrx_word' id='word_1_656' title='bbox 1684 4951 1736 5002; x_wconf 75' lang='lat' dir='ltr'><strong>prta</strong></span> <span class='ocrx_word' id='word_1_657' title='bbox 1751 4950 1781 4989; x_wconf 86' lang='lat' dir='ltr'><strong>re</strong></span> 
     </span>
     <span class='ocr_line' id='line_1_51' title="bbox 457 5012 1778 5081; baseline 0.001 -19"><span class='ocrx_word' id='word_1_658' title='bbox 457 5012 494 5073; x_wconf 86' lang='lat' dir='ltr'><strong>V,</strong></span> <span class='ocrx_word' id='word_1_659' title='bbox 512 5028 563 5077; x_wconf 85' lang='lat' dir='ltr'><strong>qua</strong></span> <span class='ocrx_word' id='word_1_660' title='bbox 579 5015 606 5063; x_wconf 86' lang='lat' dir='ltr'><strong>iu</strong></span> <span class='ocrx_word' id='word_1_661' title='bbox 622 5013 723 5073; x_wconf 86' lang='lat' dir='ltr'><strong>reAB;</strong></span> <span class='ocrx_word' id='word_1_662' title='bbox 741 5013 771 5063; x_wconf 84' lang='lat' dir='ltr'><strong>de</strong></span> <span class='ocrx_word' id='word_1_663' title='bbox 786 5027 838 5075; x_wconf 84' lang='lat' dir='ltr'><strong>qua</strong></span> <span class='ocrx_word' id='word_1_664' title='bbox 853 5026 881 5062; x_wconf 87' lang='lat' dir='ltr'><strong>re</strong></span> <span class='ocrx_word' id='word_1_665' title='bbox 899 5016 1076 5076; x_wconf 65' lang='lat' dir='ltr'><strong>scribimus:</strong></span> <span class='ocrx_word' id='word_1_666' title='bbox 1096 5031 1159 5079; x_wconf 80' lang='lat' dir='ltr'><strong>quae</strong></span> <span class='ocrx_word' id='word_1_667' title='bbox 1171 5020 1249 5081; x_wconf 78' lang='lat' dir='ltr'><strong>lagg.</strong></span> <span class='ocrx_word' id='word_1_668' title='bbox 1262 5016 1319 5068; x_wconf 87' lang='lat' dir='ltr'><strong>rell.</strong></span> <span class='ocrx_word' id='word_1_669' title='bbox 1332 5019 1397 5079; x_wconf 85' lang='grc' dir='ltr'><strong>ΗΟ,</strong></span> <span class='ocrx_word' id='word_1_670' title='bbox 1419 5019 1453 5068; x_wconf 89' lang='lat' dir='ltr'><strong>de</strong></span> <span class='ocrx_word' id='word_1_671' title='bbox 1465 5031 1517 5081; x_wconf 90' lang='lat' dir='ltr'><strong>qna</strong></span> <span class='ocrx_word' id='word_1_672' title='bbox 1528 5015 1641 5067; x_wconf 89' lang='lat' dir='ltr'><strong>lectione</strong></span> <span class='ocrx_word' id='word_1_673' title='bbox 1651 5028 1678 5064; x_wconf 89' lang='lat' dir='ltr'><strong>v.</strong></span> <span class='ocrx_word' id='word_1_674' title='bbox 1690 5012 1778 5065; x_wconf 85' lang='lat' dir='ltr'><strong>liadv.</strong></span> 
     </span>
     <span class='ocr_line' id='line_1_52' title="bbox 457 5086 1777 5155; baseline 0.002 -20"><span class='ocrx_word' id='word_1_675' title='bbox 457 5086 536 5150; x_wconf 82' lang='lat' dir='ltr'><strong>Epist.</strong></span> <span class='ocrx_word' id='word_1_676' title='bbox 553 5091 609 5139; x_wconf 88' lang='lat' dir='ltr'><strong>crit.</strong></span> <span class='ocrx_word' id='word_1_677' title='bbox 626 5089 660 5137; x_wconf 84' lang='lat' dir='ltr'><strong>ad</strong></span> <span class='ocrx_word' id='word_1_678' title='bbox 677 5087 719 5137; x_wconf 87' lang='lat' dir='ltr'><strong>Or.</strong></span> <span class='ocrx_word' id='word_1_679' title='bbox 737 5101 764 5151; x_wconf 89' lang='lat' dir='ltr'><strong>p.</strong></span> <span class='ocrx_word' id='word_1_680' title='bbox 783 5088 833 5149; x_wconf 76' lang='lat' dir='ltr'><strong>et..</strong></span> <span class='ocrx_word' id='word_1_681' title='bbox 853 5088 897 5150; x_wconf 85' lang='lat' dir='ltr'><strong>qui</strong></span> <span class='ocrx_word' id='word_1_682' title='bbox 914 5089 970 5153; x_wconf 89' lang='lat' dir='ltr'><strong>ipse</strong></span> <span class='ocrx_word' id='word_1_683' title='bbox 987 5090 1078 5141; x_wconf 90' lang='lat' dir='ltr'><strong>scribit</strong></span> <span class='ocrx_word' id='word_1_684' title='bbox 1095 5091 1248 5154; x_wconf 75' lang='lat' dir='ltr'><strong>quarelae</strong></span> <span class='ocrx_word' id='word_1_685' title='bbox 1265 5095 1315 5142; x_wconf 88' lang='lat' dir='ltr'><strong>cet.</strong></span> <span class='ocrx_word' id='word_1_686' title='bbox 1344 5091 1445 5155; x_wconf 89' lang='lat' dir='ltr'><strong>[Scribe</strong></span> <span class='ocrx_word' id='word_1_687' title='bbox 1468 5105 1530 5142; x_wconf 91' lang='lat' dir='ltr'><strong>cum</strong></span> <span class='ocrx_word' id='word_1_688' title='bbox 1546 5091 1583 5140; x_wconf 89' lang='lat' dir='ltr'><strong>V:</strong></span> <span class='ocrx_word' id='word_1_689' title='bbox 1609 5090 1637 5139; x_wconf 87' lang='lat' dir='ltr'><strong>io</strong></span> <span class='ocrx_word' id='word_1_690' title='bbox 1660 5101 1712 5150; x_wconf 74' lang='lat' dir='ltr'><strong>aaa</strong></span> <span class='ocrx_word' id='word_1_691' title='bbox 1735 5100 1777 5149; x_wconf 83' lang='lat' dir='ltr'><strong>re,</strong></span> 
     </span>
     <span class='ocr_line' id='line_1_53' title="bbox 458 5159 1777 5231; baseline 0.001 -20"><span class='ocrx_word' id='word_1_692' title='bbox 458 5159 513 5211; x_wconf 88' lang='lat' dir='ltr'><strong>scil.</strong></span> <span class='ocrx_word' id='word_1_693' title='bbox 526 5162 704 5225; x_wconf 86' lang='lat' dir='ltr'><strong>Agyrinenses</strong></span> <span class='ocrx_word' id='word_1_694' title='bbox 721 5162 864 5213; x_wconf 83' lang='lat' dir='ltr'><strong>adversum</strong></span> <span class='ocrx_word' id='word_1_695' title='bbox 882 5163 998 5216; x_wconf 89' lang='lat' dir='ltr'><strong>edictum</strong></span> <span class='ocrx_word' id='word_1_696' title='bbox 1009 5165 1141 5219; x_wconf 88' lang='lat' dir='ltr'><strong>fecissent.</strong></span> <span class='ocrx_word' id='word_1_697' title='bbox 1160 5164 1251 5231; x_wconf 71' lang='lat' dir='ltr'><strong>iiam-l</strong></span> <span class='ocrx_word' id='word_1_698' title='bbox 1266 5194 1294 5204; x_wconf 92' lang='lat'>—</span> <span class='ocrx_word' id='word_1_699' title='bbox 1311 5169 1368 5219; x_wconf 82' lang='lat' dir='ltr'><strong>seii</strong></span> <span class='ocrx_word' id='word_1_700' title='bbox 1386 5168 1459 5231; x_wconf 86' lang='lat' dir='ltr'><strong>[item</strong></span> <span class='ocrx_word' id='word_1_701' title='bbox 1469 5166 1538 5231; x_wconf 74' lang='lat' dir='ltr'><strong>ngas</strong></span> <span class='ocrx_word' id='word_1_702' title='bbox 1549 5164 1590 5228; x_wconf 73' lang='lat' dir='ltr'><strong>li,</strong></span> <span class='ocrx_word' id='word_1_703' title='bbox 1608 5160 1777 5224; x_wconf 81' lang='lat' dir='ltr'><strong>utvideturJ:</strong></span> 
     </span>
     <span class='ocr_line' id='line_1_54' title="bbox 460 5236 1577 5302; baseline 0.008 -17"><span class='ocrx_word' id='word_1_704' title='bbox 460 5236 548 5287; x_wconf 91' lang='lat' dir='ltr'><strong>om.V</strong></span> <span class='ocrx_word' id='word_1_705' title='bbox 565 5239 592 5288; x_wconf 91' lang='lat' dir='ltr'><strong>et</strong></span> <span class='ocrx_word' id='word_1_706' title='bbox 607 5236 664 5290; x_wconf 91' lang='lat' dir='ltr'><strong>rell.</strong></span> <span class='ocrx_word' id='word_1_707' title='bbox 684 5263 709 5274; x_wconf 88' lang='lat'><em>-</em></span> <span class='ocrx_word' id='word_1_708' title='bbox 730 5238 849 5290; x_wconf 74' lang='lat' dir='ltr'><strong>iudicium</strong></span> <span class='ocrx_word' id='word_1_709' title='bbox 865 5239 933 5302; x_wconf 71' lang='lat' dir='ltr'><strong>tras</strong></span> <span class='ocrx_word' id='word_1_710' title='bbox 944 5238 985 5291; x_wconf 79' lang='lat' dir='ltr'><strong>lb.</strong></span> <span class='ocrx_word' id='word_1_711' title='bbox 1573 5262 1577 5273; x_wconf 94' lang='lat'><em>·</em></span> 
     </span>
    </p>
   </div>
   <div class='ocr_carea' id='block_1_5' title="bbox 0 0 2188 6104">
    <p class='ocr_par' dir='ltr' id='par_1_6' title="bbox 0 0 2188 6104">
     <span class='ocr_line' id='line_1_55' title="bbox 0 0 2188 6104; baseline 0 0"><span class='ocrx_word' id='word_1_712' title='bbox 0 0 2188 6104; x_wconf 95' lang='lat' dir='ltr'><strong> </strong></span> 
     </span>
    </p>
   </div>
  </div>
 </body>
</html>
