4367 6109
461 588 523 661 roa
815 597 1301 668 omr1ouuou.rnm10
1328 600 1433 686 §.ss

461 766 529 832 sine
552 785 675 834 summo
697 769 839 832 omnium
860 770 1003 854 periculo
1025 778 1147 854 potest,
1172 779 1209 835 ut
1229 793 1300 836 eum
1324 771 1393 834 iure
1419 768 1560 854 potuerit
1581 767 1743 843 occidere,
1765 787 1785 832 a

461 886 527 950 quo
549 866 699 932 metuisse
721 885 755 928 se
778 864 876 942 dicet,
898 886 939 930 ne
960 866 1028 949 ipse
1046 867 1206 951 posterius
1227 861 1445 931 occideretur?

948 970 1050 1035 Cetera
1070 971 1287 1036 desiderantur.

542 1212 721 1276 Macrobius
732 1213 776 1302 'dr
796 1211 859 1294 diff.
881 1220 907 1275 et
927 1232 986 1276 roc.
1008 1216 1110 1295 praeci
1130 1214 1273 1297 lctiuipue
1289 1213 1371 1276 uerbi
1386 1233 1412 1276 c.
1428 1211 1458 1276 6.
1474 1210 1516 1296 (p.
1531 1209 1603 1276 242.
1619 1211 1670 1276 ed.
1685 1209 1779 1295 lanii:

434 1305 560 1371 ⁵Cicero
576 1326 636 1388 pro
656 1307 754 1370 Tullio
776 1306 947 1388 explicavit
968 1307 1022 1370 nit.

541 1400 720 1465 Victorinus
741 1421 773 1484 p.
789 1397 840 1462 63.
859 1420 888 1463 v.
909 1396 960 1463 35.
979 1401 1029 1464 ed.
1043 1412 1188 1467 nostrae:
1209 1404 1270 1467 Illo
1290 1405 1428 1485 superio
1448 1404 1557 1484 species
1577 1403 1780 1485 paucioris)

456 1515 525 1561 cum
542 1496 749 1578 proposuerit,
772 1494 844 1578 quid
866 1495 1033 1568 courcuiot,
1058 1497 1090 1559 id
1112 1499 1212 1578 ipsum
1231 1498 1271 1561 nd
1291 1518 1322 1561 re
1342 1498 1484 1575 irretiunt,
1506 1507 1539 1560 ut
1554 1517 1615 1579 pro
1635 1518 1667 1561 rc
1685 1499 1781 1579 faciut

455 1591 502 1668 id,
524 1590 601 1672 quod
621 1590 814 1655 Mercurius
834 1591 1004 1672 cmfitetur:
1027 1600 1134 1674 postea
1157 1611 1228 1656 uero
1250 1592 1401 1672 subiuupit
1422 1593 1470 1664 id,
1498 1593 1576 1674 quod
1596 1593 1637 1655 u't
1658 1594 1692 1655 iu
1711 1611 1781 1655 cou-

455 1684 614 1747 troversic.
648 1683 729 1747 Fecit
748 1684 804 1746 boc
825 1684 927 1747 Cicero
952 1703 1012 1765 pro
1033 1686 1075 1750 M.
1101 1687 1207 1750 Tullio.
1246 1687 1372 1760 Dicam,
1401 1687 1514 1769 iuquit.
1540 1686 1605 1748 vim
1625 1684 1780 1749 iactama

419 1784 447 1832 ⁴⁰
456 1780 489 1841 P.
508 1780 596 1842 Fabii
615 1776 748 1842 familia:
777 1777 947 1840 adversarii
974 1798 1039 1841 uon
1067 1788 1195 1863 negant.
1238 1782 1299 1843 llic
1321 1782 1480 1862 proposuit
1506 1780 1584 1862 quod
1610 1780 1780 1843 aduersarii

451 1875 615 1956 fateantur.
635 1873 748 1936 Deinde
767 1872 867 1954 ipsum
882 1891 943 1953 pro
955 1893 986 1936 rc
997 1873 1068 1954 scuit
1080 1875 1218 1938 diceudo:
1239 1877 1396 1939 Damnum
1410 1874 1518 1938 datum
1533 1894 1603 1938 esse
1616 1875 1658 1937 ll.
1674 1873 1778 1937 Tullio

455 1967 619 2032 concidis:
651 1967 712 2031 vici
733 1985 829 2030 uuam
851 1986 928 2030 rem.
971 1968 1046 2030 Item
1066 1969 1210 2032 adiunxit
1230 1970 1356 2032 niteram
1371 1977 1508 2049 partem.
1533 1970 1567 2032 iu
1586 1987 1647 2050 qun
1667 1968 1780 2048 cousu-

454 2063 568 2126 riouem
587 2061 685 2133 doceb
707 2077 775 2123 cum
795 2060 886 2123 dicit:
914 2061 985 2125 Vim
1006 2060 1188 2125 hominibus
1210 2063 1336 2126 armatis
1358 2062 1473 2128 laetam
1493 2083 1559 2126 nou
1581 2082 1696 2145 negas:
1718 2061 1779 2124 vici

455 2155 595 2220 alteram.
636 2156 709 2220 Post
733 2155 805 2237 quid
832 2156 866 2218 iu
891 2157 1093 2219 controversie
1121 2158 1161 2221 sit
1186 2158 1342 2239 proponit,
1374 2176 1443 2220 curu
1466 2157 1556 2220 dicit:
1591 2157 1673 2220 Ilolo
1695 2155 1777 2219 malo

418 2248 572 2314 illectum
593 2268 707 2332 negas:
730 2249 771 2312 de
792 2246 855 2311 hoc
876 2249 1026 2315 iudicium
1047 2258 1105 2315 est.

537 2342 639 2407 lulius
660 2343 771 2408 Victor
792 2340 827 2419 6,
850 2340 881 2405 6.
903 2362 934 2425 p.
949 2339 1022 2407 224.
1045 2345 1096 2408 ed.
1117 2364 1166 2407 u.:
1195 2342 1239 2407 Ab
1260 2352 1362 2408 rorutu
1382 2345 1416 2407 iu
1438 2346 1513 2424 fine,
1542 2353 1576 2407 ut
1597 2347 1640 2413 M.
1664 2345 1778 2408 lislliur

455 2439 576 2503 Cicero:
607 2439 640 2502 Si
667 2438 885 2503 iudicaveritis
907 2439 977 2502 sine
998 2438 1073 2502 dolo
1096 2438 1179 2502 malo
1201 2458 1297 2521 posse
1318 2437 1472 2501 familiam
1493 2440 1692 2523 congregari,
1720 2439 1779 2503 bo·

454 2533 570 2597 minem
593 2533 712 2608 occidi,
735 2533 882 2597 omnibus
902 2532 1091 2597 facinorosis
1114 2533 1246 2596 eandem
1268 2532 1430 2596 licentiam
1450 2533 1669 2614 permiseritis.

537 2628 784 2693 Fortunatianus
805 2637 865 2697 nrt.
886 2628 962 2694 rltrt.
985 2628 1076 2691 sclol.
1100 2627 1154 2691 lib.
1175 2628 1215 2690 ll.
1236 2648 1270 2710 p.
1285 2624 1336 2689 77.
1358 2627 1473 2710 capp:
1499 2627 1639 2691 Voluutus
1660 2627 1779 2708 lepis·-

416 2729 444 2778 ro
454 2728 524 2804 quot
544 2720 640 2783 modis
657 2723 954 2786 consideraturi
968 2724 1069 2797 tutio,
1092 2742 1161 2786 curu
1174 2723 1307 2802 exempto
1320 2722 1484 2784 mutianum
1497 2720 1595 2802 lupum
1603 2721 1777 2802 probamus,

450 2823 636 2900 praeacutum
662 2836 775 2900 quoque
802 2817 893 2899 lepori
916 2818 963 2880 ito
989 2818 1115 2888 sentire,
1142 2826 1176 2879 ut
1195 2834 1251 2879 uos
1270 2815 1467 2895 ‹lesudimusr
1497 2816 1574 2879 rieut
1594 2815 1638 2879 Μ.
1662 2814 1779 2878 Tullius

451 2911 523 2992 [ecit
537 2929 598 2993 pro
619 2911 662 2976 Μ.
686 2909 783 2974 Tullio
805 2920 832 2974 rt
849 2930 909 2992 pro
930 2908 968 2974 A.
995 2911 1133 2975 Coccina.

520 3155 543 3206 4.
561 3158 590 3204 ut
605 3153 669 3217 ueri]
686 3152 716 3203 In
731 3152 774 3203 hle
784 3151 874 3204 verbis
892 3151 987 3204 desiuit
1001 3149 1092 3203 lolium
1103 3153 1264 3203 Taurineuse
1281 3161 1381 3202 nonum
1398 3152 1425 3201 et
1440 3149 1571 3202 ultimum.
1597 3152 1671 3212 Quae
1688 3152 1777 3204 statim

453 3232 602 3294 sequuntur
616 3228 700 3281 verbe
717 3227 895 3293 suppeditavit
906 3225 1077 3288 Quintilianus
1094 3228 1113 3276 1.
1126 3229 1155 3277 0.
1168 3229 1193 3289 n,
1207 3227 1246 3287 43,
1258 3228 1311 3287 ii..
1330 3228 1375 3290 qui
1393 3225 1475 3277 babet
1492 3229 1572 3278 etiam
1587 3227 1776 3292 praecedentis

452 3304 537 3357 verba
549 3307 609 3369 (iuis
618 3307 664 3357 boc
674 3305 761 3356 unsuu
770 3306 822 3355 cet.
837 3301 873 3340 -’
881 3305 905 3354 5.
919 3305 1003 3355 Unum
1015 3301 1142 3366 idemque
1154 3302 1205 3353 boc
1216 3315 1231 3352 a
1242 3300 1375 3353 Macrobio
1386 3303 1523 3355 serratum
1533 3296 1777 3368 ἀποσκασμάτιον

454 3394 514 3434 esse
532 3394 595 3433 cum
611 3394 658 3443 eo,
677 3379 749 3445 quod
766 3377 923 3431 ebiomede
940 3379 1114 3442 grammatico
1130 3377 1259 3429 mendose
1276 3375 1384 3428 allatum
1400 3376 1461 3429 inde
1478 3379 1601 3429 eBeiero
1616 3391 1711 3431 omnes
1727 3391 1776 3443 pro

453 3457 559 3508 diverso
582 3456 745 3518 habuerunt,
772 3468 805 3505 ex
829 3453 918 3505 verbis
939 3455 1076 3519 utriusque
1096 3454 1232 3519 scriptoris
1251 3451 1355 3518 plenius
1373 3452 1496 3505 exhibitis
1513 3457 1607 3520 sponte
1628 3453 1775 3521 apparebit.

453 3531 603 3584 Macrobius
619 3530 637 3582 l.
655 3529 691 3582 l.:
713 3529 846 3593 «nepteo,
864 3528 987 3592 explicui,
1005 3531 1067 3594 quia
1080 3530 1161 3593 plico,
1175 3529 1272 3592 plicui:
1294 3527 1344 3580 sed
1360 3530 1453 3580 Cicero
1470 3542 1518 3594 pro
1537 3529 1618 3581 Tullio
1641 3529 1774 3594 apreavu

454 3607 498 3658 ait.
515 3606 659 3659 Diomedes
676 3607 706 3657 do
722 3611 787 3658 erut.
805 3611 829 3656 ct
841 3605 957 3668 portibus
972 3605 1094 3655 orationis
1110 3607 1138 3655 L.
1152 3606 1171 3654 i.
1189 3618 1217 3668 p.
1231 3603 1288 3654 369.
1307 3604 1424 3654 Putscb.:
1444 3606 1525 3654 «sunt
1541 3604 1774 3668 medemur-be,

454 3694 523 3746 quae
540 3681 641 3734 babent
656 3681 774 3747 perlecto
791 3680 918 3746 duplioia,
941 3683 971 3731 ut
986 3707 1001 3718 -
1012 3706 1027 3718 ·
1042 3681 1153 3743 explico,
1174 3679 1298 3741 explicui,
1326 3680 1451 3742 quonism
1469 3684 1511 3731 est
1523 3681 1605 3744 plico,
1628 3682 1721 3745 plicui,
1746 3683 1777 3732 nt

453 3756 589 3822 Virgilius,
606 3757 735 3820 displiciut
749 3757 821 3821 topic.
848 3755 901 3806 Sed
914 3755 1008 3818 plicavi
1025 3755 1115 3818 (immo
1132 3753 1266 3817 replicavi)
1282 3752 1407 3817 legimus,
1426 3757 1456 3804 ut
1472 3757 1513 3806 est
1529 3756 1599 3820 apud
1613 3757 1776 3810 Ciceronem

453 3846 503 3900 pro
519 3834 553 3885 M.
567 3830 658 3883 Tullio.
679 3858 706 3868 -
729 3831 753 3881 6.
773 3830 811 3881 Ci.
830 3830 864 3880 ed
886 3843 912 3895 p.
931 3829 971 3881 9l.
988 3842 1015 3880 v.
1034 3830 1074 3880 49.
1096 3856 1123 3866 -
1142 3830 1182 3879 46.
1201 3829 1276 3880 Hunc
1292 3827 1381 3880 locum
1396 3831 1499 3895 primus
1516 3830 1551 3881 ed
1567 3833 1713 3885 orationem
1726 3843 1776 3898 pro

454 3905 536 3958 'lirlllo
552 3910 626 3957 reete
636 3904 742 3956 udetur
754 3901 887 3955 rettulisse
903 3901 1031 3955 Kellerus.
1058 3905 1087 3955 lu
1098 3902 1204 3965 verbis,
1222 3916 1291 3967 quae
1303 3904 1374 3969 apud
1384 3905 1520 3958 Victorem
1531 3909 1651 3972 proxime
1662 3917 1777 3972 sequun-

454 3982 498 4032 tur
514 3981 556 4046 (nr
571 3979 734 4043 siprobibrri
749 3993 799 4030 uou
813 3985 892 4042 potui
908 3984 953 4029 out
969 3979 1052 4041 deiici,
1067 3980 1194 4042 prohiberi
1209 3980 1281 4028 domo
1298 3985 1343 4029 tuo
1353 3983 1477 4044 potueris,
1496 3987 1519 4033 u
1535 3982 1778 4034 uoubobebisiutur·

454 4057 561 4118 dutum,
580 4053 813 4118 quereremus),
832 4051 958 4118 particula
970 4055 1003 4103 iit
1018 4053 1124 4105 videtur
1140 4054 1222 4118 ipsius
1233 4055 1344 4107 Victoris
1361 4069 1434 4118 esse,
1454 4064 1543 4109 cetera
1555 4071 1618 4110 cum
1628 4056 1732 4110 Keller-o
1742 4055 1776 4108 ud

454 4144 493 4182 or.
506 4144 533 4197 p.
547 4131 661 4187 Caecina
673 4130 713 4191 42,
726 4129 767 4180 35.
779 4128 919 4180 retereude
930 4130 999 4180 sunt.
1014 4155 1043 4166 -
1063 4130 1103 4181 48.
1121 4129 1245 4180 licentium
1254 4131 1422 4198 promiseritis]
1435 4132 1473 4184 ci.
1487 4133 1512 4198 5.
1525 4132 1571 4185 lo:
1588 4132 1627 4184 Au
1643 4133 1777 4197 perquam

453 4209 565 4271 uincet,
582 4213 669 4258 uuum
683 4207 848 4271 mapistrotru
861 4211 965 4269 peccato
985 4205 1149 4270 desectionem
1164 4208 1327 4274 comtuuour,
1350 4221 1385 4258 uu
1401 4209 1523 4272 pmuuct
1535 4213 1683 4274 potestatum
1699 4206 1776 4264 tuse
