4367 6109
666 596 734 660 er.
756 594 796 659 ll.
833 594 907 660 Car.
930 592 1195 660 va-vau.
1223 592 1281 679 ss.
1302 589 1495 660 tet-tos.
1678 592 1740 662 225

415 764 499 850 giem
520 764 789 851 simulacrumque
811 784 951 830 servare:
974 764 1030 828 sed
1051 772 1158 829 tamen
1180 764 1335 841 videbam,
1357 765 1443 849 apud
1465 785 1519 829 eos
1538 785 1609 829 cum
1628 786 1741 843 essem,

415 867 449 925 et
468 860 657 943 religionem
686 879 757 923 esse
785 858 944 943 quandam
973 860 1007 921 in
1028 859 1079 922 his
1101 858 1196 921 rebus
1217 878 1236 922 a
1257 859 1431 923 maioribus
1457 858 1605 925 traditam
1627 869 1660 926 et
1679 861 1742 926 boe

416 953 580 1038 disputari,
596 974 667 1016 cum
682 960 785 1017 statua
800 953 920 1017 secius
937 952 1086 1016 babuisse
1102 952 1255 1037 temporis
1268 954 1434 1028 rationem,
1450 974 1515 1038 quo
1530 958 1632 1039 posita
1648 966 1743 1031 esset,

414 1066 488 1112 cum
507 1046 639 1112 bomine
661 1048 740 1122 eius,
763 1067 828 1131 quo
849 1054 973 1130 gereret
993 1047 1114 1111 bellum
1136 1056 1232 1131 atque
1253 1047 1356 1111 hostis
1379 1057 1472 1112 esset.
1514 1050 1625 1113 LXVI.
1646 1049 1744 1113 Vide-

413 1141 456 1206 tis
486 1140 584 1224 igitur
613 1141 879 1204 consuetudinem
907 1140 1160 1225 religionemque
1192 1141 1399 1218 Graecorum,
1429 1163 1511 1227 quae
1539 1150 1767 1208 monumentas

413 1233 553 1300 bostium
576 1235 611 1298 in
630 1235 716 1298 bello
738 1234 810 1318 ipso
833 1234 934 1297 soleat
956 1234 1141 1310 defendere,
1171 1256 1242 1299 eam
1273 1256 1396 1301 summa
1426 1237 1459 1300 in
1481 1256 1560 1320 pace
1587 1238 1743 1320 praetoris

414 1329 529 1416 populi
542 1329 677 1393 Romani
700 1330 812 1393 statuis
828 1328 989 1412 praesidio
1004 1349 1070 1392 non
1084 1327 1195 1393 luisse.
1217 1325 1289 1392 460.
1312 1331 1583 1405 Tauromenitani,
1606 1352 1744 1415 quorum

414 1431 465 1489 est
485 1424 596 1488 civitas
617 1421 790 1497 foederata,
812 1423 959 1486 homines
978 1423 1179 1506 quietissimi,
1202 1424 1258 1507 qni
1273 1425 1409 1488 maxime
1424 1425 1463 1488 ab
1478 1424 1604 1488 iniuriis
1612 1433 1744 1491 nostro-

414 1538 486 1582 rum
508 1518 750 1602 magistratuum
771 1517 887 1580 remoti
909 1524 1101 1581 consuerant
1125 1537 1195 1581 esse
1216 1518 1378 1600 praesidio
1399 1518 1552 1593 foederis,
1581 1519 1615 1581 hi
1638 1528 1744 1585 tamen

415 1612 508 1676 istius
531 1620 673 1676 evertere
696 1618 832 1675 statuam
854 1631 919 1674 non
942 1609 1176 1675 dubitaverunt.
1220 1610 1291 1686 Qua
1316 1613 1439 1675 abiecta
1458 1612 1560 1676 basim
1582 1621 1688 1679 nmen
1710 1615 1782 1679 into

414 1705 486 1770 loro
508 1725 636 1770 manere
657 1704 839 1780 voluerunt,
861 1704 949 1789 quod
971 1705 1099 1788 gravim
1120 1705 1154 1767 in
1175 1706 1272 1768 istum
1293 1705 1362 1769 lore
1384 1706 1556 1789 putabant,
1578 1708 1606 1771 si
1627 1709 1746 1773 scirent

414 1799 562 1864 homines
585 1806 723 1863 statuam
745 1800 815 1864 eius
837 1819 856 1862 a
877 1798 1153 1863 Tauromenitanis
1175 1818 1246 1862 esse
1268 1798 1434 1874 deiectam,
1457 1819 1553 1882 quam
1575 1801 1603 1863 si
1623 1801 1744 1866 nullam

415 1912 572 1977 umquam
594 1895 731 1976 positam
753 1914 823 1959 esse
845 1894 1082 1956 arbitrarentur.
1126 1891 1334 1976 Tyndaritani
1358 1893 1541 1957 deiecerunt
1560 1893 1595 1957 in
1621 1893 1691 1958 loro
1713 1902 1746 1958 et

415 1989 528 2053 eadem
550 1989 590 2052 de
613 2007 709 2052 causa
724 2007 842 2071 equum
858 1988 986 2050 inanem
999 1987 1208 2070 reliquerunt.
1240 1987 1416 2062 Leontinis,
1437 1988 1554 2052 misera
1567 1987 1602 2051 in
1616 1989 1745 2054 civitate

416 2090 514 2167 atque
536 2083 643 2157 inani,
673 2089 779 2144 tamen
805 2081 898 2144 istius
926 2081 958 2143 in
987 2080 1153 2164 gymnasio
1182 2087 1288 2143 statua
1316 2081 1439 2143 deiecta
1463 2089 1520 2145 est.
1563 2084 1643 2145 Nam
1666 2081 1745 2166 quid
1755 2097 1783 2143 tc

416 2196 476 2260 ego
500 2175 540 2240 de
555 2176 763 2261 Syracusanis
786 2175 910 2259 loquar,
934 2173 1022 2258 quod
1045 2193 1109 2236 non
1132 2180 1181 2235 est
1201 2173 1368 2256 proprium
1383 2174 1666 2258 Syracusanorum,
1688 2176 1745 2241 sed

415 2278 449 2333 et
462 2269 590 2332 illorum
606 2276 640 2334 et
654 2288 821 2332 commune
837 2275 1013 2331 conventus
1028 2267 1115 2331 illius
1129 2286 1166 2331 ac
1181 2286 1281 2350 prope
1293 2268 1392 2332 totius
1405 2270 1609 2351 provinciae?
1625 2277 1746 2355 quanta

414 2362 491 2426 illuc
512 2363 703 2437 multitudo,
733 2369 853 2446 quanta
881 2362 929 2425 vis
957 2361 1123 2425 bominum
1151 2362 1340 2425 convenisse
1371 2362 1537 2427 dicebatur
1559 2370 1642 2439 tum,
1672 2385 1745 2428 cum

415 2465 538 2522 statuae
560 2465 635 2522 sunt
656 2457 748 2520 istius
770 2455 913 2520 deiectae
936 2462 969 2519 et
989 2458 1140 2518 eversae‘l
1183 2457 1225 2519 At
1245 2476 1310 2538 quo
1334 2457 1429 2521 loco‘l
1473 2458 1685 2524 Celeberrimo
1708 2480 1745 2524 ac

414 2550 667 2635 religiosissimo,
689 2557 763 2614 aute
785 2551 891 2634 ipsum
914 2549 1067 2632 Serapim,
1089 2549 1124 2611 in
1146 2551 1248 2632 primo
1271 2551 1360 2614 aditu
1378 2552 1602 2638 vestibuloque
1624 2555 1783 2639 templitt

415 2646 512 2722 Quod
533 2646 595 2710 nisi
617 2646 765 2710 Metellus
786 2646 849 2708 boc
872 2651 936 2708 tum
958 2645 1096 2727 graviter
1125 2645 1244 2727 egisset
1269 2653 1365 2730 atque
1394 2646 1483 2710 illam
1511 2668 1579 2712 rem
1609 2649 1744 2733 imperio

415 2740 586 2824 edictoque
608 2739 835 2823 prohibuisset,
856 2739 1025 2822 vestigium
1047 2745 1225 2804 statuarum
1247 2740 1339 2804 istius
1360 2741 1394 2804 in
1417 2748 1483 2805 tota
1498 2743 1607 2807 Sicilia
1620 2743 1743 2807 nullum

414 2840 500 2898 esset
519 2833 675 2898 relictum.

499 2921 572 2989 464.
599 2929 706 3012 Atque
727 2948 787 3011 ego
808 2930 871 2993 hoc
892 2949 958 2992 non
978 2946 1102 3002 vereor,
1123 2947 1164 2990 ne
1187 2928 1265 3012 quid
1286 2929 1401 2992 horum
1423 2950 1490 2993 uon
1511 2930 1608 2995 modo
1629 2930 1745 3015 impul·

415 3041 464 3097 su,
485 3041 598 3085 verum
620 3023 751 3086 omnino
774 3023 912 3086 adventu
933 3040 1005 3086 meo
1027 3020 1145 3084 lactum
1167 3043 1237 3087 esse
1259 3024 1413 3088 rideatur.
1453 3024 1568 3088 Omnia
1588 3025 1649 3088 ista
1670 3032 1797 3109 antem,

413 3114 500 3179 facta
520 3122 612 3191 sunt,
641 3136 706 3180 non
729 3118 824 3180 modo
847 3137 944 3200 quam
966 3136 1025 3198 ego
1049 3116 1204 3190 Siciliam,
1232 3138 1343 3182 verum
1366 3119 1462 3183 etiam
1483 3138 1579 3202 quam
1601 3119 1662 3182 iste
1682 3119 1745 3182 lta·

414 3210 493 3273 liam
515 3210 629 3292 attigit.
672 3213 755 3275 Dum
778 3231 837 3294 ego
859 3211 894 3273 in
913 3210 1022 3273 Sicilia
1046 3231 1127 3284 sum,
1150 3212 1238 3275 nulla
1260 3220 1364 3276 statua
1386 3213 1508 3277 deiecta
1531 3220 1593 3276 est:
1615 3221 1745 3296 postea·

414 3322 513 3389 quam
534 3304 623 3367 illinc
645 3305 787 3382 discessi,
806 3312 889 3389 qu'ae
904 3311 979 3368 sunt
993 3312 1082 3388 geste
1096 3306 1288 3389 cognoscite.
1318 3306 1443 3369 LXVII.
1466 3306 1744 3390 Centuripinorum

414 3404 544 3462 senatus
567 3399 708 3463 decrevit
728 3401 933 3484 populusque
955 3399 1058 3474 iussit,
1079 3407 1126 3474 ut,
1148 3420 1231 3484 quae
1253 3407 1376 3463 statuae
1400 3400 1435 3463 C.
1457 3400 1565 3464 Verris
1587 3401 1690 3484 ipsius
1712 3406 1745 3465 et

412 3493 515 3574 patris
537 3493 606 3556 eius
629 3499 660 3556 et
681 3491 737 3557 filii
760 3499 882 3568 essent,
904 3514 958 3557 eas
981 3500 1168 3576 quaestores
1190 3493 1407 3557 demoliendas
1427 3493 1580 3570 locarent,
1603 3495 1781 3579 dumqueto

414 3605 453 3648 ea
475 3585 639 3650 demolitio
661 3584 760 3664 lieret,
782 3595 945 3651 senatores
967 3608 1009 3649 ne
1032 3587 1137 3649 minus
1159 3607 1226 3649 xxx
1247 3587 1405 3650 adessent.
1428 3587 1541 3651 Videte
1557 3588 1743 3672 gravitatem

413 3679 551 3744 ciuitatis
573 3701 610 3745 ac
632 3682 827 3766 dignitatem.
871 3685 982 3765 Neque
1011 3681 1121 3744 casin
1144 3672 1222 3742 urbe
1248 3700 1307 3743 sua
1329 3686 1449 3744 statuas
1471 3700 1541 3745 esse
1562 3682 1743 3757 voluerunt,

415 3792 495 3855 quas
516 3775 608 3838 inviti
630 3796 688 3860 per
710 3777 775 3841 vim
797 3784 894 3860 atque
916 3775 1085 3859 imperium
1110 3773 1289 3847 dedissent,
1312 3794 1418 3857 neque
1441 3773 1511 3837 eius
1531 3774 1688 3852 bominis,
1709 3776 1745 3839 in

415 3888 511 3950 quem
533 3869 595 3954 ipsi
629 3891 702 3934 cum
731 3871 919 3954 gravissimo
942 3868 1128 3935 testimonio
1151 3868 1294 3950 publice,
1321 3868 1409 3951 quod
1437 3885 1612 3952 numquam
1640 3877 1744 3944 antea,

414 3963 548 4028 Romam
576 3966 725 4029 mandatu
751 3967 940 4049 legatosque
962 3964 1139 4039 misissent;
1169 3970 1201 4026 et
1222 3963 1255 4025 id
1276 3963 1404 4045 gravius
1426 3981 1496 4027 esse
1518 3969 1688 4046 putarunt,
1715 3964 1782 4028 sis

413 4056 544 4139 publico
566 4060 720 4135 consilio,
750 4080 847 4143 quum
868 4059 895 4122 si
916 4058 1060 4142 pervim
1088 4055 1303 4120 multitudinis
1333 4056 1450 4119 factum
1479 4076 1550 4121 esse
1571 4058 1743 4123 videretur.

416 4144 488 4213 462.
518 4152 597 4216 Cum
616 4154 679 4217 hoc
708 4153 844 4217 consilio
874 4160 994 4216 statuas
1024 4152 1223 4233 Centuripini
1250 4151 1377 4234 publice
1406 4150 1625 4228 sustulissent,
1654 4153 1746 4217 audit

414 4244 577 4312 Metellus:
599 4250 735 4333 graviter
755 4249 831 4312 lert:
855 4255 967 4312 evocat
987 4247 1029 4310 ad
1050 4267 1085 4310 se
1108 4245 1389 4329 Centuripinorum
1410 4245 1613 4328 magistratus
1636 4256 1669 4312 et
1689 4246 1745 4312 de-

480 4411 504 4464 3.
523 4412 648 4476 repom
659 4413 728 4478 cgts
739 4428 766 4479 p.
780 4428 827 4466 m.:
847 4414 975 4477 deputare
992 4415 1037 4464 ctt.
1051 4414 1117 4464 0.-
1135 4412 1161 4464 4.
1174 4412 1227 4462 etur
1243 4408 1325 4474 Lata:
1343 4424 1394 4460 sos
1410 4409 1505 4475 pleriq.
1518 4411 1609 4473 codd.;
1626 4426 1686 4465 vero
1702 4411 1747 4465 alii

415 4483 446 4538 0.
457 4513 485 4524 -
504 4487 529 4538 t.
547 4487 625 4540 444444
640 4489 709 4555 4343
726 4503 753 4554 p.
767 4501 803 4540 m.
824 4513 851 4525 -
871 4502 903 4540 so
919 4487 988 4552 4343
1005 4501 1032 4552 p.
1050 4499 1087 4538 m.
1109 4511 1137 4525 -
1153 4486 1281 4550 praetoris
1300 4497 1353 4536 om.
1372 4484 1441 4549 Lgts
1458 4499 1485 4550 p.
1499 4498 1536 4536 m.
1556 4513 1584 4522 -
1603 4487 1627 4536 7.
1647 4487 1746 4538 Two-

414 4560 532 4611 trslnitoet
552 4562 599 4613 dtt.
620 4590 648 4601 -
667 4564 691 4614 9.
708 4565 797 4615 remoti
814 4564 882 4628 4349
893 4562 925 4614 ts
936 4564 956 4613 B
968 4563 995 4614 lt
1005 4566 1028 4615 N
1038 4578 1076 4625 cp:
1099 4562 1257 4613 remotissimi
1273 4563 1319 4613 ott.
1339 4562 1369 4612 0.
1388 4587 1418 4599 -
1444 4566 1595 4613 comanam
1616 4562 1685 4627 1.ng
1702 4578 1726 4625 φ
1737 4579 1744 4616 :

414 4642 594 4688 meeum
614 4639 638 4690 tt
654 4641 682 4689 et
697 4640 713 4689 3
730 4640 824 4703 43334
850 4642 1029 4688 memorerm
1046 4639 1091 4688 ott.
1113 4661 1141 4673 -
1165 4636 1201 4699 ts]
1220 4637 1303 4686 immo
1319 4636 1348 4686 44.
1374 4635 1414 4687 Cl.
1432 4649 1459 4701 p.
1476 4637 1535 4697 336,
1554 4637 1594 4686 43.
1613 4636 1695 4688 mss.
1715 4665 1743 4675 -

414 4710 456 4761 40.
475 4709 621 4764 cucumere
637 4714 698 4777 433.
717 4717 826 4779 praeter
837 4712 882 4775 43,
901 4713 962 4765 ΑΒ.
983 4740 1011 4749 -
1030 4712 1127 4763 obiecto
1143 4712 1236 4763 ABL:
1258 4710 1355 4761 oblecto
1370 4711 1389 4762 F
1406 4713 1434 4761 et
1453 4710 1537 4774 4333ς
1561 4710 1645 4761 ableto
1661 4711 1744 4777 Lgl23

415 4783 561 4838 abtctadtt.
576 4789 605 4840 0.
621 4816 649 4827 -
662 4789 741 4840 busim
752 4788 836 4853 4333ε
856 4786 1223 4851 nasscrt.er.1V.g.re.-
1241 4786 1282 4838 43.
1294 4798 1345 4836 aare
1356 4783 1385 4836 l:
1404 4798 1458 4836 om.
1471 4784 1520 4836 dtt.
1532 4785 1561 4836 0.
1574 4809 1602 4823 -·
1617 4786 1657 4838 44.
1669 4787 1747 4838 Leos-

415 4861 462 4912 4444
477 4860 526 4913 (444.
548 4890 575 4900 -
595 4864 635 4914 47.
654 4869 678 4914 st
693 4876 821 4914 resumens
837 4861 906 4926 4344
924 4876 949 4927 p.
964 4875 1016 4912 m.:
1034 4874 1165 4912 commuue
1181 4863 1241 4918 ctt.;
1259 4873 1396 4923 comeum,
1413 4865 1438 4911 et
1454 4860 1483 4910 0.
1503 4887 1531 4897 -
1550 4862 1591 4913 48.
1609 4862 1660 4912 illie
1677 4862 1745 4927 1.ng

415 4949 443 5002 p.
454 4947 491 4987 m.
506 4962 534 4974 ··
548 4937 589 4990 40.
607 4938 686 5003 intus]
703 4941 746 4991 Sic
758 4940 853 5004 scripsi
870 4938 904 4989 de
917 4937 1004 4987 coni:
1022 4935 1089 4985 444444
1106 4935 1186 4986 codd.
1200 4962 1228 4972 -
1247 4940 1271 4986 st
1285 4934 1314 4986 l:
1333 4939 1408 4996 etque
1418 4933 1466 4985 dtt.
1480 4934 1510 4984 0.
1525 4960 1553 4972 -
1570 4935 1612 4986 30.
1630 4936 1748 5000 sareptae

415 5009 468 5063 444
479 5027 512 5075 φ,
529 5011 585 5065 Pal.
603 5025 674 5065 sec:
693 5015 777 5065 ceteri
793 5014 917 5076 corrupte
934 5011 1027 5073 septos,
1044 5021 1126 5072 scope.
1148 5035 1176 5045 -
1194 5010 1236 5060 33.
1254 5011 1304 5060 stat
1319 5009 1368 5062 dtt.
1391 5036 1419 5047 -
1438 5008 1479 5060 30.
1498 5009 1550 5060 etas
1566 5008 1634 5074 4343
1650 5022 1677 5075 p.
1696 5023 1744 5063 m.:

419 5097 473 5139 om.
497 5090 543 5140 ott.
561 5089 592 5142 0.
612 5117 640 5128 -
659 5090 700 5141 34.
717 5091 846 5141 nemum
864 5083 1145 5149 XXngitttucp:
1169 5084 1446 5135 maculassent
1464 5084 1499 5143 0;
1518 5083 1748 5137 monbresme

417 5162 467 5214 dtt.
479 5189 510 5202 -
528 5163 570 5215 33.
588 5178 620 5215 oc
636 5164 706 5229 4343
722 5179 748 5230 p.
762 5178 813 5218 m.:
832 5170 855 5215 et
866 5166 912 5215 ott.
926 5163 955 5213 0.
970 5189 999 5197 -
1011 5158 1051 5211 34.
1063 5158 1161 5222 plublice
1177 5158 1245 5223 1.ng
1256 5160 1291 5211 ll:
1305 5159 1405 5224 publico
1421 5157 1567 5221 meam
1585 5171 1639 5210 om.
1652 5159 1702 5213 dtt.
1716 5187 1745 5200 -

416 5236 459 5289 33.
474 5244 628 5303 moment
643 5241 664 5292 0
681 5243 773 5292 contra
789 5240 868 5292 codd.
882 5265 911 5276 -
930 5237 971 5289 36.
989 5249 1040 5288 erre
1056 5235 1139 5301 4343ε
1157 5248 1211 5287 om.
1229 5238 1275 5287 ctt.
1294 5235 1324 5288 0.
1336 5263 1364 5274 -
1382 5235 1424 5288 38.
1442 5232 1662 5299 Ceamhonsu
1676 5232 1747 5299 4343

417 5312 771 5379 434044444434444144440
791 5314 1000 5379 -41443444444444
1015 5310 1356 5377 4342ι4443444ω44444444.
1374 5312 1432 5362 0.-
1659 5356 1661 5361 .

464 5403 549 5458 usse
567 5406 636 5462 uu
1523 5399 1565 5468 43
