4367 6109
675 581 744 646 nn.
764 582 802 646 v.
831 578 905 646 cn.
927 578 1195 647 nans-nmo.
1221 574 1278 665 ss.
1300 542 1489 646 les-ree.
1677 570 1738 643 res

422 754 477 814 tus
498 748 541 814 sit
560 752 593 812 et
614 749 693 834 qnid
714 750 755 814 de
775 757 808 814 te
828 750 968 814 funerum
990 750 1039 825 sit,
1061 752 1106 814 sie
1119 757 1222 815 lecum
1237 766 1336 834 agam
1371 748 1504 815 Gavium
1516 749 1622 827 istum,
1642 766 1737 835 mem

420 840 622 926 repentinum
643 844 873 927 speculatorem
899 843 997 908 finisse
1019 845 1115 920 dicis,
1144 843 1309 909 ostendam
1329 846 1363 909 ln
1383 843 1552 907 lautumias
1575 841 1738 928 Syracusis

420 953 440 1000 a
459 944 493 1000 te
513 952 584 1000 esso
606 938 784 1001 coniectum
805 956 911 1022 neque
933 937 966 1001 id
980 937 1082 1001 solum
1098 957 1140 1001 ex
1153 939 1265 1002 litteris
1280 936 1444 1002 ostendam
1460 936 1737 1021 Syracusanorum,

420 1029 461 1094 ne
482 1029 585 1114 possis
607 1029 714 1123 dicere
735 1052 803 1108 me,
832 1030 908 1115 quia
929 1031 972 1093 sit
991 1031 1108 1116 aliquis
1137 1033 1170 1095 in
1191 1031 1303 1096 litteris
1324 1031 1457 1107 (ierim,
1485 1026 1548 1095 boe
1568 1028 1692 1114 fingere
1708 1036 1740 1093 et

420 1122 539 1207 eligere
566 1142 699 1199 nomen,
728 1131 764 1187 ut
791 1125 877 1189 bunc
905 1123 994 1187 illuns
1024 1144 1095 1188 esse
1122 1127 1241 1208 possim
1270 1124 1393 1200 dicere,
1424 1124 1479 1189 sed
1508 1123 1548 1188 ad
1575 1123 1761 1188 arbitriumb

419 1223 509 1280 tuum
523 1223 620 1282 testes
633 1216 726 1295 dubo,
743 1219 798 1302 qni
812 1218 907 1282 istum
921 1219 1024 1302 ipsum
1038 1219 1201 1303 Syrscmis
1217 1220 1272 1282 abs
1286 1227 1318 1282 te
1333 1219 1367 1282 in
1381 1218 1548 1282 lautumias
1562 1217 1738 1281 coniectum

420 1328 490 1374 esse
511 1310 628 1376 dieunt.
662 1315 837 1380 Producam
858 1314 952 1378 etiam
975 1313 1147 1389 Consanos,
1170 1312 1346 1396 municipes
1367 1311 1453 1376 illius
1473 1330 1511 1375 ae
1531 1310 1738 1385 necessarios,

420 1403 475 1488 qui
496 1410 527 1468 te
548 1424 634 1471 nuuc
655 1428 726 1473 sero
748 1408 893 1483 doceant,
912 1409 1033 1472 indices
1053 1426 1120 1471 non
1141 1425 1229 1481 sero,
1249 1405 1340 1469 iilum
1360 1407 1394 1469 P.
1415 1404 1564 1480 Gavium,
1586 1421 1682 1490 quem
1703 1408 1738 1468 tu

419 1497 454 1560 in
475 1516 599 1563 enicem
621 1501 724 1585 egisti,
745 1500 846 1566 ciram
867 1503 1043 1566 Romanum
1065 1506 1097 1565 et
1118 1500 1309 1583 municipem
1326 1498 1518 1574 Consanum,
1539 1518 1605 1563 non
1626 1514 1739 1582 specu·

420 1591 552 1657 latorem
565 1593 771 1680 brgitivorum
785 1596 894 1661 fuisse.
929 1596 1039 1660 LXIV.
1063 1590 1135 1659 4644.
1157 1594 1235 1659 Cum
1248 1593 1328 1658 baec
1341 1593 1457 1669 omnia,
1480 1610 1563 1678 quae
1575 1590 1738 1677 polliceor,
1748 1598 1776 1645 ¹⁰

421 1686 579 1753 conanime
601 1687 625 1770 †
646 1690 710 1753 tuis
731 1689 883 1775 proximis
903 1690 999 1774 plana
1018 1689 1142 1765 fecero,
1168 1696 1235 1752 tum
1257 1689 1340 1752 istuc
1366 1688 1471 1772 ipsum
1489 1686 1622 1762 tenebo,
1652 1684 1739 1772 quod

420 1780 531 1846 abste
552 1782 630 1847 mibi
652 1783 759 1848 datur:
787 1803 827 1848 ee
848 1792 1030 1849 contentum
1052 1802 1103 1846 me
1125 1802 1195 1847 esse
1217 1783 1328 1847 dicam
1370 1780 1455 1858 Quid
1476 1778 1562 1844 enlm
1581 1795 1684 1863 nuper
1703 1786 1739 1841 tu

419 1873 506 1958 ipse,
532 1892 605 1940 eum
634 1877 746 1961 populi
768 1877 901 1942 Romani
930 1878 1067 1941 elamore
1091 1885 1187 1960 atque
1208 1877 1327 1960 impetu
1347 1872 1549 1960 perturbatus
1570 1872 1739 1945 exsiluisti,

420 1968 507 2051 qnid,
529 1969 669 2054 inquam,
690 1971 814 2036 locutus
836 1973 893 2036 est
924 1971 1027 2046 illum,
1050 1970 1135 2054 quod
1157 1986 1277 2033 moram
1298 1966 1455 2052 supplicio
1469 1974 1645 2052 quaereret,
1666 1963 1739 2027 ideo

420 2059 598 2127 clamitasse
618 2085 654 2128 se
676 2082 746 2129 esse
768 2065 868 2129 civem
889 2067 1080 2138 Romanum,
1109 2062 1166 2126 sed
1187 2063 1417 2147 speculatorem
1437 2059 1547 2125 luisse.
1589 2060 1655 2123 Iam
1674 2055 1775 2119 merse

417 2160 516 2219 testes
539 2158 604 2221 reri
626 2165 709 2222 sunt.
751 2157 839 2235 Quid
861 2159 945 2222 enim
974 2158 1050 2220 dicit
1076 2154 1162 2220 eliud
1186 2154 1219 2220 C.
1241 2155 1459 2219 Numitorius?
1492 2152 1568 2240 quid
1589 2153 1631 2218 di.
1653 2153 1686 2215 et
1705 2151 1739 2213 P.

420 2249 531 2325 Cottii,
552 2251 738 2316 nobilissimi
758 2252 922 2327 homines,
944 2272 985 2316 ex
1006 2270 1081 2335 agro
1103 2248 1390 2314 Tauromenitano?
1412 2249 1490 2334 quid
1511 2246 1551 2325 Q.
1572 2246 1739 2322 nuceam,

419 2345 475 2427 qui
496 2346 704 2430 argentariam
726 2347 838 2431 rhegii
858 2347 1026 2410 maximasn
1047 2343 1144 2409 iecit?
1165 2344 1242 2429 quid
1264 2342 1383 2408 ceteri?
1404 2340 1524 2406 Adbuc·
1536 2343 1622 2407 enim
1641 2348 1739 2424 testes

419 2456 460 2500 ex
480 2434 520 2502 eo
542 2458 657 2523 genere
680 2460 699 2504 a
720 2457 770 2505 me
792 2449 866 2504 sunt
888 2439 966 2515 dati,
994 2458 1058 2502 nou
1081 2438 1136 2522 qui
1162 2439 1287 2501 novisse
1309 2436 1457 2515 Gavium,
1485 2436 1542 2500 sed
1563 2454 1599 2501 se
1619 2434 1738 2501 vidisse

418 2530 577 2609 dicerem,
607 2553 678 2598 oum
707 2535 752 2610 is,
780 2535 837 2618 qui
864 2552 898 2597 se
927 2533 1027 2596 civem
1053 2533 1231 2596 Romanum
1260 2552 1331 2596 esse
1358 2531 1522 2607 clamaret,
1549 2531 1583 2596 in
1612 2522 1772 2595 crucem„

417 2633 573 2709 ageretur.
609 2627 678 2691 Hoc
701 2636 745 2704 tu,
766 2628 890 2704 Verres,
912 2626 996 2690 idem
1018 2626 1115 2690 dicis:
1136 2624 1198 2689 boo
1218 2633 1253 2689 lu
1274 2621 1432 2690 confiteris
1446 2623 1535 2689 illnm
1550 2622 1738 2699 clamitasse,

418 2737 454 2782 se
473 2721 575 2785 civem
595 2721 772 2785 Romanurn
794 2741 880 2786 esse:
910 2720 995 2805 apud
1024 2728 1056 2783 te
1083 2738 1200 2783 nomeu
1227 2719 1361 2783 civitatis
1386 2737 1428 2781 ne
1455 2726 1579 2784 lantum
1610 2720 1738 2804 qnidam

416 2812 571 2891 voluisse,
598 2823 635 2878 ut
656 2812 881 2879 dubitationem
907 2814 1045 2898 aliquam
1067 2815 1185 2888 erucis,
1214 2820 1250 2876 ut
1271 2811 1479 2877 crudelissimi
1505 2813 1742 2905 taeterrimique

418 2904 567 2992 supplicii
589 2908 728 2993 aliquam
750 2928 878 2993 parvam
899 2925 1020 2971 moram
1041 2907 1153 2971 saltem
1174 2913 1283 2992 posset
1303 2908 1424 2970 afferre.
1457 2900 1529 2970 led.
1550 2906 1739 2983 Hoeteneo,

416 3000 472 3064 bic
491 3001 627 3077 baereo,
648 3001 789 3078 iudices,
810 3002 871 3066 boc
892 3021 961 3066 sum
983 3005 1149 3064 contentus
1169 3019 1253 3063 nno:
1280 3001 1390 3064 omitto
1412 3016 1449 3063 ac
1469 2998 1597 3083 negligo
1619 3002 1776 3065 ceteram

417 3111 477 3159 ena
498 3095 697 3160 confessione
719 3095 869 3159 induatur
888 3115 925 3158 ao
946 3094 1107 3178 iuguletur
1126 3113 1257 3159 necesse
1279 3101 1338 3159 est
1354 3126 1393 3141 -
1416 3092 1478 3170 Qui
1500 3103 1593 3170 esset,
1614 3095 1741 3180 ignora·

415 3187 491 3252 bes:
512 3190 742 3274 speculatorem
765 3209 835 3254 esee
856 3189 1067 3273 suspicabare.
1081 3217 1124 3234 -·
1138 3189 1210 3251 Non
1231 3206 1360 3272 quaero,
1382 3204 1446 3272 qna
1466 3186 1663 3271 suspicione:
1684 3196 1739 3253 tua

415 3289 450 3346 te
470 3301 584 3348 accuso
606 3283 760 3348 oratione.
795 3283 904 3347 Civem
919 3284 1093 3346 Romanum
1116 3297 1150 3344 se
1173 3298 1243 3344 esse
1265 3281 1398 3345 dicebat
1433 3280 1468 3344 si
1481 3284 1516 3344 tn
1530 3280 1615 3365 apud
1628 3280 1739 3347 Persas

416 3384 473 3440 aut
492 3377 526 3441 in
547 3387 688 3443 extrema
702 3374 793 3441 ludia
814 3376 1041 3462 deprehensus,
1062 3375 1188 3450 Verres,
1209 3374 1250 3438 ad
1265 3374 1458 3459 supplicium
1472 3371 1640 3451 doceare,
1662 3375 1739 3460 quid

417 3470 505 3534 aliud
527 3469 719 3546 clamitares,
746 3470 809 3534 nisi
831 3479 863 3536 te
889 3471 989 3535 civem
1018 3488 1088 3534 esse
1108 3470 1306 3533 Romanum?
1337 3476 1370 3533 et
1390 3470 1417 3532 si
1438 3466 1496 3531 tibi
1523 3466 1634 3552 ignoto
1656 3467 1776 3554 spada

415 3564 554 3648 ignotos,
575 3564 659 3650 apud
680 3565 841 3640 barbaros,
863 3565 946 3650 apud
967 3564 1113 3629 homines
1134 3563 1168 3626 in
1188 3562 1338 3626 extreme
1352 3570 1446 3646 atque
1460 3560 1579 3628 ultimis
1592 3564 1741 3647 genibus

415 3659 553 3742 positos,
581 3659 688 3723 nobile
719 3665 750 3724 et
777 3659 900 3724 illustre
921 3657 1005 3742 apud
1027 3676 1137 3721 omnes
1158 3673 1275 3720 nomen
1303 3654 1439 3721 civitatis
1458 3661 1532 3719 tuae
1559 3654 1739 3741 prodiisset,

415 3750 486 3828 iile,
509 3752 654 3838 pibonis
675 3759 759 3829 erat,
782 3773 877 3839 quem
900 3761 933 3817 tu
954 3753 989 3817 in
1010 3769 1134 3814 erucem
1154 3749 1315 3832 rapiebas,
1342 3750 1399 3835 qni
1421 3747 1477 3814 tibi
1498 3758 1583 3815 esset
1601 3749 1740 3835 ignotus,

416 3864 490 3909 oum
510 3845 611 3910 civem
626 3867 662 3911 ee
675 3847 852 3912 Romanum
866 3864 937 3911 esse
951 3845 1080 3922 diceret,
1102 3842 1187 3928 apud
1203 3849 1235 3906 te
1248 3849 1436 3927 praetorem,
1458 3842 1565 3907 sinon
1580 3842 1739 3928 eruptum,

415 3954 458 4002 ne
477 3956 599 4004 moram
620 3940 751 4026 quidem
779 3940 890 4006 mortis
918 3939 1080 4004 mentione
1109 3945 1206 4020 atque
1227 3935 1434 4021 usurpatione
1455 3936 1592 4003 dutads
1613 3932 1777 4020 amequlae

1011 4117 1156 4126 --.-—-

482 4234 507 4289 4.
524 4235 604 4302 word
619 4237 696 4302 4333.
716 4263 745 4275 -
764 4238 788 4290 b.
806 4242 834 4288 ut
849 4237 895 4288 loe
910 4237 992 4301 lpaen
1004 4235 1099 4301 possim
1114 4233 1196 4285 diem
1218 4231 1297 4298 ngas.
1317 4257 1344 4270 ·-
1364 4231 1399 4282 od
1415 4230 1499 4297 1329:
1523 4232 1657 4285 mum
1672 4233 1737 4284 dell.

416 4311 448 4363 0.
463 4311 523 4363 -4,
535 4312 602 4364 usto
611 4312 724 4376 Lgse.-
734 4314 758 4364 7.
771 4313 880 4364 Coronos
891 4312 959 4376 ngas
970 4311 1002 4363 43
1013 4310 1045 4362 444
1057 4312 1085 4362 ο4
1098 4311 1132 4370 0;
1145 4309 1265 4361 cotem
1274 4308 1354 4370 lagg.
1367 4302 1424 4356 rell.
1433 4310 1544 4369 -ntqrse
1554 4307 1569 4357 d
1580 4307 1658 4372 Logg.
1672 4306 1737 4358 dett.

417 4410 445 4420 —
458 4384 483 4437 8.
501 4389 530 4437 trs
545 4396 599 4437 om.
616 4387 693 4451 ngas.
708 4413 736 4424 -
749 4387 774 4438 9.
786 4393 811 4439 el
827 4401 881 4439 om.
899 4385 981 4437 idem.
1000 4385 1046 4450 (Ci.
1060 4398 1087 4450 p.
1097 4383 1154 4436 433.
1167 4397 1194 4434 v.
1205 4383 1245 4433 34.
1258 4382 1339 4444 Bur.)
1356 4406 1384 4416 -
1398 4381 1438 4432 44.
1451 4381 1500 4432 tuis
1512 4382 1638 4446 proceris
1648 4380 1737 4432 codd:

414 4458 548 4514 terllbass.
561 4460 660 4513 male·
672 4459 996 4526 pmdnetisconi.1.amb.;
1014 4459 1098 4510 diebus
1109 4457 1236 4522 praem
1246 4456 1315 4507 coni.
1328 4454 1398 4519 Lips.
1408 4481 1436 4492 -
1455 4455 1495 4506 ⁴2.
1508 4469 1558 4509 esse
1572 4471 1612 4509 ore
1622 4456 1699 4520 4349.
1708 4481 1735 4491 -

416 4530 458 4586 si.
476 4534 674 4601 mnaso.
688 4562 715 4571 -
736 4536 776 4587 so.
795 4541 818 4586 a
835 4535 1006 4598 omomgg.
1020 4533 1084 4584 dee.
1099 4559 1126 4569 -
1141 4532 1181 4583 rr.
1200 4531 1272 4583 coos
1289 4529 1370 4594 igis:
1389 4529 1457 4582 coes
1472 4530 1554 4595 mam
1573 4532 1636 4584 met
1652 4532 1733 4582 co.-

414 4609 533 4664 beuter
542 4613 592 4678 Lgl
601 4613 650 4665 29:
662 4612 767 4663 basecles
777 4612 873 4664 delt-
888 4610 928 4662 id.
938 4608 997 4672 llepi
1008 4608 1077 4671 beas
1086 4607 1114 4658 et
1123 4605 1201 4672 ilpr.
1213 4619 1284 4657 m.-
1293 4603 1352 4669 {ecit
1363 4602 1453 4655 codd:
1469 4603 1533 4669 {ecit
1543 4607 1611 4656 coni.
1624 4604 1736 4656 Ernestt.

417 4711 445 4720 —
469 4685 511 4738 44.
532 4687 576 4739 aed
595 4699 622 4738 se
638 4687 722 4751 ngas:
749 4688 791 4739 sed
812 4689 855 4752 poi
870 4682 974 4748 engle
990 4682 1024 4743 03
1046 4683 1088 4734 sed
1110 4677 1692 4746 onlbgl3sedtom.se)1.agg.rell.(qol
1712 4689 1739 4727 se

413 4762 511 4814 coeloe
526 4762 573 4827 a..
590 4764 634 4815 sed
648 4763 738 4815 vidisse
753 4764 794 4825 1..)
812 4792 840 4803 -
858 4765 899 4814 20.
918 4762 987 4812 aon.
1005 4769 1055 4808 esse
1071 4756 1154 4821 1329:
1179 4768 1229 4806 esse
1245 4756 1314 4805 Rom.
1331 4750 1388 4804 rell.
1407 4753 1436 4803 0.
1457 4780 1485 4791 -
1503 4752 1738 4805 zamorensem

414 4832 528 4898 ollem
543 4837 626 4890 meeis
646 4842 675 4888 st
689 4838 761 4888 ared.
778 4839 848 4903 Lgttt
864 4839 964 4901 Noua:
987 4831 1163 4883 sesemen
1178 4830 1239 4894 olio.
1261 4828 1425 4880 eademne
1446 4829 1507 4893 (om.
1526 4830 1608 4881 micis
1624 4827 1662 4895 ot)
1678 4825 1736 4885 rell.

414 4911 495 4976 [ιω.
513 4912 571 4978 (sed
588 4911 620 4966 44
637 4926 675 4966 m.
691 4926 747 4965 sec.
759 4912 926 4978 ddutbeam
943 4909 1086 4963 dllodoeem
1102 4910 1163 4974 otio.
1174 4908 1265 4972 meu,
1280 4909 1390 4961 world.
1401 4906 1544 4963 vicennes
1562 4902 1739 4963 deblaim

414 4985 539 5053 edocens,
555 4993 585 5040 et
599 4990 743 5042 mmo-
761 4988 802 5041 44.
817 4989 894 5053 possit
910 4985 988 5052 18¹⁹·
1000 5012 1026 5022 -
1046 4986 1091 5037 loc
1108 4989 1173 5038 terto
1189 4985 1310 5037 idem.-
1329 4983 1370 5035 28.
1387 4995 1413 5034 oe
1429 4995 1483 5034 om.
1497 4980 1578 5032 idem.
1592 5005 1619 5016 ·—
1638 4978 1682 5049 2⁹.
1697 4976 1738 5028 de-

411 5072 519 5124 lffm
534 5062 614 5129 Lssbt.
634 5090 661 5101 -
680 5061 1025 5129 amplissimaque
1048 5061 1257 5112 suadelam
1277 5057 1411 5109 severim.
1431 5084 1459 5096 -
1477 5055 1518 5107 30.
1541 5053 1611 5118 epod
1629 5050 1738 5125 mbos

414 5145 469 5187 onn
488 5136 549 5188 Ser.
570 5150 599 5204 p.
618 5135 675 5192 344.
697 5137 828 5205 probante
851 5140 940 5190 Garat.
957 5138 990 5190 11.
1019 5150 1104 5189 «nam
1120 5133 1232 5189 Tullium
1247 5135 1357 5187 lonso
1371 5134 1399 5185 ts
1412 5132 1507 5185 4444441444
1520 5127 1632 5197 omilim
1645 5125 1738 5190 immi

412 5209 979 5340 wammrelreploolbosvix
996 5210 1127 5266 dicturum
1142 5208 1224 5265 tuisse
1240 5206 1427 5278 pulos-32.
1444 5207 1492 5260 ele.
1509 5200 1661 5271 sesami:
1678 5206 1737 5273 tressa¹
