4367 6109
452 565 515 632 tto
852 566 1003 631 ORATIO
1025 565 1104 630 PRO
1125 567 1167 632 Μ.
1187 565 1364 632 FONTEIO

452 739 632 805 clarissimis
652 743 779 800 nostrae
801 736 933 799 civitatis
956 737 1028 798 viris
1051 736 1256 799 dubitandum
1277 756 1342 799 non
1363 739 1572 819 putaverunt?
1595 734 1655 820 qui
1672 731 1732 798 Cn.
1746 739 1781 797 et

455 835 493 910 Q.
517 830 740 914 Caepionibus,
768 830 804 890 L.
826 836 857 891 et
879 828 918 903 Q.
940 829 1074 892 Metellis
1103 830 1234 893 testibus
1258 833 1292 895 in
1314 831 1353 907 Q.
1375 830 1576 913 Pompeium,
1606 827 1780 894 hominen

452 947 583 998 novum,
604 944 668 987 non
690 922 907 987 erediderunt:
938 943 1072 1005 quorum
1095 925 1219 998 virtuti,
1241 924 1366 1007 generi,
1388 923 1482 987 rebus
1503 926 1600 1007 gestis
1620 921 1724 987 fidem
1746 927 1781 984 et

452 1020 668 1084 auctoritatem
687 1018 721 1079 in
741 1017 921 1080 testimonio
943 1018 1124 1099 cupiditatis
1146 1025 1241 1102 atque
1266 1017 1494 1081 inimicitiarum
1515 1019 1660 1102 suspicio
1684 1016 1780 1081 dero·

428 1113 546 1196 sgavit.
588 1106 640 1174 tl.
664 1105 738 1193 [lb]
761 1111 902 1193 Ecquem
923 1110 1083 1174 bominem
1104 1112 1258 1186 vidimus,
1281 1131 1414 1195 ecquem
1430 1129 1503 1174 vere
1525 1128 1780 1176 commemorare

450 1224 617 1290 possumus
631 1223 740 1286 parem
755 1203 902 1277 consilio,
925 1204 1090 1285 gravitate,
1112 1205 1302 1279 constantia,
1321 1205 1433 1268 ceteris
1447 1204 1615 1269 virtutibus
1628 1203 1778 1277 honoris,

450 1299 584 1381 ingenii,
615 1317 720 1360 rerum
748 1299 1120 1379 gestarumornamentis
1141 1301 1183 1362 M.
1204 1299 1338 1362 Aemilio
1360 1299 1477 1362 Scauro
1498 1297 1618 1362 luisset
1652 1299 1778 1360 Tamen

450 1393 563 1466 buius,
591 1392 681 1456 cuius
710 1391 836 1453 iniurati
864 1396 942 1453 nutu
968 1410 1065 1475 prope
1086 1401 1237 1456 terrarum
1258 1392 1342 1455 orbis
1363 1392 1545 1474 regebatur,
1566 1390 1665 1455 iurati
1686 1389 1779 1454 testi-

450 1485 557 1549 monio
578 1505 684 1568 neque
706 1485 738 1547 in
762 1484 794 1547 C.
817 1484 984 1547 Fimbriam
1006 1505 1109 1569 neque
1130 1486 1162 1549 in
1186 1484 1219 1548 C.
1240 1486 1422 1549 Memmium
1442 1487 1596 1550 creditum
1617 1492 1679 1550 est.
1709 1486 1778 1548 No·

413 1580 577 1644 coluerunt
603 1580 625 1641 ii
653 1579 709 1662 qui
739 1577 917 1640 iudicabant
945 1577 1027 1641 banc
1055 1586 1161 1660 patere
1189 1578 1359 1643 inimicitiis
1383 1575 1482 1654 nam,
1514 1598 1609 1664 44444444
1631 1579 1776 1662 quisque

449 1674 583 1748 odisset,
612 1679 649 1736 ut
670 1691 742 1734 eum
764 1670 944 1734 testimonio
971 1678 1080 1752 posset
1101 1671 1220 1735 tollere.
1254 1672 1397 1747 Quantus
1417 1673 1450 1736 in
1472 1674 1507 1736 L.
1531 1673 1644 1737 Crasso
1665 1669 1776 1756 pudor

447 1768 560 1841 suerit,
583 1765 668 1850 quod
683 1765 862 1848 ingenium,
885 1771 1002 1847 quanta
1018 1765 1201 1839 auctoritas,
1223 1766 1295 1849 quis
1309 1767 1455 1848 ignorati
1477 1769 1596 1830 Tamen
1609 1765 1655 1840 is,
1678 1765 1774 1829 cuius

450 1862 545 1924 etiam
572 1878 674 1923 sermo
703 1857 873 1922 testimonii
894 1857 1109 1920 auctoritatem
1131 1858 1283 1933 babebat,
1310 1860 1491 1923 testimonio
1512 1860 1601 1941 ipso,
1628 1857 1774 1941 quaein

448 1957 493 2019 M.
513 1953 694 2018 Marcellum
716 1952 842 2014 inimico
864 1952 968 2014 animo
992 1951 1088 2026 dixit,
1118 1951 1249 2034 probaro
1270 1972 1334 2016 non
1355 1954 1467 2036 potuit.
1509 1949 1560 2015 25.
1587 1945 1664 2036 [lia]
1687 1950 1774 2025 Fuit,

413 2059 441 2107 44
449 2049 508 2112 init
528 2049 591 2111 illis
613 2044 769 2109 iudicibus
791 2044 932 2108 divinum
952 2064 989 2108 ae
1011 2044 1184 2126 singulare,
1208 2045 1344 2120 iudices,
1367 2047 1546 2120 eonsilium,
1568 2045 1623 2129 qui
1646 2064 1683 2108 se
1703 2062 1774 2106 non

449 2142 552 2206 solum
574 2140 614 2203 de
635 2158 706 2213 reo,
727 2138 784 2200 sed
806 2139 900 2201 etiam
922 2138 961 2200 de
983 2144 1180 2212 accusatore,
1203 2137 1242 2202 de
1263 2146 1344 2201 teste
1365 2138 1504 2202 iudicare
1526 2137 1773 2211 arbitrabantur,

451 2234 529 2319 qnid
558 2231 676 2306 lictum,
706 2232 782 2316 quid
808 2231 933 2294 fortuna
953 2251 991 2295 ao
1012 2240 1153 2313 tempore
1175 2231 1320 2306 allatum,
1349 2232 1424 2315 quid
1450 2233 1552 2315 pretio
1574 2239 1773 2314 corruptum,

450 2328 527 2413 quid
548 2348 604 2410 spe
627 2331 681 2389 aut
701 2332 787 2389 metu
807 2325 1026 2408 depravatum,
1056 2323 1134 2406 quid
1155 2325 1366 2407 acupiditato
1391 2324 1499 2409 aliqua
1519 2333 1574 2390 aut
1594 2326 1772 2391 inimicitiis

449 2420 620 2506 proiectum
635 2417 804 2482 videretur.
835 2418 924 2493 Quae
945 2419 972 2482 si
995 2417 1093 2481 iudex
1114 2437 1178 2480 non
1195 2418 1401 2500 amplectetur
1414 2419 1519 2483 omnia
1533 2419 1680 2493 consilio,
1701 2438 1772 2483 non

411 2515 553 2579 manime
574 2533 611 2577 ae
632 2520 736 2576 mente
758 2512 1006 2595 circumspiciet3
1036 2512 1080 2584 si,
1108 2520 1144 2574 ut
1165 2512 1305 2595 quidque
1328 2530 1369 2574 ex
1388 2512 1444 2574 illo
1465 2512 1535 2576 loco
1556 2512 1696 2587 44444444,
1728 2531 1771 2576 ex

448 2606 574 2672 oraculo
596 2606 703 2689 aliquo
725 2605 787 2669 dici
808 2605 1024 2669 arbitrabitur:
1055 2603 1195 2687 prolecto
1218 2606 1294 2668 satis
1315 2606 1390 2680 erit,
1410 2604 1444 2666 id
1466 2605 1550 2689 quod
1572 2605 1640 2668 dixi
1661 2612 1770 2680 444444,

448 2721 514 2764 non
534 2699 662 2763 surdum
683 2699 818 2762 iudicem
840 2698 913 2762 buic
934 2701 1055 2763 muneri
1068 2707 1162 2783 atque
1177 2698 1281 2762 officio
1295 2718 1459 2783 praeesso;
1480 2699 1559 2761 nihil
1573 2700 1648 2773 erit,
1670 2718 1769 2782 quam

443 2795 490 2858 -ob
511 2813 577 2856 rem
597 2792 652 2857 ille
672 2793 779 2855 nescio
804 2791 876 2875 quis
897 2793 1022 2874 sapiens
1043 2792 1139 2856 bomo
1159 2810 1197 2855 ac
1218 2792 1386 2856 multarum
1407 2812 1510 2855 rerum
1525 2792 1644 2874 peritus
1659 2792 1700 2857 ad
1714 2813 1768 2856 res

448 2887 632 2951 iudicandas
653 2885 842 2970 requiratur.
885 2887 955 2950 llll.
973 2883 1024 2949 26.
1048 2884 1141 2970 [VIII.
1158 2882 1220 2968 io]
1243 2887 1294 2948 An
1315 2905 1389 2949 vero
1410 2886 1458 2948 ilb
1478 2886 1600 2969 equites
1620 2886 1768 2962 Romani,

411 2994 440 3043 44
449 3000 528 3063 quos
551 2998 610 3042 nos
630 2981 781 3054 vidimus,
802 2981 858 3062 qui
873 2999 973 3063 nuper
986 2981 1019 3043 in
1033 3001 1066 3043 re
1080 2979 1207 3063 publica
1221 2978 1410 3062 iudiciisque
1424 2978 1567 3041 maximis
1581 2978 1768 3054 floruerunt,

447 3073 622 3137 babuerunt
642 3080 764 3136 tantum
784 3073 897 3148 animi,
919 3080 1038 3137 tantum
1060 3074 1198 3148 roboris,
1218 3080 1254 3135 ut
1274 3075 1316 3136 Μ.
1340 3073 1456 3136 Scauro
1477 3073 1547 3134 testi
1569 3092 1634 3136 nou
1656 3073 1769 3137 crede·

446 3175 534 3231 rent:
560 3186 616 3232 vos
644 3165 810 3230 Volcarum
837 3174 930 3249 atque
951 3166 1155 3250 Allobrogum
1183 3162 1369 3230 testimoniis
1391 3185 1454 3228 non
1476 3165 1605 3230 eredere
1625 3168 1767 3233 timetis?

450 3260 483 3322 Si
504 3259 632 3322 inimico
653 3259 725 3322 testi
746 3259 831 3322 credi
852 3279 916 3322 non
938 3262 1089 3341 oportuit,
1112 3259 1267 3323 inimicior
1288 3258 1435 3321 Marcello
1451 3259 1582 3324 Crassus
1603 3269 1660 3325 aut
1679 3261 1768 3325 Fim-

445 3353 535 3417 briae
557 3353 691 3416 Scaurus
720 3372 760 3414 ex
788 3351 929 3422 civilibus
951 3353 1062 3417 studiis
1087 3361 1180 3437 atque
1203 3353 1429 3416 obtrectatione
1451 3352 1637 3428 domestica,
1668 3373 1767 3437 quam

412 3446 522 3510 aobuio
542 3445 648 3509 Gallia
678 3465 812 3528 quorum
834 3446 888 3528 qui
910 3447 1028 3530 optima
1049 3449 1081 3510 in
1103 3467 1197 3511 causa
1218 3455 1291 3510 sunt
1312 3447 1449 3529 equites,
1476 3446 1686 3520 frumentum,
1708 3467 1766 3529 pe-

450 3539 575 3603 cuniam
595 3539 692 3602 semel
713 3546 807 3621 atque
829 3539 942 3602 iterum
962 3560 998 3602 ac
1013 3542 1138 3624 saepius
1156 3540 1333 3604 invitissimi
1350 3539 1424 3602 dare
1439 3541 1537 3603 eoacti
1555 3546 1644 3615 sunt,
1666 3541 1766 3604 ceteri

450 3633 561 3714 partim
584 3652 623 3695 ex
644 3632 802 3696 veteribus
822 3632 914 3695 bellis
937 3652 1012 3715 agro
1033 3635 1167 3707 multati,
1196 3633 1309 3715 partim
1331 3634 1370 3695 ab
1390 3632 1451 3696 boo
1474 3635 1542 3716 ipso
1563 3632 1648 3696 bello
1671 3654 1766 3716 supe-

450 3726 508 3789 rati
530 3734 560 3788 et
582 3727 733 3809 oppressi.
766 3722 816 3788 27.
840 3721 914 3809 [ll]
939 3727 985 3801 Si,
1008 3727 1062 3810 qui
1085 3727 1126 3789 ob
1147 3725 1277 3809 aliquod
1299 3727 1544 3790 emolumentum
1566 3746 1658 3789 suum
1676 3727 1766 3809 cupi·

450 3819 520 3880 dius
541 3818 661 3902 aliquid
684 3820 788 3882 dicere
810 3820 971 3894 videntur,
1004 3821 1041 3883 iis
1064 3819 1148 3882 credi
1169 3840 1233 3883 non
1255 3820 1417 3895 convenit,
1439 3820 1533 3884 credo
1555 3822 1656 3884 maius
1677 3840 1765 3884 emo-

414 3913 623 3975 sslumentum
653 3912 859 3995 Caepionibus
888 3920 919 3976 et
939 3913 1073 3975 Metellis
1099 3914 1294 3996 propositum
1315 3913 1411 3977 inisse
1432 3934 1475 3977 ex
1497 3914 1535 3989 Q.
1557 3915 1686 3997 Pompei
1707 3915 1765 3978 da·

450 4007 626 4083 mnatione,
647 4026 717 4069 cum
738 4007 911 4069 studiorum
933 4026 1058 4069 suorum
1081 4007 1320 4070 obtrectatorem
1336 4007 1553 4083 sustulissent,
1576 4027 1672 4091 quam
1685 4028 1765 4071 cun·

451 4109 517 4163 ctae
539 4100 656 4162 Galliae
678 4118 719 4161 ex
738 4100 780 4162 M.
802 4098 910 4162 Fontei
933 4100 1125 4174 calamitate,
1154 4100 1187 4162 in
1209 4120 1271 4181 qua
1295 4102 1350 4164 illa
1370 4101 1531 4184 provincia
1553 4121 1652 4185 prope
1674 4122 1764 4168 suam

451 4194 677 4257 immunitatem
698 4213 734 4254 ac
755 4192 930 4256 libertatem
951 4194 1083 4277 positam
1105 4213 1174 4257 esse
1196 4194 1369 4257 arbitratur.

534 4287 583 4349 An
612 4286 639 4349 si
666 4286 807 4349 hominos
833 4287 919 4371 ipsos
949 4294 1089 4371 spectare
1112 4289 1275 4363 convenit,
1306 4288 1339 4350 id
1361 4289 1447 4373 quod
1468 4290 1501 4352 in
1522 4295 1600 4352 teste
1621 4288 1762 4374 profecto

516 4579 539 4626 4.
558 4589 606 4641 pro
623 4581 646 4626 44
662 4576 691 4638 0.
704 4575 727 4625 V
742 4574 784 4627 bis
800 4581 823 4626 44
839 4588 903 4638 quea
920 4574 1009 4626 habat.
1024 4602 1050 4612 -
1069 4576 1092 4627 6.
1111 4577 1287 4639 4444444444,
1305 4576 1447 4640 semme
1466 4578 1500 4641 [et
1515 4578 1554 4629 sic
1570 4579 1667 4630 iterum
1683 4579 1762 4644 paulo

451 4654 528 4717 post).
548 4678 575 4689 —
593 4663 650 4701 vore
666 4651 726 4700 VS:
750 4663 809 4700 4444
830 4663 903 4715 susp.
922 4649 1082 4701 Gulielmius.
1107 4677 1134 4687 ·-
1157 4651 1181 4700 7.
1199 4651 1282 4715 inperii
1297 4653 1328 4701 V.
1349 4679 1376 4688 -
1398 4653 1422 4703 8.
1439 4652 1520 4717 baias]
1542 4654 1594 4705 4444
1610 4653 1760 4717 Schiitsius;

449 4728 522 4776 444444
537 4729 598 4776 unte
614 4726 694 4775 4444444
710 4726 798 4788 posuit
815 4726 923 4776 Ernesti.
944 4753 971 4762 -
991 4725 1139 4789 repetantur
1155 4726 1182 4776 S.
1201 4752 1228 4762 -
1247 4728 1287 4777 46.
1305 4726 1333 4791 ii]
1352 4741 1386 4777 ,4.
1404 4728 1435 4789 V,
1453 4728 1478 4777 44
1494 4730 1520 4779 S.
1540 4755 1568 4767 -
1591 4728 1667 4793 44444]
1684 4742 1761 4791 qaam

451 4803 481 4851 V.
502 4828 529 4837 -
548 4802 587 4850 44.
603 4804 681 4863 possit
696 4803 752 4852 VS.
768 4829 795 4838 —
814 4804 853 4853 46.
872 4803 901 4868 is]
918 4803 955 4852 4444
965 4804 996 4853 V.
1011 4830 1037 4840 -
1057 4804 1097 4853 46.
1110 4800 1288 4854 4444444444.;
1305 4803 1424 4852 4444444444
1435 4804 1465 4865 V,
1483 4804 1592 4855 44444444
1602 4806 1629 4854 S.
1642 4805 1762 4868 (444444444-

450 4877 524 4926 senio
540 4877 659 4927 iudics’um
675 4876 760 4941 glossa
776 4879 848 4928 vocis
865 4878 992 4928 cussiliaco
1007 4877 1130 4942 videtur.)
1148 4904 1175 4914 —
1201 4877 1240 4927 46.
1258 4877 1288 4926 do
1303 4888 1346 4926 reo
1363 4877 1405 4926 ed.
1424 4879 1509 4930 Crat:
1533 4880 1562 4930 44
1582 4893 1626 4930 rso
1640 4880 1761 4933 indiciam

450 4952 506 5002 VS.
521 4978 547 4987 -
567 4953 596 5002 44
612 4957 755 5004 4444444444
770 4957 793 5002 44
809 4954 838 5003 ds
854 4955 1055 5005 testoGraevius.
1070 4982 1098 4992 -
1117 4955 1157 5005 u.
1175 4954 1235 5017 quid
1247 4953 1422 5016 satanoVS:
1440 4955 1500 5015 quid
1515 4968 1533 5004 4
1546 4955 1650 5018 sorim
1662 4955 1718 5005 LO.
1731 4983 1758 4992 -

451 5029 492 5077 2⁰.
510 5032 537 5076 44
554 5029 661 5090 quidque
676 5029 710 5078 V:
737 5034 765 5078 44
781 5029 913 5091 quicquam
929 5029 954 5078 S.
975 5054 1002 5066 -
1021 5028 1080 5080 tort.
1099 5043 1132 5079 44
1147 5029 1193 5079 isto
1209 5028 1271 5079 loco.
1291 5054 1317 5063 -
1336 5029 1377 5079 26.
1394 5030 1431 5079 li.
1449 5031 1481 5079 S:
1502 5032 1530 5081 l..
1548 5031 1578 5082 V.
1598 5056 1626 5066 -
1644 5030 1685 5080 st.
1708 5030 1762 5081 Vol-

450 5116 540 5152 4444444
557 5104 698 5154 Graevius:
727 5104 862 5168 Valqarum
878 5104 912 5162 V;
938 5103 1065 5168 betparum
1081 5103 1107 5154 S.
1128 5130 1155 5141 -
1176 5103 1289 5155 4444444444
1304 5116 1377 5168 susp.
1395 5102 1481 5155 Orelli.
1501 5132 1529 5141 —
1553 5105 1593 5157 36.
1611 5111 1711 5169 opum
1726 5107 1759 5169 V,

452 5180 538 5241 optimi
554 5180 579 5228 S.
598 5205 627 5217 -
646 5179 686 5230 34.
704 5179 809 5242 nepita]
826 5192 919 5241 seraper
934 5178 1004 5231 bene
1022 5180 1170 5243 suspicatur
1186 5180 1383 5230 Mommsenius.
1397 5204 1425 5215 -
1443 5179 1484 5231 32.
1503 5181 1605 5244 acroV,
1622 5184 1652 5233 ut
1662 5195 1689 5247 p.
1700 5181 1759 5235 466.

452 5265 479 5302 v.
498 5252 538 5303 43.
559 5279 584 5292 -
604 5253 643 5318 ab]
663 5254 741 5306 st.
762 5279 788 5293 -
808 5253 849 5305 36.
868 5253 1017 5320 0444444.
1036 5252 1252 5307 -34444446,
