4367 6109
638 535 707 603 uu
728 536 768 602 n
798 532 1508 622 eu.axx1n-axxv.ss.tsa-tas.
1674 535 1733 607 aet

413 725 506 792 3444,
532 704 615 770 nihil
642 706 770 792 assequi
799 707 956 791 potuerit:
987 727 1070 791 quae
1092 708 1228 772 consilio
1249 707 1360 793 aliquo
1381 715 1438 771 aut
1458 710 1581 775 ratione
1601 711 1741 777 inveniri

412 807 604 885 potuerunt,
625 801 755 865 inventa
776 808 866 875 sunt,
889 800 1021 865 iudices.
1057 801 1234 866 Manifestis
1255 801 1289 866 iu
1310 802 1406 867 rebus
1427 803 1590 868 bominem
1611 805 1675 868 iam
1694 813 1742 870 te·

412 893 483 959 neri
504 894 662 959 videbitis.
704 896 783 957 Nam
806 893 894 978 quod
915 893 949 956 in
971 894 1214 978 publicanorum
1235 896 1340 960 causis
1362 896 1412 960 vel
1434 897 1606 980 plurimum
1628 900 1742 965 aetatis

414 1007 504 1054 meaa
526 1008 637 1052 versor
658 987 925 1071 vehementerque
948 987 1038 1051 illum
1053 989 1200 1052 ordinem
1214 989 1367 1065 observo,
1389 990 1467 1055 satis
1482 993 1647 1057 commode
1662 993 1743 1058 mihi

412 1083 526 1149 videor
546 1102 657 1146 eorum
679 1082 943 1147 cousuetudinem
964 1103 1025 1145 usu
1049 1083 1277 1168 tractandoque
1299 1103 1464 1166 cognosse.
1751 1100 1767 1147 a

497 1177 640 1241 LXXIV.
663 1170 736 1238 482.
757 1176 870 1260 ltaque
891 1181 928 1238 ut
948 1174 1009 1238 hoc
1031 1177 1191 1259 comperi,
1213 1183 1351 1240 remotas
1374 1197 1444 1242 esse
1465 1178 1587 1244 litteras
1609 1179 1745 1245 societa-

412 1273 474 1349 tis,
501 1271 599 1336 habui
625 1270 782 1334 rationem
812 1289 922 1333 eorum
950 1288 1124 1343 annorum,
1156 1291 1215 1353 per
1243 1290 1325 1355 quos
1347 1271 1408 1334 iste
1429 1272 1464 1336 in
1485 1272 1594 1337 Sicilia
1613 1271 1744 1338 4444444444

413 1365 531 1430 deinde
552 1364 714 1450 quaesivi,
738 1363 826 1448 quod
849 1368 917 1426 erat
938 1362 1070 1426 inventu
1091 1362 1296 1438 facillimum,
1319 1365 1375 1447 qui
1396 1384 1455 1448 per
1478 1385 1534 1429 eos
1555 1385 1657 1430 annos
1679 1386 1746 1429 ma·

413 1459 505 1544 gistri
535 1458 622 1522 illius
651 1456 814 1522 societatis
842 1455 995 1532 fuissent,
1029 1457 1114 1540 apud
1144 1477 1226 1541 quos
1256 1457 1383 1520 tabulae
1412 1457 1557 1522 fluissent.
1601 1458 1746 1525 Sciebam

414 1555 500 1617 enim
519 1552 604 1618 hano
625 1551 865 1636 magistrorum,
887 1550 943 1634 qui
966 1549 1089 1614 tabulas
1111 1550 1282 1625 haberent,
1304 1551 1679 1627 consuetudinemesse,
1699 1559 1747 1627 ut,
1755 1570 1784 1619 4ο

414 1667 487 1711 cum
514 1646 639 1710 4444444444
666 1665 752 1709 novo
780 1644 930 1727 magistro
960 1643 1137 1720 traderent,
1170 1644 1317 1728 exempla
1345 1643 1522 1709 litterarum
1545 1645 1609 1727 ipsi
1628 1644 1747 1709 hahere

415 1760 482 1805 non
502 1739 637 1805 nollent.
680 1741 794 1824 ltaque
815 1739 856 1803 ad
877 1739 913 1802 L.
935 1738 1080 1813 Vibium,
1109 1739 1253 1822 equitem
1283 1738 1475 1814 Romanum,
1504 1739 1609 1803 virum
1629 1739 1748 1823 prima·

413 1835 514 1910 4444444,
536 1854 633 1918 quem
654 1834 853 1917 reperiebam
874 1833 1060 1916 magistrum
1081 1831 1181 1896 fuisse
1205 1851 1244 1896 eo
1277 1832 1348 1916 ipso
1370 1852 1473 1907 anno,
1506 1832 1562 1918 qui
1583 1830 1661 1895 mihi
1682 1851 1749 1896 ma-

414 1929 501 1992 xime
532 1928 735 2011 quaerendus
758 1935 842 2002 erat,
873 1928 1011 2010 primum
1037 1927 1121 1990 veni.
1167 1927 1250 1989 Sane
1271 1925 1394 1990 bomini
1415 1933 1542 2010 praeter
1564 1926 1749 2009 opinionem

415 2022 591 2105 improviso
614 2022 723 2086 incidi.
756 2023 921 2085 Scrutatus
943 2041 1031 2096 sum,
1053 2040 1137 2105 quae
1156 2021 1264 2103 potui,
1287 2029 1320 2084 et
1334 2019 1478 2104 quaesivi
1494 2021 1619 2084 omnia:
1641 2019 1788 2086 invenito

415 2116 497 2181 duos
520 2116 607 2181 solos
629 2117 756 2180 libellos
778 2116 818 2179 ab
840 2117 875 2178 L.
900 2114 1053 2179 Canuleio
1075 2115 1191 2178 missos
1213 2115 1310 2179 sociis
1332 2136 1374 2178 ex
1393 2122 1490 2198 portu
1512 2114 1695 2200 Syracusis:
1716 2114 1751 2176 in

414 2211 535 2296 quibus
557 2217 626 2276 erat
648 2211 728 2274 ratio
751 2209 869 2293 scripta
883 2209 1042 2271 mensium
1056 2208 1268 2292 complurium
1283 2228 1390 2271 rerum
1405 2215 1643 2292 exportatarum
1656 2205 1751 2270 istius

414 2303 544 2368 nomine
567 2305 636 2368 sine
659 2304 813 2388 portorio.
848 2305 961 2388 Itaque
984 2302 1148 2385 obsignavi
1172 2301 1289 2365 statim.
1334 2298 1406 2365 483.
1428 2303 1528 2367 Erant
1547 2302 1627 2366 haec
1649 2320 1691 2363 ex
1711 2320 1751 2364 eo

414 2419 546 2483 genere,
571 2399 658 2485 quod
681 2418 740 2482 ego
763 2397 901 2461 maxima
923 2417 1025 2480 genus
1047 2416 1088 2460 ex
1104 2398 1265 2460 sociorum
1280 2395 1395 2460 litteris
1410 2396 1551 2480 reperire
1566 2394 1751 2478 cupiebam

414 2512 526 2558 verum
548 2500 671 2556 tantum
694 2492 819 2567 inveni,
842 2491 984 2567 iudices,
1008 2491 1095 2575 quod
1117 2490 1203 2574 apud
1218 2510 1276 2553 vos
1292 2490 1384 2574 quasi
1408 2490 1548 2573 exempli
1562 2508 1659 2553 causa
1677 2507 1789 2572 pro-ao

414 2587 498 2652 ferre
520 2607 658 2670 possem.
692 2586 754 2650 Sed
777 2594 900 2660 tamen,
922 2585 1080 2669 quidquid
1104 2585 1163 2647 erit
1185 2584 1219 2646 in
1240 2583 1291 2647 his
1313 2583 1447 2659 libellis,
1472 2584 1753 2667 quantulumcum-

416 2702 481 2767 que
508 2680 669 2746 videbitur
698 2701 786 2755 esse,
815 2679 877 2743 hoc
907 2680 1037 2763 quidem
1067 2686 1153 2741 certe
1176 2677 1379 2742 manifestum
1402 2678 1483 2741 erit:
1512 2678 1553 2742 de
1575 2679 1689 2742 ceteris
1711 2697 1753 2742 ax

414 2775 479 2838 hoc
500 2775 715 2838 coniecturam
743 2774 846 2838 lacere
870 2773 1036 2837 debebitis.
1080 2772 1190 2836 Recita
1211 2772 1306 2848 mihi,
1338 2791 1477 2856 quaeso,
1505 2771 1592 2838 hunc
1614 2773 1753 2856 primum

415 2868 576 2933 libellum:
599 2868 716 2932 deiude
739 2868 829 2932 illum
852 2869 996 2931 alterum.
1028 2867 1162 2930 Lissum
1185 2866 1390 2931 Claranum.
1421 2869 1493 2931 Nou
1508 2886 1645 2953 quaero,
1666 2865 1753 2930 unde

418 2982 494 3028 cccc
517 2963 689 3045 amphoras
711 2962 815 3026 mellis
836 2961 1003 3037 habueris,
1031 2962 1117 3025 unde
1139 2969 1265 3026 tantum
1286 2961 1518 3039 Melitensium,
1547 2962 1635 3026 unde
1657 2959 1791 3045 quin-5

417 3056 571 3142 quaginta
598 3055 808 3119 tricliniorum
835 3055 948 3133 lectos,
979 3056 1065 3120 uude
1093 3063 1140 3121 tot
1163 3055 1367 3119 candelabra:
1397 3075 1480 3132 non,
1508 3057 1659 3141 inquam,
1688 3055 1753 3120 iam

418 3170 556 3237 quaero,
577 3150 663 3213 unde
688 3150 766 3213 baec
787 3149 954 3225 habueris,
976 3151 1032 3214 sed
1050 3170 1115 3235 quo
1132 3156 1254 3214 tantum
1270 3149 1327 3213 tibi
1343 3170 1424 3233 opus
1438 3149 1549 3226 fuerit,
1572 3150 1605 3214 id
1621 3169 1753 3235 quaero.

418 3244 539 3308 Omitto
562 3245 601 3308 de
623 3244 734 3307 melle:
758 3244 815 3307 sed
837 3251 958 3307 tantum
981 3244 1222 3308 Melitensium?
1244 3243 1337 3327 quasi
1359 3243 1455 3307 etiam
1476 3244 1651 3308 amicorum
1672 3262 1753 3307 uxo·

416 3358 489 3402 res:
511 3345 634 3401 tantum
656 3338 834 3401 lectorum?
857 3338 949 3422 quasi
973 3338 1115 3401 omnium
1137 3337 1272 3401 istorum
1293 3336 1386 3400 villas
1409 3344 1580 3401 ornaturus
1602 3356 1698 3400 esses.

500 3432 628 3495 lxxv.
651 3426 723 3494 484.
753 3432 794 3494 Et
822 3452 895 3494 cum
923 3431 1003 3495 baec
1026 3452 1201 3515 paucorum
1224 3431 1381 3494 mensium
1402 3432 1484 3494 ratio
1507 3432 1540 3495 in
1560 3431 1612 3495 his
1633 3430 1790 3505 libelliaao

418 3527 479 3602 sit,
500 3524 611 3600 facite,
635 3534 670 3589 ut
691 3525 782 3589 vobis
804 3525 932 3589 triennii
956 3526 1053 3589 totius
1076 3525 1186 3589 veniat
1206 3525 1240 3587 in
1261 3532 1410 3588 mentem.
1441 3524 1495 3589 Sic
1510 3523 1689 3589 contendo:
1712 3545 1753 3589 ex

417 3621 468 3685 bis
489 3620 596 3703 parvis
619 3618 735 3683 libellis
757 3620 843 3703 apud
864 3639 965 3682 unum
988 3620 1174 3703 magistrum
1196 3619 1360 3681 societatis
1374 3619 1510 3702 repertis
1524 3640 1582 3683 vos
1596 3619 1661 3683 iam
1676 3639 1753 3684 con·

418 3717 539 3779 iectura
559 3713 688 3799 assequi
716 3734 830 3798 posse,
860 3715 951 3777 cuius
980 3715 1064 3777 modi
1095 3711 1213 3796 praedo
1236 3713 1297 3776 iste
1325 3712 1359 3774 in
1382 3712 1437 3776 illa
1458 3714 1625 3797 provincia
1645 3714 1753 3790 luerit,

419 3829 515 3894 quam
538 3807 653 3873 multas
674 3808 882 3892 cupiditates,
913 3827 1009 3891 quam
1032 3806 1153 3881 varias,
1183 3825 1280 3889 quam
1300 3803 1443 3872 infinitas
1465 3806 1629 3883 habuerit,
1651 3826 1753 3893 quan·

418 3910 484 3968 tam
504 3901 671 3986 pecuniam
696 3921 760 3965 non
782 3901 887 3965 solum
909 3908 1121 3976 numeratam,
1151 3920 1261 3964 verum
1284 3900 1380 3963 etiam
1401 3900 1625 3965 huiuscemodi
1646 3902 1681 3966 iu
1701 3921 1790 3978 reas

482 4125 507 4174 5.
526 4135 642 4187 copsosss
658 4122 799 4186 Lgibhb:
819 4135 965 4185 copsoscars
982 4120 1050 4186 4342
1067 4134 1094 4186 p.
1113 4133 1167 4179 m.;
1185 4122 1327 4186 4434444444
1343 4121 1392 4172 dtt.
1406 4122 1436 4172 0.
1452 4146 1481 4158 -
1500 4121 1525 4172 7.
1544 4135 1631 4174 44444444
1646 4121 1677 4175 l:
1695 4136 1750 4176 om.

392 4235 398 4253 .
418 4198 467 4249 dtt.
485 4198 515 4249 0.
536 4225 564 4234 —·
587 4198 612 4249 8.
635 4211 676 4248 eos
691 4196 808 4260 agian:
836 4198 933 4248 cosdem
956 4197 1001 4248 ctt.
1020 4197 1049 4246 0.
1076 4222 1104 4231 -
1131 4196 1155 4246 9.
1180 4196 1248 4246 iltius
1266 4197 1328 4260 433.
1348 4208 1443 4247 omnes
1459 4196 1529 4247 AB:
1553 4198 1625 4249 4444444
1640 4199 1700 4250 440.
1721 4225 1749 4236 -

417 4275 486 4338 apua
502 4272 652 4338 masne:
676 4277 699 4322 u
715 4273 784 4334 apua
800 4272 945 4336 assem
970 4270 1200 4334 apuu--suusu
1216 4284 1270 4321 om.
1289 4271 1338 4321 444.
1359 4297 1386 4307 -
1413 4271 1454 4320 ts,
1475 4270 1580 4336 4444444]
1602 4273 1694 4324 moun
1708 4273 1752 4326 vet

419 4348 511 4400 4444444444
526 4346 613 4413 4342;
631 4347 729 4398 ludium
747 4348 815 4411 4329
831 4345 865 4397 al.
879 4348 927 4398 dtt.
943 4372 970 4382 -
991 4344 1031 4395 43.
1050 4357 1123 4407 3444444
1139 4344 1294 4396 decutiebam
1311 4345 1344 4394 44.
1359 4371 1387 4381 -
1404 4344 1584 4409 moplstrutum
1598 4346 1711 4411 434244.
1721 4375 1749 4407 -,

418 4426 458 4476 45.
476 4429 500 4475 at
515 4437 581 4488 quoe
595 4424 648 4474 cidi
664 4423 750 4474 omniu
765 4420 834 4486 4342
851 4435 878 4487 p.
897 4435 933 4472 m.
955 4448 982 4457 -
1010 4420 1050 4471 47.
1068 4421 1164 4483 coapta
1179 4421 1247 4471 ratio
1264 4419 1332 4483 4329
1348 4420 1377 4470 B.
1401 4447 1428 4456 -
1446 4420 1568 4472 4444444444
1583 4422 1666 4486 4342ε
1684 4437 1753 4475 444444-

415 4513 489 4551 suum
504 4502 527 4550 Α
543 4499 628 4564 agam
654 4511 766 4550 messum
783 4498 865 4548 44444
881 4495 937 4548 rell.
964 4495 1003 4547 Cf.
1022 4498 1125 4560 Zumpt.
1145 4493 1179 4545 ad
1197 4496 1223 4546 b.
1243 4494 1260 4546 Ι.
1289 4523 1317 4532 -
1345 4495 1385 4546 48.
1409 4500 1483 4546 eram
1497 4495 1559 4546 tuse
1574 4509 1608 4547 444
1623 4497 1708 4549 codas
1722 4511 1750 4564 a.

416 4575 563 4640 43294444
581 4577 654 4624 eruut
670 4587 703 4623 so
720 4573 803 4623 4444444
819 4587 844 4636 q.
858 4572 876 4622 F
889 4573 948 4634 (non
961 4575 1029 4632 erut,
1048 4574 1079 4621 ut
1095 4573 1137 4623 est
1153 4584 1196 4637 ap.
1209 4572 1332 4636 Zumpt.);
1350 4576 1407 4622 erut
1423 4572 1552 4623 4444444444
1563 4586 1589 4638 o.
1601 4571 1689 4637 1.ng
1706 4587 1752 4627 4444

416 4655 489 4702 uest
503 4648 565 4699 tuse
581 4648 626 4712 (ee
642 4647 697 4712 aot)
713 4662 739 4711 3.
758 4645 865 4697 2444444.
883 4645 1017 4706 homnine
1042 4652 1115 4697 444444
1130 4646 1192 4698 tusc
1207 4660 1241 4698 aa
1256 4661 1285 4699 4ο
1301 4647 1400 4710 qudem
1415 4660 1506 4712 344444
1520 4659 1595 4712 susp.
1613 4644 1699 4698 Halm
1719 4673 1748 4686 -

415 4725 457 4777 24.
476 4722 625 4787 3444444444
641 4720 710 4785 4342
726 4734 754 4786 p.
767 4735 818 4781 m.;
837 4720 1032 4785 quantulumque
1048 4722 1118 4785 4329
1130 4726 1159 4773 Α.
1172 4750 1200 4760 -
1218 4722 1260 4773 23.
1279 4722 1369 4773 debetis
1384 4722 1438 4787 436
1446 4720 1487 4774 42.
1503 4748 1530 4758 -
1549 4720 1590 4773 24.
1603 4720 1752 4775 Canuleiani

417 4799 513 4852 codd:
539 4797 661 4850 Csuulcii.
678 4798 734 4847 44444
751 4797 771 4847 0
788 4810 820 4847 er
838 4796 906 4846 coni.
924 4796 1053 4848 Lambini.
1072 4823 1100 4832 —
1119 4797 1160 4847 244.
1178 4802 1277 4847 mutum
1287 4797 1452 4849 Μ44444444444444
1467 4795 1569 4861 4342φ
1587 4797 1630 4862 (ct.
1642 4798 1748 4849 4444444.

416 4876 459 4927 lv.
479 4872 552 4925 4424.
577 4874 620 4923 Sic
636 4871 687 4923 Coo
703 4884 746 4937 ep.
765 4871 828 4921 llor.
847 4872 899 4922 Sat.
919 4872 937 4921 l.
956 4873 986 4930 2,
1006 4871 1306 4923 laborientem.
1325 4874 1356 4922 44.
1374 4872 1457 4934 aeas:
1484 4877 1582 4923 4444444444
1599 4871 1750 4923 Melitenam

416 4955 506 5001 4444444
522 4950 568 4999 ctt.
587 4948 616 4999 0.
637 4974 665 4982 -
683 4947 724 4997 27.
743 4952 841 4997 motum
857 4946 900 4996 4444
916 4945 949 4997 4;
968 4946 1011 4996 tibi
1027 4951 1090 4998 tuot.
1110 4947 1158 4998 dtt.
1174 4948 1203 4998 0.
1218 4975 1246 4983 —
1265 4949 1306 5000 28,
1325 4950 1411 4999 4444444ο
1426 4946 1495 5013 4342
1509 4962 1538 5014 p.
1552 4960 1602 4998 m.:
1619 4947 1691 4997 4444444
1702 4948 1748 4998 ctt.

418 5026 447 5075 0.
465 5025 611 5087 Utrumque
626 5023 740 5072 rectum.
760 5021 793 5072 ct.
813 5022 838 5071 in
855 5021 906 5072 Pis.
925 5020 949 5083 5.
963 5018 1003 5072 44.
1021 5022 1062 5072 54.
1081 5035 1107 5087 p.
1122 5020 1186 5073 Bab.
1202 5023 1273 5074 Post.
1292 5022 1317 5088 s.
1329 5022 1370 5074 34.
1388 5023 1476 5075 lioser
1491 5020 1631 5073 adPerad.
1649 5035 1676 5088 p.
1689 5019 1748 5074 242.

420 5127 448 5137 -
466 5103 564 5150 tautum
580 5095 649 5162 4342
666 5110 693 5161 p.
711 5110 758 5147 m.:
777 5102 905 5147 tantumne
922 5098 968 5147 ott.
986 5098 1015 5146 0.
1045 5124 1072 5136 -
1099 5097 1141 5148 244,
1163 5099 1237 5160 quast
1255 5100 1331 5151 otioso
1353 5100 1463 5151 4444444444
1478 5099 1584 5149 4444444444
1600 5095 1649 5147 dtt.
1667 5096 1697 5147 0.
1718 5123 1746 5135 -

418 5173 459 5226 344.
477 5178 501 5224 44
518 5172 587 5238 4342
605 5187 631 5238 p.
644 5186 696 5224 rm:
719 5186 773 5224 om.
793 5175 838 5224 ott.
857 5173 886 5223 0.
908 5200 934 5209 —
957 5185 1070 5224 messum
1085 5174 1124 5232 N3
1151 5187 1282 5225 4444444444
1297 5174 1375 5239 4329.
1396 5201 1424 5212 -
1442 5172 1484 5224 at.
1501 5170 1648 5224 4444444444οᾶ
1662 5168 1746 5236 4342ς

417 5248 557 5304 4444444444
573 5249 607 5316 0,
626 5249 720 5303 contra
737 5247 816 5303 codd.
832 5275 859 5286 -
877 5248 905 5298 iu
921 5261 975 5301 om.
992 5249 1055 5315 433.
1073 5249 1181 5313 praeter
1196 5248 1243 5313 29,
1262 5249 1293 5301 c.
