4367 6109
778 592 1136 663 cmxxv-xxm.
1161 591 1388 682 sero-rs.
1679 596 1741 669 eoa

419 776 533 856 potest.
575 764 627 831 73.
648 767 712 832 lste
732 773 839 832 vester
859 767 968 843 testis,
990 768 1045 851 qui
1066 788 1163 831 ausus
1185 774 1233 833 est
1251 768 1373 843 dicere,
1395 786 1521 832 rrcnsn
1534 786 1643 834 murm
1659 791 1742 847 eum,

419 865 459 928 de
487 880 551 947 quo
578 883 619 925 ne
641 863 731 927 cuius
752 863 799 925 rei
821 868 1006 945 argueretur
1026 862 1156 946 quidem
1179 861 1259 926 sciro
1279 862 1399 944 potuit,
1429 863 1458 925 is
1480 864 1547 945 ipse
1567 884 1742 948 numquam

419 957 549 1022 auderet
570 957 727 1031 iudicare,
751 956 858 1020 deberi
881 957 949 1019 viro
969 956 1089 1030 dotem,
1113 976 1208 1040 quam
1222 956 1335 1019 mulier
1349 956 1437 1019 nullo
1452 964 1580 1021 auctore
1596 957 1741 1024 dixisset.

501 1049 617 1113 XXVI.
640 1050 667 1113 Ο
689 1070 755 1114 rem
777 1050 969 1135 praeclaram
990 1050 1143 1132 vobisque
1164 1050 1205 1112 ob
1227 1049 1287 1112 hoc
1308 1050 1521 1126 retinendam,
1542 1060 1743 1135 recuperato·

417 1144 489 1209 resi
523 1141 617 1218 Quod
640 1145 723 1208 enim
746 1153 794 1207 est
813 1144 864 1207 ius
886 1142 1005 1207 oirile‘l
1039 1141 1133 1218 Quod
1154 1163 1259 1227 neque
1281 1144 1400 1207 inflecti
1421 1147 1521 1227 gratia
1543 1166 1647 1230 neque
1670 1158 1766 1232 per-t

417 1239 512 1322 iringi
539 1241 680 1323 potentia
707 1259 810 1323 neque
832 1237 1002 1301 adulterari
1023 1236 1157 1321 pecunia
1177 1238 1296 1321 possit3
1327 1237 1410 1322 quod
1434 1239 1461 1301 si
1483 1260 1547 1303 non
1569 1241 1664 1305 modo
1686 1263 1743 1328 op-

419 1352 578 1418 pressum,
601 1333 656 1397 sed
679 1333 773 1396 etiam
796 1333 953 1395 desertum
976 1336 1030 1394 eut
1051 1329 1263 1412 negligentius
1285 1338 1478 1395 asservatum
1493 1334 1569 1410 erit,
1591 1336 1671 1399 nihil
1694 1344 1743 1402 est

418 1427 506 1512 quod
527 1428 696 1510 quisquam
719 1446 789 1490 sese
810 1426 926 1490 habero
948 1431 1067 1488 certum
1089 1429 1144 1487 aut
1165 1443 1184 1487 a
1204 1432 1294 1507 petre
1315 1432 1519 1509 accepturum
1541 1437 1595 1493 aut
1615 1430 1743 1495 relictu-

418 1542 486 1584 rum
508 1520 617 1584 liberis
639 1522 815 1584 arbitretur.
858 1515 909 1582 it.
933 1518 1017 1595 Quid
1039 1518 1126 1582 enim
1146 1517 1242 1582 refert
1263 1518 1358 1583 aedes
1379 1526 1435 1583 ant
1448 1519 1582 1584 fundum
1596 1522 1742 1588 relictum

418 1635 436 1677 a
457 1621 546 1698 patre
568 1621 622 1679 aut
642 1615 750 1698 aliqua
770 1614 892 1678 ratione
915 1613 1031 1676 habere
1052 1611 1134 1676 hene
1156 1619 1297 1696 partum,
1325 1612 1353 1677 si
1374 1614 1528 1678 incertum
1550 1620 1615 1690 est,
1645 1633 1779 1699 quae-to

418 1727 553 1791 cumque
575 1715 629 1774 tua
649 1711 717 1772 iure
739 1708 888 1790 mancipii
910 1714 998 1781 sunt,
1020 1725 1058 1769 ea
1078 1706 1223 1790 possisne
1245 1707 1397 1782 retinere,
1419 1708 1446 1771 si
1468 1726 1580 1789 parum
1602 1727 1742 1774 commu·

417 1801 518 1863 nitum
546 1802 596 1866 ius
618 1809 667 1866 est
694 1802 787 1865 civile
815 1820 852 1865 ae
878 1800 1004 1885 publica
1024 1800 1095 1883 lege
1117 1808 1225 1865 contra
1246 1801 1385 1865 alicuius
1403 1801 1536 1885 gratiam
1554 1803 1656 1865 teneri
1676 1822 1742 1867 non

418 1899 543 1978 potesti
575 1895 676 1971 Quid,
698 1895 846 1978 inquam,
868 1895 998 1977 prodest
1018 1894 1151 1957 fundum
1171 1893 1305 1970 hahere,
1327 1895 1373 1972 si,
1395 1914 1478 1978 quae
1500 1894 1742 1978 diligentissime

418 1990 576 2072 descripta
596 2009 616 2053 a
637 1988 807 2053 maioribus
829 1989 899 2052 iura
918 1987 1048 2062 finium,
1074 1989 1330 2071 possessionum,
1352 2007 1506 2072 aquarum
1527 1986 1741 2072 itinerumque

418 2089 505 2156 sunt,
534 2083 613 2146 haec
642 2082 817 2166 perturbari
846 2082 955 2165 aliqua
975 2082 1096 2146 ratione
1119 2083 1362 2166 commutarique
1384 2083 1542 2165 possuntt
1573 2080 1653 2145 Mihi
1674 2099 1779 2151 cre-ss

418 2177 500 2240 dite:
523 2176 624 2240 maior
644 2175 803 2240 hereditas
825 2177 881 2239 uni
896 2176 1011 2260 cuique
1034 2184 1175 2240 nostrum
1191 2176 1279 2240 venit
1297 2175 1332 2238 in
1352 2176 1452 2240 isdem
1474 2174 1565 2239 bonis
1585 2194 1605 2237 a
1626 2175 1696 2238 iure
1710 2182 1742 2240 et

418 2291 437 2334 a
458 2270 598 2352 legibus,
619 2289 715 2354 quarn
737 2269 776 2332 al)
798 2268 854 2343 iis,
876 2268 1025 2352 aquilius
1046 2269 1102 2333 illa
1123 2271 1195 2351 ipsa
1215 2271 1300 2333 hona
1313 2270 1406 2334 nobis
1420 2270 1529 2334 relicta
1542 2275 1626 2333 sunt
1650 2270 1740 2345 Nam,

418 2371 453 2428 ut
479 2365 644 2448 perveniat
671 2363 783 2426 adme
808 2362 941 2437 fundus,
975 2369 1163 2426 testamento
1193 2364 1327 2428 alicuius
1356 2360 1424 2428 fieri
1451 2370 1574 2447 potest:
1603 2369 1638 2427 ut
1665 2364 1742 2428 reti·

416 2477 509 2522 neam
532 2456 617 2542 quod
637 2478 741 2521 meum
765 2457 955 2532 factumest,
977 2457 1046 2520 sine
1067 2460 1137 2521 iure
1159 2458 1244 2523 civili
1265 2455 1333 2522 lieri
1348 2478 1411 2523 non
1433 2464 1546 2542 potest.
1578 2457 1741 2522 Fundusa

417 2559 506 2636 patre
528 2551 667 2635 relinqui
688 2559 806 2635 potest:
834 2558 867 2615 nt
887 2551 1039 2635 usucapio
1060 2551 1167 2627 tirndi,
1198 2551 1259 2616 hoc
1281 2559 1345 2627 est,
1366 2548 1438 2615 finis
1459 2551 1682 2616 sollicitudinis
1703 2571 1778 2622 aest

417 2646 550 2731 periculi
572 2646 693 2722 litium,
723 2666 789 2709 non
811 2665 831 2708 a
851 2653 939 2729 putre
960 2644 1164 2730 relinquitur,
1192 2647 1249 2710 sed
1279 2666 1298 2710 a
1320 2646 1454 2729 legibus.
1484 2647 1595 2729 Aquae
1617 2645 1740 2722 ductrrs,

416 2738 565 2829 lqaustus,
593 2741 671 2814 iter,
700 2748 788 2803 actus
811 2747 955 2823 apatre,
985 2739 1041 2802 sed
1063 2748 1130 2804 rata
1152 2741 1320 2804 auotoritas
1341 2741 1452 2805 harum
1472 2759 1579 2804 rerum
1600 2740 1740 2803 omnium

416 2833 456 2896 ah
485 2832 554 2896 iure
577 2833 662 2896 civili
684 2834 826 2898 sumitur.
869 2830 920 2895 75.
943 2832 1144 2916 Quapropter
1172 2854 1238 2898 non
1259 2835 1363 2898 minus
1385 2834 1554 2918 diligenter
1574 2852 1629 2911 ea,
1657 2853 1740 2919 quae

417 2947 436 2991 a
458 2927 629 2992 maioribus
651 2929 828 3013 accepistis,
856 2927 985 3010 publica
1005 2926 1196 3010 patrimonia
1215 2929 1312 3004 iuris,
1341 2947 1437 3012 quam
1458 2928 1597 3012 privatae
1618 2929 1666 2995 rei
1686 2949 1740 2994 ve·

417 3030 500 3085 strae
529 3023 666 3085 retinere
696 3022 833 3097 debetis,
863 3040 928 3084 non
957 3021 1075 3097 solum,
1106 3021 1191 3108 quod
1217 3022 1296 3086 haec
1324 3022 1393 3085 iuro
1415 3021 1503 3086 civili
1524 3029 1633 3108 saepta
1652 3029 1777 3100 santae

416 3136 523 3179 verum
547 3117 641 3180 etiam
663 3115 749 3199 quod
771 3115 992 3200 patrimonium
1015 3116 1111 3180 unius
1132 3114 1331 3182 incommodo
1354 3114 1536 3195 dimittitur,
1564 3118 1616 3183 ius
1637 3118 1739 3184 amitti

417 3230 481 3273 non
502 3215 605 3295 potest
626 3209 695 3274 sine
717 3230 831 3294 magno
853 3210 1053 3275 incommodo
1075 3209 1223 3275 civitatis.

480 3510 505 3560 T.
524 3509 564 3572 de]
576 3509 602 3560 di
612 3511 641 3560 T.
656 3536 683 3544 -
699 3509 793 3574 potuit,
811 3510 833 3559 is
843 3508 972 3560 Klotzius:
988 3509 1103 3573 possets
1113 3507 1181 3570 Mt
1196 3508 1315 3571 poseant
1325 3520 1387 3560 cum
1403 3508 1606 3576 1440444090.
1628 3511 1668 3563 ct.
1679 3524 1736 3566 var.

415 3582 475 3634 leot.
490 3597 516 3649 p.
530 3584 587 3634 404.
601 3598 626 3634 v.
639 3583 696 3634 8.-
715 3581 739 3635 4.
752 3583 797 3634 loc
808 3595 862 3635 om.
880 3585 908 3634 T.
929 3611 956 3620 -
974 3584 1129 3634 retinendus
1144 3584 1165 3634 E
1181 3582 1225 3648 (do
1237 3584 1257 3634 T
1267 3582 1415 3635 Harlesslus
1426 3583 1493 3648 silet)
1506 3585 1693 3652 euripis.
1708 3613 1736 3626 -

416 3659 440 3708 T.
459 3658 513 3722 aut]
530 3662 558 3708 ut
569 3658 598 3709 E.
610 3684 637 3693 -
651 3657 676 3708 8.
689 3657 763 3724 qaod]
774 3660 834 3720 quid
845 3659 874 3709 li.
885 3685 913 3696 -
927 3657 1002 3710 niort.
1014 3657 1266 3709 llberirrelictunen·
1279 3670 1332 3722 mg.
1345 3656 1372 3712 0.
1386 3685 1413 3697 -
1426 3659 1467 3711 40.
1479 3661 1740 3725 summram

415 3735 474 3784 Ι..-
488 3734 641 3783 incertumst
651 3732 782 3797 (incertam
793 3733 837 3799 est)
849 3731 958 3785 Orellius
970 3732 1062 3797 (Orati.
1071 3733 1123 3783 rell.
1132 3731 1206 3798 XT),
1218 3731 1386 3797 Wesenberg
1398 3731 1441 3798 (ad
1451 3745 1491 3786 or.
1503 3748 1530 3802 p.
1539 3738 1626 3788 Sestio
1636 3750 1663 3804 p.
1675 3737 1738 3804 sa),

415 3808 559 3872 Madvigius
571 3809 635 3872 (Cic.
649 3807 683 3859 de
694 3809 748 3860 Tin.
761 3809 804 3859 lll.
817 3808 842 3873 s.
854 3807 920 3871 58.):
938 3808 1060 3859 iuverim
1069 3809 1101 3858 eit
1117 3806 1265 3862 044ιὲ0.
1284 3807 1323 3860 Ci.
1335 3821 1362 3860 v.
1374 3809 1415 3860 43.
1425 3813 1519 3874 potest,
1536 3823 1563 3861 v.
1576 3811 1616 3862 ta.
1626 3817 1738 3874 4444444.

418 3885 731 3946 -qummmqootaonz
755 3883 1016 3946 quaemioctaeT3
1039 3882 1476 3946 emmerammum
1502 3884 1740 3948 quaeiuntootua

414 3958 559 4019 Manutius,
578 3971 643 4020 quae
659 3958 743 4009 omnic
753 3963 799 4009 tuo
808 3957 988 4022 Wesenberg;
1007 3969 1161 4020 quemnam
1176 3958 1261 4008 omia
1276 3963 1322 4009 tau
1331 3969 1388 4009 ver.
1401 3956 1463 4010 lect.
1476 3961 1558 4025 Nnng.
1569 3986 1597 3997 -
1612 3961 1652 4012 44.
1663 3975 1740 4013 4444-

415 4032 464 4096 cipi
480 4045 508 4085 m
526 4035 554 4083 et
569 4035 601 4093 1.;
618 4035 743 4097 menapis
757 4030 787 4096 β.
806 4058 836 4072 -
854 4039 911 4084 suot
926 4030 1093 4096 Wesenberg
1108 4030 1178 4101 (ooli.
1195 4046 1221 4083 v.
1240 4033 1306 4097 iti:
1330 4034 1380 4085 stat
1395 4031 1541 4090 MNO.
1561 4062 1588 4072 -
1609 4036 1740 4102 demon

415 4109 450 4157 t:
474 4108 718 4171 decurtaverim
745 4109 879 4172 aspertum
896 4110 930 4168 θ’,
956 4099 1060 4170 apriti
1077 4121 1112 4167 α;
1137 4108 1287 4170 tiparitum
1303 4110 1338 4169 lt;
1364 4108 1495 4172 asponam
1510 4110 1543 4160 sit
1558 4122 1621 4162 cum
1636 4112 1739 4164 Iuntina

418 4178 504 4241 L20;
525 4182 547 4231 et
565 4196 660 4245 partun
675 4189 698 4234 rt
713 4182 835 4247 orcitus,
857 4181 1038 4247 Wesenberg,
1061 4181 1214 4246 Madvigius.
1234 4208 1262 4219 -
1280 4182 1321 4234 ts.
1337 4183 1378 4234 tur
1392 4189 1428 4235 est
1443 4184 1515 4236 cese
1530 4186 1737 4239 llommsenius:

415 4255 469 4318 ius,
487 4256 508 4305 st
524 4257 590 4307 civiti
606 4254 761 4310 UALTO.
782 4284 810 4296 -
834 4258 919 4323 mem]
935 4258 984 4322 fert
999 4259 1027 4309 T.
1045 4284 1073 4295 -
1092 4258 1372 4324 lapsasqposssst.
1392 4286 1421 4297 -
1439 4259 1512 4325 qaue]
1530 4258 1739 4327 4444044444-

416 4331 457 4378 ter
472 4328 528 4392 ko)
540 4332 570 4380 Α.
588 4331 627 4382 De
644 4331 664 4381 T
680 4334 769 4384 tomen
786 4330 845 4383 silet
862 4331 1019 4383 llarlessius.
1033 4359 1060 4368 —
1079 4333 1261 4398 diliqootirrime
1272 4335 1427 4387 Gamtonius
1444 4336 1483 4399 (in
1494 4335 1571 4387 Curis
1588 4336 1736 4402 secandislz

415 4404 579 4456 decmtisrtme
595 4403 739 4460 altio.
765 4407 823 4457 vid.
841 4405 968 4458 Klotzium
985 4408 1012 4458 in
1027 4409 1150 4459 Prooem.
1168 4407 1212 4459 ed.
1230 4407 1275 4460 alt.
1293 4423 1319 4475 p.
1333 4410 1388 4461 xil.
1408 4438 1437 4448 -
1458 4408 1498 4461 44.
1516 4410 1640 4473 domimo
1654 4412 1739 4463 moio-

413 4479 563 4544 rismum.
581 4480 606 4545 c)
624 4481 652 4531 T.
672 4506 699 4516 -
719 4480 1020 4545 leprecationem
1036 4494 1089 4546 mg.
1108 4479 1135 4537 4.
1151 4508 1178 4519 -
1198 4483 1238 4534 te.
1255 4483 1388 4547 miniique
1403 4489 1515 4535 normam
1529 4484 1596 4536 44444
1611 4485 1674 4536 ET:
1691 4499 1738 4538 aas

413 4555 451 4603 nit
466 4555 598 4617 ualeatque
612 4559 724 4605 4440444
741 4555 817 4620 lllq
835 4557 898 4620 (soc.
916 4555 965 4616 m.)
981 4557 1016 4617 l.;
1037 4557 1104 4608 44444
1119 4558 1252 4621 usmete
1266 4564 1375 4610 ocem
1390 4558 1505 4615 alte
1524 4587 1553 4598 -
1577 4560 1654 4612 &deo
1669 4574 1735 4614 nos:

413 4630 505 4679 tarem
522 4630 589 4690 GM;
612 4630 698 4680 secem
714 4629 828 4683 tito,
851 4628 889 4681 ct.
908 4630 933 4694 g.
952 4631 992 4683 30.
1012 4657 1040 4668 -
1064 4636 1088 4683 et
1109 4631 1202 4697 keller
1217 4632 1280 4696 (om.
1298 4633 1323 4697 a)
1340 4633 1394 4685 Tk.
1419 4661 1448 4672 -
1470 4634 1510 4685 ⁴7.
1528 4633 1594 4685 bona
1609 4635 1679 4686 nobis
1693 4648 1738 4686 re·

413 4704 524 4757 tiotcT:
547 4703 795 4769 bonarelietctom.
816 4704 1053 4768 missitanto.
1074 4731 1103 4745 -
1121 4708 1274 4772 liifaciant
1289 4708 1525 4773 eunomiumne
1539 4711 1572 4761 stt
1587 4707 1734 4764 atsto.

417 4807 443 4815 -
461 4780 517 4844 peri
533 4780 722 4842 nonpoastr:
739 4793 790 4830 ooo
802 4784 882 4843 potest
899 4780 1037 4847 temperi)
1053 4782 1197 4837 anuto,
1216 4809 1243 4818 —
1262 4782 1304 4835 20.
1322 4787 1350 4832 at
1364 4784 1515 4848 usucapione
1529 4784 1596 4845 ET;
1614 4790 1659 4835 444
1674 4797 1736 4836 444-

414 4855 516 4917 capione
533 4856 591 4906 ill.
610 4853 648 4918 (et
662 4856 782 4918 mocopto
798 4857 852 4906 inm
869 4856 997 4907 editiones
1008 4858 1126 4908 venetae
1143 4858 1359 4922 antiquissimae.)
1378 4885 1407 4896 -
1428 4873 1460 4910 ac
1471 4859 1578 4924 puteali
1594 4872 1657 4911 cum
1671 4861 1736 4912 lun·

414 4932 467 4981 tina
484 4929 572 4984 nso:
591 4935 619 4980 at
632 4930 772 4995 permees
786 4932 817 4992 k;
836 4933 1087 4996 acpuiculumlim
1106 4932 1440 4995 acprrtmtomvonetue
1451 4935 1662 4998 antiquissimae,
1681 4947 1735 4999 qun

414 5002 526 5054 lectione
543 5008 652 5070 receptu
668 5005 812 5058 delendum
829 5009 991 5059 censuerunt
1002 5020 1027 5058 v.
1040 5008 1122 5057 4444444
1132 5008 1272 5070 Graevius,
1290 5008 1454 5071 (iurulentus,
1469 5007 1587 5060 orellius.
1606 5007 1645 5060 ci.
1657 5008 1733 5062 Verr.

414 5081 508 5129 Aecus.
527 5080 547 5129 l.
565 5078 589 5142 5.
608 5079 648 5129 at.
668 5107 695 5116 —
714 5081 755 5131 st.
773 5082 926 5144 aqueductus
941 5081 970 5131 Τ.
990 5108 1018 5119 -
1041 5081 1083 5132 ts.
1101 5081 1201 5147 tam]
1218 5094 1283 5145 qaue
1297 5081 1388 5134 laneo
1403 5083 1460 5135 ET.
1482 5084 1536 5135 Sed
1551 5085 1624 5148 prior
1638 5095 1691 5134 vox
1706 5085 1735 5136 in

415 5155 435 5204 Ε
453 5155 583 5219 expuncta
600 5157 649 5206 est.
670 5182 697 5194 -
722 5156 764 5207 2³.
781 5157 813 5207 cb
828 5158 885 5208 itere
900 5157 932 5207 T:
955 5155 987 5206 ab
1003 5157 1070 5207 comt
1085 5156 1141 5208 iure
1156 5156 1245 5208 medin
1261 5169 1327 5208 voce
1344 5159 1477 5223 expuncta
1492 5158 1527 5218 Ε;
1548 5159 1603 5210 lure
1618 5171 1735 5225 praepo-

415 5231 507 5280 sitione
526 5231 624 5281 omissa
640 5230 704 5292 ltil3
728 5244 747 5282 e
761 5232 817 5284 ltere
833 5244 895 5284 cnm
910 5229 1003 5283 Aldina
1019 5228 1103 5284 LQO.
1126 5230 1165 5283 ct.
1184 5230 1209 5296 5.
1227 5231 1268 5283 03.
1286 5257 1314 5268 -
1339 5230 1382 5283 il.
1400 5231 1479 5284 «tort.
1493 5233 1615 5297 mute·
1633 5245 1687 5299 mg.
1703 5231 1732 5289 2.

418 5332 445 5344 -
463 5305 504 5356 te.
521 5319 609 5358 omen
624 5305 687 5359 ET:
705 5306 747 5359 red
762 5302 948 5364 4444ομ-
967 5304 1451 5374 eminentissimarum.)
1466 5321 1501 5371 a3
1518 5309 1646 5364 4444444444
1661 5320 1731 5364 earr.
