4367 6109
466 575 509 644 26
862 576 1013 645 ORATIO
1035 575 1115 644 Plio
1136 576 1170 645 Ρ.
1192 576 1385 658 commo

468 751 555 816 tione
590 771 630 815 ex
659 756 706 816 tot
730 748 936 812 creditoribus
965 767 1058 812 nemo
1086 768 1193 832 neque
1221 756 1288 812 tum
1315 750 1400 812 idem
1428 748 1539 813 iecerit
1569 767 1673 832 neque
1694 769 1780 814 nunc

468 853 579 909 contra
600 846 697 920 dicat,
719 864 893 928 omnesque
915 865 973 928 pro
995 847 1029 907 P.
1044 845 1195 922 Quinctio
1212 849 1369 930 pugnent,
1390 844 1575 926 praesertim
1591 864 1662 906 cum
1677 844 1710 906 in
1724 842 1780 906 tali
1852 892 1855 897 .

467 940 585 1004 iudicio
614 938 794 1002 testimonia
823 938 1014 1001 creditorum
1047 941 1269 1004 existimentur
1296 937 1336 1001 ad
1365 958 1432 1000 rem
1454 939 1589 1001 maxime
1610 938 1779 1021 pertinere.

467 1035 580 1106 Postea
606 1053 674 1096 sum
703 1053 780 1096 usus
800 1033 972 1096 adversarii
997 1034 1197 1108 testimonio,
1228 1033 1283 1116 qui
1306 1030 1366 1097 sibi
1389 1051 1461 1094 eum
1483 1052 1586 1114 nuper
1607 1030 1707 1095 edidit
1728 1050 1780 1093 so·

444 1129 567 1202 ocium,
590 1146 699 1210 quem,
723 1147 788 1211 quo
810 1127 905 1190 modo
927 1148 1011 1189 nunc
1032 1126 1182 1199 intendit,
1212 1146 1253 1188 ne
1276 1125 1309 1187 in
1331 1125 1475 1189 virorum
1497 1124 1626 1208 quidem
1647 1143 1779 1186 numero

466 1229 533 1285 tum
554 1223 747 1284 demonstrat
767 1221 874 1284 fuisse.
918 1222 998 1283 Turn
1026 1221 1113 1283 illam
1139 1220 1357 1283 incredibilem
1379 1219 1571 1283 celeritatem
1594 1228 1657 1280 seu‘
1672 1217 1779 1300 potius

466 1316 628 1380 audaciam
650 1315 785 1399 protuli:
808 1311 990 1378 confirmavi
1012 1335 1142 1377 necesse
1164 1334 1250 1389 esse,
1272 1315 1437 1377 eutbiduo
1453 1333 1511 1378 occ
1526 1314 1613 1377 milia
1627 1331 1779 1396 passuum

465 1431 535 1475 esse
557 1411 705 1486 decursa,
737 1417 791 1473 aut
813 1410 885 1472 Sex.
907 1410 1060 1472 Naevium
1081 1408 1193 1472 diebus
1215 1408 1431 1493 compluribus
1452 1416 1524 1473 ante
1547 1410 1581 1471 in
1602 1407 1780 1492 possessio·

465 1525 537 1568 uem
566 1505 700 1579 misisse,
731 1525 826 1589 quam
854 1503 1045 1588 postularet,
1074 1503 1122 1565 uti
1144 1503 1173 1567 ei
1195 1503 1306 1566 liceret
1327 1503 1411 1566 bona
1432 1504 1606 1586 possidere.
1649 1498 1700 1564 89.
1721 1501 1781 1563 Po·

428 1606 533 1663 tostea
553 1600 682 1663 recitavi
705 1600 859 1673 edictum,
880 1598 967 1682 quod
988 1605 1097 1681 aperte
1120 1597 1283 1660 domiuum
1304 1599 1344 1661 de
1365 1599 1496 1680 praedio
1511 1597 1635 1660 detrudi
1649 1603 1780 1671 vetaret,

464 1694 497 1758 in
519 1715 583 1779 quo
606 1694 761 1767 constitit,
783 1693 936 1758 Naevium
959 1713 998 1755 ex
1020 1692 1124 1755 edicto
1140 1711 1204 1755 uon
1218 1692 1414 1774 possedisse,
1437 1713 1508 1755 cum
1523 1689 1725 1755 confiteretur
1740 1712 1782 1756 ex

464 1789 594 1872 praedio
616 1789 647 1853 vi
671 1790 832 1852 detrusum
854 1809 922 1852 esse
945 1787 1139 1863 Quinctium.
1179 1787 1316 1850 Omnino
1339 1796 1444 1850 eutem
1458 1789 1702 1871 bonapossessa
1715 1807 1798 1875 nou

465 1902 534 1946 esse
556 1883 722 1958 constitui,
753 1881 838 1966 quod
859 1883 1016 1946 bonorum
1039 1883 1200 1966 possessio
1223 1889 1384 1964 spectetur
1404 1904 1469 1946 non
1490 1883 1523 1945 in
1546 1881 1654 1965 aliqua
1674 1889 1780 1963 parte,

372 1977 376 1987 ’
464 1977 576 2041 sedin
597 1975 770 2051 universis,
793 1996 875 2060 quae
897 1977 996 2038 teneri
1019 1984 1051 2039 et
1071 1977 1229 2060 possideri
1250 1977 1384 2062 possint.
1417 1977 1490 2039 Dixi
1512 1976 1641 2040 domum
1662 1977 1781 2042 Romae

428 2069 578 2145 siluisse,
601 2089 664 2153 quo
687 2070 746 2132 iste
767 2088 807 2131 ne
829 2069 998 2151 adspirarit
1020 2069 1167 2153 quidem,
1190 2090 1298 2133 servos
1318 2071 1512 2154 complures,
1535 2091 1576 2134 ex
1591 2072 1707 2155 quibus
1720 2073 1780 2135 iste

464 2164 642 2249 possederit
666 2164 841 2238 neminem,
869 2184 909 2226 ne
931 2165 1070 2246 attigerit
1091 2165 1237 2248 quidemr
1258 2186 1356 2228 unum
1378 2165 1492 2240 luisse,
1515 2185 1609 2249 quem
1626 2166 1780 2248 attingere

465 2265 596 2323 conatus
618 2260 677 2334 sit;
699 2258 894 2341 prohibitum
915 2257 1028 2335 fuisse,
1059 2260 1230 2342 quievisse.
1273 2258 1324 2322 90.
1346 2262 1382 2323 ln
1404 2261 1474 2342 ipsa
1495 2261 1597 2324 Gellia
1619 2264 1779 2346 cognostis

463 2356 497 2419 in
519 2353 649 2437 praedia
670 2354 794 2436 privata
816 2352 956 2428 Quinctii
979 2354 1052 2416 Sex.
1073 2356 1226 2418 Naevium
1248 2375 1313 2419 nou
1332 2356 1475 2433 venisse3
1498 2357 1636 2439 denique
1658 2376 1698 2419 ex
1719 2356 1780 2421 hoc

464 2449 534 2531 ipso
557 2447 653 2524 saltu,
676 2467 771 2532 quem
792 2467 849 2529 per
870 2448 934 2510 vim
956 2449 1090 2530 expulso
1113 2451 1200 2512 socio
1219 2450 1377 2532 possedit,
1399 2470 1507 2514 servos
1523 2452 1664 2534 privatos
1680 2451 1780 2526 Quin·

427 2543 519 2607 metii
541 2562 606 2605 non
627 2561 738 2605 omnes
762 2543 879 2606 eiectos
902 2562 989 2604 esse:
1017 2562 1057 2605 ex
1079 2563 1143 2627 quo
1167 2551 1198 2607 et
1220 2564 1260 2606 ex
1281 2545 1393 2607 ceteris
1416 2546 1525 2621 dictis,
1548 2545 1639 2608 iactis
1660 2548 1780 2628 cogita·

464 2639 568 2721 tisque
590 2638 663 2701 Sex.
685 2638 795 2702 Naevii
819 2637 923 2722 quivis
944 2642 1050 2719 potest
1071 2637 1261 2721 intelligere,
1283 2640 1379 2701 istum
1399 2639 1480 2702 nihil
1502 2637 1589 2702 aliud
1608 2639 1710 2722 egisse
1725 2660 1780 2702 ne·

465 2754 527 2817 que
548 2753 632 2796 nunc
654 2753 747 2816 agere
769 2731 832 2795 nisi
854 2731 901 2793 uti
922 2732 1079 2813 pervim,
1102 2752 1159 2814 per
1180 2733 1344 2808 iniuriam,
1366 2753 1423 2816 per
1441 2733 1642 2818 iniquitatem
1669 2733 1780 2798 iudicii

464 2834 567 2892 totum
587 2846 711 2911 agrum,
734 2827 790 2911 qui
812 2825 987 2889 communis
1010 2831 1074 2900 est,
1098 2847 1190 2888 suum
1211 2826 1313 2892 iacere
1335 2828 1445 2912 possit.

546 2981 649 3044 XXX.
679 2975 730 3042 iii.
758 2982 848 3042 Nunc
869 2998 964 3043 causa
985 2985 1132 3060 perorata
1153 2999 1203 3042 res
1224 2980 1293 3062 ipse
1315 2986 1346 3043 et
1367 2980 1501 3062 periculi
1523 2981 1723 3064 magnitudo,
1746 2982 1778 3046 C.

426 3077 589 3160 esequiti,
612 3095 724 3158 cogere
747 3075 887 3149 videtur,
920 3080 956 3136 ut
978 3082 1008 3136 te
1031 3080 1126 3157 atquc
1150 3094 1221 3149 eos,
1245 3075 1300 3158 qui
1322 3075 1379 3137 tibi
1402 3074 1435 3136 in
1457 3076 1592 3139 consilio
1614 3083 1701 3152 sunt,
1724 3077 1780 3140 ob-

463 3176 565 3235 secret
593 3170 830 3254 obtesteturque
857 3171 890 3232 P.
914 3169 1082 3244 Quinctius
1110 3189 1167 3252 per
1189 3178 1382 3233 senectutem
1403 3190 1440 3233 ac
1463 3171 1668 3235 solitudinem
1690 3193 1779 3236 suam

463 3266 543 3330 nibil
573 3265 659 3328 aliud
689 3265 751 3327 uisi
784 3271 820 3326 ut
840 3271 962 3327 vestrae
985 3271 1115 3327 naturae
1137 3264 1333 3347 bonitatique
1356 3264 1591 3349 obsequamini,
1623 3273 1676 3340 ut,
1708 3288 1779 3330 cum

461 3361 578 3424 ueritas
600 3380 672 3423 cum
693 3358 755 3422 boc
776 3357 887 3433 faciat,
909 3357 981 3441 plus
1002 3359 1098 3422 buius
1120 3359 1229 3441 iuopia
1249 3359 1351 3442 possit
1364 3358 1404 3422 ad
1420 3360 1669 3424 misericordiam
1684 3381 1778 3444 quam

462 3455 547 3518 illius
569 3474 646 3537 opes
668 3455 708 3518 ad
730 3453 959 3517 crudelitatem.
995 3449 1046 3516 92.
1070 3453 1142 3529 Quo
1165 3453 1216 3516 die
1231 3454 1271 3516 ad
1285 3460 1316 3516 te
1333 3453 1470 3516 iudicem
1484 3455 1644 3530 venimus,
1666 3456 1779 3518 eodem

425 3550 514 3615 bodie
535 3549 663 3612 illorum
685 3547 803 3623 minas,
826 3567 905 3631 quas
919 3554 992 3612 ante
1007 3548 1230 3623 horrebamus,
1252 3548 1411 3632 negligere
1426 3550 1599 3632 coepimus.
1636 3550 1669 3613 si
1684 3570 1780 3614 causa

462 3663 533 3707 cum
555 3663 651 3706 causa
672 3643 895 3715 contenderet,
918 3663 976 3705 uos
997 3651 1138 3707 nostram
1159 3642 1308 3726 perfacile
1330 3643 1431 3707 cuivis
1452 3645 1639 3726 probaturos
1661 3652 1779 3708 statue-

461 3739 592 3803 bamus:
626 3738 712 3822 quod
740 3737 825 3800 vitae
853 3737 933 3798 ratio
963 3757 1034 3799 cum
1064 3738 1187 3800 ratione
1209 3737 1292 3800 ritae
1314 3737 1515 3814 decerneret,
1547 3739 1664 3803 idcirco
1687 3740 1778 3803 nobis

463 3834 558 3898 etiam
579 3833 678 3916 magis
700 3839 732 3895 te
754 3831 858 3894 iudice
881 3851 961 3913 opus
985 3851 1054 3895 esse
1075 3832 1218 3895 arbitrati
1241 3851 1359 3894 sumus.
1401 3832 1449 3897 Ea
1468 3854 1520 3897 res
1542 3855 1626 3897 nunc
1648 3834 1778 3899 enimin

463 3927 645 3990 discrimino
665 3933 824 4004 versatur,
845 3932 951 3988 utrum
973 3925 1116 4008 possitne
1139 3945 1173 3988 se
1195 3933 1305 3988 contra
1325 3926 1484 3991 luxuriem
1501 3948 1538 3992 ac
1553 3928 1712 3992 licentiam
1727 3949 1779 3991 ru-

425 4021 582 4086 assticana
605 4020 661 4084 illa
682 4027 777 4105 atque
798 4019 918 4084 inculta
939 4020 1134 4103 parsimonia
1154 4019 1340 4096 defendere,
1362 4040 1403 4086 an
1419 4021 1594 4087 deformata
1611 4030 1706 4107 atque
1728 4044 1779 4087 or·

526 4314 551 4363 3.
569 4312 670 4374 iudicio]
686 4311 783 4375 negotio
799 4311 824 4360 ir.
844 4338 872 4348 —
890 4312 915 4361 5.
932 4311 1046 4361 oisonem
1062 4311 1088 4360 ir.
1109 4336 1137 4346 —
1155 4311 1179 4360 7.
1198 4311 1250 4376 aot]
1266 4312 1335 4362 otk.
1356 4339 1384 4349 —
1403 4313 1427 4363 9.
1445 4314 1777 4379 utteiosBGabcdtg

461 4387 539 4440 bilu
556 4390 584 4438 et
599 4389 637 4447 Α,
658 4392 685 4437 ut
702 4388 762 4437 eit..
778 4413 805 4422 -
825 4387 864 4437 to.
883 4386 1232 4438 edictum--Ncevs'omom
1248 4389 1273 4438 ir.
1289 4414 1317 4424 -
1336 4386 1384 4438 «ol.
1401 4395 1482 4439 cetat»
1499 4402 1552 4453 mg.
1571 4387 1597 4442 t.
1612 4416 1640 4425 -
1659 4391 1698 4440 tt.
1717 4405 1777 4441 coo-

460 4465 523 4515 sistit
539 4477 563 4514 e.
583 4489 611 4498 -
631 4464 670 4513 te.
691 4462 833 4524 Qotstcttem
848 4475 881 4510 ec
895 4462 999 4524 praedio
1014 4464 1040 4512 ot
1056 4464 1183 4513 missuum
1198 4477 1248 4514 esse
1259 4465 1286 4515 1..
1302 4491 1329 4500 -
1348 4464 1452 4514 Ometoo
1468 4478 1529 4515 cum
1547 4466 1693 4516 lioiomooo
1711 4468 1776 4517 LO:

463 4540 554 4591 Oronte
576 4552 639 4591 cum
662 4537 797 4588 codicibus
822 4535 878 4591 lt.
907 4565 935 4575 -
961 4537 1000 4589 tt.
1027 4542 1050 4588 et
1074 4537 1381 4603 EGbctgbilmn:
1408 4539 1556 4590 ccedet
1573 4540 1728 4594 etbbto.
1749 4570 1776 4579 -

457 4615 596 4679 possuntt.
617 4640 644 4650 -
663 4616 763 4665 domsen
778 4614 1274 4680 limnoeliGebcdtgbiklmn:
1301 4619 1394 4667 Rornae
1409 4618 1509 4666 dommo
1526 4631 1540 4667 e
1558 4619 1584 4666 et
1600 4616 1713 4670 Αιὲθ.
1738 4617 1776 4666 Ct.

462 4690 486 4754 fi.
499 4691 540 4740 85.
559 4690 644 4752 Frgm.
663 4691 777 4740 tertium.
793 4717 820 4724 —
840 4691 879 4740 45.
892 4690 1030 4752 adspirasti
1047 4706 1070 4742 e.
1092 4715 1120 4727 -
1140 4692 1180 4741 to.
1195 4693 1330 4754 possideret
1347 4706 1370 4742 e.
1385 4719 1413 4728 —-
1432 4693 1471 4742 ti.
1488 4692 1562 4755 foisse
1579 4697 1602 4742 et
1618 4693 1735 4753 quiwisse
1751 4692 1776 4741 ir.

464 4792 492 4803 -
512 4766 550 4816 ea.
569 4766 614 4815 boc
630 4777 682 4815 om.
701 4764 727 4818 Β.
748 4792 775 4800 -
801 4766 842 4816 20.
860 4779 910 4815 eoo
927 4778 980 4815 om.
997 4767 1076 4816 BGll
1094 4770 1122 4818 et
1137 4771 1168 4819 Α.
1195 4766 1280 4818 llebet
1301 4769 1352 4817 iem
1374 4766 1475 4818 Aldine.
1505 4794 1532 4804 —
1560 4780 1609 4816 esse
1631 4780 1683 4817 om.
1703 4767 1727 4815 k.
1747 4792 1776 4802 -

461 4842 502 4893 it.
520 4841 584 4903 sons]
602 4843 687 4890 assunt
704 4841 722 4889 L
738 4840 824 4890 invitis
842 4839 986 4891 codicibus.
1011 4841 1049 4891 Ct.
1069 4843 1093 4906 5.
1107 4842 1131 4894 l.
1153 4869 1183 4880 -
1201 4844 1241 4893 26.
1261 4845 1289 4906 Q.
1309 4845 1343 4893 od
1357 4849 1502 4894 senectutem
1518 4856 1548 4893 oe
1564 4842 1717 4893 solitudinem
1733 4839 1778 4890 bc

463 4916 543 4980 ghi,
567 4916 595 4976 0.
620 4916 654 4964 od
674 4920 819 4965 senectutem
835 4916 869 4964 cd
884 4915 1039 4965 solitudinem
1056 4930 1085 4978 n,
1106 4920 1134 4980 0.
1153 4932 1184 4968 oc
1199 4924 1344 4968 senectutem
1359 4933 1390 4968 oc
1406 4920 1560 4969 solitudinem
1576 4917 1623 4979 dl,
1648 4918 1676 4979 Q.
1693 4930 1739 4978 per
1754 4930 1779 4965 se

463 5005 494 5043 oc
509 4996 654 5042 senectutem
669 4997 693 5042 et
708 4992 862 5042 solitudinem
879 4992 1033 5042 ekmetlt.
1050 5018 1079 5029 -
1098 4993 1209 5043 iteum
1225 4995 1284 5058 post
1300 5006 1325 5043 v.
1343 4995 1436 5043 ventos
1452 5008 1504 5044 orn.
1524 4990 1777 5053 Gabcdeighi

463 5067 537 5118 lrlm
550 5080 575 5117 n.
591 5095 618 5104 -
634 5066 1029 5131 bochoecGabcighilmn
1042 5069 1109 5118 etll.
1124 5097 1152 5105 -
1166 5069 1206 5120 30.
1220 5069 1330 5118 onteclr.
1346 5095 1373 5104 —
1393 5071 1433 5120 st.
1451 5068 1536 5133 muco]
1554 5068 1649 5132 qswtois
1662 5069 1688 5116 P.
1704 5067 1779 5114 «For-

464 5147 535 5194 tesse
553 5144 745 5206 centesimus.»
763 5145 836 5194 Peru.
858 5169 885 5178 -
907 5147 1068 5193 statueremus
1084 5143 1109 5192 ir.
1130 5171 1157 5180 -
1176 5143 1216 5194 33.
1234 5157 1300 5193 none
1315 5144 1380 5194 enim
1391 5146 1424 5193 P:
1442 5146 1508 5194 enim
1523 5156 1589 5193 none
1605 5154 1666 5193 cum
1682 5143 1778 5193 ceteris

466 5220 600 5272 codicibus
611 5218 723 5274 ALiO.
739 5246 766 5255 -
785 5218 824 5270 at.
843 5219 869 5268 ts
880 5219 1011 5270 documen
1027 5232 1055 5269 m
1071 5219 1098 5268 et
1113 5217 1139 5273 2.
1154 5246 1181 5256 -
1199 5223 1315 5271 mmmm
1326 5220 1405 5282 possit
1420 5218 1481 5282 Li,
1503 5219 1612 5282 possiem
1628 5219 1733 5282 (omisso
1750 5231 1775 5269 v.

464 5297 600 5363 urceolis.
621 5322 648 5335 -
667 5293 946 5352 eommunicet.
