4367 6109
796 580 868 645 cu».
889 579 1040 644 v-vu.
1066 576 1123 664 ss.
1145 575 1272 643 o-ts.
1616 580 1672 647 aa
1746 601 1750 609 ·

363 771 478 835 magno
493 747 673 815 adiumento
687 750 720 813 in
736 749 899 831 periculis,
919 706 1034 814 solatio
1048 751 1081 813 in
1096 749 1272 825 laboribus,
1287 748 1486 832 gratulationi
1501 750 1534 813 in
1548 751 1680 817 victoria

362 845 432 909 luit.
467 846 507 909 Et
528 847 554 910 si
575 844 670 907 habet
690 845 764 906 Asia
785 843 997 927 suspicionem
1019 844 1163 907 luxuriae
1185 843 1359 928 quandam,
1381 862 1446 906 non
1460 844 1567 908 Asiam
1588 866 1679 908 nnm-

363 959 460 1024 quam
481 936 618 1014 vidisse,
640 939 696 1002 sed
718 940 751 1001 in
772 938 848 1001 Asia
870 940 1068 1002 continenter
1087 939 1205 1002 vixisse
1227 937 1419 1002 laudandum
1434 946 1491 1002 est.
1522 939 1624 1015 Quam
1638 941 1678 1004 ob

359 1053 426 1098 rem
447 1053 512 1099 non
534 1035 627 1098 Asiae
649 1052 764 1096 nomen
787 1032 1000 1095 obiiciendum
1021 1033 1173 1096 Murenae
1193 1031 1268 1106 fuit,
1296 1053 1337 1095 ex
1358 1051 1420 1116 qna
1442 1032 1510 1096 laus
1531 1032 1679 1109 familiae,

360 1129 512 1192 memoria
533 1128 658 1211 generi,
679 1126 782 1189 honos
805 1134 836 1189 et
857 1126 956 1209 gloria
977 1127 1099 1189 nomini
1121 1127 1292 1189 constituta
1314 1135 1379 1201 est,
1401 1126 1457 1190 sed
1474 1125 1603 1209 aliquod
1625 1136 1703 1191 autc

359 1223 393 1284 in
420 1223 495 1286 Asia
521 1228 703 1302 susceptum
733 1228 787 1283 ant
811 1240 852 1282 ex
873 1221 946 1283 Asia
967 1219 1168 1302 deportatum
1190 1221 1344 1303 flagitium
1365 1240 1402 1284 ae
1424 1219 1573 1283 dedecus.
1614 1223 1681 1284 lle-

360 1317 461 1379 ruisso
482 1335 556 1379 raro
577 1314 736 1396 stipendia
756 1315 790 1376 in
813 1334 850 1376 eo
871 1313 971 1388 bello,
993 1314 1080 1397 quod
1103 1322 1169 1377 tum
1183 1314 1319 1397 populus
1333 1315 1493 1378 Romanus
1507 1334 1571 1377 non
1585 1315 1679 1378 modo

361 1409 542 1484 maximnm,
564 1408 619 1470 scd
644 1403 760 1492 [etiam]
784 1406 886 1471 solnm
902 1407 1040 1489 gerebat,
1063 1407 1198 1482 virtutis,
1219 1415 1307 1490 patre
1328 1407 1518 1490 imperatore
1539 1408 1681 1472 libentis·

360 1503 440 1566 sime
462 1503 615 1567 meruisse
629 1503 769 1586 pietatis,
791 1498 886 1564 finem
900 1501 1131 1583 stipendiorum
1146 1502 1244 1583 patris
1258 1502 1422 1565 victoriam
1435 1522 1473 1566 ac
1487 1503 1679 1586 triumphum

359 1593 459 1658 fnisse
479 1593 639 1659 felicitatis
660 1595 729 1659 fuit.
760 1595 929 1658 Maledicto
953 1595 1081 1679 quidem
1103 1596 1220 1659 idcirco
1243 1594 1323 1657 nihil
1345 1597 1379 1659 in
1400 1597 1487 1660 hisee
1501 1597 1596 1661 rebus
1616 1597 1678 1661 loci
1691 1615 1719 1660 to

360 1699 424 1765 est,
446 1690 532 1774 quod
554 1691 660 1754 omnia
681 1691 750 1753 laus
772 1690 947 1772 occuparit.

444 1783 496 1847 vt
519 1780 569 1846 43.
598 1783 784 1847 Saltatorem
811 1782 949 1867 appellat
970 1784 1004 1846 L.
1026 1784 1190 1848 Murenam
1214 1785 1300 1847 Cato.
1343 1783 1544 1848 Maledictum
1566 1791 1631 1860 est,
1653 1786 1680 1848 si

361 1897 434 1941 vere
456 1877 622 1953 obiicitur,
643 1878 838 1941 vehementis
861 1878 1069 1941 accusatoris:
1097 1879 1146 1940 sin
1166 1878 1264 1951 falso,
1287 1875 1431 1940 maledici
1455 1879 1680 1942 consiliatoris.

361 1971 466 2048 Quare
488 1993 559 2037 cum
579 1974 640 2036 ista
662 1972 706 2035 sis
728 1973 931 2045 anctoritate,
954 1992 1017 2034 non
1041 1971 1154 2046 debes,
1176 1974 1297 2045 Marce,
1319 1972 1458 2053 arripere
1480 1971 1680 2035 maledictum

361 2086 404 2129 ex
436 2063 527 2131 trivio
558 2075 613 2130 ant
641 2087 682 2130 ex
709 2087 886 2130 scurrarum
916 2066 1023 2149 aliquo
1051 2067 1207 2141 convitio,
1239 2086 1344 2149 neque
1374 2074 1491 2129 temere
1519 2068 1719 2131 consulemtc

362 2161 473 2245 populi
494 2162 627 2225 Romani
649 2160 830 2224 saltatorem
852 2180 983 2234 vocare,
1012 2159 1068 2223 sed
1091 2161 1348 2243 circumspicere,
1376 2159 1492 2240 quibus
1520 2168 1682 2245 praeterea

362 2255 447 2318 vitiis
468 2257 616 2320 affectum
639 2274 708 2317 esse
731 2274 860 2317 necesse
882 2254 923 2317 sit
945 2273 1035 2328 eum,
1058 2254 1108 2316 cui
1125 2274 1198 2317 vere
1220 2252 1306 2317 istud
1328 2254 1423 2317 obiici
1444 2255 1555 2337 possit.
1583 2256 1682 2317 Nemo

362 2348 447 2412 enim
467 2346 535 2411 iere
557 2349 649 2412 saltat
671 2348 812 2423 sobrius,
840 2349 901 2411 nisi
928 2348 1009 2411 sorte
1038 2348 1172 2423 insanit,
1200 2367 1305 2431 neque
1331 2348 1364 2411 in
1386 2348 1556 2412 solitudine
1577 2368 1682 2433 neque

361 2442 396 2505 in
418 2442 563 2506 convivio
585 2443 748 2506 moderato
770 2450 865 2527 atque
886 2442 1030 2506 honesto.
1074 2442 1267 2524 Tempestivi
1287 2442 1440 2516 convivii,
1462 2445 1588 2508 amoeni
1609 2444 1682 2518 loci,

361 2536 529 2600 multarum
559 2536 741 2601 deliciarum
768 2557 875 2600 comes
897 2545 945 2600 est
966 2545 1107 2600 extrema
1129 2537 1262 2599 saltatio.
1306 2538 1354 2598 Tn
1375 2536 1452 2600 mihi
1474 2539 1584 2622 arripis
1605 2538 1720 2613 hoc,ao

362 2630 447 2714 quod
461 2650 591 2695 necesse
607 2641 655 2695 est
669 2632 810 2695 omnium
825 2632 972 2694 vitiorum
988 2650 1058 2694 esse
1076 2638 1283 2713 postremum:
1305 2629 1461 2714 relinquis
1476 2632 1545 2707 illa,
1567 2633 1683 2716 quibus

361 2725 491 2789 remotis
519 2725 580 2788 hoc
606 2727 717 2789 vitium
740 2727 868 2789 omnino
891 2745 960 2788 esse
983 2745 1048 2787 non
1069 2733 1183 2806 potest.
1224 2724 1351 2786 Nullum
1372 2732 1465 2808 turpe
1487 2727 1682 2800 convivium,

362 2837 428 2881 non
448 2839 554 2894 amor,
577 2840 639 2882 non
656 2821 850 2894 comissatio,
873 2839 938 2882 non
960 2819 1074 2894 libido,
1097 2839 1161 2881 non
1177 2825 1320 2899 sumptus
1341 2818 1527 2883 ostenditur.
1557 2821 1682 2884 Etcum

364 2931 402 2976 ea
422 2934 486 2976 non
508 2915 723 2997 reperiantur,
745 2933 828 2997 quae
849 2913 1019 2996 voluptatis
1042 2933 1158 2976 nomen
1179 2911 1297 2974 habent
1314 2933 1458 2997 quaeque
1473 2915 1586 2978 vitiosa
1600 2923 1683 2990 sunt,

363 3007 396 3070 in
424 3029 490 3093 quo
519 3011 619 3093 ipsam
641 3008 800 3072 luxuriam
821 3009 960 3091 reperire
983 3028 1046 3071 non
1067 3016 1175 3090 potes,
1208 3007 1240 3068 in
1264 3026 1301 3070 eo
1325 3016 1355 3070 te
1376 3007 1519 3070 umbram
1540 3009 1720 3072 luxuriaeso

362 3110 561 3185 reperturum
590 3106 710 3186 -pntas‘t
754 3097 804 3163 ll.
833 3101 918 3165 Nihil
947 3102 1044 3184 igitur
1068 3101 1218 3163 invitam
1241 3102 1276 3162 L.
1298 3103 1447 3164 Murenae
1469 3101 1531 3164 dici
1553 3104 1683 3185 potest?

362 3197 467 3273 Nihil,
490 3199 638 3283 inquam,
659 3196 809 3270 omnino,
832 3194 963 3258 iudices.
997 3195 1048 3257 Sic
1071 3214 1155 3257 ame
1170 3195 1281 3256 consul
1295 3195 1480 3277 designatus
1494 3194 1684 3268 defenditur,

362 3291 489 3355 ateius
511 3291 599 3355 nulla
620 3291 722 3365 frans,
745 3290 832 3352 nulla
853 3289 1001 3363 ovantia,
1023 3289 1111 3352 nulla
1132 3288 1279 3371 perfidia,
1301 3288 1389 3351 nulla
1408 3288 1593 3363 crudelitas,
1614 3287 1684 3350 nnl-

362 3384 430 3449 lnm
459 3385 605 3470 pendens
628 3385 746 3447 dictum
777 3380 821 3467 [in
843 3379 919 3465 vita]
942 3382 1130 3466 proferatur.
1173 3385 1257 3445 Bene
1278 3382 1390 3445 habet:
1418 3383 1499 3445 iacta
1519 3389 1593 3445 sunt
1612 3380 1685 3443 lun·

362 3479 510 3543 damema
524 3479 729 3542 defensionis.
760 3478 908 3542 Nondum
931 3477 1015 3540 enim
1032 3478 1148 3541 nostris
1164 3477 1328 3551 laudibus,
1351 3476 1466 3560 quihrm
1482 3483 1552 3539 utar
1564 3483 1722 3559 postca,ao

363 3573 421 3638 sed
449 3594 547 3658 prope
576 3574 773 3637 inimicorum
803 3572 1003 3635 consessione
1026 3572 1128 3634 virum
1149 3571 1268 3634 bonnm
1290 3577 1385 3653 atque
1407 3571 1563 3653 integrum
1583 3570 1685 3634 homi·

362 3688 437 3733 nem
459 3666 668 3731 defendimus.
696 3666 768 3741 Quo
791 3667 963 3729 constituto
983 3664 1108 3728 facilior
1121 3673 1170 3728 est
1183 3664 1261 3727 milri
1277 3664 1381 3729 aditus
1395 3665 1436 3729 ad
1450 3665 1684 3728 contentionem

363 3760 544 3845 dignitatis,
567 3780 649 3844 qnae
670 3779 743 3843 pars
765 3758 946 3824 alterascit
967 3760 1188 3823 accusationis.

447 3856 515 3919 vn.
538 3850 588 3916 45.
612 3854 771 3918 Summam
794 3853 888 3918 video
910 3872 980 3917 esse
1000 3853 1034 3916 in
1056 3861 1106 3927 te,
1128 3852 1217 3916 Servi
1233 3851 1370 3935 Sulpici,
1392 3853 1576 3935 dignitatem
1590 3872 1686 3936 gene·

363 3948 424 4025 ris,
444 3948 646 4032 integritatis,
668 3947 840 4013 industriae
861 3955 1102 4031 ceterorumque
1117 3954 1374 4011 ornamentorum
1388 3949 1545 4021 omnium,
1570 3947 1723 4031 quibusas

429 4238 454 4289 2.
472 4237 630 4301 oetaeum
645 4237 731 4287 nov.
746 4263 772 4272 -
792 4251 841 4287 aon
857 4237 939 4286 mooe
955 4237 1015 4287 drea
1029 4250 1081 4287 nora
1097 4237 1150 4287 orie
1164 4249 1253 4287 nomen
1269 4232 1365 4285 mediis
1382 4246 1435 4284 om.
1449 4236 1478 4285 G.
1497 4263 1524 4272 -
1542 4237 1615 4287 ttest
1631 4250 1684 4286 om.

365 4313 395 4363 G.
413 4337 441 4349 —
460 4313 485 4365 8.
503 4314 579 4365 ettam
595 4326 649 4364 om.
669 4316 698 4363 G.
718 4338 744 4347 -
765 4312 920 4362 libentissimo
936 4319 973 4375 ψ.
993 4338 1021 4349 -
1033 4313 1081 4363 ld.
1099 4313 1161 4362 eoo
1178 4324 1232 4362 om.
1245 4311 1274 4362 E.
1289 4337 1316 4346 -
1336 4310 1377 4360 ⁴2.
1395 4309 1514 4372 appellat]
1530 4309 1687 4361 adduntt'v

363 4387 451 4452 ates,
468 4388 518 4439 HS
527 4403 547 4449 χ
562 4389 635 4452 folco.
651 4412 678 4425 -
698 4389 733 4438 Μ.
747 4388 808 4438 Coto
824 4401 849 4437 v.
864 4412 891 4424 -
912 4387 952 4437 t3.
969 4401 1029 4437 cero
1040 4390 1070 4437 G.
1084 4414 1111 4423 —
1130 4387 1300 4437 amictoria
1316 4385 1348 4436 E:
1367 4385 1541 4436 cmotctotoeir
1556 4385 1642 4449 vulgo.
1658 4413 1683 4420 -

365 4461 406 4513 tl.
424 4463 511 4514 Mores
526 4463 651 4525 ECHS,
669 4465 747 4527 Lagg.
766 4464 873 4528 praeter
890 4463 905 4512 9
922 4465 950 4512 et
966 4463 1011 4513 ⁴3:
1029 4477 1116 4514 marre
1132 4467 1166 4522 G,
1184 4465 1211 4512 te
1228 4468 1283 4512 orte
1298 4475 1329 4522 v,
1347 4462 1408 4511 oeni
1425 4463 1487 4524 Lag.
1506 4460 1550 4522 tt,
1572 4461 1608 4510 ll.
1627 4460 1687 4509 Coto

364 4538 426 4602 Lag.
445 4538 472 4603 o,
491 4539 555 4590 lto.
574 4541 618 4604 (lt.
631 4540 705 4601 Coto,
722 4552 772 4588 noe
788 4537 857 4588 decer
873 4537 914 4600 l..)
933 4565 960 4574 ·-
982 4540 1108 4602 corripere
1124 4552 1152 4596 χ.
1173 4564 1200 4573 -
1218 4537 1376 4586 mokdtctren
1387 4563 1424 4574 ·-
1435 4542 1526 4587 temm
1542 4547 1595 4584 om.
1613 4534 1642 4583 E.
1657 4559 1684 4567 -

364 4614 406 4664 ts.
419 4619 464 4665 out
479 4616 521 4677 ea]
538 4628 572 4665 co
588 4627 641 4664 om.
659 4614 740 4672 Τχν.
755 4639 782 4648 -
801 4613 899 4662 cornttto
916 4614 936 4661 G
954 4615 1086 4675 (ortamno
1104 4624 1136 4662 ex
1153 4612 1296 4673 concitat),
1314 4613 1427 4662 σωιυίυίο
1437 4613 1465 4663 L.
1480 4639 1507 4648 -
1528 4610 1566 4660 to.
1579 4610 1688 4658 οίναωι-

364 4689 457 4752 apicem
473 4691 494 4740 G
511 4692 539 4741 et
555 4692 614 4740 Par.
633 4688 662 4749 l,
685 4691 713 4738 ut
731 4685 883 4738 Gulielmius
900 4689 1026 4739 coniecit:
1052 4688 1193 4749 conspicere
1208 4685 1264 4737 rell.
1283 4687 1341 4737 Lo,
1353 4713 1380 4722 -
1400 4687 1441 4737 ta.
1459 4686 1510 4749 adt.
1529 4684 1586 4734 EG.
1601 4708 1628 4717 -
1646 4695 1689 4732 oe-

365 4777 429 4816 casre
444 4777 498 4817 om.
517 4768 546 4816 G.
572 4789 601 4801 -
624 4777 681 4814 eam
697 4764 740 4826 qai
757 4765 785 4813 G.
812 4790 838 4800 -
866 4764 906 4813 t8.
924 4763 977 4825 sere
993 4776 1046 4813 orn.
1065 4763 1095 4813 E.
1116 4786 1143 4796 —
1167 4762 1278 4811 tmaetat
1293 4763 1348 4812 Tv.
1367 4788 1394 4797 -
1423 4762 1463 4810 49.
1482 4757 1615 4820 medici
1631 4759 1686 4818 Gv,

364 4842 426 4906 Lag.
444 4843 486 4893 to.
505 4842 545 4893 ⁴3.
564 4843 605 4892 26.
624 4840 670 4902 Gt,
695 4843 752 4891 Par.
770 4838 800 4889 l:
826 4839 988 4901 {compassos
1004 4838 1071 4898 EM,
1090 4835 1146 4887 rell.
1166 4838 1257 4900 lagg„
1279 4837 1376 4888 5011.
1396 4862 1423 4872 -
1442 4836 1483 4885 20.
1501 4834 1532 4883 sit
1548 4846 1574 4881 v.
1594 4858 1622 4866 -
1643 4833 1689 4881 troc

364 4917 433 4978 mei,
451 4917 548 4981 Cleo:
566 4917 593 4966 ta
608 4915 670 4965 edd.
684 4941 712 4953 —
731 4915 771 4965 23.
790 4916 932 4966 comancio
948 4914 1098 4964 EltllTv.
1112 4936 1140 4949 -
1159 4911 1200 4963 tl.
1218 4926 1335 4975 peaeqm
1349 4926 1380 4974 v,
1399 4909 1687 4975 pommeraniae.

367 5016 395 5026 -
413 4990 504 5041 dots.
525 5017 552 5028 -
570 4991 610 5041 rc.
627 4994 706 5052 potest
722 4991 751 5040 G.
769 5015 796 5027 -
816 4990 856 5039 26.
874 4990 928 5039 otta
944 4989 1034 5052 Εψν.
1051 5016 1077 5024 -
1096 4989 1137 5039 27.
1156 4989 1248 5038 iudicio
1264 4989 1329 5049 mei,
1348 4988 1439 5038 oon.
1455 5013 1482 5023 —
1500 4985 1690 5048 defloresceret

366 5075 392 5114 v.
411 5089 438 5099 -
457 5063 500 5115 28.
517 5069 545 5114 at
560 5065 588 5115 to
603 5065 656 5115 οίιις
670 5065 725 5114 otto
739 5065 810 5116 catto
826 5067 858 5126 G,
877 5065 921 5128 qui
939 5063 1036 5115 deinde
1052 5077 1078 5114 v.
1091 5064 1133 5114 29.
1145 5064 1173 5113 te
1188 5064 1242 5114 otta
1256 5062 1360 5114 omittit.
1374 5087 1403 5099 -
1421 5061 1491 5110 eaetta
1507 5073 1581 5111 ovar.
1595 5072 1649 5110 orn.
1662 5072 1687 5108 v.

368 5163 395 5174 -
413 5138 456 5190 29.
473 5151 516 5189 vv.
534 5140 561 5188 te
576 5141 630 5190 otto
640 5141 761 5192 Ernestio
778 5143 885 5191 auctore
903 5142 933 5191 ut
948 5139 1072 5204 suspecta
1088 5137 1192 5191 inclusi.
1207 5164 1235 5175 -
1253 5140 1294 5190 30.
1313 5137 1386 5202 men]
1403 5136 1431 5186 ta
1441 5138 1471 5186 G.
1486 5163 1514 5173 -
1531 5136 1623 5186 eoam
1633 5147 1687 5184 om.

367 5213 399 5264 ll.
418 5239 445 5248 -
464 5213 507 5265 tt.
524 5215 567 5266 sed
583 5227 636 5266 om.
655 5218 685 5266 G.
705 5242 732 5253 -
750 5216 938 5282 importatae
953 5214 1012 5266 Ec.
1033 5242 1060 5251 -
1079 5214 1121 5267 32.
1138 5214 1264 5277 taolieres
1278 5213 1338 5263 mitt
1355 5213 1384 5262 G.
1406 5240 1432 5249 —
1452 5209 1492 5262 at.
1510 5211 1537 5260 te
1553 5216 1577 5261 te
1591 5222 1642 5260 esse
1657 5222 1686 5264 vt

367 5290 431 5339 lito
446 5294 470 5340 te
485 5293 547 5341 ante
563 5290 651 5356 stipat.
669 5289 760 5342 habet.
775 5317 802 5328 -
820 5291 892 5342 Servi
908 5288 977 5342 mci:
995 5289 1051 5341 Ser.
1063 5288 1093 5339 0.

409 5380 500 5436 Gerre
518 5380 545 5434 t.
559 5380 588 5437 n.
1467 5377 1509 5444 ld
