4367 6109
462 558 524 630 368
833 567 875 630 nt
896 566 1063 634 VERREM
1083 566 1206 634 ACTIO
1229 568 1413 635 SECUNDA

462 736 652 812 maximum,
678 743 841 819 praeterea
869 736 932 800 dno
954 737 1071 822 templa
1096 745 1171 802 sunt
1191 741 1332 824 egregia,
1361 738 1482 803 Cereris
1507 758 1621 814 unum,
1650 736 1790 805 olerum

460 828 609 905 Liberae,
631 830 820 915 signumque
842 831 1013 916 Apollinis,
1039 833 1093 916 qni
1115 833 1295 899 Temenites
1316 841 1462 907 vocatur,
1486 833 1737 918 pulcherrimum
1758 841 1790 899 et

460 924 648 999 maximum,
672 924 758 1008 quod
780 926 839 989 iste
862 926 888 989 si
908 933 1034 1011 portare
1055 927 1227 1009 potuisset,
1248 948 1313 990 non
1335 927 1509 991 dubitasset
1529 927 1664 992 auferre.
1708 926 1789 992 LIV.

459 1010 532 1078 tie.
553 1018 642 1080 Nunc
663 1019 704 1082 ad
725 1020 907 1084 Marcellum
929 1028 1082 1096 revertar,
1111 1041 1152 1086 ne
1173 1023 1252 1087 baec
1273 1041 1292 1084 a
1313 1042 1364 1084 me
1386 1023 1456 1085 sine
1477 1043 1573 1086 eausa
1593 1041 1789 1087 commemo·

435 1118 525 1173 erata
545 1131 616 1175 esse
637 1113 819 1178 videantur:
848 1116 902 1198 qui
925 1135 996 1178 cum
1019 1122 1080 1178 tam
1103 1116 1295 1198 praeclaram
1316 1116 1425 1179 urbem
1447 1118 1476 1181 vi
1498 1117 1663 1201 copiisque
1685 1116 1789 1201 cepis·

458 1210 521 1279 set,
543 1225 608 1269 non
628 1208 750 1291 putavit
771 1207 810 1271 ad
833 1208 956 1271 laudem
978 1209 1087 1293 populi
1110 1211 1241 1273 Romani
1262 1208 1323 1273 hoc
1344 1211 1521 1293 pertinere,
1543 1211 1624 1275 banc
1646 1209 1789 1294 pulchri·

457 1297 613 1376 tudinem,
636 1322 677 1364 ex
699 1322 761 1385 qua
782 1303 966 1385 praesertim
988 1303 1121 1386 periculi
1142 1303 1221 1367 nihil
1237 1304 1472 1380 ostenderetur,
1495 1305 1603 1369 delere
1618 1313 1651 1368 et
1666 1305 1788 1369 exstin-

457 1413 563 1476 guere.
607 1397 716 1480 ltaque
738 1394 886 1460 aedificiis
909 1397 1070 1472 omnibus,
1100 1397 1232 1480 publicis
1253 1400 1397 1481 privatis,
1431 1401 1526 1463 sacris
1548 1397 1707 1483 profanis,
1742 1399 1787 1462 sie

456 1491 611 1571 pepercit,
635 1491 724 1573 quasi
746 1491 785 1553 ad
801 1511 837 1554 ea
852 1491 1052 1555 defendenda
1067 1513 1138 1555 eum
1152 1493 1309 1567 exercitu,
1331 1513 1396 1556 non
1410 1493 1622 1577 oppugnanda
1632 1492 1787 1557 venisset.

422 1582 493 1645 nln
514 1591 627 1647 ornatu
648 1585 733 1647 urbis
754 1585 863 1649 babuit
883 1587 1033 1650 victoriae
1056 1587 1226 1661 rationem,
1247 1586 1358 1650 babuit
1379 1587 1590 1651 humanitatis.
1623 1587 1787 1652 Victoriae

455 1679 584 1760 putabat
606 1698 675 1742 esse
697 1678 794 1742 multa
816 1682 944 1743 Romam
959 1680 1142 1762 deportare,
1167 1700 1248 1765 quae
1263 1689 1448 1744 ornamento
1463 1682 1532 1745 urbi
1547 1701 1618 1745 esse
1633 1688 1787 1766 possent:

454 1771 673 1847 humanitatis,
702 1792 767 1835 non
798 1772 890 1857 plane
917 1774 1096 1855 exspoliare
1118 1775 1243 1850 urbem,
1269 1776 1454 1859 praesertim
1477 1795 1571 1860 qnam
1593 1794 1786 1841 conservare

453 1867 612 1931 voluisset.
656 1861 727 1929 lbi.
749 1869 785 1929 ln
807 1867 866 1930 bac
886 1869 1053 1952 partitione
1075 1876 1202 1932 ornatus
1232 1889 1296 1932 non
1318 1869 1389 1953 plus
1411 1871 1540 1933 victoria
1563 1868 1705 1934 Marcelli
1727 1889 1786 1953 po-

453 1961 529 2043 pulo
550 1961 691 2024 Romano
714 1962 880 2045 appetivit,
903 1982 997 2046 quam
1018 1963 1197 2026 humanitas
1214 1963 1417 2048 Syracusanis
1440 1965 1619 2028 reservavit.
1649 1964 1785 2028 Romam

416 2062 444 2113 41
454 2075 536 2139 quae
558 2062 721 2139 apportata
742 2062 828 2130 sunt,
850 2056 891 2119 ad
913 2056 1023 2120 aedem
1045 2057 1179 2120 Honoris
1203 2065 1234 2120 et
1247 2059 1379 2121 Virtutis
1401 2060 1541 2141 itemque
1563 2057 1632 2120 aliis
1647 2056 1681 2119 in
1702 2055 1784 2120 locis

452 2149 607 2214 videmus.
650 2148 734 2212 Nihil
763 2149 796 2213 in
822 2148 966 2226 aedibus,
996 2150 1076 2214 nihil
1098 2152 1131 2213 in
1152 2150 1253 2215 hortis
1274 2153 1396 2235 posuit,
1425 2152 1504 2215 nihil
1526 2153 1559 2215 in
1581 2150 1783 2214 suburbano:

451 2245 585 2328 putavit,
608 2243 742 2308 siurbis
764 2251 949 2309 ornamenta
970 2244 1098 2308 domum
1120 2264 1208 2309 snam
1230 2265 1294 2309 non
1318 2245 1516 2322 contulisset,
1542 2246 1669 2310 domum
1692 2264 1784 2309 suam

452 2346 636 2403 ornamento
655 2337 727 2401 urbi
741 2337 887 2402 futuram.
910 2339 1074 2423 Syracusis
1088 2346 1195 2403 autem
1209 2340 1367 2422 permulta
1381 2348 1476 2424 atque
1491 2340 1616 2424 egregia
1630 2337 1782 2424 reliqnit;

451 2431 544 2497 deum
558 2452 633 2495 vero
648 2431 771 2496 nullum
784 2432 924 2507 violavit,
946 2432 1068 2496 nullum
1081 2433 1193 2516 attigit.
1218 2432 1365 2498 Conferte
1379 2434 1519 2509 Verrem,
1541 2453 1606 2496 non
1620 2439 1655 2497 ut
1676 2432 1784 2497 bomi-

413 2535 524 2590 2onem
539 2547 610 2590 cum
623 2524 752 2590 homine
767 2526 963 2611 comparetis,
978 2547 1018 2589 ne
1034 2547 1097 2612 qua
1111 2526 1165 2590 tali
1177 2527 1246 2591 viro
1262 2535 1384 2591 mortno
1399 2525 1453 2591 fiat
1465 2527 1589 2602 iniuria,
1604 2526 1663 2590 sed
1673 2533 1710 2590 ut
1725 2545 1783 2610 pa·

450 2641 517 2685 cem
532 2642 604 2684 cum
622 2620 722 2696 bello,
745 2621 829 2703 leges
851 2640 921 2683 cnm
936 2621 978 2695 vi,
993 2620 1099 2683 sorum
1114 2627 1145 2683 et
1159 2618 1236 2684 iuris
1253 2622 1426 2685 dictionem
1441 2643 1511 2685 cnm
1525 2621 1610 2686 ferro
1626 2629 1659 2686 et
1672 2623 1782 2695 armis,

449 2715 619 2780 adventum
636 2723 667 2778 et
682 2717 863 2779 comitatum
878 2735 949 2778 cum
964 2715 1105 2778 exercitu
1121 2723 1153 2778 et
1166 2716 1296 2779 victoria
1310 2715 1491 2780 conseratis.
1513 2716 1576 2778 LV.
1593 2712 1665 2779 l22.
1681 2717 1781 2781 Aedis

448 2811 607 2875 Minervae
623 2817 671 2873 est
685 2810 717 2872 in
729 2809 845 2883 Insula,
860 2808 900 2871 de
916 2829 978 2892 qua
994 2815 1066 2872 ante
1081 2809 1167 2872 dixi:
1183 2829 1278 2893 quam
1293 2810 1461 2874 Marcellus
1475 2830 1539 2872 non
1554 2812 1667 2896 attigit,
1683 2834 1781 2897 quam

448 2905 574 2989 plenam
597 2911 693 2988 atque
715 2910 857 2967 ornatam
879 2902 1026 2986 reliquit,
1056 2923 1138 2987 quae
1161 2904 1200 2965 ab
1223 2904 1284 2966 isto
1308 2905 1354 2967 sic
1376 2904 1512 2985 spoliata
1534 2911 1632 2989 atque
1653 2905 1782 2992 direpta

410 3006 511 3075 nest,
533 3020 597 3062 non
619 3006 654 3061 ut
676 2999 714 3061 ab
732 2997 823 3060 hoste
845 2996 968 3080 aliquo,
992 2997 1047 3081 qui
1069 3004 1174 3060 tamen
1196 2997 1229 3060 in
1250 2997 1336 3061 bello
1358 2999 1542 3082 religionem
1557 3007 1589 3062 et
1610 3008 1781 3064 consuetu·

449 3093 531 3158 dinis
553 3094 621 3157 iura
642 3092 807 3166 retineret,
830 3091 886 3153 sed
907 3097 982 3153 uta
1003 3091 1143 3154 barbaris
1165 3092 1376 3175 praedonibus
1399 3101 1510 3157 vexata
1533 3113 1604 3157 esse
1623 3096 1778 3159 videatur.

447 3190 555 3273 Pugna
581 3194 648 3251 erat
674 3185 830 3270 equestris
852 3183 1016 3268 Agathocli
1043 3186 1127 3267 regis
1149 3185 1183 3248 in
1205 3186 1320 3248 tabulis
1339 3187 1441 3269 picta:
1470 3188 1509 3250 iis
1530 3194 1638 3252 autem
1659 3189 1780 3253 tabulis

448 3285 613 3348 interiores
643 3279 752 3363 templi
781 3280 916 3361 parietes
945 3279 1168 3342 vestiebantur.
1211 3278 1298 3341 Nihil
1328 3288 1395 3343 erat
1416 3301 1453 3344 ea
1480 3282 1604 3363 pictura
1625 3282 1778 3358 nobilius,

447 3359 528 3441 nibil
551 3375 733 3459 Syracusis,
764 3375 849 3458 quod
872 3373 971 3456 magis
992 3372 1159 3436 visendum
1180 3380 1354 3456 putaretur.
1396 3375 1461 3438 Has
1482 3375 1605 3438 tabulas
1627 3379 1669 3439 M.
1692 3377 1776 3440 blar-

410 3471 563 3545 necetius,
586 3491 658 3533 eum
676 3471 783 3532 omnia
803 3468 935 3530 victoria
957 3467 1012 3530 illa
1033 3486 1090 3529 sua
1111 3466 1244 3551 profana
1261 3468 1405 3542 lecisset,
1427 3475 1532 3532 tamen
1546 3469 1701 3552 religione
1716 3470 1776 3532 im·

449 3565 575 3649 peditus
596 3584 661 3627 non
683 3563 801 3646 attigit:
830 3562 907 3637 iste,
930 3582 1001 3624 cum
1023 3562 1078 3624 illa
1100 3561 1164 3625 iam
1184 3570 1316 3646 propter
1336 3560 1518 3626 diuturnam
1541 3582 1650 3646 pacem
1673 3560 1776 3627 fideti-

448 3667 608 3745 tatemque
629 3657 740 3745 populi
762 3655 947 3740 Syracusani
970 3675 1057 3719 sacra
1078 3656 1291 3741 religiosaque
1309 3656 1498 3739 accepisset,
1520 3677 1629 3722 omnes
1651 3676 1707 3722 eas
1727 3665 1777 3722 ta·

448 3753 539 3818 bulas
554 3752 700 3818 abstulit:
720 3750 874 3834 parietes,
897 3770 1030 3834 quorum
1052 3757 1181 3814 ornatus
1203 3757 1251 3814 tot
1265 3750 1390 3815 saecula
1404 3758 1599 3827 manserant,
1621 3757 1668 3815 tot
1688 3750 1776 3815 bella

512 4010 537 4061 4.
557 4008 674 4060 leonites
689 4005 709 4055 14
726 4004 754 4054 44
770 4002 852 4066 [349;
879 4002 905 4053 in
922 4000 978 4053 rell.
997 4004 1076 4067 [433.
1095 4002 1250 4068 gravissima
1266 4000 1364 4054 menda
1381 4002 1450 4054 sunt.
1470 4027 1498 4039 -
1523 4002 1548 4052 3.
1566 4015 1615 4064 quo
1630 4003 1676 4054 4444
1691 4003 1721 4055 14.
1742 4027 1771 4040 -

446 4084 472 4137 b.
490 4084 551 4146 tom]
569 4084 622 4132 tom
638 4082 667 4132 14.
686 4105 713 4115 -
732 4080 757 4130 7.
776 4077 838 4128 44444
849 4079 956 4141 potasti
973 4080 1004 4139 0;
1021 4079 1129 4142 periculi
1145 4091 1198 4130 om.
1217 4080 1295 4143 [433.
1307 4080 1416 4144 praeter
1431 4078 1472 4129 29.
1493 4104 1520 4114 -
1539 4078 1684 4144 4444434444
1699 4079 1729 4130 14.
1741 4102 1771 4115 -·

446 4159 472 4210 8.
487 4158 592 4223 ponticis
607 4153 719 4208 44444444
734 4153 771 4204 143
788 4154 816 4203 44
831 4151 847 4202 1
865 4153 899 4216 (in
916 4167 970 4217 quo
987 4152 1083 4204 deinde
1102 4154 1144 4204 est
1159 4158 1182 4205 44
1196 4154 1320 4217 meeth).
1340 4180 1367 4188 —
1387 4154 1411 4203 9.
1430 4154 1599 4218 weimodo
1614 4153 1677 4204 Ld:
1695 4167 1774 4217 sacop-

443 4233 583 4298 pupoeodc
599 4234 635 4292 14;
652 4229 824 4293 4434344444
840 4226 896 4279 rell.
910 4230 938 4279 0.
953 4256 981 4264 -
1001 4230 1041 4280 44.
1060 4227 1130 4278 urbia
1145 4228 1182 4279 143
1199 4231 1228 4280 et
1244 4228 1321 4279 codd.
1340 4224 1397 4278 rell.
1411 4229 1473 4279 noti.
1488 4254 1515 4264 -
1536 4228 1575 4278 ⁴2.
1594 4228 1723 4291 expetiere
1734 4229 1771 4289 14;

445 4309 555 4372 spoliare
570 4307 635 4358 dett.
655 4332 681 4341 -
702 4305 741 4356 44.
760 4304 879 4368 adpetivit
895 4306 927 4365 14;
942 4305 1030 4367 petivit
1040 4304 1119 4368 ngas.
1132 4331 1159 4340 -
1180 4301 1490 4366 inoboedentiam
1508 4303 1640 4366 deportato
1650 4303 1697 4363 Ga,
1710 4302 1770 4364 Ld.;

445 4388 576 4447 asportata
596 4380 660 4432 dett.
680 4381 709 4430 0.
728 4407 755 4415 -
780 4379 811 4444 et]
834 4385 910 4440 etque
931 4381 1009 4444 Lagg.
1027 4380 1091 4430 dett.
1111 4379 1140 4430 0.
1160 4405 1187 4414 -
1213 4379 1367 4441 4444441433.
1386 4377 1450 4428 dett.
1470 4404 1497 4413 -
1517 4377 1565 4426 4444
1581 4380 1610 4429 44,
1630 4404 1657 4414 -
1685 4379 1725 4429 46.
1744 4377 1773 4427 ts

445 4459 551 4510 4444414.
571 4484 598 4494 -
627 4457 666 4507 41.
684 4469 734 4505 ooo
751 4467 805 4505 om.
824 4455 893 4518 [349
910 4468 950 4519 pr.
970 4470 1003 4507 m.
1027 4484 1054 4493 —
1083 4456 1123 4505 48.
1141 4454 1198 4505 arbi
1214 4467 1311 4505 omem
1331 4454 1345 4504 6
1363 4455 1441 4517 [433.
1461 4453 1525 4504 dett.
1545 4480 1572 4489 -
1591 4455 1633 4505 49.
1651 4468 1708 4505 mera
1723 4455 1772 4505 lto·

444 4535 536 4585 minem
553 4537 582 4585 44.
602 4561 629 4568 -
655 4532 697 4581 bl.
716 4531 887 4595 1434441349.
913 4556 939 4565 -
964 4532 1005 4581 94.
1023 4531 1144 4590 44414444,
1163 4530 1195 4579 Gt
1211 4531 1241 4580 2:
1266 4528 1412 4589 44444141,
1432 4528 1496 4578 dett.
1515 4530 1544 4579 0.
1574 4531 1770 4582 nNominetivns

446 4612 514 4661 aedis
530 4609 601 4675 apud
618 4609 764 4658 Varronem
782 4607 888 4656 notatur
905 4620 920 4655 a
937 4607 1020 4656 Nouio
1037 4619 1063 4670 p.
1077 4603 1134 4655 494.
1161 4606 1190 4654 ln
1206 4603 1358 4666 fragmentis
1376 4605 1541 4655 farnesianis
1552 4605 1654 4667 vestigii
1671 4605 1770 4655 veteris

445 4686 543 4737 Romae
566 4698 581 4735 e
602 4681 712 4735 Bellario
734 4681 796 4731 editi
817 4679 871 4730 tab.
896 4681 928 4730 11.
949 4680 1056 4730 AEDIS.
1079 4677 1173 4728 IOVIS.
1196 4678 1303 4728 AEDIS.
1321 4677 1460 4727 IVNONIS.
1479 4678 1584 4728 asnis.
1602 4678 1768 4729 1431404118.

443 4760 609 4811 1448414414.
635 4758 728 4819 Neque
745 4753 821 4805 aliter
835 4756 944 4806 Verrius
962 4753 1070 4805 Flaccus
1087 4755 1113 4803 in
1131 4751 1239 4802 Kalend.
1259 4752 1455 4802 Praenestino.»
1479 4754 1571 4802 Gerar.
1585 4754 1616 4802 11.
1636 4777 1664 4787 -
1683 4749 1724 4801 43.
1742 4753 1771 4801 ie

444 4848 497 4885 om.
510 4835 544 4895 E,
562 4833 638 4884 413-
658 4829 699 4881 Sl.
718 4843 750 4879 ce
766 4831 864 4893 direpto
880 4830 998 4893 1349-
1016 4830 1057 4879 43.
1075 4828 1220 4892 religionen
1235 4825 1281 4888 143,
1295 4824 1358 4875 Gell.
1372 4827 1403 4875 11.
1417 4826 1440 4875 6.
1460 4824 1576 4876 Macrob.
1598 4828 1650 4875 Sat.
1663 4826 1717 4875 vu,
1731 4825 1767 4875 6.:

442 4910 592 4976 rotipiooam
607 4905 663 4957 rell.
682 4906 712 4956 0.
731 4931 758 4940 —
778 4906 818 4956 46,
836 4905 952 4955 retineret
968 4903 1076 4966 Gellius,
1096 4902 1298 4966 14444.,[433.;
1325 4900 1460 4950 contineret
1477 4900 1525 4962 443,
1543 4901 1572 4950 Ε.
1593 4926 1620 4936 -
1639 4900 1680 4950 41.
1698 4897 1770 4963 434-

443 4985 528 5035 thoclis
545 4982 609 5034 dett.
627 4982 657 5033 0.
678 5004 705 5017 -·
730 4981 802 5044 picta
818 4981 960 5043 praesteria
979 4982 1072 5044 [433.;
1093 4980 1165 5042 picta
1182 4977 1315 5041 3444444444
1332 4977 1361 5026 0.
1380 5003 1407 5010 —
1429 4976 1496 5027 44414
1514 4976 1571 5039 (sed
1587 4977 1603 5027 44
1620 4989 1679 5040 sup.
1697 4973 1767 5039 lin.):

441 5059 480 5110 4444
496 5062 525 5111 0.
544 5060 578 5123 (in
596 5058 685 5120 [433.,
704 5068 765 5106 cnm
778 5057 920 5118 praeclaris
935 5054 1065 5117 habeant,
1088 5054 1121 5103 iia
1136 5051 1242 5104 videtur
1257 5051 1370 5113 deesse,
1393 5054 1422 5101 ut
1438 5054 1480 5102 est
1496 5052 1523 5102 in
1540 5054 1621 5103 Onon.
1639 5058 1668 5116 ψ
1687 5063 1769 5114 prae

442 5134 519 5184 414444
534 5134 636 5197 cutem.)
654 5156 682 5166 -
700 5132 741 5183 28.
760 5131 886 5180 4444444444
901 5129 952 5191 143,
970 5129 1000 5179 Ε.
1019 5155 1047 5165 -
1074 5128 1114 5180 39.
1133 5129 1179 5179 itta
1193 5129 1300 5179 victorio
1316 5128 1350 5187 Ε,
1369 5125 1434 5177 dett.
1453 5127 1482 5176 0.
1502 5151 1529 5161 -
1549 5126 1671 5190 4434444444
1686 5127 1717 5178 14.
1736 5149 1764 5160 -

443 5206 484 5259 34.
501 5210 554 5258 tero
569 5207 615 5257 itta
631 5208 646 5258 6
662 5209 741 5271 [433.
756 5233 783 5242 -
802 5206 843 5258 34.
862 5205 993 5270 meotis
1008 5205 1174 5270 Eetbagg.:
1191 5203 1348 5279 4433444143.
1362 5228 1390 5241 ·-
1409 5201 1623 5266 4444441349-
1642 5201 1768 5255 eam

442 5281 769 5349 metumientem.
787 5281 818 5334 0.
