4367 6109
441 553 505 622 tao
754 553 904 621 caeno
926 551 1167 620 annoanlo
1190 550 1252 618 cit.
1271 547 1437 617 norman

441 728 595 803 tudinem,
609 745 703 811 quam
719 722 840 789 bomini
858 722 1119 807 peradolesconti,
1135 721 1225 786 cuins
1239 729 1324 786 aetas
1340 719 1529 785 asenatorio
1543 718 1645 802 gradu
1663 715 1766 800 longe

443 823 580 894 abesset,
600 819 768 901 imperium
788 823 884 900 atque
906 815 1077 880 exercitum
1099 815 1181 891 dari,
1204 815 1340 880 Siciliam
1356 813 1496 898 permitti
1508 820 1604 897 atque
1618 810 1765 876 Africam

442 914 624 997 bellumque
645 912 680 974 in
701 929 739 975 ea
759 908 924 993 provincia
946 908 1248 973 administrandnml
1278 909 1351 973 Fuit
1371 908 1406 970 in
1426 906 1477 970 bis
1496 905 1672 991 provinciis
1694 904 1767 967 sin·

443 1007 544 1092 gulari
563 1005 757 1079 innocentie,
779 1003 947 1086 gravitate,
968 1003 1099 1078 virtute3
1120 1001 1238 1065 bellum
1256 1003 1290 1066 in
1304 1001 1409 1064 Africa
1422 1000 1594 1065 maximnm
1609 996 1764 1070 confecit,

420 1100 592 1165 avictorern
620 1097 794 1161 exercitum
822 1096 1007 1179 deportavit.
1044 1095 1128 1170 Quid
1149 1115 1223 1159 vero
1247 1103 1310 1159 tam
1331 1094 1522 1168 inauditum,
1550 1111 1646 1175 quam
1669 1087 1766 1173 cqui-

444 1202 506 1257 tem
527 1192 701 1255 Romanurn
723 1190 939 1274 triumpharet
970 1190 1013 1252 At
1033 1209 1101 1253 eam
1124 1209 1249 1274 quoque
1270 1209 1337 1252 rem
1358 1189 1496 1272 populus
1510 1188 1669 1250 Romanus
1690 1202 1763 1247 non

443 1284 537 1350 modo
558 1284 650 1359 vidit,
677 1285 732 1348 sed
754 1285 894 1347 omnium
915 1283 1008 1347 etiarn
1036 1281 1141 1346 studio
1163 1282 1325 1346 uisendam
1346 1290 1379 1346 et
1399 1280 1679 1347 concelebrandam
1699 1297 1765 1361 pu·

443 1379 530 1444 tavit.
571 1375 623 1441 62.
646 1378 731 1454 Quid
753 1385 816 1441 tam
837 1378 1035 1453 inusitatum,
1057 1396 1150 1461 qnam
1172 1382 1225 1451 ut,
1247 1396 1318 1438 cum
1340 1375 1402 1439 duo
1424 1375 1571 1442 consules
1589 1369 1763 1438 clarissimi

445 1473 669 1555 fortissimique
691 1479 811 1547 essent,
839 1491 937 1554 eques
957 1472 1116 1534 Romanus
1138 1469 1177 1532 ad
1198 1468 1317 1532 bellum
1338 1470 1509 1533 maximum
1530 1465 1765 1533 formidolosis·

409 1568 620 1649 sosimumque
647 1587 705 1652 pro
732 1565 860 1630 consule
887 1564 1084 1630 mitteretur?
1116 1564 1230 1626 llissus
1256 1568 1312 1625 est
1350 1561 1420 1637 Quo
1449 1561 1578 1646 quidem
1603 1569 1762 1642 tempore,

445 1681 517 1724 cnm
538 1668 623 1725 esset
642 1680 707 1723 non
726 1679 819 1722 nemo
841 1659 875 1722 in
895 1664 1021 1732 senatu,
1044 1658 1100 1741 qui
1122 1658 1254 1733 diceret,
1275 1677 1336 1720 ηοη
1355 1666 1489 1740 oportere
1509 1656 1588 1720 mitti
1608 1653 1764 1717 ηοηηίηοηι

441 1755 595 1837 priostum
610 1773 670 1836 pro
690 1753 822 1832 consule,
845 1753 879 1814 L.
901 1750 1065 1835 Philippus
1087 1752 1206 1816 dixisse
1227 1752 1356 1828 dicitur,
1377 1772 1438 1815 ηοη
1458 1772 1489 1815 ee
1508 1751 1594 1814 dlsm
1613 1769 1670 1814 eac
1692 1767 1763 1813 ειη-

412 1899 414 1902 .
446 1848 538 1912 tentio
559 1865 619 1928 pro
647 1847 780 1920 consule,
807 1847 857 1911 red
879 1864 939 1928 pro
966 1847 1133 1910 consulibus
1152 1849 1277 1911 mittere.
1309 1847 1460 1910 Tantain
1483 1865 1521 1909 eo
1543 1843 1762 1928 reipublicae

446 1942 527 2006 bene
553 1941 708 2024 gerendae
735 1960 809 2024 spes
836 1939 1101 2017 constituebatur,
1128 1950 1164 2006 ut
1184 1941 1318 2007 duorum
1339 1940 1504 2005 consulum
1524 1958 1639 2003 munus
1659 1936 1762 2001 unius

411 2053 439 2101 tt
447 2034 656 2099 adolescentis
687 2034 795 2098 uirtuti
828 2034 1080 2098 committeretur.
1124 2035 1209 2112 Quid
1234 2044 1299 2099 tam
1326 2035 1499 2118 singulare,
1533 2053 1628 2118 quam
1653 2040 1692 2096 nt
1719 2051 1763 2096 ex

448 2135 573 2194 senatus
602 2127 744 2193 consulto
774 2128 894 2211 legibus
916 2127 1036 2192 solutus
1058 2131 1166 2194 consul
1187 2125 1383 2205 antefieret,
1413 2148 1508 2213 quarn
1532 2127 1633 2192 ullum
1658 2125 1762 2190 elium

448 2223 661 2306 magistratum
687 2241 744 2306 per
768 2222 854 2305 leges
876 2240 986 2306 capere
1007 2222 1170 2288 licuisset?
1199 2222 1275 2308 quid
1295 2232 1359 2287 tarn
1379 2221 1579 2296 incredibile,
1606 2240 1705 2304 qnam
1724 2225 1764 2283 ut

447 2316 563 2382 iterum
585 2334 682 2399 eques
702 2317 859 2379 Romanus
882 2336 923 2379 ex
943 2325 1069 2404 senatus
1091 2318 1235 2382 consulto
1256 2317 1483 2400 triumpharet?
1505 2334 1587 2401 quae
1607 2314 1642 2378 in
1656 2313 1764 2377 omni·

447 2410 507 2476 bns
534 2408 714 2474 bominibus
743 2429 825 2474 nova
844 2417 917 2493 post
940 2410 1106 2474 hominum
1126 2413 1308 2475 memoriam
1329 2412 1497 2474 constituta
1518 2416 1607 2485 sunt,
1634 2426 1673 2471 ea
1694 2414 1764 2470 hm

411 2504 548 2569 somulta
568 2523 634 2566 non
655 2510 745 2578 sunt,
767 2523 860 2586 quam
882 2502 979 2579 haec,
1000 2524 1081 2587 quae
1103 2506 1137 2569 in
1157 2505 1218 2570 hoc
1231 2527 1296 2570 uno
1310 2505 1438 2569 bomine
1452 2504 1604 2569 videmus.
1637 2499 1690 2565 63.
1704 2503 1765 2566 st-

450 2616 513 2682 que
533 2596 612 2661 baec
634 2604 682 2661 tot
703 2596 864 2681 exempla,
886 2605 974 2661 tanta
993 2618 1031 2661 ac
1051 2604 1115 2662 tam
1136 2619 1232 2674 nova,
1254 2600 1393 2683 profecta
1414 2600 1536 2665 suntin
1550 2599 1686 2664 eundem
1701 2597 1764 2660 ho·

450 2692 566 2777 minem
587 2711 606 2755 a
628 2691 667 2767 Q.
690 2690 791 2754 Catuli
811 2699 907 2775 atque
928 2711 947 2754 a
968 2699 1143 2757 ceterorum
1165 2693 1305 2757 eiusdem
1323 2693 1481 2778 dignitatis
1495 2694 1764 2777 amplissimorum

448 2786 612 2850 hominum
632 2787 827 2850 auctoritate.

532 2880 634 2943 XXII.
657 2880 761 2956 Quare
782 2878 924 2955 videant,
945 2899 986 2944 ne
1008 2882 1049 2945 sit
1070 2883 1269 2966 periniquum
1291 2892 1322 2946 et
1343 2872 1410 2946 non'
1427 2881 1610 2959 ferundum,
1630 2882 1763 2945 illorum

413 2973 668 3040 structoritatem
689 2973 729 3037 de
752 2972 807 3036 Cn.
828 2974 969 3057 Pompeii
991 2975 1142 3059 dignitate
1156 2996 1175 3039 a
1188 2977 1278 3040 vobis
1292 2977 1524 3061 comprobatam
1538 2995 1662 3059 semper
1677 2994 1763 3050 esse,

449 3075 588 3132 vestrum
614 3068 653 3130 ab
677 3067 741 3131 illis
763 3067 802 3130 do
824 3067 935 3133 eodem
953 3070 1081 3135 homine
1102 3072 1253 3135 iudicium
1274 3072 1450 3155 populique
1470 3069 1602 3135 ltomani
1622 3068 1764 3133 auctori·

450 3168 545 3227 tatem
565 3160 751 3246 improbari,
772 3163 955 3245 praeseru‘m
976 3185 1047 3228 oum
1067 3167 1129 3228 iam
1152 3185 1209 3228 sno
1230 3165 1298 3228 inre
1319 3164 1455 3249 populus
1470 3166 1628 3228 Romanus
1643 3163 1678 3228 in
1697 3163 1763 3227 hoc

449 3256 578 3321 bomine
598 3276 686 3320 suam
708 3256 924 3321 auctoritatem
944 3260 995 3323 vel
1017 3266 1126 3324 contra
1147 3280 1271 3335 omues,
1292 3261 1348 3344 qui
1361 3259 1566 3333 dissentiunt,
1588 3258 1691 3340 possit
1704 3256 1764 3320 de-

450 3351 594 3426 fendere,
621 3359 789 3434 propterea
816 3351 900 3435 quod
930 3352 1030 3417 isdem
1057 3354 1126 3418 istis
1149 3354 1389 3418 reclamantibus
1411 3373 1586 3417 rosunum
1606 3353 1698 3417 illurn
1719 3372 1764 3418 ex

414 3444 596 3510 coomnibus
625 3444 802 3527 delegistis,
831 3465 924 3529 quem
952 3446 1037 3510 bello
1064 3448 1259 3531 praedonum
1281 3447 1527 3532 praeponeretis.
1569 3443 1763 3511 atriensi

450 3559 507 3602 vos
528 3544 645 3602 temere
666 3537 784 3602 lecistis
807 3539 904 3603 atrei
931 3540 1075 3624 publicae
1099 3562 1210 3625 parum
1232 3541 1451 3616 consuluistis,
1479 3546 1563 3604 recte
1582 3541 1634 3604 isti
1654 3539 1765 3606 studia

450 3637 553 3696 vestra
584 3633 650 3696 suis
682 3632 822 3696 consiliis
853 3653 962 3716 regere
991 3643 1159 3699 conantur:
1189 3635 1239 3698 sin
1267 3641 1372 3698 autem
1398 3654 1454 3696 vos
1484 3633 1555 3717 plus
1583 3642 1648 3697 tum
1670 3635 1704 3697 in
1726 3654 1764 3698 re

451 3726 578 3809 publica
597 3727 737 3802 vidistis,
758 3747 815 3791 vos
836 3728 876 3792 iis
897 3729 1144 3813 repugnantibus
1165 3749 1223 3813 per
1241 3735 1364 3793 vosmet
1382 3728 1470 3810 ipsos
1483 3726 1668 3810 dignitatem
1682 3727 1764 3792 hnic

452 3820 601 3901 imperio,
623 3821 755 3885 salutem
777 3821 844 3884 orbi
868 3828 1020 3885 terrarum
1040 3823 1205 3895 attulistis,
1226 3821 1396 3906 aliquando
1411 3822 1463 3885 isti
1481 3821 1639 3905 principes
1654 3827 1687 3885 et
1700 3822 1765 3886 sibi

415 3919 486 3976 atet
512 3914 624 3977 ceteris
652 3915 762 3998 populi
792 3917 923 3979 Romani
949 3917 1088 3981 universi
1111 3918 1288 3980 auctoritati
1308 3916 1481 3999 parendum
1503 3935 1572 3979 esse
1592 3914 1764 3979 fateantur.

452 4006 556 4090 Atque
584 4008 618 4070 in
645 4009 708 4072 hoc
734 4008 818 4073 bello
848 4009 985 4074 Asiatico
1013 4019 1044 4074 et
1071 4012 1158 4093 regio
1187 4031 1252 4074 non
1281 4011 1384 4074 solum
1405 4009 1547 4073 militaris
1568 4009 1623 4074 illa
1642 4009 1763 4085 virtus,

519 4269 543 4319 t.
561 4273 630 4319 ortos
650 4271 808 4322 οωηοῑοηίο
828 4273 1018 4337 crodaETV:
1044 4279 1155 4324 cessat.
1173 4275 1341 4338 producetur
1357 4270 1627 4335 RALbOlseaotorts
1643 4272 1711 4335 FB.)
1732 4300 1760 4313 -

453 4342 478 4394 2³
496 4344 608 4404 maltam
624 4345 652 4395 Τ.
667 4372 694 4383 -
713 4345 737 4396 3.
755 4347 782 4396 to
797 4349 972 4410 ecprootcetc
988 4348 1079 4399 ETV:
1097 4350 1123 4398 to
1139 4363 1169 4399 eo
1187 4348 1400 4412 (omprooineio)
1416 4345 1556 4399 atsto.
1574 4349 1765 4412 praemon)

455 4444 482 4455 -
502 4417 526 4471 l.
544 4421 634 4471 otrtrste
648 4422 772 4485 grauitate
787 4423 816 4474 T.
835 4449 862 4459 -
881 4424 905 4474 c.
922 4424 1045 4474 reicwrum
1060 4425 1080 4475 E
1098 4426 1159 4487 (non
1175 4425 1214 4487 V).
1234 4450 1261 4460 -
1280 4422 1426 4487 deportavit]
1445 4421 1723 4488 «streperem-mg.
1737 4422 1764 4476 3.

455 4520 482 4531 -
502 4493 712 4560 6.At]odliV;
739 4498 816 4548 ocb.
836 4524 862 4533 -
888 4499 1040 4549 locutum
1061 4501 1137 4549 etiam
1156 4499 1386 4551 stadioWETV:
1412 4498 1488 4549 oium
1509 4500 1575 4548 omni
1597 4499 1764 4559 οηιοὶοΒις

453 4569 528 4620 etima
543 4570 653 4619 monimo
667 4570 747 4622 secato
764 4573 784 4623 a
802 4574 889 4635 (edam
907 4573 945 4624 Cb
963 4576 1030 4626 teste
1047 4573 1205 4636 Gulielmiol3
1231 4575 1305 4625 ettam
1320 4575 1400 4624 studio
1416 4574 1483 4622 onst
1497 4570 1585 4632 itm
1604 4573 1670 4622 omri
1686 4573 1767 4624 otioso

452 4644 533 4696 dudio
549 4641 668 4695 Orelllus.
686 4646 926 4713 (crocodilis.)
944 4675 970 4684 -
989 4655 1013 4699 et
1027 4649 1245 4700 omwelebroodcm
1261 4649 1404 4700 estivo:
1426 4661 1479 4698 om.
1498 4644 1608 4698 nant.
1627 4647 1767 4708 (visendam

453 4720 615 4783 mltum!
630 4720 668 4783 F.)
683 4750 709 4758 -
727 4723 752 4774 8.
771 4737 847 4786 quom
861 4730 889 4775 ut
906 4738 967 4775 cum
980 4724 1023 4776 ed.
1036 4726 1137 4776 Iuntina
1155 4722 1241 4776 bio:
1260 4729 1354 4775 omut
1370 4720 1431 4775 ts.
1445 4748 1474 4759 -
1492 4723 1533 4772 tt.
1550 4721 1677 4773 mittiom
1689 4723 1719 4774 F.
1733 4749 1764 4759 -

455 4793 687 4856 latetmouet.
707 4824 734 4832 -
754 4799 794 4849 lb.
813 4812 914 4851 soom
932 4800 1004 4851 V.-
1023 4801 1064 4851 ⁴7.
1082 4813 1159 4863 quom
1174 4799 1209 4864 ot]
1226 4804 1254 4848 ut
1270 4799 1402 4850 tomF.-
1421 4798 1461 4849 ⁴9.
1480 4796 1692 4848 «fortlostitutos
1707 4809 1764 4862 mg.

454 4865 480 4920 b.
501 4895 527 4904 -
545 4868 587 4918 20.
605 4882 655 4919 sero
671 4870 716 4921 boe
731 4872 800 4923 F.-
818 4875 923 4925 vidimus
939 4887 1002 4926 cum
1018 4873 1165 4925 ed.Aldina
1182 4871 1264 4926 Lsso.
1279 4901 1306 4911 —
1324 4875 1364 4925 2⁴.
1383 4873 1423 4938 oc]
1439 4878 1463 4923 et
1479 4874 1547 4924 F.-
1563 4874 1674 4937 persecto
1688 4872 1762 4924 B.-

453 4942 494 4993 22.
512 4943 718 5005 oqres'ottcotutl
734 4948 875 5012 ΒΗΘ.
893 4950 973 5000 Cotslt'
989 4951 1017 5012 T,
1036 4948 1132 5016 mgi,
1151 4951 1184 5000 0:
1203 4951 1266 5013 oo.
1285 4947 1499 5001 Cautolttbt.
1519 4975 1546 4986 -
1564 4949 1702 4998 uanus.
1720 4962 1767 4999 ce-

454 5023 563 5069 serm
579 5030 631 5069 om.
650 5020 680 5070 v.
700 5046 728 5059 -
747 5023 799 5075 sm
814 5026 882 5077 n-
901 5023 942 5076 sl.
958 5026 1091 5090 cosmoe
1107 5027 1170 5077 nv:
1186 5026 1314 5090 fmus
1329 5022 1468 5076 nasso.
1483 5050 1510 5061 -
1528 5023 1569 5074 ec.
1586 5022 1643 5086 pse
1658 5021 1692 5082 s,
1712 5023 1763 5075 os.

453 5095 485 5144 V·
504 5120 531 5130 -
547 5095 645 5157 coroa
660 5096 681 5147 Ε
697 5097 809 5163 (nonu.
829 5126 856 5137 -
874 5101 1051 5165 caesar·
1070 5102 1111 5152 so.
1128 5101 1270 5151 semeae
1286 5099 1376 5159 siv,
1393 5099 1478 5148 soom
1493 5096 1764 5157 concursiones

455 5170 1156 5241 estGrntero102trttstom.tsdemtltALt.ets.
1176 5176 1215 5227 49.
1235 5203 1263 5213 -
1281 5175 1321 5227 30.
1339 5175 1455 5240 deltam
1469 5174 1498 5224 Τ.
1512 5199 1540 5208 -
1557 5172 1598 5224 33.
1615 5173 1648 5224 tir
1662 5173 1696 5224 'lt
1714 5174 1765 5226 aso

454 5240 700 5305 thtsRAIAEO.
719 5277 746 5289 -
769 5250 1014 5320 3t.oa]ctrat.
1034 5278 1062 5290 -
1086 5248 1765 5318 compossessorem-warmic·
