4367 6109
796 635 870 700 cn.
892 633 1101 700 xn-xrv.
1128 632 1185 720 ss.
1207 631 1364 703 ao-rs.
1700 628 1735 702 u

418 805 594 891 petiturum
608 803 723 879 fuisse,
744 823 799 877 an,
822 823 862 866 ne
876 804 1110 887 appellaturum
1126 806 1254 889 quidem
1269 807 1426 872 biennio?
1457 806 1647 891 Appellandi
1662 813 1741 869 tem·

418 920 480 984 pus
500 917 568 963 non
582 900 671 963 erati
692 899 734 962 At
747 905 851 962 tecum
867 899 939 981 plus
954 917 1072 961 annum
1086 899 1177 962 vixit
1200 901 1236 962 ln
1250 899 1353 964 Gallia
1363 901 1414 983 agi
1428 921 1493 964 non
1507 902 1635 985 potuit?
1655 903 1697 964 At
1710 909 1743 967 et

417 996 452 1060 in
466 995 632 1078 provincia
646 994 696 1056 ius
711 993 885 1067 dicebatur,
907 999 939 1055 et
952 994 1070 1056 Romae
1086 992 1206 1057 iudicia
1219 990 1345 1058 fiebant
1368 997 1486 1070 Restat,
1501 1002 1537 1058 ut
1550 1002 1606 1058 aut
1619 1014 1742 1060 summa

418 1087 612 1173 negligentia
625 1088 682 1152 tibi
697 1087 854 1152 obstiterit
867 1093 923 1150 aut
936 1087 1031 1150 unica
1044 1086 1228 1151 liberalitas.
1252 1089 1284 1151 si
1296 1089 1520 1172 negligentiam
1536 1089 1632 1165 dices,
1648 1090 1742 1152 mira·

417 1183 537 1260 bimur3
552 1182 774 1258 alienitatem,
786 1181 969 1257 ridebimus3
984 1201 1089 1264 neque
1100 1189 1263 1264 praeterea
1272 1182 1350 1267 quid
1359 1185 1463 1266 possis
1474 1185 1589 1259 dicere,
1601 1183 1740 1249 invenio.
1763 1196 1780 1246 e

334 1347 342 1359 ,
420 1276 504 1342 Satis
517 1283 567 1340 est
581 1277 769 1361 argumenti,
790 1276 870 1339 nihil
885 1295 954 1340 esse
969 1276 1110 1340 debitum
1125 1277 1254 1350 Naevio,
1273 1278 1360 1361 quod
1376 1286 1440 1340 tam
1456 1278 1511 1341 diu
1525 1278 1605 1342 nihil
1620 1278 1741 1362 petivit.

502 1374 587 1436 x111.
610 1370 661 1436 42.
683 1374 792 1450 Quint
815 1372 842 1436 si
863 1373 926 1435 boc
948 1373 1070 1455 ipsum,
1093 1370 1180 1454 quod
1195 1391 1279 1435 nunc
1294 1370 1386 1445 facit,
1409 1372 1543 1435 ostendo
1558 1373 1740 1436 testimonio

419 1489 505 1543 esse,
527 1467 607 1530 nibil
629 1469 760 1531 deberi?
782 1467 861 1551 quid
882 1466 968 1530 enim
990 1486 1075 1528 nunc
1098 1466 1168 1547 agit
1187 1465 1259 1527 Ser.
1281 1465 1441 1528 Naevius?
1464 1485 1527 1550 qua
1549 1467 1589 1530 de
1610 1486 1644 1529 re
1665 1484 1742 1529 con·

419 1563 571 1628 troversia
593 1564 665 1625 esti
687 1562 774 1646 qnod
797 1569 846 1624 est
866 1561 928 1624 hoc
949 1559 1119 1631 iudicium,
1142 1559 1176 1620 in
1199 1579 1265 1644 quo
1287 1560 1351 1622 iarn
1372 1559 1537 1623 biennium
1558 1562 1741 1625 versamur?

418 1657 496 1742 quid
518 1656 638 1739 negotii
660 1657 797 1738 geritur,
819 1657 852 1718 in
875 1676 939 1739 quo
961 1655 1016 1718 ille
1039 1661 1086 1717 tot
1108 1661 1140 1716 et
1161 1653 1240 1716 tales
1262 1655 1348 1718 viros
1366 1653 1542 1738 defatigati
1572 1656 1741 1720 Pecuniam
1750 1668 1779 1715 eo

416 1753 507 1836 petit.
535 1752 626 1813 Nunc
642 1750 803 1833 denique?
831 1751 949 1813 Verum
963 1758 1070 1811 tamen
1090 1755 1196 1831 petat:
1219 1748 1395 1812 audiamus.
1424 1746 1475 1812 43.
1497 1752 1544 1813 Dc
1566 1750 1742 1814 rationibus

418 1856 451 1912 et
471 1846 697 1911 controversiis
719 1845 881 1908 societatis
895 1845 965 1907 vult
979 1843 1159 1907 diiudicari.
1191 1844 1283 1918 Sero,
1306 1864 1416 1907 verum
1432 1844 1604 1930 aliquando
1620 1852 1741 1907 tamen:

417 1940 639 2006 concedamus.
660 1971 702 1986 -
724 1941 811 2013 Non,
833 1939 955 2022 inquit,
983 1938 1017 2001 id
1039 1958 1116 2021 ago,
1141 1938 1174 2002 C.
1195 1939 1321 2021 Aquili,
1348 1959 1453 2023 neque
1475 1939 1508 2000 in
1530 1957 1568 2001 eo
1590 1957 1676 2001 nunc
1696 1937 1743 2000 la·

416 2038 506 2100 boro.
549 2034 687 2098 Pecunia
714 2052 784 2097 mea
813 2039 862 2096 tot
888 2052 989 2096 annos
1017 2033 1118 2096 utitur
1150 2035 1183 2095 P.
1206 2033 1387 2110 Quinctius.
1430 2034 1542 2097 Utatur
1563 2051 1655 2095 sane:
1676 2050 1741 2094 non

416 2138 503 2215 peto.
524 2162 567 2176 -
588 2128 673 2205 Quid
695 2128 793 2209 igitur
813 2129 962 2210 pugnas?
1004 2128 1070 2202 An,
1106 2129 1193 2212 quod
1216 2149 1312 2212 saepe
1335 2128 1443 2191 multis
1465 2129 1499 2190 in
1520 2126 1600 2189 locis
1622 2124 1780 2200 dixistine

417 2245 458 2288 ne
482 2225 514 2286 in
536 2223 664 2286 civitate
686 2223 750 2285 sit?
772 2241 812 2285 ne
835 2221 941 2284 locum
963 2241 1073 2297 suum,
1101 2242 1196 2304 quem
1217 2221 1322 2286 adbuc
1343 2222 1569 2286 honestissime
1591 2219 1742 2295 defendit,

418 2317 584 2382 obtineat?
607 2334 648 2378 ne
670 2321 855 2377 numeretur
876 2315 960 2377 inter
980 2315 1097 2379 vivos?
1120 2316 1270 2380 decernat
1285 2317 1324 2380 de
1338 2317 1404 2380 vita
1419 2326 1452 2380 et
1466 2316 1660 2380 ornamentis
1675 2314 1742 2378 suis

417 2412 585 2475 omuibus?
618 2410 703 2493 apud
725 2409 862 2472 iudicem
885 2429 1013 2472 causam
1035 2411 1141 2493 priore
1163 2411 1234 2473 loco
1258 2411 1343 2473 dicat
1365 2419 1412 2485 et,
1444 2430 1513 2473 cam
1535 2431 1607 2473 curn
1629 2408 1742 2483 orarit,

418 2517 484 2572 tum
506 2506 644 2590 denique
668 2523 780 2567 vocem
801 2503 995 2566 accusatoris
1017 2505 1151 2567 audiat?
1195 2504 1303 2580 Quid?
1328 2504 1390 2568 hoc
1412 2525 1478 2588 quo
1500 2504 1659 2588 pertinet?
1702 2503 1743 2566 Ut

417 2603 506 2666 ocius
526 2600 566 2663 ad
588 2607 678 2662 tuum
699 2597 892 2681 pervenias?
924 2599 976 2671 At,
998 2599 1025 2661 si
1047 2599 1080 2660 id
1101 2598 1217 2671 velles,
1239 2599 1442 2682 iampridem
1464 2607 1570 2663 actum
1592 2618 1662 2662 esse
1684 2611 1780 2680 poto

417 2702 508 2759 terat.
551 2690 602 2755 ll.
626 2693 666 2756 Ut
686 2691 870 2754 honestiore
892 2691 1012 2756 iudicio
1035 2693 1242 2756 conflicteret
1278 2694 1319 2757 At
1341 2695 1409 2758 sine
1430 2714 1554 2759 summo
1574 2693 1693 2757 scelere
1708 2693 1741 2756 P.

417 2788 617 2866 Quinctium,
639 2786 858 2869 propinquum
880 2792 985 2862 tuum,
1009 2786 1153 2868 iugulare
1174 2806 1239 2849 non
1258 2795 1360 2870 potes.
1393 2789 1434 2851 Ut
1447 2788 1572 2852 facilius
1587 2787 1742 2852 iudicium

417 2889 483 2951 siti
516 2888 558 2948 At
579 2903 685 2968 neque
708 2882 741 2945 C.
755 2882 903 2965 Aquilius
926 2883 965 2944 de
987 2881 1090 2963 capite
1106 2880 1241 2944 alterius·
1251 2881 1387 2945 libenter
1401 2883 1534 2958 iudicat,
1559 2891 1591 2946 et
1606 2883 1645 2959 Q.
1660 2883 1742 2947 llor-

416 2982 538 3046 tensius
559 2987 669 3043 eontra
690 2983 786 3060 caput
806 2997 872 3039 non
894 2976 1006 3039 didicit
1027 2975 1143 3039 dicere.
1177 2977 1263 3053 Quid
1284 2996 1304 3041 a
1324 2978 1417 3040 nobis
1431 2985 1552 3052 autem,
1574 2977 1608 3040 C.
1622 2976 1742 3061 Aquili,

416 3076 573 3140 maenus
606 3072 777 3137 Pecuniam
799 3071 899 3154 petit:
928 3089 1080 3152 negamus
1109 3070 1227 3133 deberi.
1270 3071 1427 3134 Iudicium
1454 3068 1509 3135 liat
1532 3071 1653 3136 statim:
1676 3083 1779 3133 nonae

417 3187 609 3234 moneamus.
652 3168 692 3231 Ut
714 3165 791 3251 quid
812 3167 999 3249 praetereat
1034 3164 1066 3226 Si
1089 3172 1233 3239 veretur,
1255 3172 1363 3229 utres
1384 3167 1504 3230 iudicio
1525 3166 1609 3229 facto
1631 3171 1742 3248 parata

418 3265 475 3338 sit,
507 3262 681 3325 iudicatum
712 3261 793 3324 solvi
823 3260 901 3323 satis
933 3258 1083 3341 accipiat3
1117 3259 1233 3343 quibus
1255 3279 1275 3323 a
1297 3280 1346 3324 me
1367 3261 1473 3324 verbis
1495 3261 1573 3324 satis
1594 3260 1740 3343 accipiet,

416 3359 516 3421 isdem
536 3357 616 3439 ipse,
639 3354 727 3439 quod
747 3361 839 3437 peto,
862 3354 939 3417 satie
958 3353 1020 3415 det.
1043 3353 1158 3415 Actum
1174 3353 1237 3414 iam
1252 3360 1459 3436 potestesse,
1483 3353 1516 3416 C.
1531 3352 1651 3439 Aquili.
1674 3353 1740 3416 lam

417 3461 450 3516 tu
483 3459 574 3534 potes
603 3449 754 3513 liberatus
776 3448 939 3511 discedere
969 3446 1116 3509 molestia
1144 3466 1244 3530 prope
1274 3448 1375 3510 dicam
1402 3468 1468 3512 non
1495 3449 1618 3512 minore
1645 3466 1740 3532 quam

418 3546 596 3622 Quinctius.
638 3539 690 3604 45.
718 3542 804 3618 Quid
832 3542 971 3624 agimus,
998 3541 1176 3603 Hortensi?
1206 3541 1284 3625 quid
1307 3543 1429 3606 dehac
1451 3543 1639 3606 condicione
1662 3541 1778 3604 dici-eo

417 3641 508 3703 must
540 3640 713 3701 Possumus
735 3634 908 3718 aliquando
932 3633 1086 3716 depositis
1109 3635 1206 3698 armis
1228 3636 1297 3698 sine
1319 3637 1462 3719 periculo
1483 3636 1682 3700 fortunarum
1701 3637 1741 3699 de

416 3753 450 3797 re
470 3732 653 3815 pecuniaria
676 3731 879 3813 disceptaret
921 3729 1093 3792 Possumus
1115 3727 1161 3790 ita
1182 3749 1248 3791 rem
1271 3737 1411 3792 nostram
1432 3731 1598 3814 persequi,
1626 3738 1663 3794 ut
1682 3731 1741 3793 bo-

416 3827 510 3891 minis
531 3825 707 3909 propinqui
729 3831 824 3907 caput
845 3823 1005 3886 incolume
1020 3842 1090 3886 esse
1105 3823 1285 3905 patiamur?
1319 3826 1494 3888 Possumus
1508 3825 1655 3909 petitoris
1668 3845 1741 3908 per·

416 3941 526 3986 sonam
549 3939 680 4003 capere,
702 3918 895 3981 accusatoris
916 3917 1104 4001 deponeret
1122 3950 1164 3963 -
1185 3918 1301 3991 Immo,
1323 3920 1445 4004 inquit,
1467 3921 1523 3984 abs
1545 3928 1576 3983 te
1598 3921 1675 3984 satis
1688 3941 1741 3984 ac·

416 4017 548 4099 cipiam;
571 4034 631 4097 ego
653 4022 760 4077 autern
783 4013 839 4075 tibi
862 4013 938 4076 satis
961 4032 1027 4093 non
1049 4012 1142 4076 dabo.
1159 4045 1200 4059 -
1222 4015 1305 4076 xlv.
1329 4014 1409 4090 Quis
1431 4016 1559 4078 tandem
1572 4015 1666 4078 nobis
1680 4016 1778 4079 istaes

416 4111 485 4172 iura
508 4117 572 4172 tarn
594 4127 697 4192 aequa
719 4107 895 4170 describit?
924 4107 996 4190 quis
1017 4107 1079 4169 hoc
1102 4108 1229 4181 statuit,
1252 4109 1339 4191 quod
1361 4128 1499 4193 aequum
1521 4110 1563 4173 sit
1583 4110 1618 4173 in
1639 4110 1741 4186 Quin·

416 4205 529 4279 ctium,
551 4204 584 4265 id
606 4203 755 4287 iniquum
775 4222 845 4265 esse
860 4202 894 4264 in
909 4203 1084 4266 Naevium?
1099 4235 1141 4248 -
1156 4202 1299 4278 Quinctii
1314 4203 1414 4278 bona,
1435 4205 1557 4288 inquit,
1579 4224 1620 4267 ex
1635 4205 1739 4268 edicto

479 4371 503 4421 ⁴.
521 4368 643 4433 quidem?
665 4366 771 4423 binoto
788 4369 933 4433 appellandi
954 4368 1082 4421 Halmius.
1103 4396 1130 4404 -
1154 4369 1181 4419 2:
1196 4369 1254 4431 plue
1269 4371 1373 4433 oenum]
1390 4384 1457 4422 eaeo
1471 4372 1529 4434 ptos
1545 4385 1560 4422 e
1578 4374 1605 4423 et
1620 4372 1688 4426 ALP.
1709 4399 1737 4410 -·

415 4446 618 4497 atzittoGelle'e.
635 4440 764 4509 ΔΜ·-
781 4438 999 4507 beteegligcntta
1016 4456 1055 4493 ce
1073 4445 1141 4493 etA.
1156 4469 1183 4481 -
1202 4445 1739 4512 mirabunturBGabcdelgblpr.m.)

416 4521 464 4573 iln
482 4523 510 4572 et
524 4523 556 4573 A.
571 4547 598 4556 -
617 4521 642 4571 b.
661 4516 843 4571 munseo
853 4520 884 4570 A.
898 4542 926 4554 -
945 4519 1026 4570 dicere
1039 4521 1119 4581 possis
1129 4519 1154 4568 l.
1170 4546 1197 4554 -
1216 4520 1241 4570 8.
1259 4522 1319 4572 See.
1333 4534 1386 4572 orn.
1399 4522 1425 4571 lr.
1440 4549 1468 4557 -
1487 4524 1527 4572 tt).
1548 4521 1596 4573 eal.
1613 4523 1738 4588 satum?-

414 4592 995 4660 mg.a.-⁴r.oeseeeeeepem1.t.-
1018 4594 1550 4647 tt.uetedtcarissubcdelniln.-
1567 4604 1740 4657 wrumtemeo

415 4672 551 4735 aliquando
570 4669 767 4719 coacedimetk.
788 4694 816 4704 -
838 4668 879 4719 ta.
903 4669 1003 4734 ldlboc
1025 4670 1175 4720 e'deetA.
1196 4697 1223 4705 -
1245 4673 1452 4734 oequenmce‘o
1476 4686 1504 4723 eo
1524 4671 1661 4733 loboroA,
1688 4672 1737 4724 eal.

413 4759 490 4808 seque
506 4747 580 4796 mee
596 4757 662 4794 auec
678 4743 745 4794 leb·
763 4757 816 4808 mg.
835 4743 862 4798 t.
879 4770 907 4782 -
927 4744 967 4796 tl.
985 4743 1022 4809 Ρ.]
1041 4744 1068 4795 C.
1087 4744 1402 4810 Gabcdelgilrlmn
1420 4749 1487 4798 etA.
1508 4775 1536 4784 -
1556 4749 1595 4799 48.
1611 4751 1741 4811 peroraro

414 4835 474 4872 corn
491 4821 638 4871 Hotomano
655 4820 683 4869 ι.
704 4820 790 4870 -sa
810 4821 870 4882 quid
885 4819 953 4870 boc?
969 4834 1019 4882 qao
1031 4820 1162 4883 pertinet?
1178 4822 1230 4871 hl.
1245 4849 1273 4858 -
1291 4824 1332 4873 tt.
1351 4824 1504 4888 amotam
1520 4825 1545 4875 k.
1565 4848 1594 4861 -
1612 4825 1653 4875 22.
1671 4826 1740 4875 tadi·

413 4901 496 4946 cumn
512 4896 561 4945 ek.
582 4921 609 4930 -
628 4895 670 4949 Ἃ.
687 4894 756 4946 cobis
771 4897 801 4945 A.
821 4922 849 4931 -
868 4895 960 4960 cuum]
977 4909 1045 4945 auec
1060 4896 1085 4946 lr.
1107 4922 1135 4931 -
1156 4896 1197 4947 26.
1218 4898 1248 4946 Ut
1263 4899 1323 4960 que'd
1339 4900 1415 4949 PGK
1432 4900 1511 4949 etA:
1537 4900 1659 4961 emetri
1674 4898 1737 4962 PO,

412 4971 532 5034 emuqetd
547 4974 582 5020 ert
598 4972 626 5020 l..
645 4970 719 5021 Cool.
738 4970 772 5021 ad
789 4974 841 5022 Att.
860 4973 884 5033 7,
903 4972 928 5030 7,
941 4971 965 5020 Ἰ.
985 4971 1091 5022 Lobeclr
1107 4971 1140 5022 ed
1158 4972 1238 5035 soph.
1254 4974 1325 5023 Aiac.
1340 4973 1383 5024 ed.
1402 4986 1458 5024 sec.
1471 4988 1498 5038 p.
1512 4974 1568 5024 ⁴07.
1583 5001 1611 5011 -
1629 4974 1671 5024 27.
1683 4988 1740 5025 oer-

412 5045 455 5111 bie]
471 5045 580 5096 rebusl.
595 5070 623 5079 -
637 5045 883 5109 accipietlocee'peret
899 5044 1167 5110 Bebedelprm.)
1181 5047 1336 5110 lghllmn
1354 5051 1422 5099 etA.
1438 5076 1465 5084 -
1484 5049 1526 5099 28.
1545 5049 1740 5110 φωράσω

412 5121 523 5171 mouscin
536 5133 617 5182 prope
633 5133 686 5171 orn.
705 5122 722 5171 i.
743 5145 770 5158 -
789 5121 830 5172 29.
848 5121 968 5170 liberatae
984 5122 1107 5173 discedere
1122 5121 1207 5173 llrn:
1229 5124 1348 5174 liberetur
1364 5125 1457 5175 ducere
1473 5121 1736 5188 PGabcdlgbn,

412 5196 513 5247 libenter
528 5197 652 5247 discedere
668 5210 697 5258 e,
721 5198 845 5248 discedere
860 5197 980 5248 liberatas
995 5197 1110 5251 ΑΗΘ.
1134 5223 1161 5235 -
1184 5200 1225 5250 35.
1249 5200 1293 5250 etot
1314 5202 1375 5251 setis
1390 5214 1441 5250 aon
1456 5197 1519 5249 dubo
1536 5195 1737 5253 Bbcdelbll

413 5283 481 5322 mn:
508 5272 569 5321 setis
590 5270 635 5320 tide·
654 5285 706 5321 eos
725 5271 789 5322 dubo
806 5274 839 5334 G,
865 5271 909 5322 tide·
931 5286 981 5322 noe
997 5272 1269 5327 memmasce
1295 5275 1333 5327 cl.
1351 5289 1379 5340 p.
1398 5274 1490 5329 nescio
1508 5273 1583 5325 Com.
1601 5271 1627 5341 fl.
1644 5272 1687 5331 db·
1706 5300 1735 5318 -·

413 5342 772 5409 ³6.qeeaec]seeeame.
793 5346 1290 5412 -ee'ttnoeeee'emtetqmmeeen
