4367 6109
686 592 757 659 sn.
779 591 834 657 m.
864 591 937 658 ut.
958 590 1198 659 xer-xum
1225 589 1283 678 ss.
1304 586 1495 658 asa-aso.
1698 582 1762 652 sse

443 761 530 824 dices
559 761 810 845 comprobarint,
843 762 887 825 ita
915 764 957 827 44.
977 764 1108 828 Antonii
1137 763 1284 848 exemplo
1305 763 1404 827 istius
1420 760 1585 826 audaciam
1606 756 1762 823 delendis.

443 854 539 919 XCll.
553 850 625 917 444.
640 888 682 903 -
695 856 738 918 At
758 855 842 919 idem
863 855 940 920 lecit
960 857 1123 921 Sacerdos.
1137 889 1180 908 ·-
1193 858 1362 922 Hominem
1376 856 1578 921 innocentem
1594 861 1626 918 et
1640 870 1763 917 summa

442 947 611 1033 prudentia
634 950 812 1032 praeditum
840 950 1002 1026 nominas;
1033 951 1089 1016 sed
1112 959 1179 1015 tum
1200 952 1286 1015 idem
1305 950 1420 1015 iecisse
1441 951 1502 1014 erit
1522 945 1762 1020 existimandus,

441 1043 468 1106 si
489 1040 601 1106 eodem
623 1043 758 1107 oonsilio
778 1042 899 1107 lecerit.
941 1047 1021 1108 Nam
1048 1065 1148 1128 genus
1175 1045 1403 1109 aestimationis
1432 1045 1537 1127 ipsum
1559 1062 1578 1107 a
1599 1063 1650 1106 me
1671 1062 1763 1106 num-

440 1157 535 1221 quam
558 1144 607 1200 est
627 1136 870 1221 reprehensum,
893 1139 949 1201 sed
971 1139 1039 1202 eius
1060 1140 1205 1223 aequitas
1226 1145 1384 1202 aratorum
1407 1138 1574 1200 commodo
1596 1143 1628 1200 et
1649 1135 1786 1198 volun-'t

440 1240 505 1295 tate
531 1231 750 1314 perpenditur.
792 1233 865 1294 Non
892 1239 999 1316 potest
1018 1233 1208 1315 reprehendi
1230 1232 1296 1296 ulla
1316 1231 1511 1306 aestimatio,
1543 1249 1625 1315 quae
1646 1226 1763 1293 aratori

438 1343 506 1388 non
533 1324 630 1388 modo
659 1325 860 1388 incommoda
888 1334 1039 1401 nonest,
1068 1327 1242 1390 sedetiam
1263 1332 1353 1409 34444
1374 1334 1430 1389 est.
1474 1324 1644 1398 Sacerdos,
1672 1320 1763 1385 utin

440 1420 636 1504 provinciam
657 1417 760 1492 venit,
780 1417 974 1482 trumentum
996 1420 1029 1483 in
1051 1420 1163 1484 cellam
1185 1420 1361 1502 imperarit.
1406 1419 1484 1483 Cum
1505 1425 1591 1483 esset
1610 1424 1684 1481 ante
1705 1435 1764 1479 no·

438 1534 513 1578 vum
535 1514 631 1578 tritici
653 1511 779 1576 modius
800 1511 939 1576 denariis
961 1514 1122 1598 quinque,
1150 1515 1333 1596 petiverunt
1353 1513 1393 1576 ab
1416 1532 1454 1577 eo
1476 1514 1633 1586 civitates,
1654 1515 1692 1574 ut
1711 1527 1765 1572 ae-

439 1609 590 1672 stimaret
633 1605 808 1670 Remissior
835 1607 999 1691 aliquanto
1029 1608 1097 1671 eius
1123 1607 1185 1671 luit
1204 1607 1382 1673 aestimatio
1405 1626 1501 1691 quam
1521 1625 1662 1669 annona:
1689 1615 1801 1668 namto

439 1701 618 1765 aestimavit
645 1700 783 1765 denariis
811 1701 864 1763 lll.
908 1702 1005 1765 Vides
1031 1700 1164 1766 eandem
1187 1701 1439 1766 aestimationem
1461 1708 1591 1785 propter
1611 1697 1763 1781 temporis

439 1795 731 1860 dissimilitudinem
760 1795 794 1856 in
815 1794 872 1857 illo
895 1793 999 1858 laudis
1021 1815 1148 1859 causam
1173 1794 1307 1869 hahere,
1336 1794 1370 1858 in
1397 1801 1428 1858 te
1457 1793 1615 1868 criminis,
1644 1793 1678 1855 in
1705 1790 1762 1854 illo

438 1886 602 1964 beneficii,
625 1889 659 1952 in
682 1896 712 1951 te
735 1887 881 1951 iniuriae.
924 1884 996 1952 445.
1017 1890 1137 1953 Eodem
1161 1895 1303 1973 tempore
1318 1889 1476 1953 Antonius
1498 1886 1637 1951 denariis
1651 1885 1696 1947 Ill
1710 1903 1764 1948 ae·

439 1983 579 2047 stimarit
599 1988 674 2066 post
694 2001 829 2045 messem
851 2002 973 2046 summa
993 1984 1027 2046 in
1048 1983 1184 2059 vilitate,
1217 2002 1290 2046 cum
1311 1989 1452 2046 aratores
1472 1981 1666 2045 frumentum
1687 1978 1763 2044 dare

438 2077 536 2159 gratis
564 2076 704 2140 mallent.
746 2077 788 2139 Et
819 2076 923 2141 aiebat
953 2098 988 2142 se
1010 2078 1161 2141 tantidem
1184 2077 1384 2151 aestimasse,
1416 2077 1527 2160 quanti
1550 2072 1763 2149 Sacerdotem,
1772 2075 1801 2133 44

437 2190 542 2255 neque
574 2172 804 2246 mentiebatur;
833 2172 889 2235 sed
916 2171 1026 2235 eadem
1055 2171 1277 2236 aestimatione
1305 2170 1385 2234 alter
1413 2170 1592 2233 sublevarat
1612 2175 1763 2243 aratores,

437 2264 517 2329 alter
538 2272 703 2328 everterat.
747 2265 842 2341 Quod
864 2266 925 2329 nisi
948 2265 1051 2329 omnis
1071 2264 1223 2328 frumenti
1244 2265 1326 2327 ratio
1348 2283 1390 2327 er
1411 2263 1605 2346 temporibus
1627 2268 1711 2325 esset
1731 2266 1765 2324 et

436 2377 579 2434 annona,
602 2378 668 2421 non
691 2378 732 2423 ex
753 2378 886 2422 numero
908 2379 1013 2443 neque
1035 2379 1077 2422 ex
1098 2377 1222 2421 summa
1243 2358 1483 2432 consideranda,
1505 2375 1678 2440 numquam
1698 2361 1763 2418 nm

437 2452 516 2536 grati
537 2452 571 2514 lsi
593 2453 819 2536 sesquimodii‚
851 2453 890 2530 Q.
912 2452 1080 2528 Hortensi,
1105 2452 1257 2526 luissent,
1280 2472 1362 2535 quos
1383 2458 1418 2517 tu
1442 2452 1575 2516 eumad
1596 2469 1763 2514 mensurae

437 2553 501 2609 tam
522 2547 670 2628 exiguam
692 2546 847 2609 sationem
869 2547 990 2630 populo
1012 2547 1155 2609 Romano
1177 2547 1211 2609 in
1234 2547 1339 2628 capita
1361 2545 1600 2629 descripsisses,
1622 2543 1801 2628 gratissi-to

437 2659 523 2703 mum
545 2639 693 2703 omuibus
713 2638 827 2702 fecisti.
865 2640 985 2703 Caritas
1008 2641 1093 2703 enim
1114 2659 1260 2703 annonae
1282 2640 1433 2716 faciebat,
1455 2648 1492 2703 ut
1505 2640 1604 2713 istuc,
1627 2637 1713 2721 quod
1727 2656 1762 2700 ra

436 2753 568 2817 parsum
589 2733 770 2808 videbatur,
791 2741 935 2816 tempore
957 2753 1106 2817 magnum
1120 2734 1290 2797 videretur.
1322 2735 1410 2798 Idem
1431 2734 1514 2798 istuc
1536 2732 1564 2795 si
1585 2732 1620 2794 in
1641 2729 1762 2792 vilitate

436 2828 557 2912 populo
580 2828 721 2890 Romano
743 2827 850 2910 largiri
871 2827 1047 2902 voluisses,
1076 2827 1217 2890 derisum
1239 2834 1329 2891 tuum
1350 2825 1540 2893 heneficium
1561 2834 1646 2890 esset
1666 2831 1763 2909 atque

437 2929 664 3004 contemptum.
706 2921 820 2985 XClll.
849 2916 922 2984 tto.
950 2922 1022 2985 Noli
1050 2921 1146 3004 igitur
1166 2921 1270 2985 dicere
1292 2923 1388 2986 istum
1410 2923 1494 2986 idem
1516 2921 1646 2996 iecisse,
1675 2918 1763 3003 quod

438 3016 659 3090 Sacerdotem,
692 3016 844 3099 quoniam
872 3035 937 3079 nou
966 3016 1078 3079 eodem
1108 3022 1249 3098 tempore
1278 3036 1385 3100 neque
1412 3016 1508 3080 simili
1529 3015 1605 3079 lecit
1625 3027 1800 3079 annonast

435 3109 540 3173 Dicito
569 3108 696 3194 potins,
725 3110 877 3192 quoniam
906 3109 1004 3174 hahes
1025 3117 1189 3174 auctorem
1211 3110 1381 3186 idoneum,
1410 3111 1498 3195 quod
1518 3110 1675 3173 Antonius
1695 3125 1761 3173 uno

435 3203 573 3267 adventu
595 3211 627 3267 et
647 3203 702 3265 vix
724 3204 893 3267 menstruis
916 3204 1044 3267 cibariis
1064 3203 1194 3279 lecerit,
1216 3204 1249 3267 id
1269 3205 1365 3268 istum
1381 3203 1622 3288 pertrienninm
1636 3201 1762 3276 fecisse,

437 3303 469 3360 et
488 3297 580 3360 istius
601 3297 816 3361 innocentiam
837 3299 879 3360 ld.
901 3298 1031 3361 Antonii
1052 3297 1137 3361 lacto
1159 3306 1255 3383 atque
1276 3301 1464 3363 auctoritate
1480 3295 1653 3361 defendite.
1682 3297 1762 3359 Nam

437 3390 477 3453 de
499 3391 597 3455 Sexto
619 3391 749 3474 quidem
772 3391 955 3466 Peducaeo,
977 3391 1150 3456 fortissimo
1173 3400 1270 3477 atque
1291 3393 1551 3457 innocentissimo
1573 3391 1660 3466 viro,
1683 3389 1762 3475 quid

436 3483 568 3548 dicetis?
591 3484 631 3549 de
653 3504 718 3569 quo
740 3486 813 3571 quis
835 3505 988 3571 umquam
1008 3493 1114 3551 arator
1135 3493 1267 3570 questus
1290 3490 1360 3550 esti
1382 3493 1438 3550 aut
1458 3486 1531 3571 quis
1552 3504 1617 3547 non
1638 3485 1679 3548 ad
1700 3483 1799 3548 hocas

437 3802 484 3853 tt:
503 3814 561 3853 essu
575 3805 676 3853 matus
686 3802 843 3865 4444444344
859 3802 887 3853 a.
901 3815 992 3866 44444
1007 3802 1222 3868 eotuprodcoertm
1238 3802 1340 3868 legitor.
1365 3804 1458 3869 ltaque
1474 3804 1567 3855 todtosa
1577 3802 1761 3869 explicandum

435 3878 565 3929 arbitror:
583 3878 658 3940 queat
671 3877 764 3928 ludices
778 3878 806 3928 44
822 3891 901 3928 cosso
916 3880 951 3930 44.
969 3879 1070 3930 ,4444444
1085 3880 1202 3930 udonem
1231 3879 1336 3930 Codicis
1353 3880 1421 3943 4344
1438 3879 1597 3945 scripturam
1614 3879 1761 3945 azumptlo

436 3956 572 4018 receptam
587 3954 731 4018 propterea
747 3951 883 4017 improbo,
905 3953 978 4017 quod
1000 3957 1055 4004 tres
1076 3952 1135 4005 illae
1152 3956 1298 4019 potestates
1315 3953 1376 4005 alibi
1393 3956 1432 4006 sic
1448 3957 1553 4005 iunctae
1570 3968 1623 4006 non
1640 3968 1762 4006 comme·

435 4030 581 4080 morantur.
596 4026 636 4091 [V.
655 4029 684 4077 ut
694 4027 808 4078 Brunnio
821 4027 935 4088 videtur,
948 4030 987 4080 sie
998 4028 1095 4079 habet:
1112 4030 1257 4080 SENATVS
1271 4030 1411 4080 POPVLVS
1425 4031 1492 4081 [VD.
1506 4030 1759 4090 comedissem&

435 4102 556 4154 firmatur
581 4103 658 4167 igitur
678 4100 756 4153 lectio
778 4117 793 4154 a
814 4105 935 4169 Zumptio
951 4117 984 4156 es
1007 4105 1067 4156 cod.
1085 4106 1148 4170 443.
1166 4104 1198 4157 44
1220 4104 1348 4170 recepta]
1368 4133 1396 4143 -
1415 4106 1440 4157 4.
1457 4107 1494 4157 ll.
1511 4107 1579 4172 sss]
1596 4118 1761 4172 praenomen

434 4178 537 4244 primns
554 4191 587 4228 er
603 4179 634 4229 N.
653 4179 756 4243 recepit
772 4179 862 4243 Steph.
882 4180 925 4242 (44.
943 4180 1033 4231 444444
1049 4181 1091 4244 V.)
1114 4208 1141 4218 -
1168 4182 1193 4231 4.
1212 4180 1247 4230 od
1262 4180 1328 4229 s'deos
1343 4180 1374 4230 V.
1398 4207 1426 4218 -
1453 4181 1480 4232 c.
1498 4181 1621 4231 Sacerdos
1636 4178 1670 4230 al.
1689 4178 1760 4244 apud

435 4250 528 4304 44444).
546 4253 572 4301 44
590 4264 674 4316 marg.
694 4251 767 4304 4494.
788 4282 815 4291 -
834 4253 858 4304 3.
877 4260 961 4306 tomes
976 4256 1042 4306 idesu
1057 4255 1140 4319 4344;
1162 4260 1190 4305 tu
1205 4258 1271 4306 idem
1287 4258 1429 4308 llardanus
1445 4256 1553 4323 Capella
1569 4271 1595 4322 p.
1613 4255 1670 4309 484.
1689 4258 1760 4308 Grot.

436 4327 471 4393 (ρ.
489 4326 545 4378 tao.
564 4326 606 4378 eo.
625 4327 719 4393 sono-l
739 4354 766 4364 -
794 4329 981 4381 occimense
997 4332 1025 4380 et
1041 4329 1138 4382 uernae
1154 4331 1262 4394 [seme
1277 4332 1307 4381 v.
1328 4332 1389 4395 pr.)
1409 4359 1437 4370 -
1463 4333 1487 4383 s.
1505 4334 1551 4383 44
1566 4339 1626 4383 scs.
1644 4347 1682 4395 φ;
1708 4331 1763 4382 uso

435 4403 595 4453 «4444444444
611 4403 641 4453 V.
662 4403 723 4467 (444.)
750 4429 777 4439 -
805 4404 829 4455 ’4.
847 4419 898 4455 son
919 4408 979 4455 ante
1001 4406 1074 4456 modo
1091 4418 1146 4456 om.
1165 4405 1229 4457 dett.
1249 4408 1326 4470 4433.
1354 4432 1382 4444 -
1409 4407 1434 4456 9.
1452 4407 1564 4459 deuorato
1579 4407 1694 4472 potoque]
1718 4407 1765 4458 XV

435 4475 505 4542 4344
522 4477 579 4542 (pro
594 4477 631 4538 X,
650 4479 667 4528 l.
681 4491 705 4528 e.
725 4477 849 4541 denariis,
870 4481 918 4544 V);
937 4481 1038 4532 deuotis
1052 4495 1115 4532 4444
1131 4482 1186 4544 (ste)
1198 4483 1234 4542 V;
1252 4482 1336 4531 SSXV
1349 4479 1391 4531 vel
1408 4482 1504 4532 HSXV
1518 4481 1597 4534 codd.
1615 4481 1719 4546 reliqui.
1732 4509 1759 4521 -

432 4552 557 4616 pettam
573 4551 606 4602 od
621 4565 649 4604 eo
667 4554 727 4616 (non
743 4555 835 4617 eodem)
852 4556 965 4605 etottotss
979 4561 1007 4606 ut
1024 4563 1175 4608 sestmnoret
1190 4557 1222 4608 V.
1248 4582 1276 4594 -
1304 4557 1344 4608 40.
1362 4570 1479 4607 4444444
1494 4557 1563 4621 4344
1575 4560 1609 4618 Νς
1635 4569 1763 4608 ossam

435 4627 466 4684 V,
485 4626 534 4677 sed
550 4639 576 4676 m
594 4631 734 4692 expuncta.
749 4655 776 4665 -
796 4631 836 4680 44.
850 4631 998 4696 4444444444]
1015 4632 1156 4682 aestimatio
1166 4632 1197 4682 V.
1212 4659 1240 4669 -
1258 4633 1359 4682 44444444
1374 4632 1461 4692 111v3
1478 4633 1509 4683 Χ.
1521 4635 1558 4684 444
1571 4633 1640 4698 4344
1651 4635 1686 4694 N,
1704 4632 1760 4693 alil3

435 4703 472 4753 111
486 4702 567 4766 4349;
585 4702 643 4752 Xlll
658 4703 673 4752 6
690 4705 768 4768 4433.
787 4703 852 4755 dett.
870 4733 897 4744 -
917 4706 957 4756 43.
976 4708 1093 4773 umporo]
1106 4705 1149 4770 p's‘.
1167 4707 1236 4771 4349
1246 4705 1291 4767 44;
1310 4713 1418 4770 tempore
1431 4710 1594 4770 3444444444
1612 4709 1710 4773 filans?
1726 4705 1761 4757 ds

435 4779 513 4842 4433.
531 4778 573 4828 49.
591 4775 632 4828 44.
651 4782 724 4830 certe
742 4778 812 4843 apud
829 4781 979 4847 Zumptiom
997 4786 1114 4833 erratum
1132 4784 1191 4845 est].
1212 4809 1239 4820 -
1266 4783 1321 4832 des.
1339 4782 1383 4847 441]
1398 4783 1428 4832 X
1441 4783 1484 4832 111.
1502 4783 1584 4846 4344;
1602 4785 1640 4834 414
1653 4783 1763 4834 motis

435 4854 456 4904 0
474 4855 500 4903 et
515 4850 604 4916 vulgo.
625 4881 652 4890 -
680 4853 719 4906 44.
738 4856 844 4906 ulilitate
860 4856 939 4920 4344.
960 4884 987 4893 -
1014 4859 1097 4922 protis
1112 4859 1175 4909 dore
1190 4857 1255 4909 dett.
1275 4883 1303 4895 -
1325 4858 1366 4907 45.
1382 4858 1486 4909 mollem
1501 4858 1570 4922 4344
1580 4871 1619 4920 φτ
1636 4857 1763 4908 mom

434 4926 491 4979 rell.
510 4927 539 4978 0.
559 4954 588 4967 -
616 4929 656 4980 46.
674 4931 761 4981 eodem
778 4931 861 4995 Lgltt
885 4933 973 4983 eodem
987 4934 1037 4983 isto
1052 4932 1109 4985 rell.
1128 4932 1157 4984 0.
1178 4960 1204 4971 -
1230 4933 1270 4982 44.
1289 4931 1363 4997 quod]
1384 4935 1445 4995 quio
1460 4933 1539 4998 4344.
1560 4960 1587 4971 -
1610 4946 1644 4982 co
1659 4944 1762 4982 444444

435 5003 513 5069 4344.
533 5031 561 5041 -
588 5003 629 5056 49.
647 5006 728 5070 protis
744 5005 852 5071 (prom
867 5008 907 5071 49)
925 5009 1085 5071 usquemods't
1102 5007 1170 5072 4349
1181 5007 1214 5060 44
1230 5007 1386 5073 (4344444444
1401 5010 1417 5060 t
1434 5011 1513 5074 4433.
1531 5007 1598 5072 rell.)
1618 5037 1646 5047 -
1664 5009 1706 5058 44.
1717 5007 1762 5072 44-

435 5079 470 5129 ctt
484 5084 512 5129 ut
527 5080 594 5129 istud
609 5080 686 5144 4344.
708 5107 736 5119 -
758 5093 787 5132 ro
802 5094 855 5133 om.
874 5081 955 5133 idem.
976 5106 1004 5120 -
1028 5085 1069 5134 44.
1085 5096 1197 5146 pensons
1213 5083 1295 5147 4349;
1315 5097 1411 5146 pom
1427 5082 1468 5135 44.
1490 5111 1517 5122 -
1534 5085 1633 5134 otdetor
1648 5081 1761 5146 434944

436 5154 495 5204 ΑΒ.
515 5155 604 5218 [ilecto
622 5155 733 5222 utique]
759 5181 788 5192 -
813 5161 887 5220 tsusp.
904 5170 939 5207 m.
956 5159 1035 5208 uider.
1053 5171 1107 5209 om.
1128 5157 1204 5222 4344.
1226 5185 1253 5197 -
1272 5159 1336 5209 istuc
1350 5159 1378 5208 44
1393 5159 1501 5209 utititas
1516 5157 1597 5208 idem.
1618 5184 1645 5196 ·-
1663 5158 1704 5208 444.
1717 5170 1761 5208 so-

436 5229 492 5280 dem
507 5229 594 5295 Lgta:
612 5243 640 5282 so
656 5231 713 5283 rell.
733 5259 762 5274 -
779 5231 858 5283 4444444
874 5232 951 5297 4344.
972 5259 1000 5270 -
1019 5245 1122 5283 ossone
1138 5232 1207 5297 4344
1218 5234 1254 5284 N:
1273 5246 1340 5283 4444
1356 5231 1412 5284 rell
1431 5260 1459 5270 -
1476 5234 1517 5284 44.
1535 5231 1566 5297 et]
1583 5245 1617 5283 eo
1631 5230 1710 5296 4344.
1730 5257 1758 5270 -

433 5304 526 5356 4444444
541 5303 622 5358 idem.
643 5335 671 5348 -
689 5307 730 5361 48.
747 5307 900 5360 mumulus
915 5306 997 5362 ldem.
1016 5334 1045 5347 -
1063 5307 1105 5362 39.
1123 5308 1207 5361 msto
1222 5306 1252 5370 l,
1269 5309 1308 5363 u:
1326 5308 1409 5359 44444444
1424 5305 1481 5362 rell.
