4367 6109
460 571 522 640 356
830 574 872 640 lli
892 573 1059 640 VERREM
1078 572 1201 639 serlo
1224 570 1408 639 SECUNDA

336 734 340 745 ’
458 745 606 810 indicium
628 742 781 818 dedisset,
807 742 901 806 buius
921 743 969 819 vi,
999 743 1117 807 scelere
1145 743 1343 827 imperioque
1369 760 1439 806 esse
1460 739 1651 805 sublatum:¹
1669 735 1727 822 qui
1748 740 1786 799 ut

458 841 595 924 primum
622 838 655 901 in
682 836 761 900 illud
790 837 938 921 oppidum
968 837 1071 913 venit,
1098 837 1218 912 statim,
1245 844 1404 919 tamquam
1431 835 1473 899 ita
1499 830 1567 897 lieri
1588 853 1656 897 non
1679 829 1786 895 solum

458 940 633 1017 oporteret,
656 929 712 994 sed
735 931 826 995 etiam
847 950 976 993 necesse
991 936 1090 1005 esset,
1114 938 1271 1015 tamquam
1290 929 1351 992 boc
1372 937 1500 993 senatus
1521 927 1705 991 mandas'set
1726 943 1787 1008 po-

457 1027 615 1110 pulusque
647 1025 804 1088 Romanus
834 1025 991 1100 iussisset,
1022 1025 1067 1089 ita
1098 1024 1260 1098 continuo,
1292 1025 1415 1105 signnm
1442 1031 1478 1086 ut
1498 1021 1730 1085 demolirentur
1751 1023 1786 1081 et

435 1121 633 1185 lldessanam
655 1119 872 1203 deportarent,
895 1119 1067 1204 imperavit.
1110 1115 1161 1179 85.
1184 1117 1277 1192 Quod
1299 1117 1468 1192 cumillis,
1493 1117 1546 1199 qui
1561 1114 1710 1187 aderant,
1734 1111 1786 1174 in·

458 1211 602 1295 dignum,
625 1210 679 1295 qni
700 1210 884 1287 audiebant,
906 1210 1089 1276 incredibile
1106 1211 1282 1285 videretur,
1304 1232 1366 1274 non
1390 1219 1438 1274 est
1458 1212 1496 1275 ab
1517 1211 1577 1274 isto
1599 1208 1703 1293 primo
1726 1204 1785 1268 illo

456 1304 593 1369 adventu
614 1313 858 1388 perseveratum.
892 1304 1065 1369 Discedens
1087 1303 1213 1367 mandat
1234 1324 1385 1388 proagoro
1409 1306 1557 1388 Sopatro,
1579 1303 1668 1366 ouius
1683 1298 1786 1365 verba

455 1399 604 1473 audistis,
626 1406 660 1463 ut
681 1398 888 1462 demoliatur.
911 1421 981 1463 cum
1002 1405 1177 1471 recusaret,
1199 1396 1401 1460 vehementer
1421 1400 1555 1461 minatur
1573 1395 1727 1459 etstatim
1743 1409 1786 1455 ex

455 1492 511 1556 illo
533 1491 649 1576 oppido
670 1493 887 1583 proficiscitur.
930 1493 1037 1556 Refert
1057 1513 1123 1554 rem
1144 1491 1197 1554 ille
1220 1490 1259 1553 ad
1282 1498 1441 1565 senatum,
1462 1490 1666 1553 vehementer
1686 1485 1787 1551 undi-

420 1590 448 1637 ⁴⁰
457 1606 519 1670 que
550 1586 748 1650 reclamatur.
790 1589 837 1650 Ne
871 1588 987 1650 multa.
1016 1588 1128 1649 iterum
1157 1585 1217 1647 iste
1240 1583 1279 1646 ad
1308 1585 1379 1647 illos
1401 1584 1562 1665 aliquanto
1583 1588 1655 1667 post
1676 1578 1785 1653 venit,

456 1679 578 1763 quaerit
608 1681 758 1743 continuo
791 1680 830 1744 de
861 1681 962 1763 signo.
1001 1678 1223 1788 Respondetur
1254 1678 1283 1740 ei
1316 1686 1459 1740 senatum
1488 1698 1551 1741 non
1579 1674 1785 1759 permittere,

454 1792 590 1856 poenam
611 1773 723 1855 capitis
745 1774 960 1847 constitutam,
983 1775 1009 1837 si
1030 1773 1153 1836 iniussu
1169 1780 1295 1835 senatus
1310 1771 1476 1855 quisquam
1492 1771 1662 1852 attigisset.
1684 1765 1787 1832 simul

455 1867 565 1949 religio
586 1876 856 1931 commemoratur.
893 1870 972 1931 Tum
994 1869 1075 1930 iste:
1100 1886 1213 1949 uquam
1236 1864 1311 1927 mibi
1330 1864 1515 1946 religionem
1528 1867 1659 1927 narras?
1683 1880 1786 1947 quam

454 1962 609 2044 poenam?
631 1980 725 2043 quem
747 1965 910 2025 senatum?
941 1962 1046 2025 vivum
1068 1970 1099 2025 te
1122 1980 1186 2023 non
1208 1959 1403 2042 relinquam:
1426 1959 1560 2022 moriere
1580 1957 1696 2041 virgis,
1718 1954 1785 2018 nisi

418 2053 533 2119 umbi
564 2053 689 2136 signum
722 2054 882 2118 traditur.»
929 2055 1061 2137 Sopater
1086 2057 1199 2119 iterum
1229 2054 1309 2116 flens
1337 2053 1377 2115 ad
1406 2060 1549 2116 senatum
1578 2072 1644 2115 rem
1666 2047 1785 2122 defert,

455 2145 548 2210 istius
579 2146 782 2229 cupiditatem
814 2151 978 2233 minasque
1011 2149 1213 2212 demonstrat.
1257 2148 1391 2210 Senatus
1424 2147 1558 2229 Sopatro
1590 2164 1784 2228 responsum

454 2239 577 2303 nullum
599 2238 667 2314 dat,
689 2239 746 2303 sed
769 2249 943 2305 commotus
963 2244 1225 2327 perturbatusque
1241 2240 1382 2304 discedit.
1417 2239 1476 2303 llle
1497 2241 1651 2324 praetoris
1674 2256 1785 2300 arces-

455 2333 532 2396 situs
561 2333 674 2397 nuntio
695 2354 762 2397 rem
784 2333 992 2400 demonstrat:
1021 2344 1116 2419 negat
1136 2335 1203 2398 ullo
1227 2334 1323 2399 modo
1345 2332 1413 2397 fieri
1438 2354 1541 2420 posse.
1583 2333 1650 2394 XL.
1672 2331 1784 2415 Atque

453 2425 533 2490 baec
554 2424 645 2508 (nibil
667 2428 751 2491 enim
772 2428 1081 2512 praetermittendum
1103 2429 1143 2493 de
1164 2430 1254 2492 istius
1275 2428 1473 2510 impudentia
1485 2423 1619 2508 videtur)
1641 2424 1785 2507 ageban-

417 2526 505 2583 aotur
530 2520 564 2583 in
593 2530 750 2585 conventu
771 2522 889 2607 palam,
919 2524 958 2586 de
980 2524 1057 2587 sella
1079 2543 1115 2586 ao
1137 2521 1270 2586 deloco
1292 2523 1464 2604 superiore.
1507 2519 1558 2583 86.
1579 2521 1656 2584 Erat
1676 2517 1784 2581 biems

455 2631 589 2687 summa,
611 2620 797 2698 tempestas,
819 2623 854 2678 ut
876 2617 979 2698 ipsum
995 2618 1163 2699 Sopatrum
1179 2615 1283 2680 dicere
1299 2616 1446 2690 audistis,
1469 2613 1657 2699 perfrigida,
1679 2611 1786 2675 imber

454 2707 624 2783 maximus,
655 2728 726 2771 cum
748 2710 807 2773 iste
830 2710 963 2794 imperat
982 2710 1158 2784 lictoribus,
1189 2718 1222 2773 ut
1244 2712 1410 2791 Sopatrum
1433 2709 1473 2773 de
1497 2707 1638 2793 porticu,
1660 2707 1694 2769 in
1717 2724 1785 2790 qua

454 2798 522 2881 ipse
545 2799 688 2876 sedebat,
709 2804 912 2886 praecipitem
935 2805 968 2865 in
988 2804 1092 2879 sorum
1108 2805 1257 2868 deiiciant
1278 2805 1461 2888 nudumque
1483 2802 1686 2867 constituant.
1717 2799 1785 2862 vix

455 2900 522 2956 erat
547 2893 607 2958 boc
633 2895 727 2980 plane
755 2897 957 2980 imperatum,
986 2919 1056 2960 curn
1082 2899 1171 2961 illurn
1193 2898 1361 2980 spoliatum
1384 2899 1594 2981 stipatumque
1616 2895 1783 2959 lictoribus

416 2985 587 3051 atrideres.
633 2988 749 3052 Omnes
780 2990 813 3052 id
840 2991 909 3054 fore
930 2992 1099 3074 putabant,
1128 3000 1162 3053 ut
1182 2993 1278 3055 miser
1299 2999 1393 3074 atque
1415 2992 1567 3054 innocens
1589 2991 1686 3072 virgis
1708 3007 1782 3052 cae·

455 3078 593 3144 deretur.
635 3083 759 3148 Fefellit
785 3085 839 3149 bic
867 3086 1011 3148 homines
1041 3086 1160 3169 opinio.
1203 3086 1308 3168 Virgis
1338 3089 1397 3148 iste
1425 3086 1570 3148 caederet
1591 3085 1660 3147 sine
1684 3102 1783 3146 causa

454 3175 575 3238 socium
596 3178 707 3260 populi
728 3180 859 3243 Romani
882 3188 978 3263 atque
1001 3179 1161 3242 amicum‘t
1191 3182 1262 3242 Non
1276 3200 1378 3261 usque
1394 3200 1432 3242 eo
1449 3187 1496 3242 est
1509 3178 1691 3263 improbus:
1714 3196 1781 3241 non

455 3270 561 3332 omnia
581 3279 656 3334 sunt
676 3272 710 3335 in
730 3293 795 3336 uno
817 3274 908 3337 vitia:
931 3293 1102 3357 numquam
1123 3272 1183 3337 fuit
1204 3273 1350 3337 erudelis.
1382 3273 1509 3335 Leniter
1529 3272 1691 3336 hominem
1716 3271 1781 3335 cle·

454 3371 640 3447 menterque
668 3369 799 3451 accepit.
842 3369 1013 3451 Equestres
1041 3375 1116 3432 sunt
1136 3368 1240 3431 medio
1262 3369 1295 3430 in
1315 3367 1383 3430 loro
1404 3367 1622 3430 Marcellorum
1645 3372 1780 3439 statuae,

417 3455 536 3520 sesicut
556 3456 623 3522 fere
645 3460 759 3523 ceteris
780 3462 815 3523 in
838 3463 965 3545 oppidis
987 3462 1132 3537 Siciliae;
1155 3482 1196 3525 ex
1218 3462 1332 3546 quibus
1354 3463 1414 3524 iste
1438 3462 1471 3524 C.
1486 3460 1627 3524 Marcelli
1642 3465 1782 3522 statuam

455 3550 589 3634 delegit,
611 3554 700 3617 cuius
723 3551 827 3620 officia
847 3557 879 3618 in
901 3557 987 3621 illam
1002 3557 1160 3620 civitatem
1178 3564 1336 3639 totamque
1352 3555 1546 3637 provinciam
1560 3553 1782 3616 recentissima

454 3651 544 3708 erant
565 3654 597 3709 et
617 3649 764 3712 maxima.
806 3651 844 3711 In
866 3669 903 3713 ea
925 3651 1108 3733 Sopatrum,
1138 3650 1297 3713 bominem
1325 3670 1397 3712 cum
1419 3649 1505 3712 domi
1526 3649 1683 3723 nobilem,
1712 3653 1781 3709 tum

454 3756 576 3802 summo
598 3741 783 3824 magistratu
803 3744 997 3828 praeditum,
1019 3745 1182 3809 divaricari
1203 3764 1240 3808 ac
1262 3744 1395 3827 deligari
1416 3743 1514 3806 iubet.
1549 3739 1601 3804 87.
1620 3742 1692 3819 Quo
1708 3760 1781 3803 cru·

454 3830 537 3893 oiatu
563 3832 604 3894 sit
634 3835 780 3912 allectus,
815 3839 921 3901 venire
947 3840 981 3901 in
1009 3846 1145 3903 mentem
1173 3858 1303 3902 necesse
1333 3845 1382 3901 est
1403 3836 1566 3909 omnibus,
1601 3855 1674 3898 cum
1696 3838 1781 3896 esset

416 3923 576 3991 evinctus
606 3926 710 3992 nudus
738 3931 772 3992 in
800 3937 889 4007 a‘e‘re,
917 3934 951 3996 in
981 3933 1088 4008 imbri,
1117 3934 1150 3996 in
1179 3932 1306 4015 frigore.
1348 3934 1460 4013 Neque
1482 3937 1588 3992 tamen
1609 3927 1683 3991 finis
1703 3925 1782 3989 huic

453 4016 588 4083 iniuriae
616 4021 856 4107 crudelitatique
882 4021 993 4100 fiebat,
1025 4026 1127 4089 donee
1154 4025 1291 4110 populus
1314 4033 1408 4110 atque
1429 4024 1577 4088 universa
1597 4018 1780 4096 multitudo,

520 4318 545 4368 4.
563 4318 684 4370 indutum
699 4323 768 4371 coni.
784 4322 855 4373 Bake
872 4337 898 4388 p.
911 4325 952 4374 46.
968 4351 995 4360 -
1014 4325 1038 4375 3.
1053 4318 1246 4388 populerunt
1262 4327 1286 4375 2.
1302 4351 1329 4361 -
1348 4327 1372 4376 6.
1390 4326 1432 4375 4444
1446 4325 1530 4388 primo
1540 4322 1618 4387 4349.
1633 4343 1661 4358 -·
1680 4320 1705 4372 7.
1714 4333 1780 4384 ρω-

454 4403 519 4455 ogro
535 4392 617 4452 4464;
636 4407 760 4459 peragret
777 4399 822 4446 64.
848 4424 875 4434 -
900 4399 925 4449 8.
944 4404 967 4448 44
982 4400 1066 4449 statim
1083 4397 1174 4451 44464
1190 4401 1219 4449 4(
1243 4405 1268 4450 44
1288 4401 1383 4464 facttum
1400 4401 1461 4460 Ld.;
1485 4401 1523 4450 ito
1546 4405 1598 4449 444(
1614 4397 1679 4448 dett.
1699 4397 1728 4446 0.
1749 4421 1780 4434 -

455 4465 480 4517 9.
497 4465 544 4529 444.
561 4480 615 4517 rem
630 4469 671 4520 4444
689 4468 780 4521 44464
801 4471 865 4522 Ld.:
885 4474 931 4537 res.
950 4487 1003 4523 rem
1019 4488 1068 4525 esse
1085 4477 1136 4535 64;
1162 4476 1208 4538 ref.
1227 4489 1281 4525 rem
1298 4477 1359 4539 (orn.
1377 4476 1424 4537 44444
1443 4476 1523 4538 4349;
1544 4484 1688 4537 proagorasa
1702 4470 1782 4534 444444

453 4553 509 4590 rem
525 4541 589 4592 dett.
608 4544 637 4593 0.
658 4571 686 4581 -
705 4547 746 4596 40.
764 4546 824 4608 olio.
839 4550 945 4609 posted
961 4551 1015 4599 4444(
1031 4552 1122 4600 contra
1140 4548 1218 4600 codd.
1237 4551 1266 4600 0.
1287 4577 1314 4585 —
1333 4551 1373 4600 444.
1391 4550 1452 4598 mitt
1468 4561 1521 4598 om.
1541 4547 1606 4598 dett.
1625 4549 1654 4598 0.
1674 4573 1704 4584 -
1722 4551 1782 4596 tra·

978 4631 993 4665 o

456 4671 539 4722 eom
556 4674 591 4733 a;
609 4675 729 4726 crocatur
744 4677 822 4741 ngsa.
838 4708 865 4715 -
883 4682 1244 4746 compassionum:
1262 4682 1360 4745 sacras
1376 4682 1408 4730 ci
1423 4681 1448 4729 a.
1464 4705 1490 4714 -
1509 4692 1563 4729 sam
1577 4679 1727 4743 esaiam
1742 4680 1778 4730 c:

456 4747 532 4813 444444
547 4762 601 4799 rein
618 4751 654 4800 64
670 4750 734 4811 Ld.;
760 4753 836 4816 refert
856 4756 909 4817 434
926 4769 962 4807 m.
980 4769 1021 4820 pr.
1041 4757 1067 4806 et
1086 4756 1132 4815 49;
1154 4770 1208 4806 reru
1224 4770 1277 4807 om.
1297 4755 1361 4805 dett.
1381 4756 1409 4805 0.
1431 4781 1458 4791 -
1477 4755 1517 4804 47.
1536 4768 1553 4803 a
1566 4754 1693 4817 44444444(
1709 4751 1780 4817 Mi),

451 4822 517 4875 cod.
536 4824 595 4875 liet.
616 4851 643 4861 ·-
662 4828 795 4877 accercitus
812 4828 875 4879 dett.
891 4857 918 4866 -
937 4831 977 4882 48.
992 4844 1063 4894 posse
1077 4832 1134 4895 44444
1149 4832 1227 4894 4344.
1242 4859 1270 4870 -
1289 4832 1329 4882 49.
1347 4833 1433 4893 inpnd.
1446 4832 1475 4881 44.
1491 4855 1518 4868 -
1537 4833 1578 4883 40.
1596 4833 1689 4894 temps
1703 4832 1734 4884 44.
1750 4858 1778 4868 -

450 4896 498 4969 44.
512 4898 591 4961 ploce
606 4900 657 4951 443(
677 4901 755 4964 plane
770 4903 846 4952 etiam
864 4903 928 4954 dett.
947 4907 1024 4956 0.-
997 4907 1162 4968 -atipntum
1178 4908 1305 4970 Lg29.-
1276 4908 1364 4958 -45,
1383 4908 1409 4956 id
1423 4907 1478 4970 sore
1493 4904 1574 4958 443λε
1593 4908 1647 4959 ideo
1664 4906 1729 4957 dett.
1748 4906 1778 4956 0.

460 4973 547 5024 -.44
565 4974 763 5040 4444446433(
785 4978 982 5042 4444434444,
1001 4979 1058 5030 rell.
1077 4982 1154 5031 0.—
1172 4982 1213 5032 44
1231 4987 1266 5032 est
1282 4996 1335 5032 om.
1354 4984 1431 5046 4433.
1452 4981 1563 5032 dett-
1581 4982 1622 5034 48.
1641 4984 1712 5032 ineo
1728 4994 1781 5031 acro

457 5046 572 5100 detto.
596 5047 635 5099 Cl.
653 5049 739 5102 Madv.
758 5065 784 5116 p.
803 5052 892 5103 34-
910 5055 951 5104 49.
969 5056 997 5104 io
1011 5057 1091 5106 medio
1109 5058 1187 5121 Lagg.
1206 5057 1319 5108 (4444-
1338 5057 1377 5108 30.
1396 5058 1468 5107 (44444
1484 5057 1678 5120 744330.-
1651 5055 1739 5106 -34,
1752 5056 1781 5105 in

456 5118 619 5173 4444444444
634 5127 878 5189 totoqaaproemcro
895 5127 1006 5178 dett
1025 5129 1066 5180 34.
1084 5133 1192 5192 moult,
1210 5129 1240 5193 λ,
1259 5133 1343 5196 4349(
1367 5137 1419 5181 turn
1436 5132 1472 5183 63
1490 5131 1555 5181 dett
1574 5132 1650 5181 0.-
1668 5132 1779 5182 (4444444

459 5196 497 5246 64
511 5194 576 5259 Ld.;
599 5209 652 5249 om.
671 5200 765 5249 Gt.-
784 5201 824 5252 33.
842 5202 945 5268 wiuari
959 5201 1036 5264 4434;
1062 5206 1172 5271 44443444
1187 5207 1313 5271 4344-
1337 5206 1378 5260 34.
1396 5207 1599 5272 4444444444.
1571 5207 1657 5260 -·.33
1674 5208 1703 5258 io
1718 5206 1781 5259 olto

458 5269 876 5339 mompsuesteno·
895 5277 1173 5346 36.44((44().,.634
