4367 6109
452 566 514 633 l80
804 645 806 650 Ι
825 570 868 634 ΙΝ
888 568 1055 634 VERREM
1075 567 1200 633 ACTIO
1223 568 1406 633 SECUNDA

451 740 553 803 simile
575 738 782 813 Graecorum,
811 737 898 801 nulla
920 738 1058 811 desidia,
1086 738 1175 801 nulla
1195 738 1353 812 luxuries3
1382 743 1492 799 contra
1520 755 1662 798 summus
1681 733 1773 798 labor

451 835 485 897 in
506 833 640 916 publicis
662 832 856 914 privatisque
878 831 989 906 rebus,
1012 852 1135 895 summa
1156 832 1361 914 parsimonia,
1384 850 1508 894 summa
1521 829 1691 911 diligentia.
1718 829 1771 891 Sic

450 948 545 1010 porro
575 933 701 989 nostros
730 925 875 988 homines
904 925 1055 1008 diligunt,
1085 933 1121 988 ut
1148 925 1197 989 bis
1224 925 1302 988 solis
1331 945 1437 1008 neque
1459 923 1645 1005 publicanus
1666 942 1770 1005 neque

449 1021 627 1103 negotiator
641 1018 722 1094 ‚odio
746 1020 794 1083 sit
838 1017 868 1081 8.
890 1020 1130 1101 Magistratuum
1151 1027 1256 1083 autern
1272 1027 1452 1082 nostrorum
1474 1017 1605 1081 iniurias
1627 1016 1672 1079 ita
1691 1016 1772 1079 mul·

427 1121 553 1178 tttorurn
581 1112 737 1189 tulerunt,
768 1119 802 1175 ut
828 1132 1001 1195 numquam
1030 1112 1186 1176 antehoc
1209 1120 1332 1195 tempus
1354 1111 1395 1174 ad
1416 1129 1503 1174 aram
1525 1110 1632 1192 legum
1653 1109 1773 1191 praesi-

449 1208 601 1291 diumque
622 1214 763 1270 vestrum
784 1206 913 1289 publico
936 1208 1068 1269 consilio
1091 1206 1310 1288 confugerint:
1341 1206 1464 1267 tametsi
1486 1213 1518 1268 ct
1541 1201 1633 1266 illum
1654 1223 1772 1267 annum

449 1300 660 1384 pertulerant,
694 1300 749 1383 qui
779 1300 824 1363 sic
851 1320 908 1364 eos
936 1300 1106 1374 afflixerat,
1138 1308 1175 1362 ut
1196 1300 1274 1362 salvi
1297 1318 1367 1363 esse
1389 1318 1454 1360 non
1475 1306 1621 1381 possent,
1654 1297 1716 1360 nisi
1739 1297 1771 1359 C.

448 1394 616 1458 Marcellus
639 1394 730 1477 quasi
751 1393 860 1476 aliquo
882 1392 948 1455 fato
970 1394 1123 1468 venisset,
1153 1401 1189 1456 ut
1209 1393 1257 1456 bis
1280 1414 1321 1455 er
1342 1392 1453 1456 eadem
1474 1391 1594 1455 familia
1616 1391 1702 1455 salus
1725 1392 1774 1454 Si·

448 1487 539 1550 ciliae
561 1488 820 1561 constitueretur,
843 1493 874 1549 et
896 1495 969 1569 post
989 1489 1031 1550 M.
1046 1487 1175 1550 Antonii
1196 1486 1355 1550 infinitum
1376 1485 1454 1550 illud
1477 1486 1645 1568 imperium
1667 1505 1774 1550 sense·

411 1587 527 1643 errant.
572 1580 624 1644 Sic
646 1600 665 1643 a
686 1580 857 1644 maioribus
879 1581 945 1643 suis
967 1588 1170 1664 acceperant,
1197 1587 1283 1643 tanta
1305 1579 1416 1664 populi
1438 1580 1571 1642 Romani
1592 1580 1626 1642 in
1649 1579 1773 1642 Siculos

449 1694 519 1738 esse
539 1670 711 1748 beneficia,
741 1681 777 1736 ut
799 1674 892 1737 etiam
915 1674 1044 1738 iniurias
1066 1683 1249 1738 nostrorum
1269 1673 1434 1737 bominum
1456 1673 1661 1758 perferendas
1681 1681 1775 1756 putu-

447 1775 528 1830 rent.
571 1765 601 1829 9.
623 1768 660 1830 In
682 1768 839 1831 neminem
862 1768 1003 1831 civitates
1025 1776 1099 1830 ante
1120 1769 1205 1831 hunc
1230 1768 1443 1831 testimoninm
1465 1767 1591 1851 publice
1615 1766 1773 1829 dixerunt.

447 1861 540 1925 Hunc
562 1861 699 1945 denique
722 1864 825 1945 ipsum
847 1861 1067 1944 pertulissent,
1090 1862 1117 1924 si
1138 1862 1279 1925 humano
1301 1860 1414 1936 modo,
1436 1862 1463 1925 si
1484 1862 1599 1924 usitato
1620 1881 1723 1936 more,
1746 1859 1773 1923 si

447 1953 586 2037 denique
608 1974 672 2016 uno
695 1955 803 2038 aliquo
826 1956 859 2018 in
881 1975 997 2037 genere
1019 1963 1191 2037 peccasset.
1223 1954 1285 2018 Sed
1308 1976 1379 2018 cum
1402 1954 1541 2037 perferre
1556 1975 1619 2019 non
1642 1961 1774 2038 possent

411 2046 623 2132 teluxuriem,
646 2048 880 2125 crudelitatem,
902 2048 1082 2123 avaritiam,
1098 2049 1295 2132 superbiam
1318 2069 1388 2111 cum
1406 2050 1510 2112 omnia
1525 2069 1582 2112 sua
1597 2047 1772 2121 commoda,

447 2140 533 2216 iura,
554 2138 707 2205 beneficia
728 2151 854 2205 senatus
876 2142 1052 2226 populique
1077 2144 1211 2205 Romani
1232 2143 1326 2205 unius
1349 2142 1468 2205 scelere
1490 2162 1527 2206 ac
1548 2141 1681 2205 libidine
1702 2162 1774 2225 pcr-

448 2232 619 2298 didisscnt:
640 2235 702 2299 boc
725 2244 916 2312 statuerunt,
939 2244 994 2298 aut
1015 2237 1108 2299 istius
1129 2236 1261 2299 iniurias
1283 2257 1340 2318 per
1362 2257 1418 2299 vos
1440 2236 1551 2300 ulcisci
1572 2256 1608 2300 ac
1623 2236 1773 2319 persequi

447 2335 517 2403 aut,
531 2328 567 2418 ¹si
588 2329 678 2393 vobis
699 2330 819 2412 indigni
842 2337 948 2394 essent
968 2331 1028 2393 visi
1050 2331 1164 2414 quibus
1180 2351 1273 2413 opem
1287 2329 1505 2415 auxiliumque
1519 2328 1656 2405 ferretis,
1679 2331 1773 2393 urbes

447 2441 484 2485 ac
512 2422 603 2487 sedes
632 2445 706 2488 suas
734 2423 930 2508 relinquere,
960 2423 1221 2508 quandoquidem
1242 2443 1335 2505 agros
1357 2424 1420 2486 iam
1443 2431 1514 2486 ante
1536 2423 1628 2486 istius
1649 2422 1773 2486 iniuriis

410 2517 598 2599 ttexagitati
620 2518 834 2602 reliquissent.
872 2519 924 2581 IV.
948 2512 997 2581 lt).
1020 2518 1088 2580 Hoc
1111 2518 1243 2581 consilio
1266 2538 1285 2580 a
1306 2518 1342 2579 L.
1357 2516 1485 2580 Metello
1507 2516 1681 2599 legationes
1702 2517 1774 2580 uni·

446 2632 556 2675 versae
570 2612 761 2694 petiverunt,
777 2619 813 2674 ut
828 2611 1070 2694 quamprimum
1089 2612 1142 2674 isti
1158 2613 1359 2675 succederet:
1381 2611 1442 2674 boc
1457 2610 1563 2674 animo
1578 2612 1672 2675 toties
1687 2611 1772 2693 apud

446 2713 599 2788 patronos
632 2705 671 2767 de
702 2706 768 2768 suis
801 2704 936 2768 miseriis
964 2704 1186 2787 deplorarnnt:
1218 2704 1279 2767 boc
1310 2704 1460 2767 commoti
1483 2704 1592 2767 dolore
1614 2705 1774 2789 postulatu

448 2799 649 2874 consulibus,
681 2817 762 2882 quae
789 2818 853 2860 non
883 2798 1056 2881 postulata,
1086 2799 1142 2861 sed
1168 2800 1200 2862 in
1222 2800 1315 2862 istum
1338 2799 1469 2862 crimina
1490 2797 1672 2862 viderentur
1693 2819 1773 2874 esse,

448 2891 625 2957 ediderunt.
668 2893 824 2956 Fecerunt
845 2893 939 2955 etiarn
966 2899 1002 2955 ut
1028 2913 1096 2968 me,
1124 2892 1214 2954 cuius
1235 2891 1331 2954 fidem
1347 2893 1638 2974 continentiamque
1657 2913 1774 2975 cogno-

409 2991 573 3066 tererent,
603 3005 705 3069 prope
733 2985 773 3048 de
801 2986 884 3050 vitae
913 2994 1006 3050 meae
1024 2993 1109 3049 statu
1131 2985 1242 3048 dolore
1264 3005 1300 3048 ac
1323 2985 1459 3049 lacrimis
1481 2986 1547 3047 suis
1570 2984 1772 3061 deducerent,

447 3087 483 3143 ut
503 3099 561 3162 ego
583 3080 679 3144 istum
701 3099 899 3156 accusarem,
922 3101 941 3143 a
963 3102 1027 3165 quo
1050 3099 1121 3143 mea
1140 3077 1322 3162 longissime
1337 3080 1417 3142 ratio
1432 3078 1644 3163 voluntasque
1659 3080 1773 3146 abbon-

447 3173 593 3236 rebat-
614 3192 808 3257 quamquam
830 3174 864 3236 in
885 3175 945 3238 hac
974 3194 1071 3237 causa
1092 3173 1192 3236 multo
1221 3173 1329 3256 plures
1352 3183 1457 3256 partes
1479 3171 1556 3236 mibi
1579 3171 1772 3237 defensionis

448 3287 544 3352 quam
566 3267 776 3331 accusationis
799 3270 976 3352 suscepisse
998 3267 1109 3331 videor
1125 3287 1185 3329 -ι
1207 3274 1368 3350 postremo
1389 3266 1534 3331 homines
1557 3286 1598 3329 ex
1619 3274 1687 3330 tote
1701 3287 1774 3352 pro-

400 3437 402 3442 Α
447 3361 550 3425 rincie
578 3360 766 3424 nobilissimi
793 3362 951 3446 primique
978 3361 1107 3446 publice
1141 3361 1353 3445 privatimque
1381 3368 1554 3425 venerunt:
1590 3360 1774 3444 gravissima

410 3461 544 3544 eratque
572 3453 765 3537 amplissima
791 3475 938 3538 quaeque
965 3456 1076 3520 civites
1105 3454 1382 3519 vehementissime
1410 3475 1484 3519 suas
1513 3455 1645 3521 iniurias
1667 3477 1773 3541 perse-

449 3553 521 3610 cuta
542 3554 599 3610 est.

493 3634 496 3639 ’
536 3635 585 3701 ll.
608 3642 648 3704 m
670 3662 765 3724 quern
787 3621 982 3718 admodum,
1003 3642 1141 3720 iudices,
1163 3648 1340 3708 venerunt‘t
1369 3644 1486 3707 Videor
1507 3644 1591 3707 enirn
1613 3645 1692 3709 mibi
1712 3648 1772 3710 iam

449 3731 580 3798 liberius
607 3734 692 3818 apud
721 3755 778 3799 vos
807 3756 864 3817 pro
893 3736 1006 3801 Siculis
1027 3737 1117 3822 loqui
1141 3737 1273 3814 debere,
1302 3758 1400 3821 quam
1420 3737 1555 3802 forsitan
1575 3739 1637 3821 ipsi
1658 3740 1772 3816 velint3

450 3828 543 3891 saluti
566 3829 650 3891 enirn
673 3831 779 3912 potius
802 3850 910 3893 eorum
933 3832 1095 3894 consulam
1119 3852 1214 3916 quam
1229 3831 1394 3896 voluntati.
1423 3835 1564 3917 Ecquem
1587 3834 1772 3899 existimatis

413 3934 601 4004 enumquam
632 3921 700 3984 ulla
720 3922 753 3984 in
775 3923 938 4004 provincia
958 3944 1046 3987 reum
1068 3926 1230 3989 absentem
1252 3935 1363 3990 contra
1384 3928 1623 4012 inquisitionem
1644 3949 1773 3994 accusa-

451 4016 527 4079 toris
550 4017 645 4079 tantis
667 4016 799 4097 opibus,
822 4023 908 4079 tanta
931 4017 1103 4099 cupiditate
1125 4041 1195 4083 esse
1218 4019 1408 4084 defensum?
1442 4020 1634 4096 Quaestores
1654 4023 1773 4089 utrius·

451 4129 514 4192 que
540 4109 739 4193 provinciae,
774 4109 829 4194 qui
856 4111 916 4172 isto
945 4119 1088 4192 praetore
1117 4111 1258 4189 fuerant,
1291 4135 1362 4178 cum
1384 4114 1523 4179 fascibus
1544 4117 1623 4180 mihi
1644 4126 1772 4201 praesto

450 4200 588 4265 fuerunt.
632 4198 682 4265 lb.
704 4203 761 4267 llis
783 4224 877 4286 porro
894 4205 950 4287 qui
965 4216 1200 4283 successerunt,
1223 4208 1426 4272 vehementer
1440 4209 1532 4275 istius
1547 4210 1674 4294 c'upidi,
1696 4211 1774 4275 libe·

517 4510 540 4559 t.
559 4508 672 4559 ltrcuries
693 4509 761 4574 tgte
778 4525 803 4577 p.
823 4526 859 4563 m.
877 4526 917 4575 cp:
944 4513 1050 4563 luceria
1071 4517 1116 4565 ctt.
1137 4516 1165 4566 0.
1186 4544 1214 4553 -
1242 4516 1266 4567 6.
1284 4517 1444 4582 confugerent
1459 4517 1507 4571 dtt.
1533 4546 1560 4556 -
1586 4522 1684 4572 terreni
1702 4521 1773 4571 illectu

451 4583 520 4648 Lglt
536 4597 563 4650 p.
582 4597 635 4645 m.;
654 4586 697 4635 etsi
713 4586 783 4636 ittam
794 4588 854 4637 Asc.
870 4614 897 4624 ·-
916 4588 940 4638 9.
958 4593 1051 4650 etpost
1067 4590 1136 4654 Lgtd
1147 4588 1179 4641 ta
1192 4604 1218 4656 p.
1232 4603 1268 4641 m.
1287 4593 1306 4642 B
1319 4595 1378 4643 Asc.
1395 4594 1453 4657 (bis,
1466 4594 1499 4645 ct.
1511 4596 1630 4663 Baiter.):
1649 4602 1673 4647 et
1685 4577 1773 4660 noui

451 4661 511 4711 Asc.
529 4656 627 4709 lemma
640 4659 674 4718 0;
691 4666 776 4721 posteo
787 4665 822 4721 A,
837 4668 970 4725 postquem
987 4664 1034 4715 dtt.
1049 4690 1077 4701 -
1097 4661 1137 4714 tt.
1152 4667 1302 4726 peccavisset
1317 4668 1345 4716 t..
1360 4695 1387 4704 -
1407 4670 1446 4719 te.
1465 4669 1657 4721 tumetomlill
1675 4671 1709 4736 (in
1721 4671 1773 4721 hoc

374 4775 377 4780 .
451 4737 541 4787 tumen
566 4733 694 4784 luxuriem
711 4737 901 4801 suprascript).
922 4765 949 4773 -
977 4740 1017 4789 te.
1033 4738 1120 4802 populi
1142 4741 1170 4789 n.
1189 4754 1254 4802 quoe
1274 4742 1384 4804 egestu
1406 4744 1542 4806 poprdtgue
1562 4747 1591 4796 tt.
1610 4758 1675 4808 quoe
1689 4748 1721 4798 t.
1742 4773 1769 4782 -

452 4812 492 4862 tt.
511 4824 542 4860 ec
555 4822 622 4872 perr.
641 4808 709 4873 egee
719 4809 751 4860 ll
763 4813 800 4860 A:
819 4817 843 4861 et
855 4825 922 4873 pers.
941 4814 986 4862 ctt.
1000 4814 1029 4864 0.
1046 4841 1074 4850 -
1094 4814 1134 4863 49.
1151 4815 1318 4878 relinquerent
1334 4817 1411 4868 codd.
1426 4820 1494 4882 nott,
1513 4822 1593 4872 etiam
1605 4820 1631 4872 F.
1650 4819 1773 4873 Defendit

452 4886 572 4938 Oudend.
591 4884 625 4935 ad
636 4881 711 4948 Aput.
729 4884 758 4933 Τ.
770 4885 789 4934 1.
808 4898 834 4949 p.
848 4886 888 4935 72.
907 4883 1016 4950 Vulgata
1032 4888 1149 4952 primum
1166 4892 1238 4939 extet
1254 4903 1297 4954 ap.
1310 4893 1379 4942 Mun.
1391 4892 1463 4944 teto.
1478 4920 1506 4932 —
1524 4909 1601 4961 apros
1616 4897 1641 4959 t,
1659 4897 1697 4947 N:
1716 4909 1770 4948 om.

452 4963 499 5013 dtt.
521 4990 548 4999 -
567 4961 607 5012 30.
625 4959 778 5021 amplissimo
794 4973 905 5023 quaeque
921 4960 989 5024 Lgll
1006 4975 1032 5026 p.
1052 4975 1087 5013 tn.
1106 4977 1139 5023 φ.
1158 4963 1191 5015 ct.
1209 4965 1240 5014 V.
1259 4964 1283 5028 5.
1301 4966 1369 5015 tta:
1387 4966 1618 5022 mecummet.
1635 4971 1666 5023 0.
1686 4970 1720 5023 cl.
1738 4972 1769 5021 11.

453 5037 478 5102 5.
496 5036 536 5089 ta.
555 5037 597 5087 lll.
616 5035 639 5100 g.
659 5036 698 5085 et.
717 5036 757 5085 te.
777 5036 832 5085 ΗΞ.
852 5036 908 5085 436.
928 5037 984 5086 tto.
1004 5061 1032 5073 -
1051 5037 1091 5087 32.
1108 5040 1220 5088 emerim
1236 5042 1295 5090 Asc.
1311 5068 1338 5076 -
1357 5042 1410 5090 iam
1425 5044 1526 5095 tiberim
1541 5043 1610 5109 1.ng
1626 5059 1654 5112 p.
1667 5057 1704 5096 nt.
1723 5044 1772 5096 Ce-

451 5113 502 5161 teri
519 5111 597 5163 codd.
616 5112 668 5161 tom
684 5109 785 5161 habent
796 5112 856 5161 ente
864 5123 913 5172 pro
930 5111 1019 5161 Siculis
1036 5113 1063 5161 et
1079 5112 1117 5161 sic
1129 5112 1158 5163 0.
1174 5140 1201 5148 -
1219 5113 1259 5165 3l.
1274 5116 1359 5177 potius
1373 5129 1460 5169 eorum
1476 5118 1505 5171 l:
1524 5131 1611 5171 eonon
1622 5121 1709 5184 potius
1723 5122 1769 5171 ctt.

450 5185 482 5308 pl.
495 5190 564 5309 -met
580 5198 652 5248 quem
662 5186 690 5311 t‘tt
702 5187 736 5311 ep)
744 5182 839 5250 pleriq.
858 5184 935 5235 codd.
948 5212 975 5221 —
994 5186 1034 5238 35.
1052 5185 1107 5238 utta
1122 5200 1234 5251 summm
1244 5188 1313 5252 Lglt
1329 5204 1356 5255 p.
1369 5203 1442 5242 m.-
1460 5195 1502 5247 38.
1519 5196 1558 5247 tte
1567 5208 1650 5261 pom
1660 5194 1771 5260 1329ss

479 5270 502 5309 .:
556 5271 667 5323 ponec
691 5296 698 5312 .
740 5296 746 5311 .
