4367 6109
448 565 511 634 358
813 571 857 636 nt
875 570 1043 637 VERREM
1062 569 1187 638 Acrlo
1209 569 1393 638 SECUNDA
1441 596 1444 603 ·

447 760 531 805 nunc
551 739 677 805 fortuna
698 740 872 805 Siculorum
895 739 929 805 C.
951 740 1133 805 Marcellum
1153 739 1306 816 iudicem,
1335 747 1372 804 ut
1392 739 1479 805 cuius
1500 738 1542 803 ad
1562 745 1700 806 statuam
1723 738 1774 804 Si-

448 835 508 898 culi
536 841 566 898 te
595 841 739 917 praetore
765 834 991 917 alligabantur,
1019 834 1087 898 eius
1108 834 1132 915 †
1152 835 1303 919 religione
1329 840 1361 899 te
1381 835 1433 898 isti
1454 833 1635 899 devinctum
1654 833 1774 899 adstri-

447 935 594 1012 ctumqus
616 927 777 993 dedamus.
820 924 871 993 94.
892 927 939 991 Ac
960 929 1076 1012 primo,
1098 927 1233 1004 iudices,
1253 929 1314 993 boc
1334 930 1458 1012 signum
1477 928 1624 994 Mercurii
1644 927 1776 994 dicebat

446 1022 506 1086 ists
535 1021 763 1106 Tyndaritanos
785 1024 827 1086 M.
848 1022 996 1087 Marcello
1017 1021 1092 1086 buic
1113 1024 1288 1087 Aesernino
1308 1023 1489 1087 vendidisse
1510 1029 1606 1107 atque
1625 1020 1688 1086 boc
1711 1041 1774 1087 sua

422 1126 540 1180 ocausa
573 1116 666 1180 etiam
697 1117 739 1183 M.
764 1116 948 1180 Marcellum
977 1117 1080 1199 ipsum
1109 1116 1255 1199 sperabat
1280 1137 1350 1180 esse
1379 1117 1550 1192 dictumm;
1580 1115 1665 1199 quod
1688 1114 1773 1179 milri

444 1229 616 1294 numquam
636 1210 704 1273 veri
726 1211 826 1274 simile
847 1211 948 1276 risum
963 1216 1030 1284 est,
1051 1209 1283 1274 adolescentem
1300 1210 1356 1274 illo
1371 1211 1440 1275 loco
1453 1219 1578 1285 nomm,
1599 1216 1772 1291 patronum

445 1302 586 1378 Siciliae,
607 1322 723 1367 nomen
745 1325 836 1368 suum
858 1303 909 1366 isti
931 1302 971 1367 ad
993 1304 1227 1367 translationem
1241 1305 1378 1368 criminis
1393 1305 1669 1368 commodatumm.
1705 1304 1772 1367 Ve-

444 1417 512 1461 mm
534 1405 639 1462 tamen
660 1399 703 1462 ita
723 1398 800 1460 mihi
821 1415 872 1461 res
893 1404 958 1461 tota
980 1399 1103 1482 provisa
1124 1404 1217 1482 atque
1239 1406 1405 1482 praecauta
1426 1406 1491 1472 est,
1512 1405 1560 1471 ut,
1582 1398 1609 1460 si
1629 1397 1772 1463 maxime

444 1498 526 1555 esset
546 1492 709 1567 inventus,
731 1492 787 1575 qui
809 1492 843 1555 in
865 1512 899 1555 se
921 1491 1081 1574 suscipere
1102 1492 1191 1555 istius
1212 1492 1336 1575 culpam
1358 1494 1540 1576 crimenque
1554 1498 1698 1574 cuperet,
1720 1498 1772 1554 ta·

407 1600 516 1649 tomen
548 1585 576 1648 is
604 1581 756 1670 proficere
784 1585 863 1648 nihil
891 1592 1007 1669 posset.
1049 1586 1114 1649 Eos
1143 1586 1225 1649 enim
1252 1585 1370 1649 deduxi
1400 1593 1495 1650 testes
1517 1591 1550 1649 et
1571 1604 1623 1649 eas
1644 1583 1770 1648 litteras

443 1679 619 1763 deportavi,
651 1685 686 1742 ut
714 1679 754 1742 de
784 1681 874 1743 istius
895 1678 978 1742 iacto
1000 1678 1129 1742 dubium
1151 1697 1221 1742 esse
1242 1679 1360 1742 nemini
1381 1685 1499 1763 posset.
1542 1675 1594 1741 92.
1615 1664 1770 1742 Publidae

443 1773 564 1838 litterae
586 1779 659 1837 sunt
679 1772 878 1856 deportatum
899 1772 1088 1838 Mercurium
1110 1792 1179 1836 esse
1200 1774 1376 1839 Messanam
1398 1780 1523 1856 sumptu
1543 1772 1687 1856 publicos
1718 1771 1770 1836 di·

443 1873 531 1942 cent,
562 1867 682 1951 quanti.
725 1866 902 1932 Praefuisse
923 1867 999 1931 huic
1019 1867 1145 1949 negotio
1166 1867 1292 1952 publice
1313 1867 1451 1950 legatum
1472 1868 1610 1932 Poleam.
1652 1865 1768 1942 Quint

442 1962 470 2025 is
490 1961 546 2025 ubi
567 1965 641 2026 cst?
673 1962 800 2025 Praesto
822 1967 888 2025 est:
921 1961 1009 2024 testis
1031 1968 1089 2024 est
1119 1995 1160 2008 -
1186 1963 1333 2045 Proagori
1355 1961 1479 2045 Sopatri
1498 1962 1596 2026 iussu.
1615 1991 1658 2006 -
1680 1957 1768 2034 Quis

405 2066 434 2116 44
444 2061 492 2119 est
511 2053 586 2118 bict
607 2054 672 2130 oui
692 2054 733 2118 ad
756 2061 888 2119 statuam
909 2054 1076 2120 adstrictus
1099 2061 1156 2119 444.
1200 2054 1307 2131 Quidt
1328 2055 1356 2118 is
1377 2055 1432 2118 ubi
1453 2058 1523 2119 est?
1554 2051 1684 2118 Vidistis
1705 2052 1768 2116 bo-

442 2148 559 2214 minem
581 2155 611 2212 et
631 2149 727 2212 verba
749 2150 818 2213 eius
840 2147 981 2212 audistis.
1023 2148 1265 2212 Demoliendum
1295 2148 1415 2213 curavit
1434 2148 1610 2212 Demetrius
1631 2165 1768 2231 gymna-

443 2241 600 2316 siarchus,
622 2242 709 2327 quod
731 2245 759 2307 is
781 2242 811 2306 ei
831 2241 902 2306 loco
925 2250 1077 2325 praeerat
1122 2241 1228 2317 Quidt
1248 2242 1309 2306 hoc
1326 2262 1384 2306 nos
1400 2241 1553 2306 dicimus?
1574 2242 1670 2306 immo
1684 2262 1765 2306 vero

441 2336 510 2420 ipse
531 2356 692 2419 praesens.
726 2338 843 2401 Romae
865 2357 967 2420 nuper
986 2336 1090 2420 ipsum
1112 2336 1206 2399 istum
1228 2356 1299 2400 esse
1320 2335 1492 2420 pollicitum
1505 2356 1576 2401 sese
1590 2336 1622 2398 id
1637 2335 1766 2420 signum

441 2431 550 2514 legatis
572 2450 641 2495 esse
662 2431 875 2507 redditurum,
897 2433 924 2495 si
946 2431 1016 2495 eius
1038 2431 1084 2493 rei
1106 2431 1285 2494 testificatio
1299 2430 1460 2494 tolleretur
1474 2438 1663 2515 cautumque
1678 2435 1767 2493 esset

403 2540 497 2589 accos
518 2525 733 2589 testimonium
755 2546 820 2590 non
841 2544 911 2589 esse
936 2525 1092 2589 dicturos:
1116 2524 1197 2587 dixit
1210 2524 1271 2588 boc
1285 2524 1367 2607 apud
1382 2544 1438 2587 vos
1452 2526 1604 2608 Zosippus
1619 2531 1651 2590 et
1663 2525 1766 2588 44444-

441 2619 527 2694 nias,
549 2619 694 2682 homines
715 2619 902 2684 nobilissimi
924 2626 957 2682 et
976 2618 1135 2701 principes
1158 2617 1387 2703 Tyndaritanae
1409 2618 1550 2682 civitatis.

525 2713 636 2775 XLlll.
658 2710 709 2775 93.
732 2712 842 2789 Quid?
872 2713 1042 2795 Agrigento
1063 2732 1168 2775 nonne
1191 2711 1334 2775 eiusdem
1356 2713 1389 2773 P.
1405 2711 1557 2796 Scipionis
1575 2731 1765 2777 monumen·

440 2815 522 2881 tum,
543 2806 668 2890 signum
683 2807 837 2891 Apollinis
859 2806 1113 2890 pulcherrimum,
1136 2806 1223 2869 cuius
1243 2806 1277 2867 in
1297 2805 1414 2868 femore
1436 2804 1547 2869 litteris
1568 2806 1695 2869 minutis
1711 2827 1764 2870 ar·

439 2903 561 2985 genteis
584 2921 698 2965 nomen
720 2901 860 2985 Myronis
883 2906 949 2962 erat
968 2901 1150 2984 inscriptum
1173 2920 1214 2963 ex
1230 2898 1411 2982 Aesculapii
1431 2899 1664 2982 religiosissimo
1686 2899 1762 2965 lano

403 2995 616 3061 aosustulisti?
650 2995 741 3071 Quod
764 2995 910 3078 quidem,
931 2994 1067 3067 iudices,
1090 3014 1160 3056 cum
1182 2995 1240 3057 iste
1262 2995 1342 3057 clam
1356 2992 1498 3070 fecisset,
1520 3015 1591 3058 cum
1612 2995 1652 3058 ad
1666 3014 1762 3058 suum

428 3090 542 3155 'scelus
563 3089 643 3154 illud
665 3089 847 3172 tirrtumque
869 3087 1023 3151 nefarium
1044 3088 1197 3170 quosdam
1218 3088 1361 3152 homines
1382 3089 1538 3172 impmbos
1554 3088 1648 3153 duces
1662 3097 1760 3172 atque

440 3184 597 3249 adiutores
619 3183 831 3258 adhibuisset,
854 3182 1058 3247 vehementer
1079 3190 1233 3246 commota
1253 3184 1362 3246 civitas
1384 3189 1441 3245 est.
1484 3183 1553 3246 Uno
1574 3185 1659 3247 enim
1679 3189 1762 3246 tem·

439 3297 515 3364 pore
536 3277 732 3361 Agrigentini
753 3273 941 3340 beneficium
962 3275 1117 3351 Africani,
1141 3276 1326 3359 religionem
1348 3277 1564 3351 domesticam,
1594 3296 1762 3340 omamen·

440 3379 505 3436 tum
526 3372 629 3446 urbis,
652 3370 803 3435 indicium
817 3371 977 3446 victoriae,
999 3371 1213 3435 testimonium
1234 3371 1390 3434 societatis
1411 3370 1621 3454 requirebant.
1647 3370 1760 3454 ltaque

439 3697 469 3760 λς
489 3711 556 3749 omre
576 3698 655 3763 igitur
671 3698 720 3759 04,
738 3696 801 3757 4.(4.;
826 3697 905 3762 ipitur
924 3712 990 3749 4444
1007 3699 1089 3762 4349;
1117 3699 1195 3764 igitur
1214 3698 1258 3749 tibi
1278 3695 1335 3748 rell.
1352 3698 1431 3762 Lagg.
1452 3723 1479 3733 -
1503 3698 1529 3748 4.
1546 3698 1665 3764 religione
1680 3706 1704 3753 44
1718 3701 1762 3753 isti

438 3775 577 3826 devinctum
599 3773 799 3835 adscripserim
820 3773 937 3822 dedemus
952 3774 989 3824 443
1011 3774 1140 3837 (4444444444
1157 3774 1214 3836 GM:
1240 3774 1354 3837 rettptoat
1375 3778 1398 3823 te
1419 3773 1522 3824 44444444
1539 3774 1649 3825 44444444
1664 3776 1762 3827 444444-

438 3854 552 3912 camoque
575 3847 624 3911 (vel
642 3848 713 3910 petr.)
734 3849 851 3899 34444444
873 3846 937 3899 dett.
957 3850 989 3908 03
1015 3849 1133 3913 4444344444
1155 3853 1179 3900 tc
1196 3849 1251 3899 tatic
1269 3850 1408 3899 0444444444
1423 3848 1618 3912 corrueremus
1631 3852 1763 3904 4444444444

437 3923 541 3988 Madvig
558 3936 583 3990 p.
596 3922 637 3975 44.
656 3924 791 3987 (cidem
806 3924 860 3974 iam
871 3921 963 3974 Lamb.
977 3922 1118 3986 volnerati:
1135 3925 1254 3988 redpiorce
1269 3929 1292 3976 tc
1307 3926 1360 3974 istis
1376 3926 1402 3989 (t.
1415 3938 1440 3976 4.
1458 3923 1557 3988 Siculis)
1574 3927 1599 3977 d.
1617 3928 1696 3980 odrtr.
1714 3929 1761 3980 de-

438 3999 527 4051 domata
538 3999 623 4049 Garat.
636 3999 667 4048 ll.
681 3999 707 4048 et
717 3998 821 4062 Zumpt.
832 4011 839 4057 ;
857 3997 921 4048 item
933 3995 1009 4049 Orelli
1027 3999 1054 4048 et
1070 3997 1156 4060 llalm,
1174 3998 1223 4049 sed
1239 3996 1282 4050 ille
1297 4000 1395 4061 4444444,
1413 4000 1455 4049 hic
1470 4000 1502 4050 tis
1513 4013 1562 4065 pro
1572 4001 1625 4061 irti;
1642 4002 1761 4068 ratipioet

438 4079 461 4127 44
478 4074 583 4141 propo
602 4074 627 4123 d.
651 4072 715 4123 odat.
738 4073 856 4123 04344444
875 4073 945 4123 Bake
968 4086 995 4138 p.
1013 4073 1053 4124 44.
1080 4074 1119 4123 Ct.
1137 4071 1218 4122 Klotz.
1236 4073 1263 4124 io
1282 4074 1354 4125 latro.
1372 4077 1439 4125 Ann.
1458 4072 1475 4124 l.
1494 4088 1518 4125 c.
1536 4088 1563 4139 p.
1582 4075 1629 4126 437
1646 4089 1707 4142 sqq.
1727 4105 1756 4115 -

438 4149 461 4200 3.
479 4147 590 4198 44444444
605 4148 634 4198 44.
657 4173 685 4183 -
708 4145 732 4197 4.
754 4148 789 4198 44.
808 4149 889 4198 Marc.
908 4147 944 4198 443
957 4146 984 4197 λε
1012 4148 1038 4199 C.
1057 4149 1138 4198 Marc.
1158 4146 1222 4198 dett.
1241 4149 1270 4198 0.
1290 4174 1317 4184 ·-
1342 4150 1367 4199 44.
1384 4151 1421 4200 44.
1440 4150 1466 4199 h.
1485 4147 1502 4199 l.
1521 4162 1575 4200 om.
1594 4149 1658 4202 (4444.
1676 4154 1706 4204 0.
1726 4180 1755 4190 -

438 4225 462 4276 0.
479 4224 550 4275 uerri
564 4222 643 4273 4444444
658 4224 688 4274 44.
708 4250 736 4260 -
754 4223 822 4274 odat.
840 4225 869 4274 44.
890 4250 918 4261 -
940 4222 964 4275 0.
982 4236 1023 4274 res
1038 4223 1098 4272 44444
1114 4223 1129 4272 4
1147 4224 1224 4286 lagg.
1243 4223 1307 4273 dett.
1326 4224 1354 4274 0.
1369 4251 1396 4260 -
1415 4227 1478 4288 toto]
1495 4230 1548 4276 toto
1560 4229 1693 4290 provincio
1708 4229 1757 4280 443.

438 4299 584 4352 «Provincia
601 4299 739 4350 manifesto
757 4302 845 4350 ortum
862 4301 904 4350 est
920 4313 953 4349 er
965 4312 1022 4362 seq.
1038 4298 1165 4361 44444444.
1185 4301 1275 4347 Gerar.
1288 4299 1319 4348 11.
1331 4325 1359 4335 -
1374 4302 1582 4364 promootagg.
1594 4302 1658 4353 dett.
1675 4331 1702 4340 -
1719 4307 1761 4354 4444

392 4423 394 4427 ,
437 4375 503 4427 dett.
521 4375 550 4425 0.
569 4399 596 4410 -
616 4374 641 4424 9.
659 4374 702 4436 poi
718 4374 746 4422 44
760 4373 793 4438 se]
812 4373 872 4435 quio
888 4375 939 4436 lpse
954 4375 983 4423 44.
1004 4400 1032 4410 -
1054 4375 1093 4424 40.
1112 4379 1182 4424 testes
1198 4375 1290 4425 dedunt
1307 4374 1371 4426 dett.
1391 4378 1419 4427 0.
1440 4403 1467 4412 -
1487 4378 1527 4427 tt.
1545 4378 1637 4426 nemini
1653 4391 1704 4428 csse
1720 4379 1754 4430 Gt

437 4451 467 4501 0.
487 4475 514 4484 -
530 4449 608 4511 possit
624 4448 706 4512 43444,
730 4447 815 4499 Halm.
842 4449 963 4500 Fortasse
980 4451 1090 4509 rectius,
1115 4451 1176 4514 quia
1193 4449 1227 4500 de
1244 4463 1274 4501 re
1292 4453 1424 4515 praesenti
1442 4452 1535 4514 agitur.
1556 4450 1589 4502 cl.
1608 4451 1632 4515 5.
1651 4453 1707 4504 404.
1727 4481 1756 4490 -

437 4524 478 4574 44.
495 4536 546 4574 erre
560 4524 638 4574 ltere.
656 4523 735 4587 4433.
754 4523 820 4574 (4444.
833 4524 862 4574 0.
876 4550 903 4559 -
923 4525 1006 4575 4444444
1023 4524 1087 4575 dett.
1102 4525 1130 4574 0.
1146 4550 1174 4560 -
1194 4524 1233 4576 44.
1252 4531 1355 4588 sopatro
1367 4528 1395 4577 44.
1411 4553 1437 4561 -
1456 4526 1516 4588 quid
1531 4531 1566 4576 est
1581 4527 1621 4577 444
1636 4529 1714 4592 4349.
1728 4556 1757 4565 -

435 4597 515 4648 leodi
530 4597 584 4649 est?
602 4599 675 4649 Testis
691 4604 726 4649 cst
742 4599 777 4660 0,
796 4603 823 4649 et
841 4601 899 4663 Lag.
913 4597 964 4660 44.,
983 4614 997 4650 4
1016 4614 1068 4664 quo
1085 4602 1175 4651 temen
1192 4614 1272 4666 supra
1287 4616 1313 4652 v.
1327 4601 1367 4653 44.
1385 4603 1501 4652 tertiaeet
1517 4602 1602 4652 abest.
1621 4630 1648 4639 —
1667 4603 1707 4653 44.
1725 4604 1758 4670 44]

436 4686 465 4724 ec
480 4672 550 4738 43444
560 4672 601 4724 ta.
620 4698 647 4710 -
667 4674 707 4725 48.
725 4675 808 4737 ipram»
823 4675 898 4724 444444
913 4675 933 4725 44
946 4676 981 4725 Gt
999 4674 1045 4726 Ld.
1065 4675 1107 4739 (ct.
1123 4674 1204 4726 Klotz.
1223 4675 1240 4726 l.
1253 4674 1270 4726 l.
1288 4690 1314 4741 p.
1329 4677 1385 4727 434.
1405 4680 1431 4726 44
1447 4676 1482 4726 ad
1498 4679 1528 4727 44.
1547 4677 1571 4741 S.
1584 4677 1664 4739 stol:
1682 4679 1760 4730 iatum

435 4748 517 4812 434444
533 4749 566 4798 Gt
581 4749 613 4807 03
632 4749 714 4810 iprum
730 4750 809 4812 4433.
824 4775 851 4785 -
870 4750 909 4800 49.
928 4763 978 4800 csse
994 4754 1054 4802 ante
1069 4752 1225 4802 redditumm
1241 4752 1327 4802 omli
1343 4747 1426 4817 [recte
1444 4752 1552 4814 utiquel.
1567 4777 1594 4786 -
1613 4752 1654 4802 40.
1671 4754 1760 4816 Zosip-

433 4824 516 4886 44444
533 4822 580 4873 4.(4.
599 4824 695 4887 4433.;
712 4824 830 4887 24444444
845 4826 877 4875 Gt
890 4840 897 4883 ς
916 4825 1022 4888 0444444
1038 4827 1088 4886 04;
1107 4827 1226 4889 Sosippu
1240 4827 1268 4876 L.
1288 4825 1320 4876 cl.
1339 4828 1370 4876 44.
1389 4826 1414 4889 5.
1434 4827 1474 4876 44,
1495 4852 1522 4861 -
1540 4827 1658 4877 Immotos
1673 4828 1756 4891 ngas:

435 4897 574 4949 4444444444
589 4898 625 4949 na
636 4898 666 4949 0.
684 4897 776 4962 [habet
791 4899 860 4962 4349
876 4900 1049 4966 laciniosi·
1069 4902 1110 4952 44.
1127 4902 1256 4968 ,4344344444
1272 4903 1305 4954 dc
1322 4905 1383 4955 Ero.
1402 4905 1469 4954 coni.
1484 4903 1513 4954 0.
1527 4930 1554 4940 ·-
1572 4919 1623 4955 444
1638 4905 1716 4969 4349.
1726 4935 1755 4944 -

434 4974 462 5025 Ρ.
480 4985 534 5025 om.
552 4972 617 5025 dett.
639 5001 666 5012 -
684 4974 724 5026 43.
744 4975 877 5039 appollinis
892 4977 921 5028 44.
942 5004 969 5015 -
986 4979 1079 5042 {acme
1095 4977 1160 5047 4434
1177 4978 1234 5042 (sed
1249 4979 1270 5030 44
1285 4979 1418 5042 [panorm
1434 4980 1524 5044 4444444
1539 4979 1647 5031 detto.
1667 5007 1695 5018 -
1712 4981 1759 5032 ltt·

435 5049 495 5101 mo
509 5045 587 5100 liat:
606 5049 720 5101 4444444044
735 5049 799 5102 dett.
813 5050 842 5101 0.
857 5078 885 5089 -
903 5050 943 5102 44.
961 5052 1090 5117 4444444434
1106 5055 1135 5104 44.
1149 5079 1179 5093 -
1196 5055 1237 5105 444.
1256 5055 1323 5117 qood
1338 5056 1468 5116 4444444444
1483 5053 1755 5120 44444.4444.4349;

435 5124 555 5189 paidom
571 5122 649 5184 404ς
668 5126 772 5189 4443444
787 5127 837 5183 Gt:
855 5127 899 5188 poi
915 5128 980 5190 qood
995 5128 1057 5191 Ld.;
1080 5132 1146 5193 qood
1163 5131 1207 5182 4444
1223 5130 1299 5192 dett,
1317 5132 1363 5195 qui
1380 5130 1475 5182 deinde
1491 5144 1549 5181 44444
1563 5130 1629 5181 ctam
1644 5130 1754 5185 hahent.

437 5227 467 5239 -
483 5199 526 5251 40.
543 5201 621 5253 metas
635 5201 762 5262 {straden
780 5214 814 5252 sc.
831 5202 906 5252 444444
919 5203 1015 5258 saed.
1028 5229 1057 5241 -
1074 5206 1200 5270 4444444444
1215 5202 1371 5273 satagas:
1394 5207 1505 5272 44444444
1520 5207 1585 5259 (4444.
1600 5233 1627 5244 -
1646 5210 1756 5274 34444444

435 5275 465 5326 44.
485 5301 513 5312 -
530 5275 572 5327 44.
589 5275 656 5328 44444
670 5275 708 5328 aa
723 5276 810 5342 ngas:
827 5278 911 5330 444444
926 5277 991 5330 dett.
