4367 6109
463 562 527 629 388
832 563 875 629 ΙΝ
896 563 1063 629 VERREM
1083 563 1207 629 ACTIO
1230 563 1413 629 SECUNDA

460 732 658 818 imperatoris
680 751 756 795 sane
771 731 940 815 diligenter
963 732 1164 796 retinendum
1187 740 1220 796 et
1233 729 1496 804 conservandum,
1517 748 1651 814 quaeso,
1667 748 1796 813 cogno-

463 829 553 892 scite.
583 823 633 888 26.
656 827 807 889 ltinerum
828 827 963 909 primum
984 826 1135 901 laborem,
1157 826 1213 909 qui
1235 825 1285 891 vel
1307 825 1461 888 maximus
1483 831 1532 887 est
1553 823 1587 886 in
1600 844 1636 888 re
1652 823 1795 898 militari,

459 921 596 993 iudices,
627 927 659 982 et
686 920 720 981 in
743 918 850 983 Sicilia
880 919 1017 983 maxime
1044 920 1258 994 necessarius,
1287 919 1421 1001 accipite
1450 938 1546 1001 quam
1573 916 1703 982 facilem
1731 916 1793 980 sibi

460 1017 520 1078 iste
550 1021 582 1077 et
609 1012 778 1077 iucundum
807 1015 929 1077 ratione
959 1012 1158 1096 consilioque
1185 1011 1366 1075 reddiderit.
1415 1011 1555 1074 Primum
1591 1010 1793 1096 temporibus

437 1106 600 1172 thabernis
629 1107 669 1170 ad
696 1107 943 1189 magnitudinem
971 1107 1125 1190 frigorum
1154 1114 1186 1170 et
1215 1113 1436 1188 tempestatum
1463 1105 1526 1168 vim
1555 1125 1592 1168 ac
1621 1105 1792 1168 fluminum

459 1201 654 1285 praeclarum
683 1200 746 1264 boc
773 1199 834 1263 sibi
860 1200 1033 1264 remedium
1056 1208 1267 1283 compararat:
1301 1199 1411 1262 urbem
1439 1198 1609 1283 Syracusas
1638 1198 1792 1281 elegerat,

460 1296 550 1361 cuius
570 1295 623 1359 bic
646 1295 727 1358 situs
748 1301 844 1378 atque
870 1294 948 1358 baec
971 1302 1082 1357 natura
1112 1314 1181 1357 esse
1204 1293 1265 1355 loci
1287 1292 1429 1374 caelique
1453 1292 1584 1367 dicitur,
1615 1299 1652 1356 ut
1679 1290 1792 1355 nullus

458 1408 608 1472 umquam
631 1387 699 1450 dies
720 1396 784 1450 tam
813 1406 927 1469 magna
954 1408 991 1451 ac
1021 1387 1203 1450 turbulenta
1233 1393 1419 1468 tempestate
1440 1385 1552 1460 fuerit,
1580 1388 1659 1473 quin
1680 1385 1791 1470 aliquo

459 1490 600 1565 tempore
623 1482 691 1545 eius
714 1480 778 1544 diei
799 1479 900 1544 soloni
922 1481 1069 1544 homines
1093 1482 1238 1544 viderint.
1280 1480 1342 1543 llic
1369 1481 1412 1543 ita
1442 1480 1568 1544 vivebat
1595 1482 1656 1545 iste
1685 1481 1791 1545 bonus

421 1585 449 1630 ⁴0
458 1577 630 1660 imperator
650 1575 792 1639 hibernis
814 1576 987 1650 mensibus,
1008 1584 1043 1638 ut
1065 1595 1137 1637 eum
1158 1593 1222 1637 non
1244 1574 1337 1638 facile
1360 1595 1425 1638 non
1443 1576 1537 1640 modo
1554 1585 1644 1643 extra
1658 1584 1790 1650 tectum,

459 1671 514 1735 sed
537 1691 577 1735 ne
599 1677 691 1733 extra
710 1669 828 1731 lectum
850 1669 981 1754 quidem
1009 1669 1178 1751 quisquam
1199 1668 1329 1731 videret.
1374 1670 1420 1732 lta
1450 1669 1514 1732 diei
1543 1671 1681 1735 brevitas
1712 1690 1791 1733 con-

457 1765 560 1840 viviis,
582 1762 684 1826 noctis
705 1762 871 1845 longitudo
894 1763 1012 1844 stupris
1034 1770 1066 1823 et
1087 1758 1213 1845 flagitiis
1235 1762 1463 1826 continebatur.
1506 1760 1556 1826 27.
1580 1764 1659 1827 (lum
1679 1770 1790 1827 autem

457 1877 513 1922 ver
541 1877 610 1920 esse
638 1864 801 1940 coeperat,
831 1857 919 1920 cuius
947 1856 1073 1919 initium
1103 1855 1163 1917 iste
1192 1877 1256 1919 non
1284 1857 1464 1920 aFavonio
1487 1878 1592 1942 neque
1613 1858 1653 1921 ab
1675 1858 1789 1940 aliquo

457 1958 541 2017 astro
570 1951 717 2025 notabat,
749 1949 806 2013 sed
837 1970 910 2012 cum
940 1968 1043 2013 rosam
1071 1948 1209 2025 viderat,
1239 1959 1304 2014 tum
1328 1950 1468 2034 incipere
1490 1971 1545 2015 ver
1566 1952 1790 2025 arbitrabatur,

421 2053 450 2099 tt
459 2043 553 2108 dabat
573 2066 607 2109 se
630 2044 730 2109 labori
750 2052 845 2128 atque
867 2043 1043 2116 itineribus,
1066 2042 1099 2103 in
1120 2044 1234 2126 quibus
1250 2064 1289 2107 eo
1305 2065 1407 2127 usque
1422 2066 1457 2108 se
1471 2046 1645 2128 praebebat
1659 2044 1788 2130 patien-

457 2145 521 2201 tem
542 2146 638 2220 atquc
660 2136 845 2220 impigrum,
871 2146 906 2199 ut
928 2157 999 2199 eum
1020 2155 1114 2198 nemo
1138 2157 1287 2220 umquam
1309 2138 1343 2201 in
1365 2157 1447 2222 equo
1470 2138 1635 2203 sedentem
1656 2136 1788 2202 viderit.

455 2233 511 2295 xl.
539 2233 636 2307 Nam,
664 2239 699 2294 ut
727 2251 794 2295 mos
823 2230 884 2293 fuit
912 2228 1078 2313 bithyniae
1107 2231 1251 2312 regibus,
1283 2232 1397 2295 lectica
1418 2233 1591 2317 octophoro
1612 2231 1789 2306 ferebatur,

455 2327 490 2389 in
518 2346 582 2409 qua
610 2326 758 2410 pulvinus
790 2333 859 2388 erat
890 2324 1070 2409 perlucidus
1102 2325 1294 2400 Melitensis,
1327 2345 1401 2390 rosa
1428 2326 1546 2389 fartus:
1580 2327 1650 2412 ipse
1680 2334 1791 2393 autem

455 2438 605 2484 coronam
625 2420 763 2483 habebat
783 2439 878 2482 unam
901 2418 936 2481 in
957 2418 1070 2500 capite,
1091 2418 1223 2482 alteram
1245 2419 1279 2482 in
1294 2420 1376 2484 collo
1391 2420 1621 2504 reticulumque
1636 2420 1678 2485 ad
1693 2440 1790 2485 nares

418 2514 517 2579 ²⁰sibi
544 2513 748 2588 admovebat,
777 2513 964 2576 tenuissimo
993 2512 1076 2587 lino,
1104 2514 1232 2576 minutis
1259 2513 1408 2590 maculis,
1433 2514 1564 2598 plenum
1586 2536 1689 2580 rosae.
1735 2515 1791 2578 Sic

456 2609 599 2673 confecto
621 2609 736 2673 itinere
757 2627 829 2673 cum
850 2607 891 2670 ad
913 2606 1042 2690 aliquod
1065 2606 1218 2692 oppidum
1239 2616 1386 2683 venerat,
1415 2609 1525 2673 eadem
1547 2610 1662 2673 lectica
1682 2627 1790 2693 usque

454 2701 489 2764 in
511 2700 688 2772 cubiculum
711 2698 920 2764 deferebatur.
963 2700 1010 2763 lio
1032 2701 1203 2765 veniebant
1225 2702 1403 2765 Siculorum
1425 2700 1643 2784 magistratus,
1675 2702 1790 2766 venie-

454 2794 531 2857 bant
552 2794 676 2877 equites
698 2784 847 2867 llomani,
876 2795 908 2856 id
931 2786 1082 2877 quodex
1103 2796 1210 2859 multis
1232 2796 1341 2860 iuratis
1363 2794 1516 2858 audistis:
1548 2796 1787 2859 controversiae

454 2895 576 2952 secreto
600 2887 836 2962 deferebantur,
870 2887 965 2970 paulo
996 2895 1069 2970 post
1096 2887 1198 2972 palam
1228 2890 1355 2952 decreta
1383 2888 1614 2953 auferebantur.
1659 2889 1787 2955 Deinde

417 2981 510 3045 arabi
531 2981 692 3066 paulisper
714 2980 747 3044 in
770 2980 917 3044 cubiculo
939 2981 1053 3063 pretio,
1075 3002 1140 3043 nou
1161 2985 1321 3066 aequitate
1337 2983 1407 3045 iura
1421 2984 1640 3066 descripserat,
1662 2980 1783 3048 Veneri

454 3075 518 3139 iam
540 3082 571 3137 et
592 3075 707 3139 Libero
727 3074 886 3159 reliquum
908 3083 1030 3158 tempus
1057 3073 1163 3137 deberi
1186 3076 1405 3140 arbitrabatur.
1441 3074 1499 3162 28.
1531 3076 1602 3152 Quo
1624 3076 1696 3141 loco
1719 3097 1787 3143 non

393 3215 395 3219 -
455 3167 532 3232 mibi
554 3168 832 3252 praetermittenda
860 3167 985 3232 videtur
1010 3168 1163 3251 praeclari
1186 3169 1383 3254 imperatoris
1406 3172 1533 3254 egregia
1553 3190 1590 3232 ac
1613 3170 1786 3254 singularis

455 3260 628 3345 diligentia.
671 3264 750 3326 Nam
779 3261 892 3325 scitote
922 3261 1073 3346 oppidum
1101 3282 1170 3326 esse
1193 3262 1225 3325 in
1248 3263 1357 3327 Sicilia
1378 3263 1500 3327 nullum
1522 3284 1562 3328 ex
1585 3264 1624 3328 iis
1646 3265 1785 3350 oppidis,

454 3353 489 3417 in
511 3355 626 3438 quibus
648 3356 819 3419 consistere
847 3363 1007 3439 praetores
1037 3365 1069 3418 et
1098 3364 1286 3421 conventum
1310 3377 1403 3439 agere
1426 3357 1558 3431 soleant,
1581 3358 1702 3443 quoin
1725 3379 1786 3442 op·

417 3446 531 3531 aopido
553 3468 619 3512 non
640 3448 693 3513 isti
714 3469 755 3512 ex
776 3449 883 3532 aliqua
903 3449 1023 3512 familia
1043 3470 1108 3512 non
1131 3450 1261 3532 ignobili
1285 3450 1407 3513 delecta
1428 3449 1469 3513 ad
1484 3450 1647 3515 libidinem
1662 3450 1786 3515 mulier

455 3549 550 3605 esset.
585 3544 695 3635 Itaque
717 3543 887 3608 nonnullae
910 3563 951 3607 ex
973 3563 1158 3607 annumero
1174 3544 1206 3606 in
1222 3543 1400 3608 convivium
1415 3544 1645 3609 adhibebantur
1658 3545 1784 3630 palam:

520 3757 545 3817 4.
562 3756 743 3818 mercum
760 3756 860 3819 aliquot
876 3756 938 3807 edd.
957 3760 1021 3809 vett.
1041 3761 1068 3808 et
1084 3759 1113 3808 0.
1133 3784 1161 3793 -
1180 3758 1343 3822 retinendum]
1365 3758 1549 3821 intelligendum
1570 3758 1649 3821 2329.
1669 3783 1696 3793 -
1716 3759 1741 3809 6.
1759 3763 1784 3811 ct

455 3834 528 3892 temp.
547 3830 583 3879 aa
600 3825 631 3878 l:
658 3831 738 3880 etad
754 3834 827 3893 temp.
851 3829 916 3880 dett.
939 3834 968 3882 0.
990 3859 1016 3870 -
1035 3834 1059 3882 6.
1083 3833 1129 3882 sili
1153 3834 1198 3883 tec
1219 3832 1283 3883 dett.
1307 3834 1336 3883 0.
1356 3859 1383 3868 -
1402 3837 1566 3896 compararat
1587 3833 1647 3884 cod.
1671 3833 1781 3884 Prone:

454 3910 585 3968 comparat
601 3904 637 3955 113
655 3904 720 3955 dett.
740 3930 767 3939 —
787 3904 811 3954 8.
829 3904 1019 3968 turbulentaque
1035 3906 1099 3957 dett.
1118 3909 1147 3958 0.
1163 3936 1189 3943 -
1209 3907 1233 3957 9.
1251 3907 1326 3957 sotem
1342 3908 1394 3957 etus
1410 3908 1458 3958 diet
1475 3908 1552 3971 lagg.
1571 3908 1679 3972 praeter
1694 3906 1736 3957 29.
1750 3932 1779 3942 -

454 3981 561 4029 uiderint
576 3980 612 4030 aa
629 3975 645 4027 λ
663 3978 758 4039 (Madv,
778 3992 804 4043 p.
815 3980 896 4042 402.);
914 3982 1025 4032 uiderent
1041 3983 1106 4033 dett.
1124 3984 1152 4033 0.
1168 4010 1194 4018 -
1216 3984 1254 4032 42.
1273 3984 1339 4047 long.
1357 3985 1435 4033 unctis
1451 3981 1467 4032 λ
1484 3983 1530 4033 63.
1550 3982 1611 4046 (non
1629 3981 1668 4044 a.)
1682 4008 1711 4018 -
1724 3995 1783 4032 cou-

455 4052 581 4104 terebutur
597 4052 661 4103 dett.
680 4052 709 4102 0.
729 4079 756 4088 -
777 4053 816 4103 43.
835 4054 919 4117 aliquo
936 4057 1013 4123 ostro]
1036 4058 1075 4108 sic
1092 4057 1145 4108 inm
1166 4058 1190 4108 in
1210 4072 1292 4121 marg.
1311 4060 1371 4108 Asc.
1391 4059 1468 4108 4544ε
1495 4058 1580 4120 aliquo
1597 4061 1683 4107 ousae
1700 4055 1780 4106 codd.

455 4131 521 4189 noti;
540 4129 590 4179 utto
607 4132 676 4177 nstro
693 4129 754 4178 Ern.
773 4141 865 4178 errore
882 4134 984 4194 typogr.
1004 4134 1085 4183 etsie
1103 4132 1133 4182 0.
1148 4160 1176 4169 -
1190 4131 1229 4183 tl.
1249 4136 1311 4183 Post
1325 4133 1428 4183 uetabat
1445 4133 1518 4183 addit
1534 4132 1595 4183 cod.
1614 4132 1713 4184 Ursini:
1729 4132 1783 4182 Nec

455 4203 520 4253 caim
535 4201 707 4267 egredicbatur
723 4206 798 4264 testo,
819 4208 847 4252 ut
861 4204 901 4254 uel
916 4210 1000 4255 ocutos
1016 4208 1106 4257 sentire
1120 4207 1159 4257 oet
1174 4221 1275 4258 camera
1290 4209 1374 4258 sidem
1386 4215 1476 4271 posset.
1497 4235 1523 4244 -
1541 4209 1635 4258 υἱωνοί
1651 4207 1730 4271 Lm.
1750 4232 1779 4242 -

455 4280 507 4327 tum
523 4278 572 4327 11³:
600 4284 659 4329 tuuc
675 4276 740 4327 dett.
758 4278 788 4328 0.
809 4304 834 4312 -
855 4279 896 4328 46.
914 4293 992 4342 usque
1007 4295 1036 4331 eo
1055 4281 1120 4331 dett.
1140 4281 1168 4331 0.
1190 4309 1217 4317 —
1237 4282 1275 4331 46.
1294 4282 1523 4345 uidc1·itll3Lgf9
1542 4281 1636 4345 (Madv.
1654 4295 1681 4347 p.
1700 4281 1779 4345 llil:

453 4352 546 4402 rideret
567 4350 683 4406 detto.
709 4380 736 4388 -
760 4352 801 4403 47.
825 4354 892 4403 Num
910 4369 964 4406 unc
985 4356 1127 4406 haudmar
1152 4361 1187 4406 cst
1212 4356 1344 4418 acuuntur
1368 4359 1467 4422 repitnu
1484 4359 1538 4408 uehi
1561 4359 1659 4420 lectica,
1687 4357 1713 4408 id
1735 4362 1781 4420 ut,

454 4426 587 4489 octaphoro
604 4425 754 4493 [remeatur]
772 4426 858 4479 Schol.
871 4428 966 4481 iuven.
984 4444 1010 4495 p.
1024 4432 1065 4481 39.
1084 4430 1127 4481 ed.
1147 4432 1277 4491 Cramer..
1295 4432 1365 4482 unde
1383 4432 1533 4483 Schcfferus
1552 4431 1660 4496 (ibidem
1670 4445 1697 4497 p.
1712 4431 1781 4496 622.)

455 4503 537 4553 coni:
564 4504 631 4553 Num
647 4516 724 4563 unus,
746 4508 774 4552 ut
789 4517 843 4554 mos
859 4509 893 4554 ert
909 4505 973 4555 auu.
992 4520 1045 4571 rep.
1064 4519 1124 4571 sqq.
1138 4533 1165 4542 —
1185 4507 1319 4569 octaphoro
1336 4509 1364 4558 ll.
1384 4534 1411 4543 -
1432 4508 1471 4559 48.
1489 4513 1635 4559 rosucortur
1650 4507 1684 4570 (a
1699 4519 1733 4558 ex
1749 4507 1782 4573 F)

454 4577 488 4637 ll;
505 4589 580 4626 rosae
596 4582 681 4627 urettu
698 4577 729 4626 Gt
745 4576 776 4632 2;
794 4591 924 4628 roseaceum
939 4579 986 4630 Ld.
1001 4607 1028 4615 -
1047 4581 1088 4630 26.
1107 4580 1253 4631 commetat
1269 4583 1319 4642 443,
1337 4584 1435 4632 Nonius
1454 4596 1480 4647 p.
1499 4583 1556 4634 366.
1576 4581 1632 4634 444.
1648 4582 1706 4633 224.
1720 4580 1780 4634 444.

455 4651 495 4714 (in
517 4664 569 4713 quo
591 4654 632 4700 est
652 4651 686 4699 ad
710 4650 812 4715 notul:
842 4652 981 4714 opponebat
1002 4656 1082 4718 Lngg.
1110 4655 1164 4718 [ribi
1186 4657 1220 4705 od
1240 4670 1316 4708 umus
1335 4657 1480 4708 udmoocw
1499 4661 1599 4709 Auctor
1618 4658 1736 4710 incertus
1753 4657 1782 4708 in

453 4724 595 4775 Anecdotts
620 4724 701 4774 Paris.
723 4736 749 4787 p.
762 4726 786 4774 5.
810 4725 852 4775 ed.
876 4728 981 4791 falsu,
1010 4729 1055 4779 ubi
1079 4730 1175 4781 deinde
1199 4736 1252 4783 est:
1282 4735 1451 4784 minustissimis
1471 4735 1596 4799 nucula]
1619 4760 1646 4770 -
1670 4733 1783 4784 mutuis

454 4799 531 4863 ngas.
552 4826 580 4835 -
602 4800 642 4850 22.
664 4800 690 4849 iu
708 4799 786 4849 cutte.
807 4800 852 4851 na.
875 4802 969 4865 (lladv.
991 4818 1016 4869 p.
1039 4804 1119 4867 493.);
1144 4807 1178 4855 od
1196 4807 1274 4858 cubic.
1297 4807 1361 4859 deu.
1382 4809 1411 4858 0.
1442 4836 1469 4845 —
1496 4809 1626 4859 veuicbaut
1646 4807 1781 4872 posterius

453 4885 507 4923 orn.
525 4873 561 4924 33
578 4869 603 4922 λ.
623 4898 650 4907 -
669 4872 710 4923 23.
730 4874 837 4923 audietis
853 4874 917 4926 dett.
938 4903 964 4913 -
984 4878 1025 4929 26.
1043 4881 1147 4930 relicum
1167 4881 1187 4931 lt
1204 4894 1245 4947 pr.
1264 4895 1300 4933 m.
1321 4910 1348 4919 -
1367 4883 1457 4933 artur.
1481 4884 1563 4934 ouva
1583 4882 1662 4947 ngas.
1681 4908 1709 4918 -
1728 4896 1782 4933 uon

452 4947 514 4995 mur
526 4946 673 5012 praetem]
696 4962 747 4999 nou
760 4955 885 5012 praetura
901 4953 961 5002 miii
977 4960 1114 5016 praetorui.
1133 4955 1167 5016 ll;
1189 4970 1240 5006 uou
1252 4954 1328 5020 preld
1347 4958 1479 5021 (pratu
1496 4959 1545 5020 62,
1563 4962 1704 5021 ριάοσαὶιν
1720 4956 1779 5021 bd.)

451 5022 512 5070 nrttt
529 5028 666 5084 praetem.
686 5023 740 5084 G3;
766 5040 816 5075 usu
834 5033 969 5090 praetura.
991 5028 1052 5078 mitri
1071 5043 1157 5093 marg.
1177 5031 1270 5082 Lamb.
1290 5030 1365 5092 teau
1391 5032 1452 5082 miti
1472 5047 1523 5082 riou
1540 5038 1677 5095 praetem.
1697 5033 1727 5082 0.
1747 5057 1776 5067 -

451 5095 493 5145 28.
511 5109 561 5147 esso
577 5099 696 5160 oppidum
711 5098 777 5149 dett.
796 5101 825 5150 0.
846 5129 873 5138 -
892 5103 1108 5167 wionagia.
1127 5105 1424 5171 (lttsutsemperth.)
1443 5133 1470 5142 -
1489 5107 1781 5171 repraesumere

451 5170 624 5297 badssdqu
643 5174 672 5224 0.
689 5200 715 5210 -
727 5174 824 5227 roboot
839 5177 875 5228 na
893 5177 987 5241 (Madv.
1006 5191 1033 5243 p.
1051 5180 1117 5242 tbi:
1135 5180 1213 5233 soleat
1228 5180 1294 5234 dett.
1312 5183 1341 5233 0.
1356 5209 1384 5220 -
1397 5182 1438 5234 39.
1455 5182 1590 5247 iptorobitt
1605 5179 1631 5235 λ.
1644 5207 1673 5221 ·-
1687 5180 1780 5250 ducta
