4367 6109
471 554 534 620 'idi
886 558 1038 623 ORATIO
1060 560 1139 625 PRO
1162 561 1197 624 L.
1218 562 1386 626 nunaut

472 735 504 793 et
525 727 599 790 forti
620 727 724 790 animo
745 733 777 788 et
798 745 890 808 agere
913 733 944 790 et
961 728 1065 791 dicere
1080 730 1241 804 videbam,
1263 731 1319 794 tibi
1335 731 1449 794 solitus
1465 752 1536 794 sum
1552 732 1676 808 dicere,
1699 734 1798 816 magis

470 831 502 885 te
523 821 634 885 fortem
658 826 834 888 senatorem
856 820 933 883 mihi
956 821 1054 885 videri
1078 842 1172 905 quam
1197 825 1371 906 sapientem
1401 824 1613 888 candidatum.
1657 828 1798 890 Primum

470 913 639 979 accusandi
661 921 796 977 terrores
818 922 851 976 et
871 915 995 988 minae,
1019 916 1134 999 quihus
1156 924 1191 978 tu
1214 917 1357 1000 qnotidie
1380 920 1424 982 uti
1447 919 1588 993 solebas,
1611 932 1687 985 sunt
1708 922 1798 985 fortis

469 1011 546 1082 viri,
577 1007 633 1072 sed
661 1014 694 1070 et
715 1007 826 1089 populi
855 1007 1037 1090 opinionem
1060 1028 1155 1092 aspa
1177 1009 1374 1092 adipiscendi
1405 1020 1551 1075 avertunt
1573 1023 1604 1076 et
1625 1018 1797 1079 amicorum

446 1103 574 1168 astudia
595 1101 770 1164 debilitant
813 1101 927 1163 Nescio
952 1122 1016 1185 quo
1039 1109 1129 1183 pacto
1152 1122 1277 1184 semper
1298 1105 1357 1167 hoc
1379 1106 1431 1179 fit,
1462 1109 1623 1190 neque-in
1654 1129 1718 1172 unc
1741 1117 1797 1170 aut

468 1199 568 1262 altero
589 1195 841 1258 animadversum
864 1203 928 1268 est,
959 1194 1014 1256 sed
1044 1195 1106 1257 iam
1128 1196 1160 1258 in
1183 1197 1341 1279 pluribus:
1374 1199 1467 1261 simul
1490 1207 1585 1282 atque
1608 1204 1796 1266 candidatus

468 1292 699 1354 accusationem
729 1288 873 1351 meditari
901 1289 989 1350 visus
1012 1296 1075 1361 est,
1104 1297 1138 1351 ut
1165 1289 1316 1352 honorem
1340 1292 1523 1376 desperasse
1546 1295 1699 1359 videatur.
1745 1295 1796 1359 it.

469 1385 575 1461 Quid?
597 1402 672 1465 ergo
694 1389 854 1463 acceptam
876 1382 1024 1445 iniuriam
1046 1383 1194 1465 persequi
1217 1403 1280 1445 non
1305 1385 1431 1467 placet?
1468 1387 1568 1449 Immo
1592 1390 1797 1454 vehementer

466 1480 585 1562 placet,
607 1476 663 1540 sed
685 1476 769 1538 aliud
793 1484 916 1558 tempus
938 1483 986 1537 est
1006 1475 1152 1558 petendi,
1175 1476 1262 1539 aliud
1284 1480 1507 1560 persequendi.
1541 1483 1707 1548 Petitorem
1724 1505 1796 1568 ego,

431 1572 652 1656 topraesertim
680 1569 877 1643 consulatus,
907 1588 1019 1651 magna
1040 1589 1114 1650 spe,
1142 1588 1257 1651 magno
1279 1572 1405 1645 animo,
1439 1575 1560 1655 magnis
1583 1578 1685 1659 copiis
1708 1588 1741 1640 et
1762 1580 1795 1640 in

467 1666 570 1729 iorum
593 1672 625 1728 et
645 1665 678 1726 in
700 1683 844 1745 campum
867 1661 980 1726 deduci
1002 1663 1090 1725 volo:
1125 1682 1187 1725 non
1210 1664 1314 1744 placet
1337 1665 1411 1727 mihi
1434 1667 1599 1750 inquisitio
1623 1671 1796 1745 candidati,

466 1759 654 1843 praenuntia
674 1755 833 1838 repulsae,
855 1776 918 1818 non
942 1755 1067 1817 testium
1092 1756 1196 1838 potius
1222 1776 1316 1837 qnam
1337 1758 1574 1840 suffragatorum
1591 1765 1796 1846 comparatio,

467 1872 531 1915 non
554 1852 658 1914 minae
679 1850 778 1931 magis
800 1869 894 1933 quam
916 1848 1106 1922 Munditias,
1137 1867 1200 1910 nou
1233 1850 1420 1914 declamatio
1442 1852 1548 1933 potius
1570 1875 1664 1936 quam
1686 1877 1796 1939 persa·

468 1945 596 2018 lutatio,
618 1942 803 2026 praesertim
826 1962 896 2004 cum
919 1942 981 2004 iam
1003 1942 1065 2004 hoc
1087 1961 1170 2004 novo
1194 1962 1280 2005 more
1303 1964 1414 2007 omnes
1435 1944 1502 2007 fere
1525 1945 1635 2009 domos
1650 1953 1794 2012 omnium

430 2049 459 2098 to
468 2045 656 2102 concursent
676 2044 709 2099 et
730 2056 770 2098 ex
791 2036 879 2099 vultu
894 2035 1134 2098 candidatorum
1149 2035 1363 2099 coniecturam
1379 2037 1511 2110 saciant,
1534 2050 1688 2121 quantum
1703 2045 1794 2125 quis·

467 2152 530 2216 que
552 2131 649 2193 animi
671 2138 703 2192 et
721 2128 880 2192 facultatis
901 2129 1017 2192 habero
1039 2127 1191 2191 videatur.
1225 2124 1275 2190 45.
1301 2130 1456 2193 «Videsne
1480 2138 1513 2194 tu
1535 2133 1624 2196 illum
1647 2137 1795 2199 tristem?

467 2225 660 2288 demissum?
691 2223 788 2297 iacet,
818 2221 948 2294 dillidit,
970 2222 1086 2285 abiecit
1107 2221 1242 2283 hastas.»
1289 2223 1393 2306 Serpit
1413 2223 1466 2286 hic
1487 2245 1611 2288 rumor:
1645 2230 1735 2291 «Scis
1759 2238 1795 2292 tn

465 2319 554 2381 illum
577 2315 808 2379 accusationem
831 2316 982 2398 cogitare,
1004 2316 1165 2399 inquirere
1188 2315 1220 2377 in
1239 2316 1477 2397 competitores,
1499 2325 1596 2380 testes
1619 2327 1794 2402 quaereret

466 2412 561 2474 alium
582 2410 704 2482 faciam,
726 2409 877 2492 quoniam
900 2409 958 2472 sibi
979 2409 1032 2471 hic
1054 2412 1122 2492 ipse
1144 2407 1317 2491 desperat.»
1342 2409 1419 2472 Eius
1442 2410 1529 2473 modi
1551 2413 1794 2478 candidatorum

428 2504 557 2567 aoamici
588 2503 691 2566 intimi
724 2502 940 2573 debilitantur,
969 2502 1074 2565 studia
1104 2501 1283 2584 deponunt;
1311 2511 1367 2564 aut
1394 2510 1493 2566 totam
1527 2524 1592 2566 rem
1626 2507 1793 2581 abiiciunt,

465 2606 520 2661 aut
540 2617 627 2661 suam
650 2615 778 2678 operam
801 2604 832 2658 et
853 2597 982 2678 gratiam
1006 2596 1122 2658 iudicio
1146 2603 1179 2658 et
1192 2596 1386 2658 accusationi
1400 2606 1570 2660 reservant.
1604 2600 1707 2663 XXll.
1729 2605 1793 2664 Ac·

466 2692 551 2756 cedit
583 2690 694 2754 eodem
727 2698 762 2752 ut
790 2690 883 2753 etiam
916 2690 984 2772 ipse
1014 2689 1199 2752 candidatus
1231 2698 1342 2752 totum
1364 2691 1502 2753 animum
1533 2701 1629 2775 atque
1662 2714 1792 2760 omnem

466 2804 589 2858 curam,
625 2803 752 2866 operam
783 2782 1042 2866 diligentiamque
1071 2802 1160 2845 suam
1190 2783 1223 2844 in
1253 2784 1408 2865 petitione
1436 2804 1500 2846 non
1529 2788 1628 2866 possit
1659 2808 1790 2869 ponere.

465 2877 653 2958 Adiungitur
682 2878 766 2938 enim
797 2877 1004 2939 accusationis
1033 2876 1198 2958 cogitatio,
1231 2896 1295 2938 non
1326 2896 1422 2958 parva
1455 2896 1521 2950 res,
1554 2880 1609 2942 sed
1639 2882 1790 2945 nimirum

427 2970 604 3034 asomnium
627 2970 774 3032 maxima.
816 2972 962 3051 Magnum
991 2976 1040 3031 est
1067 2969 1151 3031 enirn
1183 2978 1213 3031 te
1242 2989 1423 3052 comparare
1452 2989 1506 3043 ea,
1540 2972 1655 3054 quibus
1684 2976 1789 3057 possis

465 3065 627 3128 hominem
649 3084 666 3126 e
688 3063 830 3137 civitate,
853 3063 1034 3147 praesertim
1057 3082 1122 3125 non
1143 3062 1269 3145 inopem
1284 3081 1387 3144 neque
1402 3063 1578 3138 infirmum,
1601 3069 1787 3141 exturbare3

466 3160 521 3242 qui
543 3166 575 3221 et
595 3178 653 3240 per
673 3178 708 3221 se
731 3165 763 3220 et
782 3178 839 3241 per
860 3177 950 3230 suos,
974 3163 1005 3218 et
1025 3174 1101 3217 vero
1124 3155 1217 3217 etiam
1232 3175 1289 3238 per
1301 3156 1423 3219 alienos
1440 3155 1636 3221 defendatur.
1668 3160 1787 3222 Omnes

465 3254 549 3316 enim
571 3251 611 3314 ad
633 3252 773 3333 pericula
794 3249 1007 3333 propulsanda
1032 3249 1265 3324 concurrimus,
1295 3257 1328 3312 et
1348 3250 1402 3331 qui
1433 3269 1497 3312 non
1528 3262 1636 3332 aperte
1664 3255 1786 3316 inimici

465 3367 587 3418 sumus,
616 3346 709 3407 etiam
738 3345 939 3407 alienissimis
968 3344 1001 3405 in
1022 3342 1135 3424 capitis
1157 3343 1307 3424 periculis
1335 3344 1594 3406 amicissimorum
1624 3344 1728 3410 officia
1757 3358 1787 3409 et

427 3438 567 3503 costudia
586 3447 791 3521 praestamus.
833 3433 883 3498 46.
908 3437 1012 3511 Quare
1034 3455 1092 3516 ego
1115 3445 1264 3517 expertus
1287 3445 1317 3498 et
1337 3437 1465 3519 petendi
1487 3445 1519 3499 et
1540 3437 1732 3503 defendendi
1756 3451 1788 3504 et

464 3531 630 3596 accusandi
652 3533 827 3595 molestiam
850 3531 896 3593 sic
918 3531 1076 3604 intellexi,
1104 3531 1137 3593 in
1166 3532 1304 3613 petendo
1334 3533 1474 3595 studium
1497 3552 1566 3595 esse
1587 3534 1787 3607 acerrimum,

464 3630 496 3691 in
518 3625 716 3690 defendendo
739 3621 893 3698 officium,
922 3625 955 3685 in
977 3625 1153 3687 accusando
1177 3625 1323 3688 laborem.
1366 3629 1476 3709 ltaque
1499 3627 1545 3689 sic
1567 3636 1687 3701 statuo,
1718 3624 1786 3689 fieri

463 3723 551 3785 nullo
574 3720 669 3789 modo
690 3740 784 3802 posse
806 3727 841 3782 ut
863 3718 947 3780 idem
969 3719 1201 3782 accusationem
1229 3727 1261 3781 et
1289 3720 1472 3804 petitionem
1501 3720 1684 3784 considatus
1715 3721 1788 3782 dili·

462 3824 574 3900 genter
593 3814 727 3878 adornet
747 3821 842 3897 atque
864 3812 1007 3875 instruat
1040 3813 1143 3875 Unum
1165 3812 1321 3875 sustinere
1334 3814 1427 3896 pauci
1442 3823 1592 3896 possunt,
1615 3823 1786 3896 utrumque

425 3925 566 3973 sinemo.
610 3911 673 3982 Tu,
704 3928 774 3969 cum
804 3916 835 3970 te
858 3906 896 3969 de
920 3906 1074 3969 curriculo
1105 3907 1266 3989 petitionis
1295 3903 1479 3970 deflexisses
1509 3909 1713 3992 animumque
1745 3907 1788 3968 ad

461 4001 673 4068 accusandum
704 4001 935 4075 transtulisses,
971 3999 1156 4064 existimasti
1188 4007 1220 4063 te
1253 3999 1378 4081 utrique
1411 4001 1539 4083 negotio
1573 4001 1649 4066 satis
1681 4001 1788 4066 iacere

526 4290 550 4336 t.
569 4287 653 4335 aniuo
669 4298 746 4348 ogere
760 4299 785 4335 v.
808 4312 834 4321 -
853 4284 877 4334 3.
896 4284 983 4334 cotidie
1000 4286 1029 4334 G.
1044 4311 1070 4319 -
1090 4285 1115 4351 5.
1133 4287 1178 4332 out
1193 4283 1220 4331 iu
1237 4281 1317 4331 auaro
1334 4282 1363 4341 C,
1381 4293 1461 4342 neque
1476 4282 1503 4331 io
1514 4282 1593 4332 attero
1610 4297 1638 4342 χ.
1659 4309 1687 4320 -
1707 4286 1731 4334 6.
1751 4290 1788 4333 est

459 4378 513 4414 om.
533 4377 561 4422 x.
582 4389 608 4398 -
631 4361 656 4411 8.
675 4359 759 4422 Quid?
781 4373 840 4422 erpo
861 4365 989 4421 acceptam
1010 4359 1153 4410 Lambinus
1170 4357 1302 4408 distinxit:
1326 4357 1391 4419 Ouid
1412 4357 1492 4420 ergo?
1512 4363 1640 4420 acceptam
1656 4359 1686 4407 0.
1707 4360 1790 4420 (quod

459 4452 518 4500 crgo
539 4448 592 4486 occ.
612 4433 652 4495 Ε.)
679 4460 705 4469 -
732 4439 834 4496 accepto
850 4434 946 4483 iniuria
962 4435 993 4483 ll.
1019 4461 1046 4470 -·
1066 4435 1090 4484 9.
1109 4439 1144 4483 est
1159 4432 1255 4496 pctmdi
1271 4433 1340 4480 aliud
1357 4444 1410 4481 om.
1431 4434 1460 4482 G.
1484 4460 1510 4469 -
1538 4433 1578 4483 tt.
1594 4435 1736 4494 mosania
1754 4435 1787 4488 Ε,

456 4512 599 4575 provintiae
615 4523 640 4559 v.
668 4536 694 4545 -
721 4509 759 4558 43.
778 4508 866 4573 magis]
887 4510 970 4571 potius
992 4507 1051 4559 cod.
1072 4509 1163 4558 l'ranc.
1190 4532 1217 4542 -
1240 4507 1358 4555 adorato
1375 4506 1486 4556 arus.
1507 4532 1535 4543 -
1558 4507 1598 4558 ti.
1616 4508 1661 4557 loc
1683 4510 1738 4557 iam
1755 4509 1787 4558 G.

462 4614 486 4624 -
507 4588 547 4637 ts.
566 4585 622 4647 quis
638 4587 667 4633 G.
688 4611 715 4618 -
741 4584 781 4634 46.
798 4585 866 4634 vides
881 4598 910 4643 χ.
932 4612 958 4621 -
981 4587 1075 4633 tristem
1091 4584 1161 4632 ilium
1178 4596 1203 4631 v.
1224 4607 1252 4617 -
1277 4581 1316 4629 li.
1335 4580 1463 4629 dimissam
1479 4584 1508 4631 G.
1530 4608 1556 4617 -
1579 4581 1677 4646 diffidit]
1695 4583 1789 4631 desiria

460 4676 483 4712 v.
504 4689 532 4698 -
551 4661 628 4709 nescia
644 4659 712 4708 coni.
732 4656 823 4707 Lamb.
845 4684 871 4694 -
892 4659 931 4708 ta.
950 4659 1020 4707 iliam
1035 4659 1063 4707 Τ.
1084 4683 1111 4690 -
1130 4659 1303 4706 &amatorem
1320 4655 1348 4704 E.
1369 4683 1396 4692 —
1416 4657 1484 4704 testis
1500 4656 1678 4706 EGllCllS.
1694 4683 1722 4694 —
1743 4657 1787 4706 te.

457 4735 583 4799 quoniam]
602 4747 675 4796 quau
690 4746 716 4782 v.
728 4759 754 4767 -
774 4733 882 4794 desperet
899 4735 928 4783 G.
944 4754 972 4768 -
990 4734 1031 4782 20.
1049 4733 1157 4782 studium
1174 4731 1238 4794 Εψ.
1255 4758 1281 4767 -
1300 4736 1346 4780 asc
1361 4736 1440 4781 totam
1452 4730 1592 4783 Lambinus
1609 4735 1728 4792 (secutus
1744 4736 1788 4781 est

457 4810 572 4861 Klotrius
589 4810 615 4860 in
633 4807 676 4859 ed.
695 4809 731 4869 ll,
758 4820 819 4856 cum
841 4808 867 4857 iu
889 4809 977 4871 priore
997 4813 1055 4858 onte
1070 4809 1144 4858 cmm
1161 4808 1345 4870 coniecissetl:
1371 4813 1417 4857 aut
1432 4813 1519 4857 tactam
1535 4806 1610 4856 ECS
1619 4820 1652 4864 χ,
1680 4808 1740 4855 Par.
1760 4805 1787 4864 i,

457 4889 473 4937 2
490 4884 563 4946 Pell,
581 4886 618 4934 st.
635 4884 718 4939 Vict.;
744 4886 867 4931 amotam
883 4884 941 4933 Par.
954 4883 983 4939 ὃς
1010 4889 1055 4933 aut
1071 4889 1154 4935 usum
1171 4887 1206 4944 ῦς
1235 4889 1280 4935 aut
1296 4889 1412 4934 mimam
1428 4885 1485 4934 Par.
1504 4883 1532 4943 t,
1552 4879 1604 4932 Pal.
1624 4883 1652 4941 t,
1672 4881 1786 4939 Franc,

457 4961 515 5020 0v;
534 4964 579 5008 ast
595 4963 690 5007 certum
706 4958 731 5006 ll
752 4958 780 5006 et
796 4957 854 5007 Par.
872 4957 902 5012 o;
925 4962 970 5006 eut
986 4963 1101 5008 acicam
1115 4960 1149 5018 ‘1¹3
1172 4966 1218 5010 aut
1234 4962 1390 5023 maetam
1407 4958 1522 5017 Ernesti;
1544 4957 1602 5021 ipse
1620 4957 1735 5006 tentavi:
1758 4961 1788 5004 at

457 5035 579 5084 matam
602 5044 657 5081 reru
680 5029 808 5080 adiiciam.
845 5056 871 5066 -
897 5031 938 5081 rt.
960 5033 1072 5094 gratiam
1088 5038 1112 5082 et
1128 5047 1230 5095 operoso
1247 5047 1272 5083 v.
1303 5058 1329 5070 —
1354 5039 1399 5084 aut
1413 5033 1526 5097 gratim
1541 5031 1570 5081 l..
1593 5057 1620 5066 -
1638 5030 1680 5080 ἥ.
1700 5030 1787 5079 mani

456 5107 788 5173 tenporcotccmipsev.
814 5134 839 5145 -
864 5111 1120 5167 atqueomnonom.
1140 5111 1169 5159 G.
1195 5135 1222 5144 -
1246 5109 1287 5158 td.
1306 5109 1468 5158 minotG.
1488 5134 1515 5143 —
1543 5107 1787 5168 summaque

456 5185 521 5247 Εψ.
541 5211 568 5219 -
587 5183 700 5248 inflmiaa
716 5196 741 5233 v.
762 5210 789 5219 -
807 5183 849 5233 27.
866 5195 926 5231 voro
942 5195 996 5233 om.
1015 5196 1041 5233 v.
1059 5211 1086 5220 —
1105 5184 1147 5235 28.
1165 5184 1322 5234 meminus
1338 5185 1367 5231 G.
1389 5208 1415 5218 -
1434 5183 1516 5244 operti
1534 5183 1563 5232 G.
1584 5206 1614 5220 -
1633 5181 1673 5232 33.
1692 5195 1787 5231 cmm-

455 5260 521 5309 tctas
536 5265 560 5311 ct
573 5259 716 5322 petitionem
732 5260 766 5310 ll.
788 5285 814 5295 -
833 5256 874 5308 il.
892 5258 996 5309 immisi
1013 5260 1042 5308 G.
1063 5285 1089 5296 -
1109 5259 1150 5310 35.
1168 5259 1199 5309 de
1214 5264 1237 5309 tc
1254 5274 1281 5318 χ.
1302 5283 1329 5294 -
1349 5258 1390 5309 36,
1407 5257 1534 5309 ammi
1550 5259 1580 5307 G.
