4367 6109
687 564 760 631 cn».
775 565 954 633 vr-vnr.
975 563 1033 651 66.
1053 562 1202 631 66-66.
1225 563 1360 651 [6-66.
1381 562 1488 651 6-6.]
1676 562 1739 631 666

422 731 617 797 iracundiam
644 733 742 799 fidem
768 755 873 820 neque
899 743 1028 821 propter
1054 733 1269 802 infidelitatem
1297 736 1449 801 honorem
1469 735 1586 800 babere
1607 735 1738 800 debetis.

423 821 474 889 16.
497 822 552 910 [6.]
576 826 680 903 Quid?
702 831 897 895 simaiorem
918 831 1012 894 stiam
1032 828 1195 894 bominum
1209 831 1500 894 honestissimorum
1521 831 1643 913 copiam
1664 832 1740 893 atle-

421 940 502 995 ram,
525 940 606 1005 quae
627 922 722 986 huius
732 924 839 987 virtuti
860 931 955 1008 atque
976 924 1177 988 innocentiae
1191 925 1368 989 testimonio
1385 926 1484 1008 possit
1498 943 1578 998 esse,
1593 934 1739 988 tamenne

421 1014 492 1098 plus
521 1014 681 1079 Gallonrm
709 1017 875 1082 consensio
901 1017 1018 1081 valebit
1046 1038 1140 1101 quam
1166 1038 1305 1082 summae
1331 1019 1527 1083 auctoritatis
1553 1019 1739 1082 bominum?

423 1108 501 1172 Cum
520 1108 640 1172 Galliae
658 1111 807 1174 Fonteius
825 1119 1001 1194 praeesset,
1023 1113 1125 1185 scitis,
1148 1112 1284 1186 iudices,
1307 1113 1460 1176 maximos
1479 1113 1587 1196 populi
1608 1113 1764 1176 liomanili

421 1203 579 1266 exercitus
605 1202 639 1264 in
668 1203 789 1267 duabus
816 1203 976 1286 Hispaniis
997 1204 1252 1286 clarissimosque
1272 1207 1476 1287 imperatores
1496 1205 1605 1269 luisse.
1638 1206 1740 1281 Quam

421 1296 511 1360 multi
538 1299 660 1381 equites
686 1298 837 1373 Romani,
867 1319 960 1381 quam
989 1298 1079 1360 multi
1106 1298 1222 1360 tribuni
1243 1299 1394 1373 militum,
1424 1298 1534 1383 quales
1556 1309 1588 1363 ct
1609 1307 1689 1383 quot
1710 1305 1742 1362 61

421 1391 567 1474 quotiens
588 1390 683 1473 legati
704 1390 745 1454 ad
767 1392 842 1455 eost
876 1392 1043 1455 Exercitus
1064 1400 1228 1476 praeterea
1245 1392 1302 1455 Cn.
1316 1393 1450 1474 Pompei
1469 1394 1622 1455 maximus
1644 1402 1740 1474 atque

420 1483 637 1548 ornatissimus
657 1484 808 1549 hiemavit
828 1485 862 1548 in
884 1485 985 1549 Gallia
999 1487 1041 1548 11.
1055 1486 1188 1548 Fonteio
1202 1485 1386 1568 imperante.
1419 1487 1541 1550 Satisne
1555 1486 1646 1549 vobis
1661 1485 1742 1547 mul·

419 1584 485 1653 tos,
514 1579 591 1641 66116
619 1577 752 1643 1666666
779 1586 876 1643 166166
902 1588 934 1642 61
963 1580 1107 1643 66666166
1128 1579 1253 1643 6166166
1273 1578 1343 1660 1666
1363 1578 1490 1641 1661666
1512 1599 1582 1643 6666
1602 1578 1778 1642 6616166610

419 1690 527 1735 earum
547 1691 668 1746 rerum,
690 1692 771 1756 quae
794 1674 836 1735 11.
851 1674 982 1737 Fonteio
1003 1681 1148 1756 praetore
1170 1679 1355 1755 gererentur
1374 1671 1549 1735 1611611161
1583 1672 1684 1747 Quem
1700 1691 1741 1733 ex

418 1773 506 1829 tanto
526 1765 691 1830 bominum
712 1785 844 1829 numero
866 1774 980 1830 testem
1001 1769 1034 1830 in
1054 1765 1114 1829 1666
1134 1786 1228 1829 66666
1241 1763 1417 1848 producere
1430 1767 1584 1847 potestis?
1606 1765 1679 1849 quis
1693 1772 1742 1828 est

419 1879 460 1923 ax
481 1879 518 1923 eo
538 1878 688 1935 numero,
710 1861 766 1944 qui
788 1861 878 1924 vobis
900 1868 1010 1924 auctor
1030 1859 1173 1944 placeat?
1200 1878 1239 1921 eo
1261 1878 1319 1921 nos
1341 1858 1404 1921 iam
1424 1858 1586 1924 laudatore
1608 1866 1640 1923 et
1660 1865 1741 1921 teste

418 1961 553 2017 utemur.
596 1948 648 2015 17.
671 1950 725 2037 [7.]
748 1953 938 2017 Dubitabitis
967 1954 1061 2017 etiam
1090 1952 1224 2026 6161166,
1255 1952 1391 2026 1661666,
1424 1953 1502 2036 quin
1522 1952 1619 2027 illud,
1652 1951 1741 2035 quod

417 2047 508 2110 initio
527 2047 619 2112 vobis
640 2048 806 2132 proposui,
838 2048 1036 2111 verissimum
1057 2048 1114 2121 sit,
1136 2045 1223 2110 aliud
1245 2065 1302 2128 per
1322 2046 1384 2108 1666
1405 2046 1558 2110 iudicium
1579 2045 1658 2109 nihil
1679 2045 1741 2127 agi,
1749 2051 1778 2099 11

417 2142 598 2205 61616111.
620 2141 750 2204 Fonteio
771 2161 922 2226 oppresso
944 2142 1133 2206 testimoniis
1155 2161 1282 2216 eorum,
1312 2141 1429 2224 quibus
1450 2141 1550 2204 multa
1571 2143 1618 2204 rei
1637 2140 1741 2224 publi-

418 2252 473 2297 cae
494 2253 591 2298 causa
610 2234 805 2298 invitissimis
826 2236 979 2318 imperata
1000 2243 1089 2310 sunt,
1118 2236 1279 2317 segniores
1305 2235 1436 2317 posthac
1459 2236 1499 2298 ad
1520 2235 1739 2345 imperandum

417 2327 516 2391 ceteri
536 2328 616 2403 sint,
638 2348 709 2392 cum
731 2327 866 2392 videatis
889 2348 945 2392 eos
960 2349 1160 2413 oppugnare,
1181 2329 1332 2412 quibus..
1338 2329 1473 2462 .populi
1487 2329 1650 2394 Romani
1641 2348 1740 2412 rmpe·

399 2421 499 2486 ,61666
519 2420 678 2485 incolume
700 2441 770 2485 esse
791 2440 856 2485 non
877 2424 1004 2506 possiti

501 2516 583 2580 1111.
607 2512 671 2598 [11.
673 2511 684 2598 ]
715 2514 879 2580 0161661666
909 2517 1088 2592 661611666,
1118 2526 1284 2601 quaestum
1305 2520 1348 2581 11.
1369 2519 1534 2582 Fonteium
1556 2536 1597 2582 ex
1618 2518 1777 2582 61666611

416 2610 590 2674 munitione
610 2608 742 2684 1661666,
764 2616 799 2672 61
819 2617 874 2674 661
894 2629 936 2673 66
957 2619 1084 2693 cogeret
1098 2613 1237 2686 munire,
1259 2620 1315 2675 aut
1337 2612 1369 2675 id
1385 2612 1469 2695 quod
1484 2613 1640 2676 munitum
1655 2619 1740 2675 esset

416 2724 458 2769 ne
478 2704 679 2789 improbaret.
719 2704 752 2767 Si
774 2711 807 2767 et
828 2706 928 2768 coacti
950 2713 1024 2769 sunt
1044 2706 1166 2768 munire
1188 2726 1298 2769 omnes
1320 2715 1352 2769 et
1373 2707 1542 2770 multorum
1563 2726 1660 2790 opera
1679 2706 1740 2769 im·

416 2799 546 2882 probata
567 2806 656 2873 sunt,
678 2805 761 2862 certe
782 2806 954 2882 utrumque
975 2798 1091 2862 salsum
1112 2806 1178 2873 est,
1199 2806 1231 2862 et
1252 2799 1293 2862 ob
1308 2799 1504 2863 vacationem
1525 2801 1662 2882 pretium
1684 2799 1740 2861 da·

417 2899 502 2968 tum,
523 2913 594 2956 cum
614 2893 763 2957 immunis
784 2913 878 2957 nemo
900 2894 1010 2969 166611,
1040 2903 1072 2958 61
1093 2894 1134 2957 616
1156 2893 1388 2977 probationem,
1411 2914 1483 2957 cum
1504 2894 1604 2958 multa
1624 2896 1739 2976 impro-

415 2984 490 3050 bata
518 2987 590 3050 6161.
640 2981 905 3071 18.[8.]06161
936 2989 963 3052 61
991 2987 1051 3052 1666
1086 2989 1204 3051 crimen
1232 2987 1357 3069 optimis
1383 2987 1564 3051 nominibus
1592 2986 1776 3069 delegare*

416 3098 602 3162 possumus,
631 3081 742 3156 61116,
769 3101 835 3144 666
856 3089 891 3146 61
913 3082 1037 3165 culpam
1058 3082 1093 3144 16
1114 3083 1194 3145 61166
1217 3081 1454 3156 transieramus,
1478 3082 1536 3145 sed
1557 3082 1604 3144 uti
1625 3082 1739 3145 docea-

416 3192 486 3238 mus
508 3195 564 3238 eos
585 3174 638 3237 isti
659 3175 827 3239 munitioni
849 3176 1040 3259 praefuisse,
1063 3177 1119 3259 qui
1141 3174 1233 3238 facilc
1251 3174 1390 3239 officium
1412 3195 1504 3238 suum
1525 3181 1558 3238 ct
1578 3182 1738 3258 praestare

416 3275 449 3330 et
477 3269 610 3351 probare
638 3277 788 3352 possunt:
816 3276 962 3333 tamenim
984 3289 1042 3332 vos
1065 3269 1289 3333 6666161611.
1312 3270 1475 3333 Fonteium
1498 3268 1738 3332 166116166111666

415 3358 487 3424 freti
510 3361 704 3425 conferetis?
728 3362 807 3426 Cum
829 3363 1002 3427 maioribus
1023 3364 1069 3426 rei
1091 3364 1236 3448 publicae
1258 3363 1393 3444 negotiis
1413 3364 1456 3426 Μ.
1468 3363 1618 3426 Fonteius
1639 3362 1739 3445 impe·

416 3454 550 3533 diretur,
573 3464 604 3520 61
625 3477 697 3520 cum
718 3458 758 3521 ad
780 3478 847 3521 rem
868 3457 1025 3541 publicam
1046 3456 1221 3540 pertineret
1240 3457 1322 3520 viam
1342 3456 1511 3519 Domitiam
1535 3457 1667 3531 muniri,
1692 3455 1775 3518 le-ao

416 3550 495 3632 gatis
523 3551 605 3625 suis,
637 3551 794 3635 primariis
821 3552 915 3626 viris,
951 3551 1112 3615 666616
1142 3549 1283 3614 Bellieno
1310 3558 1343 3614 et
1371 3549 1404 3613 C.
1425 3550 1555 3614 Fonteio
1575 3550 1738 3632 negotium

480 3850 506 3903 1.
523 3852 632 3915 afferam
647 3852 758 3917 scripsi:
777 3852 923 3917 66166161,
942 3853 1064 3917 olims,
1082 3854 1162 3917 affero
1178 3851 1282 3903 666·
1300 3850 1325 3901 3.
1344 3850 1573 3914 661--6661616,
1588 3875 1616 3887 -
1635 3849 1740 3902 tm

414 3936 472 3977 6166
487 3926 646 3978 6661611616
661 3927 695 3977 1
713 3941 813 3979 mcccc
828 3930 967 3979 6661661166
982 3930 1083 3979 81..-
1101 3928 1228 3978 homiaem
1244 3927 1377 3977 Faernus:
1395 3925 1647 3977 6666166181..-
1666 3926 1740 3976 611-

415 3999 595 4063 omou-
567 4001 638 4051 7
655 4002 793 4054 6666111111
809 4003 913 4054 11111.
933 4002 1155 4066 -6661161-
1184 4001 1418 4064 6666166186
1442 4002 1740 4064 omisso—auom

415 4075 548 4126 6666661611.
565 4075 680 4128 16616666
696 4077 741 4128 co.
758 4078 970 4139 Pompeiossoe
990 4078 1030 4129 10.
1048 4077 1264 4128 6666666661μ-
1284 4078 1324 4127 11.
1342 4075 1736 4141 666666616616666666161..

415 4147 548 4213 (6666·-
532 4151 656 4212 -66166116
671 4163 815 4217 perperam
831 4164 881 4217 pro
898 4153 994 4217 spuriis
1005 4152 1098 4203 babuit
1108 4151 1265 4214 6616616166.)
1279 4179 1306 4188 -
1327 4153 1366 4202 tv.
1378 4153 1486 4202 66616666
1498 4151 1527 4201 V.
1541 4177 1568 4186 -
1583 4152 1623 4202 ts.
1634 4150 1741 4201 6166616

415 4224 687 4278 16616666180.-
706 4227 985 4292 oppopocrcVGarat.
998 4231 1079 4280 teste:
1099 4227 1306 4291 6666666150.
1322 4251 1349 4264 -
1369 4225 1502 4288 66116616
1521 4224 1741 4288 6616666666

415 4301 468 4353 80.
480 4301 652 4353 «Tenendum
663 4303 825 4364 6616166616,
838 4316 900 4354 mox
911 4315 960 4367 pro
970 4303 1112 4367 oppugnari
1123 4300 1295 4353 scribendum
1306 4314 1466 4365 oppaguom
1479 4299 1577 4350 deinde
1588 4302 1678 4349 autem
1690 4312 1739 4364 pro

414 4376 544 4439 66666611,
561 4375 607 4428 ubi
619 4390 683 4430 6666
695 4377 855 4431 vocabulum
866 4377 971 4438 excidit,
990 4375 1059 4428 aliud
1071 4376 1264 4442 reponendum,
1282 4376 1332 4426 sed
1347 4374 1426 4440 plane
1437 4376 1560 4425 contrarii
1574 4386 1682 4426 seusus:
1698 4374 1740 4422 61-

413 4451 523 4503 coctos
532 4451 655 4515 arbitror,
667 4457 698 4504 ut
708 4456 762 4504 tota
776 4452 901 4519 periodus
912 4453 951 4503 616
965 4451 1107 4516 procedat:
1125 4450 1455 4502 Dubttobttis-ctiud-oiltil
1465 4450 1522 4512 opi,
1533 4449 1582 4498 6161
1591 4449 1741 4512 ist-repoio-

413 4538 455 4576 rer
464 4526 500 4575 cd
514 4525 691 4590 1666666666
705 4530 780 4579 ceteri
795 4529 858 4589 6161,
876 4540 933 4577 com
942 4527 1048 4576 videmia
1058 4540 1100 4578 eos
1110 4539 1269 4590 oppugnare,
1286 4525 1375 4587 661166
1383 4523 1518 4574 6161661166
1527 4524 1553 4573 Ρ.
1566 4523 1596 4573 li.
1608 4522 1740 4584 impertiar

413 4601 536 4654 16661666
551 4616 601 4654 aare
615 4617 667 4654 noo
680 4605 782 4668 possit.»
800 4603 924 4654 Nrrrcna.'
946 4604 1043 4653 Contra
1059 4600 1186 4653 Orellius:
1206 4602 1342 4652 sNimium
1359 4602 1487 4665 66661666
1504 4594 1578 4648 κατὰ
1595 4593 1646 4647 τὸν
1662 4594 1741 4663 λογι-

413 4670 469 4727 κὸν
489 4672 693 4744 66666666661
714 4681 745 4730 11.
764 4680 931 4737 6661661666,
954 4690 1005 4728 666
1028 4676 1134 4727 6616661
1155 4675 1237 4726 debet
1253 4690 1287 4726 ex
1307 4676 1380 4726 161116
1396 4675 1476 4725 166166
1492 4674 1593 4739 6661116.
1619 4671 1740 4723 Fortibus

415 4750 543 4814 ducibus,
562 4752 646 4818 qualis
662 4753 748 4805 luerat
764 4754 896 4813 Fonteius,
915 4766 963 4818 per
980 4765 1061 4816 quem
1078 4752 1140 4801 61.
1159 4749 1245 4800 colonl
1262 4751 1341 4800 611666
1358 4748 1546 4800 Narbonenses
1563 4760 1592 4798 se
1609 4747 1742 4796 1666116666

415 4826 600 4879 existimabant
616 4841 689 4890 esse,
707 4827 819 4891 16111666,
837 4829 959 4892 inquam,
978 4828 1112 4891 oppressis
1129 4826 1269 4890 imperium
1286 4826 1374 4889 ipsum
1391 4827 1418 4875 Ρ.
1431 4826 1459 4875 li.
1472 4821 1604 4874 incolume
1616 4833 1740 4871 essenon

414 4904 528 4965 poterat.
554 4903 705 4955 Victoribus
722 4902 800 4955 Gallis
815 4903 880 4954 illud
898 4901 1030 4953 incolume
1048 4915 1100 4952 non
1118 4902 1187 4962 iore,
1214 4899 1290 4962 quid,
1317 4911 1429 4962 quaeso¹
1456 4897 1585 4948 attinebat
1607 4896 1738 4945 61666616

416 4977 550 5028 Lacunam
567 4979 646 5030 616161
664 4991 726 5028 cum
742 4977 926 5038 Mommsenio,
946 4977 989 5027 cul
1005 4976 1073 5026 boec
1090 4975 1145 5025 lere
1156 4974 1280 5025 videntur
1290 4972 1400 5024 deesse:
1419 4987 1476 5023 6666
1491 4972 1595 5022 adactis
1610 4983 1651 5021 eos
1661 4983 1742 5033 oppo-

415 5064 509 5114 poam,
527 5053 617 5113 661666
632 5054 757 5117 imperato
771 5054 879 5115 616166,
897 5053 949 5102 6166
959 5050 1185 5115 cosmopoeia.
1197 5049 1330 5112 imperium
1345 5049 1467 5098 1666616666
1482 5059 1532 5098 666
1546 5058 1597 5094 noo
1609 5045 1696 5109 poscit.
1711 5071 1739 5081 -

417 5125 458 5176 19.
476 5127 611 5179 iocationes
625 5128 658 5178 V.
677 5154 705 5165 —
723 5128 766 5179 11.
783 5129 923 5179 6666161666
938 5127 970 5177 1.
991 5153 1018 5162 -
1036 5127 1078 5177 13.
1096 5130 1132 5176 661
1147 5125 1178 5190 etl
1196 5129 1257 5175 6661
1272 5124 1303 5184 1,
1321 5129 1381 5174 erret
1397 5129 1421 5175 ct
1437 5124 1463 5173 S.
1483 5150 1511 5159 -
1525 5121 1653 5183 praetium
1668 5119 1700 5171 V.
1711 5146 1738 5155 -

416 5199 458 5252 et.
476 5203 765 5267 ctopprobotiooemV.
785 5204 988 5255 -25.motS.
1006 5228 1033 5237 -
1053 5203 1217 5265 deoapmes.
1236 5198 1462 5262 -111661161,
1484 5223 1511 5233 -
1530 5195 1739 5246 16166111.-

417 5273 458 5326 30.
475 5276 545 5330 61666
561 5279 676 5332 mutiat
691 5279 723 5332 V.
737 5305 765 5318 ··
782 5279 878 5331 6666161
893 5279 1058 5332 Hotomanus
1074 5280 1102 5329 et
1118 5278 1248 5329 Facmue:
1265 5275 1365 5328 666166
1380 5275 1437 5326 Vs.
1453 5300 1481 5311 -
1500 5273 1541 5324 31.
1558 5271 1676 5324 36111666
1691 5271 1723 5323 V.
