4367 6109
756 554 830 619 cn.
853 552 1133 620 nxvnr-nxx.
1161 552 1218 640 sp.
1240 550 1433 620 roa-roo.
1694 555 1756 622 seo

434 723 615 808 diligentia,
647 725 681 787 in
704 724 847 808 singulos
869 726 1043 808 municipes
1065 727 1259 809 benignitas,
1281 728 1315 790 in
1336 745 1447 791 omnes
1469 724 1615 790 homines
1637 727 1755 791 iustitia

434 826 465 883 et
493 815 580 881 lides.
619 819 783 882 Praeterea
810 817 1004 882 nobilitatem
1035 820 1121 884 illam
1151 822 1233 884 inter
1255 841 1332 884 suos
1354 821 1524 904 locumque
1546 840 1565 883 a
1586 820 1756 883 maioribus

433 911 580 976 traditum
603 912 648 975 sic
670 919 792 987 tuetur,
814 920 849 975 ut
863 912 1018 977 maiorum
1040 915 1242 997 gravimtem,
1265 916 1490 989 constantiam,
1512 915 1659 998 gratiam,
1680 914 1758 977 libe·

432 1005 589 1070 ralitatem
617 1014 813 1091 assequatur.
861 1008 972 1091 ltaque
1001 1008 1039 1071 iis
1069 1027 1142 1071 eum
1170 1008 1274 1071 verbis
1303 1009 1430 1090 publice
1459 1007 1607 1083 laudant,
1635 1013 1758 1071 utnon

433 1098 537 1163 solum
567 1101 783 1164 testimonium
812 1121 904 1164 suum
932 1101 1149 1183 indiciumque
1178 1101 1374 1184 significent,
1404 1121 1514 1165 verum
1537 1101 1628 1165 etiam
1651 1120 1782 1168 curams

432 1194 529 1257 animi
557 1214 594 1258 ac
615 1192 767 1258 dolorem.
804 1195 894 1270 Quae
916 1194 992 1258 dum
1014 1194 1153 1259 laudatio
1175 1196 1342 1269 recitatur,
1372 1215 1429 1260 vos
1452 1214 1588 1279 quaeso,
1611 1194 1667 1278 qui
1690 1213 1759 1258 eam

433 1286 606 1363 detulistis,
628 1289 793 1371 assurgite.

518 1375 816 1446 uetustissimis
839 1381 967 1457 horum,
997 1381 1136 1455 iudices,
1165 1382 1347 1446 existimare
1369 1383 1520 1465 potestis,
1550 1403 1660 1447 omnes
1681 1380 1761 1446 baec

433 1475 620 1539 decuriones
652 1475 829 1539 decrevisse
858 1476 1065 1539 lacrimantes.
1108 1477 1173 1558 Age
1201 1495 1292 1550 vero,
1320 1477 1497 1540 vicinorum
1519 1484 1673 1560 quantum
1695 1485 1761 1540 stu·

434 1570 538 1644 dium,
560 1589 656 1652 quam
671 1569 864 1633 incredibilis
880 1570 1117 1645 benevolentia,
1140 1577 1255 1654 quanta
1273 1590 1350 1633 cura
1364 1571 1428 1634 esti
1451 1572 1522 1634 Non
1536 1569 1582 1633 illi
1597 1570 1630 1632 in
1645 1568 1761 1632 libellis
1770 1595 1798 1641 to

435 1662 647 1725 laudationem
671 1662 828 1725 decretam
850 1663 1019 1737 miserunt,
1042 1663 1098 1726 sed
1117 1663 1260 1727 homines
1276 1664 1533 1739 honestissimos,
1556 1683 1637 1749 quos
1651 1681 1762 1727 nosse-

434 1775 503 1818 mus
525 1775 649 1831 omnes,
669 1756 732 1819 buc
754 1755 936 1839 frequentes
958 1757 1070 1820 adesse
1086 1766 1118 1821 et
1139 1756 1223 1820 hunc
1239 1766 1424 1841 praesentes
1439 1757 1569 1821 laudare
1583 1757 1761 1820 voluerunt.

433 1848 555 1914 Adsunt
575 1850 762 1925 Ferentani,
789 1850 935 1914 homines
958 1850 1163 1925 nobilissimi,
1191 1852 1363 1915 Marrucini
1395 1852 1470 1914 item
1498 1851 1566 1934 pari
1589 1849 1761 1933 dignitate:

433 1945 540 2006 Teano
568 1944 671 2026 Apulo
701 1952 797 2028 atque
827 1945 960 2009 Luceria
982 1943 1108 2028 equites
1134 1945 1311 2020 llomanos,
1341 1946 1487 2009 homines
1509 1944 1762 2018 honestissimos,

433 2036 612 2103 laudatores
641 2038 775 2103 videtis:
804 2041 946 2102 Boviano
978 2045 1109 2123 totoque
1131 2060 1171 2103 ex
1193 2040 1325 2103 Samnio
1348 2060 1419 2104 cum
1442 2037 1641 2102 laudationes
1662 2037 1800 2108 bone-ss

433 2131 589 2195 stissimae
612 2132 729 2196 missae
751 2143 840 2208 sunt,
864 2141 930 2195 tum
953 2132 1099 2197 homines
1120 2134 1308 2217 amplissimi
1329 2132 1583 2216 nobilissimique
1597 2139 1762 2194 venerunt.

433 2221 504 2285 t98.
527 2225 592 2287 lam
614 2227 724 2308 quiin
746 2247 822 2310 agro
844 2227 985 2290 Larinati
1009 2228 1155 2310 praedia,
1185 2228 1241 2311 qui
1263 2229 1409 2311 negotia,
1441 2229 1570 2311 quires
1598 2225 1762 2307 pecuarias

432 2318 567 2392 babent,
588 2319 716 2383 bonesti
737 2320 884 2384 homines
907 2329 939 2384 et
961 2340 1084 2384 summo
1099 2321 1270 2404 splendore
1291 2321 1443 2405 praediti,
1465 2319 1595 2384 difficile
1612 2318 1700 2382 dictu
1714 2327 1763 2382 est

433 2432 528 2495 mam
558 2413 621 2476 sint
649 2414 795 2488 solliciti,
824 2432 920 2498 quam
949 2414 1102 2478 laborent.
1144 2418 1213 2479 Non
1245 2416 1336 2479 multi
1358 2416 1435 2478 mibi
1458 2416 1498 2478 ab
1518 2434 1584 2478 uno
1606 2414 1651 2477 sic
1673 2413 1761 2495 diligi

433 2505 596 2581 videntur,
618 2515 654 2570 ut
675 2505 727 2571 hic
748 2508 788 2572 ab
810 2509 849 2572 iis
871 2508 1037 2572 universis.
1770 2531 1799 2579 ao

517 2600 615 2662 Lxx.
638 2600 740 2675 Quam
763 2602 858 2666 doleo
880 2602 990 2666 abesse
1013 2602 1052 2664 ab
1074 2601 1170 2666 buius
1193 2602 1313 2666 iudicio
1334 2601 1370 2666 L.
1390 2601 1614 2676 Volusienum,
1637 2621 1761 2665 summo

434 2694 605 2777 splendore
634 2693 795 2760 hominem
826 2717 862 2759 ac
890 2696 1006 2759 virtute
1034 2696 1229 2780 praeditum!
1261 2697 1384 2760 Vellem
1413 2702 1612 2779 praesentem
1633 2713 1761 2778 possem

432 2790 465 2851 P.
488 2787 669 2852 Helvidium
691 2789 825 2866 lautum,
855 2791 994 2875 equitem
1016 2793 1195 2854 Romanum
1217 2791 1359 2854 omnium
1381 2789 1631 2864 ornatissimum,
1659 2788 1763 2852 nomi·

432 2883 525 2946 naret
555 2883 612 2967 qui
639 2903 711 2946 cum
738 2883 834 2949 huius
861 2904 957 2948 causa
986 2884 1054 2949 dies
1082 2892 1258 2969 noctesque
1288 2883 1434 2968 vigilaret
1460 2891 1587 2948 etcum
1609 2903 1659 2947 me
1679 2881 1762 2947 banc

432 2996 560 3040 causam
583 2975 727 3053 doceret,
749 2979 783 3040 in
805 2979 951 3042 morbum
973 2999 1101 3062 gravem
1122 2974 1401 3062 periculosumque
1423 2977 1555 3042 incidit:
1578 2978 1611 3041 in
1629 2997 1692 3060 quo
1714 2983 1799 3050 tans

432 3091 506 3134 men
528 3090 593 3134 non
615 3072 718 3135 minus
741 3071 907 3155 decapite
932 3071 1027 3136 buius
1049 3093 1144 3156 quam
1166 3072 1205 3135 de
1227 3093 1285 3137 sua
1307 3071 1372 3136 vita
1392 3071 1525 3135 laborat.
1558 3071 1614 3136 Cn.
1636 3070 1761 3134 Tudicii

432 3165 606 3239 senatoris,
628 3165 689 3228 viri
712 3166 824 3249 optimi
848 3174 879 3230 et
900 3165 1135 3242 honestissimi,
1156 3186 1215 3250 par
1235 3166 1376 3231 studium
1396 3185 1436 3229 ex
1450 3165 1633 3229 testimonio
1648 3171 1680 3229 et
1694 3163 1762 3228 lau·

432 3258 561 3321 datione
584 3260 793 3341 cognmcetis.
829 3258 948 3324 Eadem
971 3280 1042 3343 spe,
1071 3259 1128 3324 sed
1150 3263 1270 3325 maiore
1291 3257 1484 3324 verecundia
1505 3259 1545 3322 de
1566 3266 1614 3334 te,
1642 3258 1676 3320 P.
1696 3258 1762 3321 Vo-

431 3352 548 3425 lumni,
572 3352 722 3435 quoniam
745 3352 844 3416 iudex
866 3374 900 3416 es
922 3355 955 3417 in
977 3355 1016 3416 Α.
1034 3354 1231 3429 Cluentium,
1253 3353 1398 3417 dicimus.
1433 3353 1475 3416 Et
1496 3371 1537 3416 ne
1558 3351 1689 3436 longum
1711 3351 1760 3427 sit,

432 3445 574 3507 omnium
597 3444 773 3508 vicinorum
801 3466 956 3509 summam
985 3466 1055 3509 esse
1083 3445 1118 3508 in
1147 3447 1232 3512 hunc
1253 3447 1505 3511 benevolentiam
1527 3442 1798 3521 confirmamusap

432 3533 504 3600 tut).
527 3538 813 3614 Horumomuium
835 3540 992 3614 studium,
1022 3559 1146 3615 curam,
1176 3541 1374 3625 diligentiam
1396 3559 1565 3624 meumque
1587 3558 1651 3602 una
1672 3538 1761 3602 labo-

431 3653 513 3708 rem,
537 3633 592 3715 qui
615 3640 714 3696 totam
736 3632 817 3697 hanc
840 3654 966 3697 causam
985 3641 1092 3699 vetere
1115 3635 1259 3699 instituto
1275 3635 1362 3698 solus
1376 3635 1538 3719 peroravi,
1559 3641 1761 3718 vestramque

432 3725 542 3802 simul,
567 3727 705 3801 iudices,
731 3727 925 3811 aequitatem
948 3736 980 3791 et
1001 3728 1275 3792 mansuetudinem
1299 3748 1361 3791 una
1382 3736 1483 3792 mater
1506 3733 1679 3813 oppugnat.
1720 3729 1761 3790 nt

409 3832 512 3904 'quae
535 3823 659 3882 materi
683 3820 785 3895 Quam
809 3841 934 3885 caecam
956 3821 1142 3885 crudelitate
1164 3831 1196 3885 et
1217 3821 1336 3885 scelere
1358 3821 1433 3884 ferri
1448 3820 1578 3897 videtis,
1600 3820 1691 3885 cuius
1705 3840 1760 3883 cu·

431 3914 593 3996 piditatem
616 3913 705 3976 nulla
726 3933 877 3998 umquam
900 3915 1062 3997 turpitudo
1085 3915 1271 3990 retardavit,
1294 3915 1476 3999 quaeritiis
1491 3913 1588 3978 animi
1607 3913 1641 3977 in
1656 3913 1796 3991 detor-35

431 4009 525 4070 rimas
554 4014 659 4090 partes
691 4008 760 4071 iura
780 4008 944 4071 bominum
967 4008 1122 4072 convertit
1144 4009 1266 4084 omnia,
1299 4011 1391 4072 cuius
1405 4028 1451 4072 ea
1472 4008 1606 4072 stultitia
1627 4012 1693 4081 est,
1724 4014 1760 4069 ut

495 4285 519 4336 l.
538 4291 704 4349 mupuantur
720 4286 746 4336 S.
767 4312 794 4322 -
818 4287 849 4336 its
865 4299 920 4337 om.
938 4287 965 4338 T.
988 4315 1015 4324 -
1040 4286 1146 4351 publicis
1162 4289 1188 4338 T.
1208 4313 1236 4323 -
1256 4287 1280 4338 6.
1299 4286 1363 4352 eant]
1380 4287 1433 4337 ianr
1449 4287 1506 4338 ts.
1529 4311 1556 4322 —
1583 4287 1609 4337 T.
1627 4289 1757 4354 auwpite.

430 4359 587 4411 astutulo
605 4361 753 4411 cnvenit!
766 4361 814 4411 EX
827 4361 1039 4414 oneratorum
1055 4362 1252 4415 statumve
1267 4362 1423 4414 naemu.
1441 4363 1484 4412 lta
1500 4373 1554 4425 mg.
1572 4358 1606 4423 i,
1624 4362 1653 4411 0.
1668 4388 1696 4398 -
1715 4363 1755 4413 to.

430 4449 507 4496 quam
522 4435 791 4487 incredibilis-·cura
807 4442 842 4487 ert
857 4450 911 4488 om.
923 4437 950 4487 T.
963 4464 990 4475 -
1009 4438 1049 4488 tt.
1067 4438 1237 4490 laudationes
1252 4440 1376 4489 decretam
1392 4438 1450 4488 ST:
1470 4437 1643 4488 humanu
1659 4438 1758 4488 danna

430 4510 573 4566 ΜΗΘ.
585 4539 613 4550 -
632 4512 671 4563 43.
684 4513 804 4562 Frontoni
821 4513 877 4563 1¹¹0.
897 4511 935 4563 ct.
949 4509 1041 4576 Polyb.
1054 4513 1085 4563 11.
1098 4512 1140 4575 et,
1150 4513 1190 4564 ta.
1203 4511 1308 4563 Florum
1321 4513 1340 4563 l.
1352 4512 1427 4572 tan.
1446 4539 1474 4549 -
1492 4513 1645 4564 ltonuctnii
1661 4513 1715 4563 ST.
1727 4539 1754 4549 -

431 4587 470 4638 tl.
489 4587 597 4638 nonna
612 4587 791 4638 nonestustnor
806 4589 892 4638 STL:
910 4588 1091 4639 bonestirdmos
1105 4589 1216 4638 nomines
1231 4585 1345 4642 PAPO.
1364 4613 1391 4623 —
1412 4588 1452 4638 itt.
1470 4588 1567 4639 Boiano
1583 4587 1645 4641 iil.
1662 4588 1758 4639 Emen-

431 4660 503 4711 davit
519 4663 574 4712 Nic.
592 4660 724 4725 Angelius.
744 4687 772 4697 -
792 4663 831 4713 tr.
850 4662 971 4712 Larinate
986 4663 1015 4713 L.
1030 4690 1058 4700 -
1071 4665 1208 4726 pecuarias
1223 4664 1261 4725 Α,
1278 4675 1331 4726 mg.
1348 4660 1379 4725 a,
1398 4663 1432 4713 0:
1446 4664 1610 4725 parniariar
1626 4658 1713 4715 aut.
1727 4688 1754 4696 -

431 4737 470 4786 ta.
483 4740 518 4786 est
534 4746 588 4785 om.
602 4736 631 4786 T.
646 4762 672 4770 —
691 4735 732 4785 ΞΟ.
751 4735 850 4785 iisST:
869 4736 907 4785 tris
917 4737 1009 4786 ceteri.
1024 4764 1051 4772 —
1070 4737 1111 4788 at.
1124 4751 1201 4800 psam
1215 4739 1283 4788 douo
1295 4735 1459 4790 Classenins:
1478 4739 1579 4799 wando
1595 4736 1662 4796 am
1681 4749 1758 4798 wem

430 4825 479 4861 non
502 4822 563 4860 cum
585 4808 628 4860 ed.
647 4810 749 4860 Iuntina
766 4808 850 4863 ΗΟ.
872 4836 899 4846 -
926 4809 1007 4874 nnus]
1024 4810 1069 4860 noc
1086 4812 1114 4860 L.
1134 4837 1162 4846 -
1189 4812 1229 4862 22.
1249 4813 1401 4874 praedium.
1417 4811 1504 4862 vetum
1517 4817 1672 4875 praesentem
1688 4809 1755 4863 iil:

428 4885 571 4948 praeditam
586 4883 691 4934 oetlcmt
709 4890 864 4947 praesentem
881 4881 912 4944 a;
928 4886 1072 4947 praeditum
1087 4885 1193 4937 mann?
1209 4900 1286 4949 quam
1301 4887 1387 4938 veliem
1399 4893 1555 4951 praermtem
1572 4888 1628 4939 Lo.
1642 4914 1670 4923 -
1684 4899 1758 4949 passe

430 4960 487 5009 LO.
502 4986 529 4995 -
548 4957 589 5009 at.
608 4971 686 5008 casua
702 4971 756 5009 om.
768 4959 798 5009 T.
814 4986 840 4995 -
859 4959 900 5009 25.
914 4972 963 5021 quo
980 4972 1033 5011 om.
1046 4960 1075 5010 Τ.
1089 4986 1116 4995 -
1135 4960 1176 5010 26.
1189 4959 1355 5028 tabmabati.
1372 4988 1399 4998 -
1414 4963 1499 5013 Tudici
1516 4958 1657 5020 SFAth;
1676 4961 1757 5012 maus

430 5034 458 5084 T.
475 5057 501 5068 -
520 5031 562 5082 27.
580 5046 613 5082 nc
624 5032 763 5083 Graevius:
781 5038 805 5082 et
821 5029 939 5092 rnna
957 5035 984 5083 in
995 5035 1028 5093 03
1047 5046 1101 5084 om.
1115 5035 1169 5085 ST.
1188 5035 1227 5087 et.
1241 5035 1407 5101 Wesenberg
1424 5036 1458 5087 ad
1475 5050 1514 5087 or.
1533 5050 1559 5102 p.
1573 5037 1657 5087 Sestio
1673 5051 1701 5102 p.
1713 5037 1754 5088 32.

430 5111 457 5158 et
474 5107 508 5157 de
524 5108 681 5171 permutatis
692 5105 780 5158 verbis
797 5109 911 5172 statque
923 5121 956 5159 ea
965 5121 1021 5158 var.
1034 5106 1095 5159 lect.
1108 5108 1140 5159 ad
1151 5121 1179 5173 p.
1189 5111 1246 5162 sta.
1259 5126 1285 5162 v.
1299 5113 1339 5164 tt.
1352 5139 1379 5150 -
1397 5113 1562 5163 braimantum
1573 5113 1600 5162 F.
1615 5138 1642 5148 -
1655 5113 1697 5163 28.
1709 5126 1756 5162 oo-

428 5185 517 5234 tumini
533 5186 561 5235 T.
576 5210 604 5221 -
622 5183 663 5235 30.
677 5184 786 5255 annisum
797 5197 850 5235 orn.
863 5186 892 5234 T.
908 5209 934 5220 -
954 5184 994 5236 3t.
1007 5185 1118 5234 omniurn
1132 5185 1221 5236 tonna
1232 5188 1257 5237 S.
1271 5213 1299 5222 -
1318 5186 1359 5237 32.
1376 5192 1533 5249 oestnnnpue
1543 5188 1607 5237 T.-
1626 5186 1666 5237 al.
1679 5200 1754 5238 caeca

429 5260 457 5309 F.
477 5285 506 5295 -
524 5258 565 5310 36.
583 5259 653 5311 cutus
668 5273 700 5313 ea
715 5265 745 5313 st.
763 5265 810 5325 est,
828 5265 857 5312 ut
872 5274 929 5313 eam
944 5273 1016 5313 nnnc
1031 5260 1155 5313 mmm
1169 5261 1297 5326 appellare
1307 5263 1388 5325 possit
1402 5261 1549 5314 Priscianus
1565 5262 1608 5314 tu.
1626 5261 1655 5324 3,
1673 5264 1714 5314 ts.
