4367 6109
452 591 514 660 440
822 596 865 661 ΙΝ
886 594 1054 661 VERREM
1074 594 1197 660 ACTIO
1220 596 1406 662 SECUNDA

450 773 506 831 aut
534 766 673 828 ablatum
702 783 722 827 a
751 764 905 848 quopiam
933 764 1074 829 dieitur?
1108 766 1220 829 Nonne
1241 766 1352 830 autin
1374 766 1491 831 tabulis
1512 773 1568 832 ant
1589 767 1623 829 in
1644 768 1777 833 testibus

451 860 554 922 omnis
582 857 776 940 exspectatio
804 857 947 920 iudicum
979 862 1050 921 esti
1092 859 1167 922 Ilixi
1198 860 1299 943 prima
1328 862 1454 924 actione
1482 881 1532 923 me
1555 861 1686 945 planum
1708 883 1778 926 esse

449 952 623 1028 facturum,
647 951 680 1015 C.
695 952 824 1015 Verrem
847 951 907 1016 HS
930 952 1190 1036 quadringenties
1213 962 1323 1019 eontra
1343 955 1430 1038 leges
1452 955 1631 1020 abstulisse.
1668 956 1778 1032 Qutos

449 1044 511 1109 hoc
543 1044 670 1127 planius
704 1046 856 1128 egissem,
889 1047 917 1109 si
950 1047 995 1110 ita
1026 1067 1224 1110 narrassem:
1255 1049 1316 1112 Ilio
1346 1049 1477 1134 quidam
1506 1048 1568 1113 fuit
1597 1050 1778 1126 Halesinus,

426 1138 523 1225 equi,
545 1158 617 1203 cum
639 1140 710 1203 eius
730 1136 798 1203 lilio
820 1149 967 1223 praetore
990 1141 1161 1205 Sacerdote
1181 1141 1343 1206 hereditas
1365 1163 1385 1207 a
1406 1143 1591 1228 propinquo
1607 1164 1780 1227 permagna

449 1232 603 1307 venisset,
631 1233 711 1298 nihil
739 1234 853 1298 habuit
880 1243 947 1298 tum
975 1255 1082 1320 neque
1104 1236 1223 1318 negotii
1245 1256 1351 1320 neque
1374 1238 1621 1301 controversiae.
1665 1237 1779 1302 Verres

449 1325 581 1394 simulac
608 1327 712 1409 tetigit
739 1329 951 1411 provinciam,
981 1330 1086 1393 statim
1108 1331 1253 1394 Messana
1276 1330 1396 1394 litteras
1418 1331 1524 1406 dedit,
1546 1331 1683 1394 Dionem
1705 1351 1780 1395 evo·

450 1420 547 1495 eavit,
570 1421 815 1486 calumniatores
836 1443 878 1487 ex
899 1424 971 1488 sinu
994 1445 1053 1488 suo
1075 1425 1242 1508 apposuit,
1264 1426 1321 1510 qui
1337 1426 1423 1489 illam
1438 1425 1648 1489 hereditatem
1663 1425 1779 1489 Veneri

448 1515 603 1600 Erycinae
626 1517 827 1581 commissam
849 1538 918 1581 csse
940 1519 1092 1582 dicerent.
1124 1519 1192 1583 Hac
1214 1520 1254 1583 de
1276 1541 1310 1583 re
1333 1521 1472 1584 ostendit
1494 1540 1528 1584 se
1550 1520 1656 1601 ipsum
1670 1521 1780 1603 cogni-

412 1630 440 1679 so
449 1616 566 1677 turum.
600 1605 652 1671 28.
673 1610 807 1672 Possum
829 1608 982 1693 deinceps
1003 1619 1102 1678 totam
1123 1633 1190 1676 rem
1207 1614 1383 1698 explicare,
1405 1614 1521 1678 deinde
1536 1612 1576 1677 ad
1591 1620 1779 1689 extremum,

448 1704 484 1771 id
509 1705 596 1789 qnod
626 1704 757 1779 accidit,
786 1706 907 1781 dicere,
938 1707 1074 1770 Dionem
1103 1707 1163 1772 HS
1190 1708 1297 1771 decies
1319 1715 1453 1772 centena
1474 1708 1563 1773 milia
1583 1729 1779 1784 numerasse,

449 1806 487 1865 ut
507 1819 635 1862 causam
657 1800 864 1864 certissimam
887 1802 1061 1878 obtineret;
1088 1811 1253 1884 praeterea
1280 1823 1392 1886 greges
1414 1825 1569 1888 equarum
1590 1804 1660 1867 eius
1683 1804 1780 1867 istum

449 1893 622 1976 abigendos
645 1914 789 1972 curasse,
811 1897 932 1977 argenti
955 1899 1118 1983 vestisque
1141 1898 1299 1980 stragulae
1322 1899 1410 1981 qnod
1431 1898 1543 1974 suerit,
1574 1918 1701 1962 curasse
1723 1919 1780 1962 au·

449 1989 624 2053 ferendum.
660 1989 747 2053 llaec
768 2010 874 2074 neque
896 2011 969 2054 cum
991 2012 1050 2073 ego
1073 1993 1212 2056 dicerem
1233 2011 1340 2077 neque
1362 2013 1434 2055 cum
1449 2000 1484 2057 tu
1499 2013 1648 2076 negares,
1671 1995 1779 2075 magni

413 2084 601 2150 tomomenti
623 2091 732 2146 nostra
753 2092 839 2148 esset
859 2085 971 2148 oratio.
1016 2087 1089 2163 Quo
1120 2095 1263 2169 tempore
1286 2087 1385 2170 igitur
1405 2107 1500 2150 aures
1523 2088 1622 2151 iudex
1643 2088 1781 2171 erigeret

449 2180 655 2263 animumque
685 2180 885 2243 attenderet?
931 2179 1009 2242 Cum
1030 2182 1091 2245 Ilio
1115 2182 1184 2265 ipse
1206 2182 1364 2266 prodiret,
1394 2202 1467 2244 cum
1489 2183 1603 2257 ceteri,
1633 2183 1780 2266 quitum

449 2274 482 2339 in
504 2274 613 2338 Sicilia
634 2274 771 2357 negotiis
791 2273 903 2337 Dionis
925 2275 1160 2351 interfuissent;
1182 2298 1253 2339 cnm
1270 2297 1328 2360 per
1342 2297 1397 2339 eos
1413 2276 1500 2358 ipsos
1515 2276 1603 2351 dies,
1625 2297 1682 2360 per
1697 2296 1780 2361 quos

449 2390 576 2435 oausam
597 2370 658 2433 llio
682 2370 815 2443 diceret,
836 2371 1032 2451 reperiretur
1054 2371 1206 2452 pecunias
1221 2371 1396 2454 sumpsisse
1410 2378 1554 2443 mutuas,
1576 2371 1708 2434 nomina
1722 2392 1781 2434 sua

448 2466 609 2548 exegisse,
631 2465 763 2547 praedia
782 2464 983 2538 vendidisse3
1012 2484 1085 2528 cnm
1108 2465 1235 2528 tabulae
1256 2465 1397 2528 virorum
1419 2465 1578 2528 honorum
1599 2465 1780 2547 proferren-

411 2565 518 2633 sotum
545 2581 644 2634 cum,
668 2560 723 2643 qui
745 2559 914 2642 pecuniam
935 2559 1030 2622 Dioni
1054 2560 1226 2633 dederunt,
1256 2559 1400 2622 dicerent
1421 2579 1455 2622 se
1477 2559 1540 2622 iam
1562 2566 1630 2622 tum
1652 2561 1780 2624 audisse

450 2671 505 2718 eos
533 2673 679 2717 nummos
710 2653 809 2726 sumi,
842 2659 879 2715 ut
899 2652 990 2715 Verri
1019 2654 1188 2728 darentu1·;
1222 2675 1295 2717 cnm
1317 2654 1426 2727 amici,
1459 2652 1620 2735 hospites,
1653 2654 1779 2736 patroni

448 2747 575 2821 Dionis,
596 2747 743 2810 homines
764 2746 998 2822 honestissimi,
1020 2748 1100 2811 haec
1122 2749 1235 2810 eadem
1249 2768 1283 2810 se
1300 2747 1428 2810 audisse
1443 2747 1601 2810 dicerent:
1637 2744 1689 2811 29.
1712 2749 1781 2830 opi·

448 2861 524 2916 nor,
547 2862 619 2904 cum
640 2843 719 2905 haec
740 2839 867 2915 fierent,
890 2849 957 2904 tum
979 2863 1036 2905 vos
1058 2843 1226 2916 audiretis,
1250 2843 1333 2905 deut
1353 2842 1505 2916 audistis3
1528 2849 1597 2905 tum
1611 2861 1708 2905 causa
1730 2845 1781 2926 agi

448 2956 522 3000 vere
543 2936 713 3001 videretur.
758 2936 809 2998 Sic
830 2955 850 2999 a
871 2956 921 2998 me
944 2944 1018 2998 sunt
1039 2944 1108 2999 acta
1132 2938 1241 3000 omnia
1262 2936 1368 3020 priore
1390 2937 1532 3010 actione,
1561 2934 1652 3000 utin
1675 2938 1781 3001 crimi-

412 3031 543 3095 ttnihus
566 3031 712 3094 omnihus
735 3031 858 3094 nullum
880 3039 979 3104 esset,
1001 3031 1035 3092 in
1058 3051 1124 3115 quo
1139 3033 1312 3116 quisquam
1327 3037 1466 3094 vestrum
1483 3037 1672 3114 perpetuam
1687 3052 1780 3096 accu-

450 3126 604 3189 sationem
625 3127 812 3209 requireret.
854 3127 942 3208 Nego
966 3145 1035 3189 esse
1057 3125 1234 3209 quidquam
1256 3146 1275 3188 a
1297 3125 1430 3188 testihus
1453 3124 1591 3200 dictum,
1614 3126 1702 3209 quod
1724 3133 1780 3190 aut

449 3227 588 3285 vestrum
617 3220 756 3302 cuipiam
783 3227 868 3283 esset
894 3219 1065 3282 obscurum
1092 3226 1149 3283 aut
1176 3220 1365 3303 cuiusquam
1394 3219 1530 3282 oratoris
1561 3219 1779 3303 eloquentiam

450 3321 625 3400 quaereret
669 3314 725 3377 xl.
756 3313 883 3377 Etenim
911 3313 957 3377 sic
984 3333 1035 3376 me
1064 3313 1170 3395 ipsum
1197 3314 1301 3396 egisse
1330 3313 1483 3376 memoria
1512 3313 1645 3387 tenetis,
1681 3321 1720 3376 ut
1747 3315 1780 3377 in

449 3409 583 3472 testibus
604 3408 836 3490 interrogandis
856 3408 962 3470 omnia
977 3407 1111 3470 crimina
1125 3427 1337 3489 proponerem
1353 3415 1384 3470 ct
1399 3408 1611 3490 explicarem,
1633 3415 1685 3482 nt,
1708 3429 1780 3472 cum

413 3520 517 3570 aorem
539 3510 637 3566 totam
657 3503 691 3565 in
713 3501 818 3564 medio
839 3501 1035 3584 posuissem,
1059 3507 1126 3563 tum
1149 3501 1289 3586 denique
1311 3510 1423 3564 testem
1446 3502 1685 3583 interrogarem.
1718 3502 1781 3565 lta-

452 3617 514 3681 que
535 3617 600 3660 non
622 3597 718 3659 modo
740 3615 814 3669 vos,
837 3595 954 3679 quihus
977 3603 1026 3658 est
1046 3594 1267 3670 iudicandum,
1289 3602 1399 3658 nostra
1421 3595 1552 3658 crimina
1568 3595 1710 3669 tenetis,
1724 3597 1781 3659 sed

452 3691 545 3754 ctiam
574 3690 714 3773 populus
736 3691 896 3754 Romanus
922 3696 1020 3753 totam
1042 3690 1278 3755 accusationem
1301 3709 1493 3773 causamque
1516 3690 1675 3771 cognovit
1719 3692 1781 3754 Ta·

451 3785 543 3848 metsi
571 3785 616 3847 ita
644 3785 683 3847 de
713 3804 784 3847 meo
812 3784 896 3847 lacto
924 3785 1057 3868 loquor,
1090 3782 1184 3868 quasi
1206 3803 1265 3866 ego
1293 3783 1374 3845 illud
1396 3801 1466 3847 mea
1487 3783 1650 3847 voluntate
1672 3784 1780 3866 potius

452 3900 546 3964 mam
575 3888 680 3943 vestra
710 3879 828 3942 iniuria
856 3879 1012 3944 adductus
1033 3879 1173 3942 fecerim.
1216 3875 1268 3939 30.
1291 3879 1530 3961 Interposuistis
1552 3882 1780 3950 accusatorem,

413 3976 525 4060 etqui,
547 3996 619 4037 cum
641 3995 700 4057 ego
724 3974 800 4038 mihi
823 3994 840 4038 c
863 3982 895 4037 et
916 3995 937 4036 x
959 3975 1026 4036 dies
1049 3972 1136 4037 solos
1157 3973 1191 4034 in
1207 3970 1348 4034 Siciliam'
1370 3972 1601 4054 postulassem,
1624 3991 1641 4035 c
1665 3979 1698 4035 et
1719 3991 1780 4037 vni

451 4071 512 4135 sihi
534 4071 568 4133 in
590 4070 740 4133 Achaiam
763 4071 948 4153 postularet
992 4070 1118 4132 Menses
1141 4067 1217 4129 mihi
1240 4072 1303 4129 tres
1326 4087 1398 4128 eum
1414 4067 1611 4148 eripuissetis
1627 4065 1668 4129 ad
1683 4085 1779 4150 agen·

451 4163 527 4227 dum
554 4165 690 4228 maxime
720 4165 901 4248 appositos,
931 4164 1090 4247 reliquum
1119 4180 1212 4224 omne
1240 4169 1365 4243 tempus
1392 4161 1489 4224 huius
1517 4161 1592 4224 anni
1614 4161 1780 4224 merobis
1858 4234 1862 4239 ·

450 4259 654 4322 remissumm
683 4261 834 4342 putastis,
864 4266 916 4333 ut,
946 4278 1018 4320 cum
1043 4255 1131 4318 horis
1153 4255 1271 4317 nostris
1292 4274 1352 4317 nos
1375 4275 1517 4318 essemus
1538 4255 1605 4329 usi,
1636 4261 1671 4317 tu
1694 4253 1780 4317 binis
1821 4286 1825 4299 ·

451 4353 533 4415 ludis
554 4353 751 4436 interpositis
773 4352 1015 4437 quadragesimo
1038 4358 1113 4435 post
1133 4350 1185 4412 die
1207 4349 1437 4432 responderes;
1460 4349 1577 4413 deinde
1591 4349 1636 4411 ita
1650 4355 1779 4431 tempus

414 4448 634 4521 seduceretur,
657 4456 692 4511 ut
713 4448 796 4511 ahl'.
808 4447 977 4509 Glabrione
1000 4454 1146 4529 praetore
1169 4451 1201 4507 et
1221 4464 1241 4506 a
1262 4464 1375 4526 magna
1396 4451 1486 4526 parte
1507 4442 1620 4506 horum
1637 4443 1780 4507 iudicum

517 4644 540 4693 4.
563 4657 581 4693 o
601 4642 727 4706 quopiam]
750 4643 860 4704 cuipiam
876 4643 954 4693 hlein.
973 4651 1009 4707 ψ.
1031 4669 1057 4677 -
1082 4641 1107 4691 3.
1133 4641 1197 4704 tepor
1213 4642 1274 4690 644
1293 4643 1336 4704 hg.
1350 4639 1398 4689 29:
1427 4640 1505 4704 legem
1521 4640 1569 4690 dtt.
1588 4640 1617 4691 0.
1637 4666 1666 4677 -
1685 4642 1710 4691 6.
1728 4645 1782 4690 taen

452 4718 488 4769 63
498 4733 531 4779 g:
551 4731 604 4768 om.
624 4718 672 4768 dtt.
692 4745 719 4753 -
739 4717 762 4767 7.
781 4720 923 4768 Messanam
939 4720 1005 4768 Non.
1025 4731 1050 4782 p.
1065 4717 1122 4767 393.
1137 4721 1163 4766 et
1178 4715 1257 4766 codd.
1270 4718 1378 4780 praeter
1389 4716 1442 4765 duo
1455 4718 1538 4776 Parc,
1557 4728 1625 4778 quos
1636 4717 1695 4767 llot.
1709 4718 1779 4767 coni.

451 4795 568 4845 Menona
584 4793 691 4843 firmare
712 4792 791 4842 tradit
808 4792 870 4843 hall.
890 4793 923 4844 cl.
943 4795 973 4843 ll.
993 4793 1017 4857 ἓ.
1032 4793 1072 4842 49.
1092 4819 1121 4828 -
1141 4792 1181 4843 43.
1199 4792 1273 4842 vestis
1289 4792 1321 4840 Gt
1333 4792 1383 4851 4ς.
1407 4790 1583 4852 «asyndeton
1600 4792 1692 4853 aptum
1708 4789 1782 4841 eele-

452 4868 521 4919 ritati
545 4868 728 4917 narrationis.»
760 4868 846 4918 htadv.
867 4869 885 4916 l.
904 4880 930 4930 p.
949 4867 1005 4917 340.
1033 4870 1067 4918 ht
1091 4865 1225 4931 vulgatam
1248 4869 1336 4917 tuetur
1352 4868 1383 4915 ll.
1408 4867 1432 4930 g.
1452 4867 1493 4915 40.
1514 4892 1542 4902 -
1561 4866 1601 4915 45.
1620 4869 1680 4914 estet
1694 4869 1782 4914 metro

452 4945 498 4995 64.
519 4971 545 4979 -
565 4943 606 5011 49.
624 4941 745 4992 bononem
759 4943 873 4992 otromm
889 4944 935 4993 64.
956 4968 983 4978 -
1003 4945 1044 4993 44.
1063 4957 1104 4993 cos
1120 4932 1249 5003 ot'stgz
1268 4957 1296 4993 eo
1313 4944 1357 5005 hg.
1371 4942 1412 4991 49.
1429 4939 1462 4991 al.
1476 4942 1506 4991 0.
1522 4968 1550 4979 -
1567 4941 1609 4990 44.
1627 4939 1733 4989 hominis
1744 4941 1776 4989 64

452 5020 490 5078 Η;
509 5030 562 5068 om.
580 5017 627 5067 64.
647 5044 675 5053 -
699 5017 740 5066 43.
762 5021 815 5066 tren
834 5017 886 5081 oos]
907 5031 964 5067 cam
985 5031 1029 5068 oos
1045 5019 1091 5067 64.
1113 5045 1140 5053 -
1167 5017 1209 5068 44.
1233 5029 1290 5067 vcro
1307 5018 1339 5065 Gt
1352 5012 1419 5076 4ςλ
1435 5017 1480 5079 hg.
1493 5015 1535 5066 49.
1555 5013 1603 5065 al.:
1628 5027 1681 5065 om.
1701 5014 1731 5063 0.
1751 5041 1780 5050 -

451 5095 493 5145 43.
511 5092 623 5143 comitto
643 5105 696 5143 om.
715 5093 751 5143 63
761 5106 785 5152 ς.
807 5119 834 5130 -
857 5093 897 5142 47.
919 5095 1037 5153 culquam
1055 5094 1123 5142 coni.
1142 5091 1271 5142 lleindorl
1286 5090 1321 5140 ad
1337 5092 1368 5140 N.
1386 5092 1418 5141 D.
1437 5105 1463 5156 p.
1482 5090 1539 5140 490.
1559 5091 1630 5141 Balre
1648 5089 1681 5140 ad
1699 5091 1779 5154 Legg.

452 5184 478 5233 p.
497 5168 554 5219 668.
574 5168 626 5232 [Sic
641 5169 731 5232 nthue
747 5168 847 5232 flagitat
862 5168 915 5218 iam
933 5171 998 5218 ratio
1016 5168 1167 5232 rhetorical
1188 5196 1215 5205 -
1238 5167 1279 5217 30.
1294 5167 1433 5229 posuissem
1449 5168 1481 5217 64
1495 5167 1537 5226 4ς
1553 5168 1599 5229 hg.
1612 5165 1661 5215 29:
1684 5177 1783 5227 propo-

451 5245 553 5295 suissem
569 5243 617 5294 dtt.
636 5244 666 5294 0.
686 5271 713 5279 -
738 5244 778 5294 33.
798 5243 856 5294 Cet
871 5244 933 5292 xro
950 5244 1001 5293 dies
1016 5245 1066 5304 64;
1086 5245 1105 5295 O
1121 5250 1144 5295 ct
1160 5245 1184 5294 Χ
1197 5271 1212 5283 -
1223 5269 1238 5280 -
1251 5243 1415 5307 postulassem
1432 5256 1486 5294 om.
1500 5243 1546 5292 64.
1566 5267 1594 5277 -
1614 5239 1655 5290 38.
1673 5239 1710 5306 ts]
1727 5244 1783 5304 totu

453 5321 485 5371 64
498 5321 553 5385 4ς;
571 5324 626 5372 cmo
640 5324 669 5371 ta
685 5321 712 5374 Ι..
727 5345 753 5359 -
774 5318 814 5370 39.
830 5323 886 5384 post
902 5331 955 5370 om.
969 5319 1005 5371 64
1016 5319 1063 5370 Ld.
