4367 6109
444 572 507 638 676
829 574 870 636 IN
892 574 927 636 t..
951 571 1172 639 CATILINAM
1192 574 1312 639 LIBER
1333 576 1372 638 II.

446 744 566 808 lenitati
589 743 694 816 locus;
717 742 914 805 severitatem
936 764 987 805 res
1008 744 1076 825 ipsa
1091 740 1220 826 flagitat.
1254 746 1356 808 Unum
1371 745 1466 808 ctiam
1480 765 1572 809 nunc
1589 746 1792 812 concedam:

447 843 577 910 exeant,
599 835 848 918 proficiscantur,
869 838 1088 920 repatiantur
1111 837 1267 901 desiderio
1290 840 1340 902 sui
1364 839 1530 903 Catilinam
1556 840 1723 904 miserum
1747 850 1793 904 ta·

447 933 587 995 bescere.
608 931 835 993 Demonstrabo
852 931 929 993 iter:
951 931 1079 994 Aurelia
1092 934 1143 995 via
1157 933 1317 1015 profectus
1337 941 1400 1009 est;
1422 935 1449 997 si
1462 934 1652 999 accelerare
1669 935 1791 1016 volent,

447 1026 488 1087 ad
509 1043 674 1107 vesperam
696 1032 941 1107 consequentur.
984 1022 1014 1087 7.
1037 1024 1064 1086 0
1088 1025 1278 1089 fortunatam
1299 1047 1363 1089 rem
1386 1026 1567 1109 publicam,
1597 1030 1628 1092 si
1654 1029 1791 1113 quidem

423 1119 527 1182 shanc
549 1118 706 1182 sentinam
728 1117 814 1180 urbis
837 1118 983 1181 eieceritl
1018 1119 1086 1183 Uno
1108 1139 1158 1182 me
1179 1119 1309 1183 hercule
1326 1120 1459 1184 Catilina
1474 1122 1660 1199 exhausto,
1684 1124 1791 1188 levata

447 1214 523 1275 mibi
545 1221 577 1276 et
598 1219 738 1276 recreata
759 1231 809 1275 res
839 1211 966 1295 publica
988 1212 1122 1275 videtur.
1160 1213 1245 1288 Quid
1267 1214 1350 1276 enim
1372 1215 1445 1278 mali
1468 1223 1524 1278 aut
1546 1216 1688 1280 sceleris
1710 1214 1789 1301 fingi

446 1315 500 1370 aut
522 1307 657 1388 cogitari
679 1313 799 1389 potest,
822 1306 908 1387 quod
930 1326 993 1369 non
1015 1305 1069 1368 ille
1091 1308 1299 1389 conceperit?
1323 1309 1394 1390 quis
1415 1315 1482 1371 tota
1495 1309 1591 1373 Italia
1606 1308 1789 1384 veneficus,

446 1400 519 1483 quis
542 1399 713 1483 gladiator,
736 1400 807 1482 quis
830 1400 926 1473 latro,
950 1400 1020 1483 quis
1044 1400 1192 1473 sicarius,
1220 1401 1292 1483 quis
1314 1402 1483 1481 parricida,
1507 1404 1582 1485 quis
1605 1412 1790 1468 testamen·

446 1502 549 1557 torum
564 1494 740 1567 subiectos,
763 1494 834 1577 quis
849 1494 1117 1576 circumscriptor,
1141 1493 1212 1575 quis
1228 1512 1347 1575 ganeo,
1367 1495 1438 1577 quis
1453 1516 1574 1578 nepos,
1597 1498 1679 1581 quis
1694 1499 1788 1562 adul-

409 1594 506 1662 toter,
530 1606 611 1669 quae
634 1587 746 1651 mulier
763 1585 904 1660 infamis,
926 1586 998 1669 quis
1013 1595 1179 1667 corruptor
1192 1587 1374 1662 iuventutis,
1396 1589 1468 1672 quis
1483 1599 1682 1673 corruptus,
1712 1595 1788 1676 quis

446 1679 587 1764 perditus
609 1680 744 1743 inveniri
766 1687 887 1763 potest,
916 1681 1028 1761 quise
1050 1700 1121 1741 cum
1146 1679 1280 1743 Catilina
1301 1701 1366 1743 non
1387 1680 1637 1748 familiarissime
1663 1687 1787 1750 vixisse

445 1775 603 1838 fateatur?
632 1794 713 1857 quae
742 1771 855 1835 caedes
884 1792 941 1856 per
962 1771 1059 1835 hosce
1082 1793 1181 1835 anuos
1204 1774 1272 1836 siue
1295 1776 1351 1838 illo
1372 1775 1454 1839 facta
1475 1780 1545 1839 esti
1576 1781 1672 1862 quod
1695 1779 1787 1844 nefa·

446 1870 530 1933 rium
551 1877 694 1953 stuprum
716 1887 781 1929 non
803 1887 859 1949 per
882 1867 994 1930 illum?
1038 1865 1069 1929 8.
1091 1868 1156 1930 Iam
1179 1888 1254 1931 vero
1276 1889 1358 1950 quae
1379 1877 1465 1933 tanta
1482 1891 1639 1954 umquam
1663 1873 1701 1935 in
1716 1873 1786 1937 ullo

446 1962 575 2026 bomine
598 1960 771 2025 iuventutis
793 1960 940 2022 illecebra
961 1960 1041 2034 fuit,
1068 1968 1188 2044 quanta
1209 1961 1242 2023 iu
1264 1962 1343 2025 illo‘l
1371 1964 1425 2046 qui
1455 1963 1535 2027 alios
1557 1964 1630 2048 ipse
1654 1966 1784 2029 amabat

410 2067 438 2113 ⁴5
448 2057 646 2140 turpissime,
676 2054 810 2117 aliorum
831 2054 931 2117 amori
953 2054 1197 2136 flagitiosissime
1219 2056 1392 2129 serviebat,
1418 2057 1487 2120 aliis
1509 2057 1653 2121 fructum
1677 2059 1785 2123 libidi-

448 2171 539 2225 num,
562 2149 633 2213 aliis
655 2156 788 2211 mortem
808 2155 973 2230 pareutum
995 2167 1060 2210 non
1082 2148 1177 2210 modo
1198 2148 1410 2231 impellendo,
1432 2170 1542 2213 verum
1564 2151 1667 2215 etiarn
1689 2153 1783 2216 adiu·

448 2244 552 2307 vando
572 2241 788 2326 pollicebatur.
820 2242 910 2304 Nunc
933 2261 1008 2304 vero
1031 2261 1126 2325 quam
1149 2240 1254 2303 subito
1277 2262 1341 2305 uon
1364 2244 1467 2307 solum
1489 2264 1531 2307 ex
1544 2244 1646 2320 urbe,
1669 2266 1782 2310 verum

449 2338 543 2403 ctiam
566 2358 608 2400 ex
621 2336 704 2421 agris
720 2336 880 2418 ingentem
895 2356 1060 2399 numerum
1076 2334 1270 2417 perditorum
1284 2335 1449 2400 bominum
1464 2337 1655 2419 collegeratl
1680 2342 1781 2404 Nemo

447 2452 513 2497 non
535 2430 631 2495 modo
652 2431 787 2502 Romae,
809 2428 866 2491 sed
887 2449 928 2492 ne
950 2430 1016 2491 ullo
1039 2429 1168 2512 quidem
1196 2430 1228 2490 in
1251 2431 1367 2512 angulo
1390 2431 1488 2495 totius
1511 2430 1624 2494 ltaliae
1648 2453 1782 2518 oppres-

410 2536 503 2590 aosus
524 2544 597 2588 aere
618 2524 722 2588 abeno
744 2522 820 2598 fuit,
842 2541 936 2605 quem
959 2541 1024 2584 nou
1045 2521 1086 2585 ad
1107 2522 1167 2585 boc
1189 2523 1373 2586 incredibile
1395 2523 1522 2587 sceleris
1540 2522 1661 2589 foedus
1678 2526 1780 2590 adsci-

448 2620 536 2684 verit.
579 2621 617 2681 V.
639 2614 669 2680 9.
692 2619 793 2698 Atque
816 2623 852 2679 ut
873 2617 941 2678 eius
957 2615 1081 2680 diversa
1104 2617 1208 2680 studia
1230 2616 1426 2680 indissimili
1448 2619 1571 2681 ratione
1594 2621 1779 2704 perspicere

447 2714 592 2796 possitis,
615 2731 708 2774 nemo
732 2710 834 2774 estin
857 2708 932 2772 ludo
955 2709 1143 2791 gladiatorio
1166 2708 1261 2792 paulo
1284 2708 1325 2772 ad
1339 2709 1461 2773 facinus
1475 2711 1648 2789 audacior,
1673 2714 1779 2797 quise

447 2827 512 2872 nou
534 2807 680 2869 intimum
702 2804 855 2868 Catilinae
878 2823 948 2867 esse
969 2803 1120 2877 fateatur,
1148 2824 1239 2866 nemo
1262 2802 1295 2864 in
1317 2823 1429 2867 scaena
1448 2803 1549 2868 levior
1574 2813 1608 2869 et
1629 2808 1778 2891 nequior,

448 2902 505 2982 qui
534 2921 568 2962 se
597 2919 662 2961 non
692 2896 834 2961 eiusdem
863 2918 962 2980 prope
991 2896 1132 2959 sodalem
1160 2896 1259 2958 fuisse
1288 2904 1520 2960 commemoret.
1557 2900 1668 2984 Atque
1695 2902 1777 2964 idem

411 3001 571 3067 aatamen,
594 3002 776 3075 stuprorum
799 3000 831 3054 et
852 2990 1006 3053 scelerum
1029 2989 1256 3052 exercitatione
1278 2990 1476 3053 assuefactus
1497 2990 1617 3072 frigore
1640 3001 1676 3055 et
1697 2994 1777 3058 fame

449 3096 481 3150 et
501 3088 554 3150 siti
569 3094 601 3149 et
614 3084 730 3167 vigiliis
749 3083 965 3167 perferendis,
988 3084 1077 3147 fortis
1093 3084 1133 3146 ab
1148 3085 1216 3146 istis
1231 3084 1487 3164 praedicabatur,
1509 3104 1582 3147 cum
1598 3087 1778 3150 industriae

449 3181 588 3245 subsidia
619 3187 714 3261 atquc
743 3178 951 3241 instrumenta
981 3177 1106 3240 virtutis
1136 3178 1168 3239 in
1189 3176 1320 3239 libidine
1343 3177 1539 3261 audaciaque
1561 3188 1779 3245 consumeret

448 3271 499 3338 tt).
522 3276 614 3338 Iluno
636 3292 712 3336 vero
734 3274 761 3335 si
783 3271 883 3335 secuti
907 3279 999 3334 erunt
1019 3272 1069 3334 sui
1092 3273 1238 3346 comites,
1261 3272 1286 3333 si
1311 3291 1351 3333 ex
1373 3272 1450 3334 urbe
1469 3272 1607 3335 exierint
1628 3273 1779 3359 despera·

514 3558 538 3607 t.
556 3554 652 3607 trattati
668 3554 711 3603 Ca
722 3551 839 3614 cdoqz
856 3549 952 3614 alitque
964 3552 1042 3613 lagg.
1062 3551 1120 3612 (sed
1132 3550 1149 3600 d
1161 3550 1280 3611 teutona:
1299 3551 1406 3600 unitata
1417 3549 1469 3600 mei
1482 3549 1589 3614 rebqui,
1609 3553 1657 3604 vx
1672 3556 1701 3604 et
1713 3555 1728 3605 6
1739 3554 1780 3605 alii

448 3634 526 3696 Lagg.
542 3657 570 3667 -
587 3630 643 3692 ipro
658 3641 699 3679 ror
715 3640 763 3677 oz.
778 3652 805 3662 -
824 3627 937 3690 ottoqttat
954 3639 979 3675 o.
993 3654 1025 3662 -
1041 3626 1065 3675 2.
1079 3626 1214 3676 cattttaam
1231 3639 1284 3676 om.
1303 3628 1347 3689 Lg.
1361 3626 1401 3675 66.
1414 3627 1454 3675 57.
1468 3652 1496 3661 —
1515 3627 1638 3677 mimo
1649 3640 1708 3679 orn.
1721 3643 1777 3695 p.-

448 3707 473 3757 3.
492 3702 662 3757 demmutmbo
679 3703 757 3767 qutar
772 3702 821 3752 fter
832 3715 858 3761 o,
881 3702 1065 3751 demonstrator
1081 3702 1119 3751 tre
1135 3715 1157 3750 r.
1171 3727 1197 3737 -
1211 3700 1340 3751 Aureliam
1355 3701 1424 3750 dom
1439 3714 1527 3765 acpr
1538 3701 1585 3764 bg.
1599 3700 1648 3763 I³3
1666 3706 1714 3755 oia
1725 3720 1778 3757 om.

448 3785 477 3833 B.
497 3809 523 3818 -
543 3782 628 3832 voluat
644 3793 671 3839 r;
689 3777 776 3828 odunt
792 3777 839 3828 tter
856 3789 879 3826 e.
900 3802 927 3811 -
947 3775 972 3827 I.
991 3776 1025 3825 od
1040 3788 1170 3838 ocaperm
1186 3778 1205 3826 f.
1222 3776 1308 3825 iuvItts
1325 3776 1393 3826 meis
1410 3777 1438 3825 et
1454 3776 1532 3839 lagg.
1546 3801 1574 3811 -
1594 3778 1621 3827 5.
1640 3778 1715 3831 urbis
1730 3780 1780 3832 av

449 3872 490 3922 ap
507 3857 611 3921 spat:
629 3854 698 3905 arbit
713 3852 785 3902 Idus
801 3851 880 3911 bcs;
898 3851 971 3900 ouius
986 3850 1248 3901 orbtsItLO.-mc
1263 3850 1371 3901 berem
1388 3851 1428 3910 it;
1446 3862 1485 3900 me
1500 3849 1603 3901 orceo.
1618 3878 1647 3890 -
1667 3855 1780 3918 epam

448 3948 502 3984 orn.
520 3946 545 3996 g.
565 3958 592 3967 -
611 3930 694 3980 loom
708 3926 769 3977 mibi
785 3931 808 3975 ct
824 3930 939 3976 recreato
956 3939 984 3986 a,
1004 3928 1048 3989 Lg.
1068 3927 1109 3976 to.
1128 3926 1167 3977 ts.
1186 3925 1226 3976 I6.
1247 3929 1274 3987 et
1290 3928 1304 3976 7
1322 3940 1358 3977 m.
1372 3940 1428 3990 pn:
1446 3929 1562 3975 recreato
1576 3926 1641 3976 mibi
1655 3934 1682 3979 ot
1697 3930 1781 3982 tapeta

448 4010 481 4068 B,
499 4008 612 4058 relevato
626 4005 687 4055 mibi
703 4009 726 4053 et
742 4007 855 4052 recreato
872 4001 991 4052 a1.o.-
1011 4003 1035 4050 6.
1047 4002 1109 4050 mitri
1120 4014 1173 4051 om.
1187 4002 1217 4061 C,
1235 4000 1280 4063 Lg.
1294 4001 1318 4050 6.
1331 4000 1372 4052 53.
1386 4027 1412 4036 —
1433 4001 1457 4049 7.
1469 4000 1613 4063 moqtton'
1630 4005 1778 4066 (ωηο,

450 4110 477 4119 -
495 4083 605 4144 coacepit
621 4081 647 4131 d.
669 4106 695 4115 -
714 4078 738 4128 8.
754 4076 873 4138 portctda
890 4074 916 4125 d.
939 4102 965 4111 —
985 4075 1009 4124 6.
1028 4075 1158 4125 subvermr
1177 4089 1192 4125 c
1210 4076 1237 4124 et
1254 4074 1269 4125 l
1285 4077 1365 4139 lagg.
1386 4103 1413 4111 -
1432 4075 1487 4136 quta
1502 4087 1582 4139 qoooo
1593 4101 1634 4115 --
1644 4078 1781 4132 murts

448 4158 525 4209 affert
541 4157 639 4208 Nonius
655 4168 683 4220 p.
702 4153 757 4203 tte.
779 4176 806 4187 -
827 4152 881 4213 quis
896 4163 971 4212 nepos
987 4162 1041 4200 om.
1059 4164 1081 4200 r.
1103 4178 1129 4186 -
1149 4152 1189 4201 tt.
1208 4163 1289 4200 recum
1306 4151 1442 4201 cardinum
1458 4150 1525 4213 gik.
1543 4175 1578 4186 -
1595 4152 1638 4202 43.
1654 4156 1717 4217 son]
1733 4154 1781 4204 otri

449 4231 476 4281 d.
496 4257 524 4269 ·-
551 4232 578 4280 io
598 4230 649 4280 ullo
671 4241 790 4290 umquam
811 4227 836 4276 b.
857 4226 908 4276 CV
925 4227 970 4289 Lg.
991 4223 1036 4287 if,
1056 4227 1089 4285 0;
1116 4238 1236 4286 coquom
1258 4226 1285 4274 t'o
1301 4226 1397 4275 bomine
1414 4224 1445 4285 d;
1471 4224 1568 4273 aomina
1584 4237 1642 4276 orn.
1660 4240 1678 4277 a
1695 4227 1778 4280 solus.

450 4332 478 4343 -
499 4306 539 4357 tl.
558 4306 659 4355 amabot
675 4305 726 4367 ipse
742 4302 788 4353 Bb
799 4315 867 4352 csvr
885 4300 941 4364 (sed
959 4302 977 4351 B
995 4301 1082 4362 amat).
1105 4328 1129 4335 —
1151 4303 1191 4351 ⁴5.
1210 4303 1273 4364 stop.
1292 4303 1374 4350 arnori
1391 4298 1434 4350 dl.
1455 4327 1482 4336 -
1505 4300 1604 4363 [nactur
1619 4300 1667 4364 Lg.
1687 4300 1732 4353 ta,
1750 4328 1777 4338 -

449 4384 489 4433 46.
507 4383 580 4432 modo
598 4394 650 4430 om.
665 4393 689 4429 e.
704 4406 731 4416 —
751 4379 791 4429 t8.
810 4377 887 4427 ettam
902 4377 930 4425 io
947 4376 1017 4439 apris
1033 4374 1059 4424 d.
1076 4402 1103 4411 -
1119 4377 1192 4437 perd.
1210 4377 1274 4425 bom.
1292 4388 1424 4426 occuram
1441 4373 1473 4433 d,
1491 4374 1620 4424 bominem
1636 4388 1693 4428 om.
1708 4379 1777 4429 C.-

450 4456 489 4505 ta.
508 4469 538 4505 oc
555 4456 605 4504 utto
621 4455 720 4514 quiden
734 4455 762 4503 to
778 4467 838 4517 cop.
856 4467 870 4502 r
888 4452 944 4514 (sed
962 4452 987 4501 io
1005 4464 1063 4514 sup.
1082 4449 1125 4501 lin.
1145 4464 1181 4501 tn.
1200 4451 1264 4514 pr.):
1283 4465 1314 4501 oc
1331 4451 1381 4499 utto
1398 4451 1425 4498 to
1441 4462 1501 4513 cop.
1514 4447 1570 4499 rell.
1584 4452 1640 4502 mei
1658 4456 1687 4502 et
1698 4454 1778 4518 lagg.

449 4543 556 4590 omnes,
579 4530 629 4580 ntsi
647 4528 719 4593 quod
736 4528 800 4577 die
818 4528 918 4578 babent
933 4541 964 4577 oe
979 4527 1006 4576 fo
1023 4526 1073 4575 utto
1089 4540 1162 4589 cop,
1180 4526 1241 4588 Lag.
1261 4526 1284 4576 6.
1304 4525 1376 4576 solus
1393 4525 1461 4575 outto
1476 4525 1504 4574 to
1521 4538 1596 4588 oop.;
1622 4540 1668 4578 occ
1685 4529 1738 4580 ulto
1753 4530 1779 4577 ts

449 4620 508 4669 cop.
528 4606 585 4656 LO.
605 4604 644 4655 Cf.
662 4604 766 4667 Madvig
783 4603 816 4653 ad
835 4604 884 4654 Cic.
903 4604 933 4652 de
948 4603 1021 4652 Fica.
1040 4615 1065 4665 p.
1084 4602 1141 4651 8⁴9.
1160 4600 1212 4665 (red
1227 4602 1278 4651 ulto
1295 4603 1321 4650 io
1338 4602 1431 4664 copulo
1454 4598 1547 4650 deletis
1569 4601 1712 4655 vocabulis
1735 4616 1779 4655 sc-

449 4681 547 4740 quidem
564 4678 663 4729 Theod.
676 4679 887 4739 Mommsenius.)
901 4705 927 4714 -
946 4679 987 4727 20.
1006 4678 1086 4726 alieno
1103 4689 1162 4727 cere
1178 4679 1207 4728 C.
1224 4703 1250 4713 -
1269 4678 1310 4725 at.
1330 4675 1449 4739 amardo]
1468 4676 1567 4725 dicero
1583 4675 1610 4725 d.
1623 4703 1659 4714 —-
1675 4678 1719 4729 23.
1730 4691 1779 4730 m

448 4756 560 4818 [etcum
577 4770 631 4807 om.
649 4753 707 4803 bis
725 4753 783 4801 fort.
803 4754 890 4811 recte,
909 4765 959 4802 csse
975 4764 1028 4800 om.
1048 4763 1108 4800 orn.
1130 4779 1157 4788 -
1175 4765 1245 4801 nono
1262 4756 1297 4802 cst
1312 4752 1339 4800 to
1355 4764 1429 4800 rcaoo
1444 4750 1523 4800 levior
1537 4763 1610 4800 ωηο
1627 4753 1737 4815 ncqrrtor
1748 4754 1777 4803 B.

454 4855 480 4865 -
499 4830 540 4881 at.
557 4829 640 4894 aare]
657 4839 707 4879 erre
724 4826 777 4889 dp.
800 4852 827 4861 -
850 4825 1029 4889 cmmonorct]
1045 4825 1158 4887 [amour
1174 4826 1200 4876 d.
1221 4854 1248 4862 -
1272 4827 1313 4877 25.
1330 4826 1422 4889 tripos-f
1437 4829 1461 4876 ct
1475 4825 1539 4889 sant
1554 4826 1677 4877 Muretus
1694 4830 1724 4878 et
1739 4829 1777 4886 f...

421 4916 505 4953 -om.
523 4909 547 4955 ct
564 4905 589 4954 d.
611 4931 637 4939 -
661 4901 703 4951 26.
722 4913 754 4949 oc
769 4900 810 4949 riti
825 4898 1041 4964 boelqsuwx
1058 4901 1103 4962 Lg.
1122 4899 1169 4962 t6;
1193 4905 1217 4951 et
1233 4900 1326 4951 om.d.
1347 4927 1374 4936 —
1399 4914 1430 4950 cc
1445 4901 1538 4965 olqttttr
1554 4900 1607 4951 CV
1631 4904 1659 4952 et
1680 4901 1779 4969 aliquot

452 4978 517 5029 dett.
537 4980 625 5043 lagg„
644 4979 673 5027 0.
683 5001 709 5011 -
725 4976 883 5039 perforanda
899 4975 993 5025 Bacd
1011 4977 1055 5038 Lg.
1069 4977 1110 5025 60.
1123 4976 1164 5025 57.
1179 5003 1206 5012 —
1224 4975 1256 5024 ab
1271 4977 1325 5025 fatis
1340 4976 1412 5026 sociis
1426 4989 1468 5038 pr.
1486 4976 1522 5037 Ἣ
1540 4988 1558 5025 o
1573 4976 1627 5026 nata
1638 4979 1732 5040 proed.
1750 4978 1776 5029 t..

453 5080 480 5088 -
506 5053 547 5102 27.
566 5053 592 5101 to
608 5052 733 5102 tibtdtmm
749 5050 930 5112 quaedamque
947 5051 976 5100 C.
997 5076 1024 5088 -
1050 5057 1221 5101 coonsmoeot
1236 5064 1266 5115 μ
1285 5056 1488 5104 consumerentur
1503 5051 1719 5106 Vbirsturrx
1734 5054 1777 5118 lg.

453 5128 494 5178 46.
508 5125 548 5177 ll.
561 5125 602 5175 63.
618 5151 645 5160 -
664 5126 705 5176 28.
723 5124 802 5188 Hunc]
820 5137 886 5174 owse
903 5125 973 5174 (1.-
992 5124 1073 5189 aaut]
1089 5125 1184 5187 suanm
1200 5126 1310 5189 Cqu,
1329 5125 1371 5176 alii
1388 5129 1467 5192 Lagg.
1487 5126 1563 5189 dett,
1582 5140 1701 5192 quorum
1718 5142 1779 5180 non·

453 5199 516 5251 nulli
529 5199 624 5264 ferror
638 5201 660 5249 o·
674 5202 750 5251 moti
766 5197 879 5260 babent,
897 5203 970 5250 comt
985 5200 1093 5251 firmant
1108 5200 1210 5253 anecd.
1228 5201 1309 5252 Paris.
1328 5214 1355 5265 p.
1368 5203 1393 5253 6.
1412 5202 1455 5267 (de
1473 5201 1538 5254 cod.
1557 5202 1694 5270 demaril
1704 5207 1780 5259 Grae-

454 5274 533 5340 vius.)
553 5301 580 5316 -
598 5275 674 5328 aaut
688 5276 782 5339 summ
796 5275 895 5333 contet
910 5275 986 5330 aaut
1002 5277 1029 5326 L.
