4367 6109
687 597 755 661 nn.
777 597 815 661 v.
846 595 920 662 cn.
943 594 1174 662 svm-nm.
1201 591 1259 679 ss.
1281 589 1469 660 rra-res.
1676 591 1733 659 444

417 764 512 839 urbe,
535 764 568 827 in
589 783 624 827 re
645 764 774 849 publica
793 767 912 830 versari
934 767 1059 842 liceret,
1081 767 1121 831 iis
1143 764 1291 830 omnibus
1312 773 1444 831 mortem
1461 764 1606 828 acerbam
1628 764 1740 829 crude-

417 858 544 942 lemque
565 867 771 943 proponeret,
794 861 820 922 si
843 860 969 925 fortuna
991 882 1044 925 eos
1059 861 1098 925 ad
1121 862 1258 944 aliquam
1281 869 1401 946 partem
1424 860 1549 924 Siciliae
1564 858 1739 923 detulisset.
1853 933 1864 956 ,

417 947 489 1014 453.
510 952 560 1014 Ad
582 952 638 1015 Cn.
660 953 862 1034 Pompeium,
885 955 1090 1018 clarissimum
1113 957 1213 1020 virum
1230 962 1261 1019 ct
1280 955 1503 1029 fortissimum,
1524 952 1671 1038 permulti
1687 972 1740 1016 oo-

417 1048 482 1110 ciso
511 1046 669 1129 Perperna
699 1067 740 1109 ex
768 1046 824 1109 illo
853 1048 1034 1111 Sertoriano
1062 1069 1195 1113 numero
1217 1049 1350 1112 militum
1373 1047 1592 1130 confugerunt.
1635 1045 1738 1122 Quem

415 1161 480 1205 non
500 1140 555 1203 ille
577 1161 699 1204 summo
722 1161 792 1203 cum
814 1142 918 1204 studio
940 1141 1060 1203 salvum
1075 1142 1332 1225 incolumemque
1347 1140 1503 1205 serravit?
1525 1142 1575 1203 cui
1591 1142 1651 1204 civi
1665 1153 1763 1224 sup-o

416 1235 492 1317 plici
519 1253 596 1297 non·
614 1234 668 1297 illa
695 1234 825 1298 dextera
853 1234 971 1297 invicta
997 1235 1092 1297 fidem
1121 1235 1263 1318 porrexit
1284 1243 1315 1298 et
1337 1254 1424 1319 spem
1447 1235 1557 1297 salutis
1578 1234 1739 1296 ostendit?

416 1329 503 1391 ltane
525 1330 624 1391 reru?
653 1328 768 1412 quibus
797 1327 857 1391 init
881 1335 990 1411 portus
1013 1327 1097 1409 apud
1121 1348 1210 1401 eum,
1238 1349 1333 1412 quem
1356 1336 1463 1392 contra
1484 1348 1569 1393 arma
1590 1328 1739 1402 tulerant,

415 1421 455 1484 iis
477 1420 559 1505 apud
582 1429 631 1495 te,
657 1422 746 1485 cuius
768 1421 890 1485 nullum
912 1422 945 1484 in
967 1441 1001 1484 re
1023 1420 1150 1504 publica
1172 1431 1363 1485 momentum
1385 1442 1535 1505 umquam
1556 1420 1632 1496 tuit,
1653 1441 1739 1485 mors

416 1522 447 1578 et
468 1516 624 1579 cruciatus
646 1522 715 1579 erat
735 1516 947 1579 constitutus?
981 1514 1076 1587 Vide,
1105 1535 1198 1598 quam
1228 1515 1423 1579 commodam
1446 1515 1662 1579 defensionem
1684 1535 1740 1579 ex·

416 1609 574 1691 cogitaris.
626 1610 706 1671 Llll.
736 1609 820 1672 Malo
852 1609 1032 1672 mehercule
1061 1609 1111 1681 id,
1139 1608 1224 1692 quod
1256 1617 1290 1672 tn
1319 1609 1479 1683 delendis,
1506 1610 1555 1673 lris
1583 1609 1740 1674 iudicibus
1749 1623 1778 1670 44

415 1703 597 1787 populoque
620 1705 779 1773 Romano,
810 1723 905 1786 quam
927 1705 975 1777 id,
1005 1701 1091 1787 quod
1113 1723 1172 1786 ego
1194 1703 1360 1777 insimulo,
1389 1702 1534 1786 probari:
1562 1704 1662 1778 malo,
1692 1704 1740 1765 in·

415 1816 528 1880 quarm
550 1804 581 1860 te
603 1798 656 1861 isti
678 1798 785 1880 generi
806 1797 987 1871 hominum,
1009 1817 1104 1879 quam
1128 1797 1353 1859 mercatoribus
1375 1803 1406 1859 et
1421 1796 1623 1859 uariculariis
1637 1796 1740 1860 inimi·

415 1911 486 1954 cum
519 1899 615 1975 atquc
648 1889 795 1953 infestum
825 1890 941 1972 putari.
984 1892 1089 1953 lleum
1122 1892 1207 1953 enim
1237 1891 1355 1953 crimen
1384 1891 1534 1953 avaritiae
1562 1898 1595 1952 te
1625 1890 1740 1953 nimiae

413 1985 572 2068 coarguit:
596 1993 649 2047 tua
671 1983 813 2046 defensio
834 1983 952 2046 suroris
973 1984 1137 2046 cuiusdam
1158 1991 1190 2046 et
1211 1985 1414 2048 immanitatis
1436 1990 1467 2046 et
1488 1983 1649 2046 inauditae
1670 2004 1741 2046 cru·

415 2079 554 2141 delitatis
576 2085 609 2141 et
628 2095 729 2162 paene
752 2096 853 2140 novae
874 2077 1123 2161 proscriptionis.
1167 2074 1238 2140 tol.
1262 2078 1324 2140 Sed
1345 2098 1409 2141 non
1425 2077 1499 2140 licet
1512 2096 1562 2139 me
1578 2078 1639 2140 isto
1653 2085 1778 2140 tantoto

414 2172 516 2245 bono,
538 2170 677 2244 iudices,
699 2171 764 2245 uti,
786 2189 852 2232 non
874 2170 958 2233 licet.
994 2171 1117 2234 Adsunt
1139 2172 1224 2234 enim
1246 2171 1369 2233 Puteoli
1390 2171 1471 2234 toti:
1492 2169 1741 2254 frequentissimi

414 2272 569 2329 venerunt
589 2263 629 2328 ad
651 2263 713 2326 hoc
733 2263 886 2325 iudicium
908 2272 1117 2338 mercatores,
1138 2264 1284 2327 homines
1304 2263 1480 2346 locupletes
1495 2270 1591 2346 atque
1606 2261 1742 2337 honesti,

415 2359 470 2443 qui
493 2359 606 2443 partim
628 2359 732 2420 socios
754 2377 845 2430 suos,
867 2358 979 2440 partim
1001 2358 1146 2431 libertos,
1168 2359 1284 2442 partim
1305 2357 1496 2420 conlibertos
1518 2356 1687 2439 spoliatos,
1708 2357 1741 2418 in

414 2453 518 2517 vincla
551 2452 731 2526 coniectos,
764 2451 878 2534 partim
906 2451 939 2513 in
969 2451 1105 2515 vinculis
1135 2460 1279 2526 necatos,
1312 2452 1426 2535 partim
1449 2451 1552 2514 securi
1575 2470 1741 2535 percussos

415 2566 484 2610 esse
516 2546 634 2608 dicunt.
677 2544 736 2608 llic
764 2544 854 2617 vide,
884 2564 979 2628 quam
1003 2565 1052 2608 me
1075 2545 1120 2607 sis
1141 2566 1256 2608 usurus
1278 2565 1393 2628 aequo.
1427 2545 1505 2608 Cum
1528 2565 1586 2628 ego
1608 2547 1642 2607 P.
1664 2544 1779 2615 Gra-sc

413 2642 502 2704 nium
523 2648 635 2703 testem
657 2638 856 2722 produxero,
891 2639 946 2722 qui
976 2659 1052 2702 suos
1074 2639 1204 2702 libertos
1225 2639 1282 2702 abs
1303 2647 1336 2702 te
1357 2640 1460 2702 securi
1482 2658 1648 2722 percussos
1670 2659 1741 2702 esse

414 2735 513 2808 dicat,
546 2733 604 2816 qui
626 2732 682 2795 abs
704 2740 735 2794 te
758 2751 869 2794 navem
892 2753 982 2795 suam
1004 2752 1189 2816 mercesque
1211 2741 1348 2816 repetat:
1377 2732 1532 2806 refellito,
1554 2733 1582 2795 si
1603 2733 1740 2815 poteris3

414 2848 518 2891 meum
535 2834 646 2889 testem
661 2827 820 2900 deseram,
843 2825 900 2888 tibi
915 2825 1036 2900 favebo,
1059 2833 1108 2900 te,
1130 2826 1277 2909 inquam,
1299 2826 1474 2889 adiuvabo:
1497 2824 1653 2888 ostendito
1668 2826 1740 2889 illos

401 2938 485 2985 'cum
508 2921 646 2985 Sertorio
667 2919 783 2993 fuisse,
806 2919 845 2981 ab
867 2918 981 2981 Dianio
1003 2918 1162 3008 fugientes
1184 2918 1224 2982 ad
1240 2921 1378 2983 Siciliam
1400 2939 1470 2982 esse
1485 2919 1618 2982 delatos.
1655 2919 1740 2982 Nihil

415 3024 478 3091 est,
501 3015 585 3108 quod
607 3022 638 3078 te
661 3013 785 3077 mallem
808 3012 959 3094 probare;
982 3013 1106 3076 nullum
1122 3013 1205 3076 enim
1221 3012 1360 3088 lacinus,
1384 3015 1470 3100 quod
1485 3013 1603 3076 maiore
1619 3013 1778 3096 suppli-er

415 3111 464 3173 cio
492 3097 623 3190 dignum
650 3108 704 3181 sit,
732 3107 864 3189 reperiri
894 3125 999 3190 neque
1025 3105 1161 3189 proferri
1190 3115 1305 3190 potest.
1349 3102 1422 3171 455.
1446 3106 1606 3170 Reducem
1626 3107 1742 3170 iterum

415 3203 553 3286 equitem
576 3202 766 3273 Romanum,
796 3200 831 3261 4.
862 3199 1024 3275 Flavium,
1052 3201 1079 3263 si
1102 3201 1207 3276 voles,
1235 3202 1387 3284 quoniam
1408 3203 1514 3286 priore
1536 3200 1676 3274 actione,
1706 3205 1742 3262 nt

414 3297 539 3379 patroni
561 3295 608 3357 tui
632 3294 790 3369 dictitant,
813 3314 894 3357 nova
916 3294 1054 3377 quadam
1075 3294 1250 3376 sapientia,
1274 3303 1308 3357 nt
1323 3315 1432 3359 omnes
1447 3294 1644 3376 intelligunt,
1666 3313 1742 3358 cou-

414 3389 546 3452 scientia
567 3396 622 3450 tua
643 3396 739 3470 atque
762 3387 947 3450 auctoritate
966 3407 1107 3451 meorum
1120 3389 1249 3451 testium
1263 3397 1377 3452 testem
1391 3389 1513 3452 nullum
1529 3388 1741 3472 interrogasti.

414 3483 629 3567 interrogetur
649 3481 791 3556 Flavius,
815 3482 842 3544 si
856 3481 960 3555 voles,
982 3482 1113 3564 quinam
1130 3480 1226 3544 fuerit
1241 3482 1276 3544 L.
1291 3482 1487 3557 Herennius,
1508 3483 1554 3557 is,
1576 3502 1671 3566 quem
1685 3481 1778 3552 illeso

414 3578 623 3662 argentariam
646 3575 738 3658 Lepti
758 3575 873 3638 fecisse
896 3575 987 3650 dioit;
1011 3576 1159 3659 quicum
1181 3577 1318 3661 amplius
1340 3586 1466 3640 centrum
1481 3576 1567 3640 cives
1582 3577 1741 3640 Romanos

480 3866 504 3917 4.
522 3867 554 3916 its
570 3863 638 3931 4344
650 3865 696 3918 ts:
718 3865 757 3914 444
772 3864 871 3928 444349
888 3863 937 3928 al,
965 3864 1037 3930 quod
1054 3878 1107 3916 non
1124 3877 1234 3929 prorsus
1250 3863 1432 3929 spemendnm
1449 3863 1492 3927 (cl.
1510 3861 1545 3914 ad
1562 3866 1593 3916 u.
1612 3864 1638 3928 3.
1658 3865 1740 3929 lud),

415 3953 477 3993 nam
494 3940 566 4006 quod
583 3954 624 3991 eor
639 3942 771 4005 seqnitur,
790 3938 853 3990 nihil
870 3940 967 3992 obstat.
987 3941 1042 4003 44444
1058 3941 1114 4006 63.)
1133 3966 1161 3976 -
1177 3941 1315 3991 4444444444
1330 3941 1351 3992 44
1367 3943 1396 3991 44
1410 3940 1488 4004 4349.
1507 3966 1535 3977 -
1555 3940 1580 3991 3.
1598 3953 1650 3990 occ.
1667 3940 1740 4005 Perp.

410 4031 494 4082 pann
512 4015 585 4068 463.
606 4017 742 4080 (menno
758 4017 847 4080 4433.)
866 4042 893 4050 -
918 4015 943 4067 4.
962 4029 996 4067 cn·
1011 4017 1033 4066 44
1049 4016 1091 4066 tuo
1108 4018 1128 4067 44
1146 4028 1208 4066 cum
1224 4015 1240 4063 4
1257 4026 1339 4078 super
1355 4015 1390 4074 44,
1413 4027 1495 4078 quam
1511 4012 1613 4065 addidit
1629 4027 1684 4066 sec.
1702 4027 1740 4066 m.

417 4119 444 4128 -
463 4105 594 4141 nummum
611 4093 641 4143 44.
661 4118 688 4126 -
708 4093 732 4141 6.
751 4091 848 4140 saluom
863 4090 1067 4154 incolumenqnne
1083 4093 1113 4142 44.
1133 4117 1160 4125 -
1180 4091 1229 4139 ciui
1248 4089 1354 4152 supplici
1370 4087 1451 4140 dett:
1475 4089 1537 4138 44444
1556 4089 1645 4152 4434444
1662 4090 1681 4139 R
1698 4099 1741 4154 pr.

417 4181 453 4218 m.
478 4168 588 4230 (suplicii
609 4180 665 4218 sec.
689 4168 749 4228 m.);
773 4165 975 4228 civi-septennii
996 4164 1080 4225 464ς
1102 4168 1143 4216 cist
1165 4166 1316 4228 supplicanti
1332 4165 1378 4216 Ld.
1397 4163 1473 4229 proh.
1497 4164 1559 4214 Balr.
1579 4177 1605 4228 p.
1623 4164 1679 4223 ean
1702 4164 1743 4214 eui

417 4247 469 4292 trun
485 4242 635 4304 neppliconti
647 4243 692 4291 Gt.
707 4267 733 4277 -
754 4243 778 4291 6.
796 4242 847 4292 ino.
866 4246 889 4291 et
904 4242 978 4306 fidem
989 4242 1053 4293 dett.
1067 4243 1096 4292 0.
1111 4269 1138 4277 -
1158 4243 1182 4292 7.
1200 4247 1289 4292 444444
1305 4255 1377 4303 quem
1388 4239 1453 4290 dett.
1467 4241 1496 4290 0.
1511 4266 1538 4274 -
1557 4240 1666 4289 tuterrmt
1676 4238 1742 4290 dett.

418 4343 444 4353 —
464 4319 489 4368 8.
507 4318 545 4366 444
561 4319 589 4366 a.
605 4343 631 4352 —
650 4322 801 4366 4444444444
817 4316 898 4380 4345,
918 4320 947 4366 ut
964 4315 1056 4369 Lamb.
1072 4317 1198 4368 coniecit:
1217 4323 1402 4368 monnmnrtren
1418 4314 1616 4379 rollenicurtem
1630 4329 1742 4366 mooun.

416 4392 480 4443 dett.
499 4393 538 4455 0.)
563 4417 590 4426 —
616 4392 654 4441 44).
673 4392 741 4441 mulo
758 4391 835 4441 codd.
855 4392 921 4440 nott:
940 4393 1017 4453 44444,
1034 4391 1102 4441 moto
1118 4391 1260 4453 Victorius,
1279 4391 1308 4441 0.
1328 4417 1355 4427 -
1374 4389 1523 4440 4444444444
1539 4391 1616 4455 4433.
1635 4394 1742 4456 praeter

417 4469 428 4518 4
444 4473 471 4519 44
482 4468 522 4519 ta.
538 4493 564 4505 -
579 4468 690 4530 44444444
706 4469 735 4518 R.
749 4494 776 4503 -
792 4467 831 4517 43.
847 4472 965 4528 pumen
976 4468 1005 4517 44.
1020 4492 1047 4500 -
1061 4467 1249 4516 aventicensis
1260 4466 1376 4530 coarguit
1386 4465 1425 4515 sic
1437 4466 1470 4525 44;
1489 4466 1601 4515 44444444
1611 4471 1634 4516 st
1644 4467 1710 4516 44444
1720 4472 1744 4517 44

416 4555 502 4606 consp.
522 4542 567 4591 63.
586 4542 619 4592 ct.
638 4543 723 4593 Madv.
743 4543 818 4606 epist.
837 4554 863 4606 p.
883 4542 939 4591 434.
958 4542 1006 4605 Op.
1025 4543 1044 4591 l.
1063 4555 1089 4604 p.
1109 4540 1180 4599 344,
1199 4540 1244 4603 qui
1261 4551 1294 4590 ex
1311 4542 1442 4603 scriptura
1459 4538 1519 4589 cod.
1539 4541 1741 4605 llsuspicntur:

416 4619 542 4667 4444444444
558 4622 655 4666 tontum
671 4624 694 4667 44
709 4619 838 4682 coarguta
857 4617 919 4667 Belr.
937 4628 964 4680 p.
977 4615 1018 4666 63.
1037 4616 1106 4666 coni.
1121 4616 1378 4672 namucensem
1391 4615 1490 4664 erimine
1501 4626 1554 4664 om.
1568 4614 1644 4676 4348.
1667 4613 1743 4677 [Nihil

417 4691 494 4744 deest
503 4693 527 4743 in
541 4694 560 4743 R
572 4694 620 4742 nisi
632 4707 645 4743 4
655 4697 680 4744 in
692 4707 750 4743 voc.
764 4700 799 4749 te;
813 4706 874 4743 uem
885 4693 962 4742 nimtc
971 4707 995 4726 =
1004 4692 1100 4754 444444]
1112 4718 1138 4728 ·-
1149 4692 1189 4741 to.
1199 4702 1278 4752 poene
1289 4691 1317 4740 44.
1330 4716 1358 4726 -
1369 4690 1409 4740 co.
1422 4693 1506 4740 444444
1516 4689 1546 4739 u.
1557 4715 1585 4726 -
1597 4690 1636 4740 48.
1648 4690 1744 4751 partim

416 4768 562 4818 conlidmos
576 4769 695 4831 multatos
711 4770 759 4819 lta:
778 4768 811 4818 44
826 4770 872 4818 teto
888 4768 1005 4830 spoltntm
1022 4767 1085 4817 dett.
1099 4767 1128 4817 0.
1143 4793 1169 4802 -
1185 4766 1226 4816 49.
1238 4765 1322 4815 cincla
1332 4766 1366 4816 u:
1383 4764 1485 4814 4444444
1495 4762 1551 4814 rell.
1565 4764 1595 4814 0.
1609 4789 1636 4799 -
1647 4764 1744 4826 portin

416 4845 443 4894 iu
454 4845 558 4894 44444444
568 4849 669 4895 matos
679 4856 732 4893 om.
746 4843 792 4903 443,
810 4840 869 4892 cod.
882 4841 975 4892 Lamb.
989 4842 1023 4904 (44
1032 4840 1120 4890 uinctis
1133 4842 1208 4903 4433.
1221 4843 1328 4904 praeter
1338 4840 1380 4900 44,
1398 4840 1444 4904 qui
1454 4837 1537 4889 nabet
1546 4838 1572 4887 tn
1582 4838 1700 4901 tudiciis.)
1712 4864 1740 4874 —

417 4920 458 4971 40.
478 4933 556 4983 wem
571 4931 685 4970 44444444
702 4920 730 4969 R.
745 4943 772 4954 —
786 4918 812 4968 P.
831 4930 884 4968 om.
904 4918 981 4979 4433.
1003 4942 1030 4952 -
1048 4916 1089 4966 at.
1108 4915 1153 4964 444
1168 4921 1192 4966 44
1207 4913 1249 4965 bte
1266 4914 1302 4965 443
1320 4912 1412 4976 (altero
1428 4911 1486 4963 loco
1503 4910 1541 4974 ll:
1560 4924 1578 4960 4
1594 4915 1617 4961 44
1633 4910 1698 4961 dett.
1711 4913 1741 4964 0.

419 4995 488 5056 tenid
504 4995 548 5045 nde
564 5000 587 5045 44
603 4995 642 5057 a.)
655 5020 683 5029 —
696 4993 737 5044 44.
756 5007 774 5043 4
784 4994 879 5044 4444444
895 4992 960 5043 dett.
973 4992 1002 5041 0.
1017 5017 1044 5027 -
1056 4991 1175 5055 [49444444
1191 4992 1219 5042 a.
1233 5016 1261 5027 -
1274 4991 1316 5042 46.
1333 4990 1422 5041 molen
1438 4990 1502 5040 dett.
1515 4988 1545 5038 0.
1563 4986 1603 5038 64.
1616 4986 1650 5038 ad
1662 4987 1687 5051 Β.
1699 4987 1741 5040 34.

420 5069 477 5119 439.
498 5096 525 5104 -
544 5070 585 5120 46.
603 5070 739 5119 4444444444
756 5070 784 5119 R.
796 5094 824 5105 -
844 5068 884 5120 ³0.
904 5069 1019 5131 quisnam
1036 5067 1118 5131 ogra,
1137 5067 1216 5130 44444
1232 5067 1261 5117 a.
1282 5092 1309 5102 -
1327 5066 1367 5129 l..]
1384 5067 1423 5117 sie
1439 5066 1459 5116 44
1476 5077 1517 5128 pr.
1535 5075 1570 5113 m.
1591 5065 1618 5113 et
1634 5061 1696 5114 Ld.:
1714 5064 1741 5115 6.

420 5144 472 5202 64;
492 5144 516 5194 T.
535 5146 556 5195 44
573 5145 636 5194 tm.
650 5146 682 5194 Gt
704 5147 731 5194 44
748 5145 825 5208 4433.
843 5155 946 5194 omnes.
966 5142 1007 5204 (ut
1022 5142 1062 5192 sic
1077 5141 1159 5193 iidem
1175 5141 1241 5192 intra
1258 5141 1283 5204 fl.
1296 5140 1366 5204 466.)
1378 5166 1405 5177 -
1419 5138 1538 5190 Hermus
1552 5136 1591 5186 444
1601 5138 1635 5196 44;
1653 5137 1739 5190 tecm.

420 5219 497 5283 4344.
518 5246 546 5256 -
565 5220 606 5271 34.
624 5233 681 5284 usp.
703 5219 781 5285 lepti]
803 5217 1039 5284 arqmtortmoleflct
1059 5216 1079 5267 44
1097 5229 1137 5281 pr.
1155 5229 1209 5277 m.;
1234 5220 1409 5282 4441444444
1428 5214 1545 5280 maburti
1559 5214 1582 5265 44
1598 5225 1668 5265 corr.
1685 5225 1742 5266 sec.

420 5307 457 5346 m.
476 5295 503 5345 et
519 5293 566 5346 G3.
585 5319 612 5332 -
631 5299 729 5346 4444444
745 5306 799 5347 om.
816 5294 885 5359 4344
902 5293 1008 5361 (excidit
1024 5292 1120 5345 Caute
1135 5292 1218 5357 444444.
1237 5316 1266 5329 -
1283 5291 1346 5343 44444
1359 5292 1391 5343 a.
