4367 6109
785 557 840 621 ΔΙ)
862 557 1013 622 LIBRUM
1033 558 1073 621 ΙΙ.
1095 557 1398 622 Aucustttuuts.
1685 553 1747 619 955

493 716 553 768 993.
572 703 627 754 498.
647 717 672 754 v.
692 706 715 753 t.
733 704 834 754 Heracli
847 705 878 766 V,
895 705 1010 755 Heraclei
1026 705 1068 756 99.
1080 705 1120 757 99.
1135 732 1159 741 -
1183 707 1276 769 optumi
1293 707 1348 756 nod.
1362 705 1523 756 adulescentis
1538 705 1579 756 99.
1594 732 1621 740 -
1640 706 1665 755 9.
1679 705 1748 755 testi-

427 789 538 838 monium
556 787 617 849 (nou
634 789 816 852 testumonium)
833 789 863 837 V.
885 815 912 824 -
931 787 955 839 4.
975 789 1095 854 quodque]
1115 791 1208 853 QVOQ.
1224 791 1255 840 V.
1276 818 1302 826 -
1322 793 1346 840 ὅ.
1365 792 1425 839 duos
1444 790 1546 840 hubent
1562 802 1656 839 omnes
1668 790 1746 852 4933.

427 871 590 937 praeterii.
611 898 637 907 -
657 873 720 922 ciuis
736 872 767 923 99
786 886 811 936 p.
831 899 857 907 -
877 873 1008 923 iudicasset
1026 874 1106 924 hebet
1125 875 1144 922 V
1162 877 1235 925 recte
1253 875 1421 939 (iudicavisset
1438 876 1516 938 Legg.
1535 875 1641 938 praeter
1657 871 1706 934 49).
1718 899 1745 908 -

427 957 451 1006 0.
470 956 575 1006 iudicem
592 955 673 1006 habet
689 957 719 1016 V,
745 960 773 1005 ut
790 955 907 1016 videtur,
931 970 983 1007 non
1001 958 1127 1007 iudicium.
1148 985 1175 993 -
1198 959 1291 1022 (auum
1309 971 1358 1008 nos
1375 959 1551 1013 restituimus;
1571 970 1658 1020 neque
1676 958 1748 1007 enim

427 1039 458 1090 99
475 1040 539 1102 saiso
555 1040 650 1100 4994994,
674 1040 723 1090 sed
740 1043 842 1090 tuntum
859 1042 914 1089 tres
932 1040 993 1089 edd.
1013 1045 1076 1091 vett.
1096 1056 1128 1091 ex
1151 1045 1278 1106 apparatu
1295 1043 1402 1103 uagom.
1429 1044 1520 1105 Neque
1539 1040 1667 1103 estquod
1686 1053 1749 1091 cum

427 1124 547 1187 Zumptio
570 1122 604 1174 de
627 1122 748 1174 lectionis
765 1125 875 1173 99944949
894 1122 1013 1182 dubitem
1039 1125 1071 1174 ci.
1091 1124 1124 1173 de
1143 1125 1215 1174 Otfic.
1235 1126 1276 1174 444.
1296 1124 1319 1186 S.
1340 1125 1395 1174 403.
1413 1125 1505 1187 salsum
1522 1127 1619 1186 iurare,
1644 1124 1678 1174 ud
1695 1127 1747 1175 444.

427 1208 479 1258 vlt.
499 1207 539 1259 49.
556 1208 649 1271 fuirum
665 1208 779 1257 scribere.
800 1236 827 1244 -
846 1208 871 1256 9,
890 1208 986 1257 actione
1003 1208 1033 1256 V.
1055 1234 1080 1242 -
1102 1209 1141 1256 44.
1161 1209 1186 1258 in
1199 1209 1358 1271 prouinciam
1376 1209 1429 1269 [sic]
1447 1208 1521 1258 verbo
1538 1210 1568 1268 V,
1587 1212 1617 1258 ut
1633 1209 1747 1259 videtur.

428 1320 455 1326 -
474 1292 560 1356 neque]
577 1307 621 1343 nec
637 1294 681 1353 99,
700 1307 731 1342 ne
748 1293 779 1344 99
790 1306 816 1357 p.
832 1292 889 1357 (pro
906 1307 961 1355 nep.
975 1294 1036 1342 ente
1050 1291 1201 1353 quisquam.)
1217 1320 1242 1328 -
1264 1294 1302 1342 49.
1321 1293 1471 1341 auctoritaie
1486 1306 1533 1341 sua
1544 1293 1584 1342 99.
1600 1320 1627 1329 -
1647 1292 1686 1343 49.
1700 1291 1749 1342 491-

426 1389 487 1426 sum
504 1379 545 1426 est
562 1377 634 1440 quod
650 1379 677 1428 Z.
696 1378 732 1426 944
750 1379 774 1426 in
793 1375 824 1427 99
841 1377 936 1427 deesse
953 1377 1060 1431 mousit;
1080 1374 1157 1426 949994
1174 1375 1208 1424 949
1226 1376 1277 1425 hoc
1294 1375 1354 1424 cod.
1368 1376 1412 1424 itta
1423 1379 1485 1426 aute
1497 1378 1597 1440 pravis,
1616 1378 1748 1442 notaeque

426 1460 570 1524 apographi
587 1460 662 1511 Nieb.
677 1463 773 1510 iterum
790 1460 824 1511 94)
837 1474 869 1511 eo
882 1461 1007 1511 contusae
1020 1464 1093 1520 sunt,
1114 1461 1157 1522 qui
1170 1461 1290 1523 Zumpiio
1302 1458 1429 1511 lectiones
1441 1460 1590 1525 descripsit.
1606 1489 1633 1497 -
1648 1463 1687 1510 45.
1697 1475 1749 1524 pu-

426 1547 496 1594 rasne
507 1545 571 1594 u-
585 1543 779 1599 puerperus
790 1546 850 1593 v.-
869 1547 909 1593 99.
922 1545 1022 1607 sactum
1033 1546 1093 1593 v.-
1109 1544 1149 1594 u.
1163 1557 1235 1604 equs
1247 1543 1326 1607 999]
1337 1528 1378 1605 ᾗ.
1392 1543 1424 1594 49
1437 1557 1495 1608 9.-
1516 1544 1556 1595 99.
1569 1545 1667 1593 emtor
1678 1544 1709 1595 49
1720 1558 1746 1609 p.

492 1642 551 1693 993.
572 1629 628 1679 499.
647 1642 671 1679 v.
692 1627 732 1679 49,
751 1629 870 1677 iudicium
887 1630 1019 1678 dimittitur
1035 1630 1075 1678 99.
1091 1656 1117 1663 -
1138 1629 1177 1679 48.
1199 1629 1368 1677 Timarchidem
1385 1628 1426 1677 99.
1442 1656 1469 1664 -
1489 1628 1530 1679 99.
1548 1628 1651 1677 habebut
1668 1628 1691 1678 6.
1705 1628 1746 1679 99.

429 1741 454 1749 -
474 1714 515 1762 95.
535 1714 599 1762 idem
616 1713 639 1763 6.
652 1713 698 1768 99;
718 1715 744 1763 94
762 1714 800 1762 sic
818 1727 843 1762 v.
857 1714 897 1762 97.
916 1714 1005 1775 4936
1023 1713 1101 1763 etii.
1118 1741 1144 1749 —
1165 1713 1206 1762 99.
1220 1712 1312 1776 codun]
1329 1713 1445 1761 4499999.
1461 1739 1488 1748 -
1507 1712 1548 1761 34.
1566 1713 1612 1774 u]
1630 1714 1662 1762 N.
1676 1712 1707 1763 99
1719 1726 1746 1777 9.

490 1810 549 1861 993.
569 1798 625 1846 900.
653 1811 677 1844 v.
696 1797 720 1846 9,
743 1795 854 1846 dicebant
877 1798 960 1846 adesse
982 1798 1098 1846 alterutri
1122 1798 1153 1847 99
1177 1797 1303 1859 (9449949994
1319 1795 1369 1858 99).
1391 1823 1417 1832 -
1444 1796 1469 1846 7.
1487 1796 1570 1845 Siculo
1587 1802 1609 1846 et
1627 1797 1749 1847 Gremio

426 1879 518 1930 Lamb.
540 1909 567 1917 -
594 1882 616 1931 8.
637 1882 770 1943 adfuerunt
787 1881 826 1931 99.
853 1907 880 1915 -
908 1887 1056 1944 copnoscant
1073 1881 1105 1932 99
1123 1895 1149 1945 p.
1170 1908 1196 1916 —
1223 1881 1247 1930 9.
1266 1880 1405 1930 ttinuntius
1420 1879 1465 1940 99,
1487 1883 1516 1929 ut
1533 1893 1612 1945 supra
1629 1894 1655 1930 v.
1674 1880 1698 1932 9.
1718 1907 1745 1916 -

426 1966 467 2013 44.
485 1965 565 2014 uerbis
581 1978 634 2015 om.
653 1964 685 2015 49
702 1978 728 2029 p.
750 1993 777 2001 -
797 1965 956 2027 persequitur
972 1968 996 2016 5.
1015 1967 1056 2015 97.
1075 1963 1117 2015 49.
1138 1992 1165 2000 -
1190 1966 1229 2013 49.
1248 1965 1346 2028 prasius
1362 1965 1438 2013 etiam
1455 1964 1496 2013 99.
1517 1990 1545 2000 -
1568 1964 1594 2013 in
1611 1977 1636 2014 se
1652 1963 1681 2013 49
1696 1969 1749 2014 tum

426 2047 457 2098 99
474 2062 500 2112 p.
522 2076 549 2085 -
569 2047 608 2099 49.
627 2050 705 2098 seita
722 2049 812 2100 Lamb.
834 2076 860 2084 —
890 2050 929 2098 46.
947 2051 1077 2112 respondet
1095 2048 1134 2098 99.
1157 2075 1183 2084 -
1212 2050 1251 2098 tt.
1270 2053 1346 2109 utque
1362 2047 1445 2098 904949
1462 2048 1494 2099 99
1511 2061 1538 2112 p.
1564 2074 1591 2084 -
1616 2047 1656 2098 49.
1675 2054 1749 2109 atque

425 2132 535 2181 audacio
551 2133 592 2182 99.
612 2159 640 2169 -
660 2132 700 2184 99.
720 2147 776 2182 cum
793 2135 837 2183 iste
851 2147 892 2195 pr.
911 2133 942 2184 49
960 2147 987 2198 p.
1007 2160 1034 2169 -
1054 2134 1095 2183 97.
1115 2146 1164 2182 non
1181 2132 1260 2181 sotum
1275 2137 1356 2182 mente
1372 2144 1425 2181 om.
1439 2131 1470 2182 49
1485 2145 1511 2195 p.
1527 2157 1553 2165 -
1573 2131 1613 2181 99.
1632 2145 1750 2194 supremo

425 2217 563 2279 ecpectatio
579 2215 611 2266 99
629 2231 655 2282 p.
677 2244 701 2254 -
728 2217 769 2267 34.
789 2218 952 2267 timarchidis
973 2218 996 2267 6.
1017 2217 1056 2267 99.
1087 2243 1114 2251 -
1138 2217 1178 2267 39.
1197 2218 1257 2279 Lug.
1276 2216 1322 2276 99,
1344 2216 1378 2265 de
1401 2229 1453 2279 quo
1471 2217 1498 2265 Z.
1517 2213 1613 2265 tuiiitur
1636 2215 1746 2278 (ctiori.

426 2302 505 2350 etiam
522 2301 556 2350 de
573 2302 646 2364 ΑΒ),
668 2303 707 2351 sic
724 2301 818 2351 hebet:
845 2303 966 2364 Sopatrus
991 2303 1095 2351 deorum
1111 2306 1186 2362 atque
1202 2301 1328 2349 hominum
1344 2301 1417 2354 tidem
1433 2299 1571 2350 obsecrare.
1593 2325 1620 2333 —
1645 2299 1686 2349 33.
1704 2301 1749 2350 4949

424 2391 523 2448 repente
538 2385 580 2434 99.
600 2411 628 2421 -
648 2387 709 2435 nihii
725 2387 894 2450 inturopatus
907 2399 956 2449 pro
973 2397 1022 2446 quo
1038 2385 1140 2435 dirisset
1158 2384 1189 2435 99
1206 2398 1232 2447 p.

490 2482 550 2534 993.
569 2470 626 2519 904.
650 2484 674 2518 v.
693 2471 717 2518 9.
736 2471 922 2533 nonupicisque
942 2470 974 2520 99
992 2472 1019 2519 94
1038 2470 1070 2520 99
1087 2482 1173 2525 corr.;
1200 2468 1371 2530 aruspicispue
1391 2467 1423 2518 99
1444 2481 1471 2532 p.
1494 2470 1521 2518 ei
1544 2467 1601 2519 rell.
1619 2469 1697 2532 Lagg.
1717 2494 1744 2505 -·

426 2555 449 2603 6.
467 2555 614 2603 sententiam
630 2555 697 2602 dicat
713 2553 805 2603 Lamb.
827 2581 854 2590 -
876 2555 1027 2604 Tametsi„
1037 2555 1126 2616 tuturo
1142 2554 1173 2601 sit
1190 2567 1244 2602 om.
1262 2554 1340 2615 4933.
1359 2555 1466 2616 praeter
1482 2553 1514 2601 99
1531 2552 1615 2603 9449.
1633 2553 1748 2616 (comque

424 2639 543 2687 siminus
564 2639 590 2687 id
614 2639 679 2700 puod
700 2638 769 2687 notis
786 2637 817 2688 99
838 2640 874 2702 p.)
895 2667 922 2674 —
950 2639 990 2688 49.
1011 2639 1178 2687 Ptolomaeum
1201 2650 1295 2686 omnes
1315 2638 1392 2699 4933.
1412 2663 1439 2671 -
1467 2637 1507 2686 43,
1529 2637 1612 2686 minus
1631 2639 1666 2686 ad
1681 2639 1748 2688 uitae

426 2727 525 2771 nostrae
541 2722 673 2771 discrimen
690 2735 743 2771 om.
762 2722 794 2772 99
811 2736 837 2786 9.
857 2749 884 2757 -
903 2728 1048 2772 nostrarum
1065 2736 1118 2772 om.
1133 2720 1173 2772 99.
1189 2749 1214 2758 -
1236 2721 1275 2770 46.
1293 2721 1315 2770 94
1331 2735 1365 2771 ec
1380 2721 1471 2770 iudicio
1485 2733 1538 2770 om.
1551 2721 1596 2769 hoc
1612 2720 1744 2773 4994949499.

431 2834 457 2842 -
476 2819 527 2856 sese
546 2807 664 2868 eripuerit
685 2805 716 2856 99
733 2818 760 2869 p.
780 2806 841 2869 (om.
861 2808 897 2871 Ζ.)
918 2835 945 2843 -
969 2807 1010 2857 47.
1027 2807 1063 2855 sic
1084 2809 1111 2855 in
1127 2809 1180 2855 cius
1195 2807 1220 2855 5.
1239 2804 1280 2855 99.
1300 2832 1327 2841 -
1350 2807 1391 2855 90.
1409 2818 1442 2854 ec
1457 2805 1511 2869 isto]
1531 2805 1578 2854 isto
1595 2818 1648 2855 nou
1665 2805 1747 2857 4994994

427 2889 472 2950 99,
495 2888 544 2940 sed
564 2903 612 2954 pro
634 2905 667 2940 eo
689 2903 726 2951 es,
750 2893 903 2955 corruptum
925 2905 957 2940 ex
979 2905 1022 2949 eo,
1045 2892 1074 2940 ut
1095 2890 1177 2939 habet
1193 2892 1222 2950 F,
1246 2889 1317 2952 quod
1339 2890 1382 2939 hic
1407 2890 1497 2952 utique
1523 2888 1574 2938 dici
1598 2891 1692 2953 potuit.
1716 2918 1744 2928 -

428 2975 468 3024 99.
489 2971 592 3024 Falsum
610 2974 740 3038 estquod
758 2976 793 3023 uit
804 2977 841 3035 Ζ.,
860 2988 875 3023 9
893 2976 953 3025 cod.
971 2977 994 3025 N
1011 2973 1127 3038 reliquos
1145 2974 1222 3023 codd.
1235 2986 1288 3025 non
1299 2973 1442 3032 dissidere3
1460 2975 1542 3023 immo
1554 2974 1654 3025 habent
1665 2976 1745 3039 9933.

428 3061 550 3122 (excepto
566 3058 606 3122 99)
624 3061 713 3119 istum,
732 3071 784 3109 non
801 3060 875 3108 istum
891 3061 978 3120 etiam,
998 3061 1026 3109 ui
1042 3073 1068 3124 p.
1086 3060 1143 3109 904.
1163 3060 1189 3109 in
1205 3057 1294 3108 adnot.
1308 3057 1490 3108 iudicavimus.
1505 3084 1531 3093 -
1551 3057 1592 3109 99.
1611 3059 1688 3109 trium
1704 3060 1747 3109 iu-

425 3144 517 3192 dicium
533 3143 574 3193 99.
593 3141 633 3193 49.
655 3171 682 3180 -
700 3144 741 3193 97.
761 3144 791 3193 90
806 3157 860 3193 rem
876 3144 1011 3193 iucundam
1027 3145 1071 3203 99,
1090 3146 1120 3192 ut
1136 3145 1276 3208 peccatum
1294 3143 1377 3192 estin
1395 3140 1473 3192 codd.
1492 3156 1531 3192 or.
1545 3156 1572 3207 p.
1585 3144 1650 3195 4499.
1664 3143 1689 3208 g.
1702 3145 1743 3195 et.

426 3255 451 3261 —
472 3228 513 3278 30.
532 3228 559 3275 in
575 3240 628 3277 om.
647 3226 679 3278 99
696 3240 722 3291 9.
742 3253 770 3262 —-
789 3227 829 3277 34.
846 3229 930 3277 muisis
946 3229 1027 3292 9399ε
1051 3229 1133 3290 mopis
1149 3226 1228 3277 codd.
1247 3225 1303 3277 reti.
1322 3228 1375 3276 noti
1393 3229 1420 3276 94
1437 3226 1498 3276 edd.
1525 3227 1679 3278 Lectionum
1696 3241 1744 3278 co-

424 3312 490 3361 dicis
507 3311 575 3374 4399
592 3312 739 3376 uzumptio
756 3324 809 3361 non
826 3310 929 3362 uitatem
942 3325 990 3362 nos
1002 3313 1179 3373 restituimus,
1199 3325 1249 3361 neo
1261 3324 1414 3370 movemur,
1434 3310 1505 3375 quod
1517 3309 1592 3361 iocus
1605 3312 1630 3362 49
1642 3313 1743 3363 49990.

424 3395 522 3444 rhetor.
541 3396 622 3445 Paris.
641 3394 683 3445 ed.
702 3396 824 3446 Ecksteiu
842 3409 867 3457 p.
886 3396 910 3453 7,
930 3397 970 3447 49.
992 3397 1031 3446 sic
1051 3396 1173 3445 effertur:
1197 3396 1281 3445 Sceius
1300 3399 1334 3444 est
1357 3395 1471 3456 accipere
1491 3409 1509 3443 9
1529 3409 1573 3445 reo
1592 3397 1740 3457 peninum:

424 3485 516 3541 quanto
532 3479 614 3543 499949
630 3479 662 3528 90
678 3485 830 3529 9999994999.
848 3505 873 3514 -
895 3479 935 3530 39.
950 3481 1118 3542 proposuisses
1134 3480 1158 3530 4.
1177 3478 1217 3530 99.
1239 3503 1266 3515 -
1286 3479 1326 3530 36.
1342 3485 1429 3540 999499
1445 3480 1546 3529 tandem
1562 3479 1594 3530 99
1605 3493 1632 3544 9.
1647 3508 1674 3517 -
1693 3482 1745 3531 ad-

423 3565 535 3614 uersario
552 3565 630 3613 etiarn
648 3564 695 3624 99,
713 3567 742 3614 ut
758 3564 871 3613 videtur.

488 3661 547 3712 pag.
566 3649 624 3699 909.
643 3661 669 3697 v.
688 3650 711 3698 4.
730 3653 753 3697 94
769 3649 852 3698 trudes
868 3649 909 3697 eui
924 3648 989 3697 votas
1006 3660 1059 3696 om.
1073 3646 1105 3698 99
1122 3661 1148 3711 9.
1163 3673 1190 3682 -
1210 3649 1235 3698 9.
1253 3648 1336 3697 reddis
1352 3647 1430 3709 Legg.
1444 3648 1550 3710 praeter
1566 3647 1598 3696 99
1616 3649 1644 3697 94
1659 3646 1700 3699 99.
1714 3674 1742 3684 -

423 3734 447 3783 3.
467 3734 583 3782 audimus
603 3732 647 3791 99ς
675 3737 720 3781 aut
740 3733 856 3781 audimus
877 3731 918 3782 99.
945 3759 972 3768 -
1000 3734 1135 3781 tinorum
1156 3732 1180 3780 6.
1200 3729 1366 3794 9794999.
1391 3757 1417 3766 -
1445 3730 1469 3778 7.
1486 3730 1603 3780 naumis
1618 3730 1650 3781 99
1666 3744 1693 3795 p.
1713 3759 1740 3770 -

423 3819 447 3867 8.
466 3818 542 3867 iudeo
558 3816 680 3882 obtinebit]
699 3817 810 3866 uidelicet
826 3815 857 3866 99
874 3830 901 3880 9.
922 3842 948 3850 -
969 3817 992 3865 9.
1011 3817 1032 3865 94
1049 3814 1159 3865 obusta
1176 3815 1208 3866 99
1225 3828 1252 3879 p.
1273 3842 1300 3851 -
1319 3815 1359 3863 41.
1378 3818 1448 3878 nepot
1464 3827 1518 3864 om.
1536 3815 1583 3873 90,
1601 3821 1676 3878 nepai
1692 3817 1744 3866 ati-

423 3902 518 3964 querip.
538 3901 593 3963 (sic)
612 3902 654 3963 qui
671 3902 807 3963 Sopatrum
823 3899 855 3950 49
872 3913 939 3964 9.-
958 3901 999 3948 49.
1017 3900 1127 3961 defeudet
1143 3900 1185 3949 90.
1200 3924 1227 3932 -
1247 3899 1287 3948 43.
1306 3899 1406 3947 iuratus
1416 3923 1452 3935 ·-
1464 3899 1551 3948 4494949
1562 3912 1616 3949 om.
1628 3899 1660 3950 99
1672 3913 1699 3964 p.
1713 3926 1741 3936 -·

423 3985 463 4036 49.
480 3986 612 4048 pecuniam
628 3985 660 4034 ad
676 3984 861 4035 accusatoribus
877 3982 908 4033 99
926 3996 951 4047 p.
970 3986 1052 4033 reete.
1072 3984 1134 4046 (om.
1148 3983 1184 4045 Ζ.)
1204 4009 1230 4017 -
1250 3982 1290 4032 45.
1307 3982 1473 4032 Habitieenses
1488 3980 1520 4032 99
1538 3996 1565 4047 p.
1583 4009 1610 4018 -
1630 3983 1670 4034 48.
1682 3984 1745 4035 iliud

422 4083 515 4133 uepare
528 4075 599 4132 99499
614 4083 688 4133 susp.
702 4070 796 4119 Betrius
814 4066 831 4117 4.
845 4081 869 4117 c.
888 4080 915 4131 p.
929 4066 985 4116 498.
1002 4094 1027 4102 -
1048 4067 1088 4116 90.
1107 4073 1178 4128 tepus
1193 4066 1257 4130 eum]
1275 4072 1355 4116 teemu
1371 4065 1402 4116 99
1415 4080 1441 4131 9.
1455 4090 1483 4102 -
1502 4066 1543 4116 99.
1561 4069 1744 4120 condunnassat

422 4168 478 4203 cum
500 4154 524 4203 4.
542 4155 607 4217 conf.
626 4155 675 4204 eris
691 4167 763 4215 quem
779 4152 812 4203 99
830 4165 855 4216 p.
876 4178 903 4186 —
926 4151 968 4201 95.
987 4152 1078 4201 occulte
1100 4153 1166 4215 peris
1186 4156 1231 4200 994
1247 4152 1307 4212 quid
1323 4150 1415 4200 9904494
1431 4149 1463 4201 99
1481 4164 1507 4215 p.
1528 4179 1555 4188 —
1580 4151 1620 4202 30.
1639 4152 1744 4216 occipite

421 4253 471 4289 non
487 4238 609 4301 uitupeius
624 4239 722 4301 facinus
737 4236 769 4287 99
787 4250 813 4301 p.
834 4263 861 4271 -
880 4236 921 4286 34.
939 4241 967 4285 ut
983 4249 1054 4285 nemo
1071 4236 1156 4285 omnia
1166 4236 1329 4285 --uidentur
1346 4234 1377 4286 99
1393 4247 1420 4298 p.

487 4337 545 4388 993.
565 4323 622 4373 903.
641 4336 667 4372 v.
686 4323 709 4370 4.
728 4322 807 4371 Huius
823 4321 927 4381 49994449
946 4321 1032 4370 Verres
1047 4334 1104 4369 cum
1120 4333 1180 4368 usus
1195 4325 1255 4369 esset
1270 4324 1294 4368 et
1309 4320 1378 4381 apud
1393 4332 1461 4381 eum,
1478 4332 1536 4368 cum
1548 4320 1655 4370 iiiermis
1670 4334 1743 4384 99999

421 4421 524 4458 numero
544 4407 641 4471 suisset,
668 4407 743 4456 etiam
765 4405 896 4454 habitasset
917 4407 993 4454 acute
1014 4407 1164 4467 suspicetur
1180 4404 1275 4453 Bekius
1291 4401 1308 4454 l.
1328 4417 1351 4454 c.
1371 4417 1397 4467 p.
1416 4404 1473 4453 498.
1498 4429 1526 4441 -
1553 4404 1576 4453 9.
1596 4406 1743 4455 9999944999

421 4506 537 4557 pronon
552 4492 624 4541 modo
642 4503 689 4541 nos
706 4490 881 4550 restituimus,
905 4491 965 4552 quia
987 4488 1111 4538 distincte
1134 4500 1149 4534 9
1166 4488 1273 4550 Legum.
1295 4487 1419 4537 traditum
1437 4491 1479 4539 cst
1498 4489 1525 4537 iu
1542 4488 1666 4539 omnihus
1685 4492 1741 4542 suis

420 4577 500 4627 sotum
515 4589 564 4641 pro
581 4577 652 4625 modo
669 4575 789 4625 inveniri.
810 4601 837 4610 —
856 4573 1030 4623 sed--damo
1047 4573 1100 4621 eius
1115 4584 1168 4622 om.
1188 4569 1219 4620 99
1236 4584 1262 4635 p.
1279 4598 1304 4606 -
1324 4571 1349 4620 3.
1368 4573 1453 4621 onmia
1469 4573 1541 4622 domo
1557 4584 1610 4622 om.
1629 4574 1681 4623 eius
1697 4575 1738 4625 99.

422 4688 449 4697 -
470 4661 494 4710 0.
513 4660 602 4710 delicia
618 4659 649 4710 99
666 4674 708 4723 9,;
727 4658 858 4707 deiiociam
875 4655 930 4707 rell.
944 4658 1021 4719 Lugg.
1037 4680 1064 4692 -
1083 4661 1107 4704 et
1123 4655 1247 4705 corinthio
1261 4659 1285 4704 94
1301 4655 1400 4706 tabulas
1416 4655 1486 4720 999.
1501 4684 1528 4693 -
1548 4657 1572 4705 0.
1585 4656 1651 4721 oens]
1667 4658 1741 4722 [9049

422 4757 512 4808 margo
531 4744 573 4795 ed.
593 4745 677 4801 Crat.;
696 4742 792 4804 affabre
809 4740 901 4791 499949.
923 4767 950 4776 -
969 4740 1010 4789 93.
1028 4740 1247 4804 Karttapiniensss
1263 4743 1289 4788 et
1305 4753 1331 4789 ν.
1349 4741 1390 4790 90.
1408 4741 1536 4804 4499449999
1553 4740 1635 4791 4994994
1652 4740 1693 4792 49.
1707 4769 1735 4779 -

421 4831 462 4879 90.
482 4842 631 4891 recuperare
648 4840 700 4877 om.
714 4826 746 4877 99
761 4840 788 4890 p.
803 4853 830 4861 —
849 4827 890 4875 97.
908 4825 927 4873 ii
943 4837 993 4874 sese
1006 4823 1120 4888 Thermis]
1138 4824 1175 4873 4949
1190 4824 1335 4873 ocierminis
1351 4824 1382 4875 99
1394 4838 1432 4889 9.,
1451 4838 1483 4874 ex
1500 4839 1553 4887 quo
1570 4824 1668 4875 mendo
1685 4825 1737 4878 hoc

422 4912 532 4977 quidem
549 4914 661 4977 apparet
678 4912 703 4960 in
720 4912 777 4960 eius
794 4910 940 4973 urctreiypo
957 4921 1010 4958 non
1026 4921 1088 4969 sese,
1106 4907 1155 4957 sed
1171 4921 1196 4956 99
1212 4908 1284 4970 quod
1301 4907 1323 4956 V
1339 4907 1434 4968 habet,
1453 4910 1580 4974 seriptum
1597 4910 1686 4959 tuisse.
1706 4937 1734 4946 -

420 4998 461 5047 99.
480 4996 513 5061 is]
531 4996 645 5061 94499.
665 4995 726 5058 (om.
746 4994 798 5056 Z.],
817 4996 971 5057 corruptum
988 5004 1020 5041 ex
1037 4993 1059 5040 ei
1076 4991 1105 5054 (ii
1121 4990 1203 5041 4994994
1219 4991 1266 5054 V).
1280 5019 1307 5027 -
1326 4992 1366 5042 34.
1385 4993 1437 5054 4999
1453 4992 1484 5043 99
1501 5006 1528 5057 p.
1547 4995 1574 5042 et
1589 4992 1630 5042 99.

486 5094 546 5146 993.
565 5079 621 5131 904.
641 5093 667 5130 v.
686 5081 709 5128 4.
727 5080 863 5143 (umatum
874 5078 904 5128 V.
927 5105 952 5112 -
971 5078 995 5124 9.
1014 5089 1071 5124 cum
1086 5074 1149 5124 iibro
1167 5087 1219 5125 om.
1238 5075 1279 5125 99.
1293 5102 1320 5110 -
1340 5075 1364 5126 3.
1383 5078 1426 5138 oui
1440 5077 1489 5141 [uit
1503 5077 1649 5126 Himeraeus
1663 5074 1734 5128 bene

421 5179 494 5230 susp.
513 5165 608 5216 Bakius
625 5163 641 5215 4.
656 5178 679 5214 c.
698 5178 723 5229 p.
739 5163 794 5213 490.
810 5191 837 5199 -
856 5161 880 5212 i.
898 5161 946 5210 4999
962 5161 1006 5209 4949
1022 5159 1198 5208 arduissimam
1213 5160 1389 5222 concupiverat
1405 5160 1436 5212 49
1452 5174 1478 5225 9.
1494 5187 1521 5197 -
1540 5162 1564 5210 s.
1581 5165 1609 5209 ut
1624 5160 1677 5210 ium
1689 5175 1735 5212 nas

421 5249 452 5302 49
469 5264 495 5316 9.
516 5277 544 5287 -
569 5249 593 5300 0,
610 5249 701 5300 tarum
720 5261 805 5299 rerum
826 5247 899 5297 rudes
915 5246 956 5296 99.
981 5270 1009 5282 -
1028 5257 1159 5309 possumus
1180 5243 1322 5296 49909940.
1339 5244 1379 5294 99.
1397 5243 1437 5296 98.
1457 5246 1519 5307 (om.
1537 5245 1588 5308 Z.):
1610 5246 1733 5309 possimus
