4367 6109
807 569 1116 637 osxv-xvn
1142 569 1372 656 sare-se.
1687 573 1743 645 rar

420 734 564 820 suspicio
585 736 648 800 nisi
670 756 724 812 ea,
746 758 831 823 quae
851 740 1038 824 turpissima
1059 748 1124 817 est,
1147 741 1286 806 residere
1308 743 1427 826 possiti
1453 764 1519 808 non
1541 746 1655 828 gratia,
1685 770 1750 813 non

421 829 628 912 cognatione,
651 851 717 896 non
739 833 810 897 aliis
832 842 918 898 recte
938 833 1046 910 iactis,
1069 855 1133 898 non
1157 837 1297 920 denique
1317 837 1428 921 aliquo
1443 839 1595 903 mediocri
1608 842 1687 906 vitio
1704 850 1751 908 tot

421 931 573 1008 tantaque
595 923 666 990 eius
686 927 766 991 ritis
786 927 952 991 sublevata
972 948 1042 992 esse
1058 929 1259 993 ridebuntur.
1295 926 1347 993 48.
1368 931 1532 995 Postremo
1548 952 1608 1016 ego
1623 955 1751 1000 causam

420 1018 468 1109 sic
488 1038 598 1101 agam,
618 1019 758 1096 iudices,
780 1021 939 1085 eiusmodi
960 1041 1028 1097 res,
1051 1023 1095 1084 ita
1117 1032 1224 1098 notas,
1246 1024 1290 1087 ita
1311 1031 1457 1099 testatas,
1480 1025 1524 1088 itu
1538 1046 1683 1110 magnas,
1706 1031 1752 1094 ita

419 1111 605 1177 manifestas
626 1113 801 1196 proferam,
822 1124 859 1179 ut
880 1135 974 1178 nemo
997 1136 1015 1178 a
1038 1116 1146 1190 vobis,
1169 1125 1205 1180 ut
1226 1118 1322 1181 istum
1337 1118 1525 1194 absolvatis,
1547 1122 1751 1205 pergratiam
1774 1132 1789 1177 ⁵

418 1212 554 1269 conetur
585 1209 792 1273 contendere.
841 1210 951 1274 Habeo
982 1217 1088 1273 antem
1117 1218 1235 1273 certam
1263 1211 1346 1273 riam
1367 1220 1463 1295 atque
1484 1215 1659 1290 rationem,
1688 1236 1752 1299 qua

419 1318 531 1365 ornnes
563 1300 693 1365 illorum
721 1311 854 1368 conatus
884 1304 1075 1386 investigare
1105 1311 1137 1366 et
1163 1305 1318 1387 consequi
1345 1305 1476 1388 possim.
1519 1308 1567 1370 lta
1587 1328 1638 1372 res
1660 1328 1680 1372 a
1700 1329 1751 1373 me

416 1401 547 1477 agetur,
577 1403 614 1459 ut
635 1396 669 1459 in
690 1415 801 1460 eorurn
824 1398 969 1461 consiliis
992 1397 1140 1460 omnibus
1162 1417 1226 1460 non
1250 1398 1345 1461 modo
1368 1419 1462 1462 aures
1483 1400 1666 1477 bominum,
1694 1403 1750 1466 sed

417 1487 515 1553 etiam
537 1489 561 1571 †
582 1492 722 1574 populus
744 1494 906 1556 Romanus
928 1493 1081 1555 interesse
1104 1489 1282 1554 videantur.
1326 1489 1378 1554 49.
1400 1495 1465 1570 Vos
1480 1493 1603 1577 aliquot
1616 1495 1679 1558 iam
1693 1515 1751 1579 per

415 1601 520 1647 annos
543 1593 731 1669 conceptam
751 1587 827 1650 huic
849 1586 954 1650 ordini
977 1585 1209 1668 turpitudinem
1224 1593 1321 1669 atque
1339 1586 1502 1650 infamiam
1517 1588 1623 1652 delere
1637 1609 1674 1652 ac
1690 1589 1788 1653 tol-to

415 1674 484 1740 lere
504 1680 652 1761 potestis.
697 1680 828 1744 Constat
849 1680 933 1744 inter
954 1700 1066 1743 omnes
1088 1680 1261 1764 posthaec
1282 1682 1455 1745 constituta
1477 1682 1611 1757 iudicia,
1633 1684 1749 1767 quibus

362 1761 372 1779 ⁸
416 1790 504 1835 nnnc
526 1773 661 1850 utimur,
684 1774 808 1837 nullum
828 1774 891 1837 boo
913 1774 1084 1858 splendore
1099 1782 1195 1857 atque
1212 1773 1272 1837 bac
1287 1774 1441 1857 dignitate
1457 1776 1627 1839 consilium
1640 1777 1749 1841 luisse.

414 1862 476 1928 llic
503 1865 532 1928 si
564 1866 643 1950 quid
676 1869 736 1931 erit
757 1865 931 1943 offensum,
965 1888 1076 1931 omnes
1098 1868 1246 1930 bomines
1268 1889 1334 1932 non
1355 1870 1421 1932 iam
1441 1889 1482 1931 ex
1503 1871 1616 1935 eodem
1638 1873 1750 1936 ordine

416 1956 498 2022 alios
522 1959 623 2042 magis
644 1959 799 2036 idoneos,
821 1962 910 2045 quod
931 1958 998 2024 beri
1021 1982 1087 2024 non
1109 1968 1231 2045 potest,
1254 1962 1310 2024 sed
1332 1962 1430 2025 alium
1452 1964 1750 2029 omninoordinem

416 2051 458 2115 ad
490 2072 542 2117 res
575 2053 762 2117 iudicandas
795 2055 1013 2138 quaerendum
1048 2055 1295 2118 arbitrabuntur.
1338 2056 1438 2119 xvir.
1467 2053 1519 2119 50.
1547 2056 1788 2141 Quapropterts

416 2143 555 2227 primum
578 2147 618 2210 ab
640 2147 690 2210 dis
712 2149 960 2224 immortalibus,
984 2151 1072 2232 quod
1095 2168 1224 2231 sperare
1247 2149 1323 2211 nribi
1346 2150 1472 2225 videor,
1493 2151 1556 2214 boc
1577 2152 1680 2229 idem,
1701 2153 1751 2218 iu:

417 2238 520 2316 dices,
543 2247 637 2325 opto,
659 2249 697 2304 ut
718 2243 752 2304 in
773 2242 835 2306 boc
857 2243 976 2305 iudicio
991 2263 1085 2306 nemo
1100 2242 1264 2325 improbus
1285 2253 1411 2327 praeter
1426 2264 1514 2319 eum,
1538 2245 1594 2328 qui
1607 2245 1670 2309 iam
1685 2250 1751 2330 pri-

416 2330 488 2396 dem
509 2333 661 2399 inventus
684 2344 749 2411 est,
772 2338 963 2420 reperiatur;
987 2337 1103 2401 deinde
1125 2337 1152 2400 si
1174 2338 1282 2419 plures
1304 2339 1441 2421 improbi
1462 2338 1596 2412 inerint,
1618 2341 1680 2405 boc
1695 2363 1751 2407 ro·

414 2424 483 2503 bis,
504 2427 568 2492 hoc
582 2430 705 2514 populo
720 2432 881 2507 Romano,
903 2433 1044 2506 iudices,
1067 2427 1239 2506 confirmo,
1261 2432 1358 2495 vitam
1374 2432 1554 2496 mehercule
1568 2435 1646 2498 mibi
1661 2438 1750 2521 prius

416 2541 514 2605 quarn
546 2523 612 2586 vim
644 2527 978 2609 perseverantiamque
1009 2525 1049 2588 ad
1079 2526 1208 2588 illorum
1237 2526 1473 2609 improbitatem
1496 2531 1788 2612 persequendamtt

414 2613 607 2681 defuturam.
651 2615 705 2683 5l.
726 2621 845 2684 Verum
869 2620 957 2704 quod
980 2639 1039 2701 ego
1055 2618 1227 2692 laboribus,
1250 2620 1401 2702 periculis
1415 2619 1655 2704 inimicitiisque
1670 2623 1750 2686 meis

414 2714 500 2787 tum,
532 2732 606 2776 cum
633 2714 810 2778 admissum
832 2715 907 2790 erit,
936 2713 1075 2777 dedecus
1098 2726 1207 2777 severe
1231 2733 1280 2775 me
1301 2715 1636 2796 persecuturum'esse
1655 2716 1751 2799 polli-

413 2822 508 2881 oeor,
529 2805 563 2869 id
578 2828 620 2870 ne
639 2808 780 2883 accidat,
803 2816 839 2871 tu
857 2816 911 2872 tua
925 2806 1134 2879 auctoritate,
1156 2806 1324 2888 sapientia,
1347 2806 1521 2889 diligentia,
1542 2809 1594 2871 Μ’.
1609 2808 1749 2885 Glabrio,

413 2905 507 2980 potes
530 2903 710 2983 providere.
747 2903 881 2985 Suscipe
903 2921 1030 2965 causam
1045 2900 1255 2976 iudiciorum3
1279 2903 1406 2984 suscipe
1419 2921 1547 2965 causam
1561 2904 1748 2988 severitatis,

413 2990 625 3076 integritatis,
646 2993 740 3072 fidei,
762 2997 945 3078 religionis;
974 2996 1100 3077 suscipe
1122 3015 1250 3059 causam
1273 3003 1419 3071 senatus,
1440 3004 1477 3059 ut
1498 2996 1524 3059 is
1544 2996 1607 3061 boc
1628 2997 1786 3061 iudiciott

414 3088 569 3170 probatus
591 3111 664 3155 oum
687 3090 809 3174 populo
832 3093 975 3153 Romano
998 3090 1083 3151 etin
1108 3089 1201 3152 laude
1225 3091 1310 3153 etin
1333 3090 1435 3173 gratia
1455 3109 1525 3153 esse
1545 3091 1657 3173 possit.
1688 3092 1748 3155 Co·

413 3181 498 3264 gite,
529 3186 585 3268 qui
613 3185 674 3258 sis,
705 3205 771 3268 quo
795 3184 866 3248 loco
887 3185 949 3260 sis,
981 3183 1060 3266 quid
1082 3182 1157 3244 dare
1178 3183 1300 3265 populo
1322 3185 1483 3259 Romano,
1515 3185 1593 3269 quid
1612 3185 1746 3249 reddere

413 3274 589 3342 maioribus
611 3279 674 3341 tuis
698 3278 833 3353 debeas;
854 3278 904 3341 fac
926 3277 983 3341 tibi
1004 3286 1156 3361 paternae
1178 3276 1257 3359 legis
1278 3277 1403 3343 Aciliae,
1416 3278 1525 3343 veniat
1543 3280 1577 3342 in
1598 3288 1746 3357 mentem,

413 3393 479 3457 qua
498 3373 571 3456 lege
591 3373 732 3457 populus
753 3372 916 3437 Romanus
939 3374 979 3436 dc
1001 3371 1148 3454 pecuniis
1170 3370 1357 3452 repetundis
1371 3372 1500 3454 optimis
1514 3373 1642 3439 iudiciis
1657 3395 1747 3438 seve-

412 3467 614 3552 rissimisque
635 3466 796 3530 iudicibus
817 3487 895 3530 usus
917 3474 975 3530 est
1016 3461 1067 3527 52.
1091 3464 1303 3527 Circumstant
1323 3473 1354 3528 te
1376 3485 1517 3529 summae
1531 3469 1783 3544 auctoritatesat)

413 3581 497 3646 qnae
519 3569 552 3626 te
574 3560 721 3625 oblivisci
744 3561 848 3625 laudis
872 3560 1065 3624 domesticae
1086 3578 1153 3621 non
1174 3559 1300 3634 sinant,
1323 3578 1405 3642 quae
1426 3566 1458 3622 te
1479 3567 1589 3624 noctes
1611 3561 1746 3646 diesque

415 3662 640 3720 commoneant
652 3653 862 3718 fortissimum
879 3654 937 3718 tibi
952 3661 1090 3736 patrem,
1112 3652 1384 3734 sapientissimum
1397 3673 1508 3729 arum,
1525 3655 1746 3737 gravissimum

413 3768 560 3813 socerum
580 3748 690 3812 fuisse.
734 3748 841 3822 Quare
872 3748 899 3810 si
929 3747 1110 3809 Glabrionis
1136 3746 1235 3830 patris
1256 3747 1320 3810 rim
1343 3755 1375 3810 et
1395 3747 1602 3811 acrimoniam
1623 3748 1746 3832 ceperis

415 3844 454 3907 ad
475 3843 690 3907 resistendum
711 3842 897 3905 bominibus
919 3840 1158 3913 audacissimiS,
1181 3840 1207 3902 si
1230 3841 1280 3903 avi
1297 3841 1468 3904 Scaevolae
1489 3842 1691 3924 prudentiam
1704 3843 1746 3906 ad

414 3934 656 4018 prospiciendas
678 3936 830 4010 insidias,
861 3954 943 4018 quae
974 3942 1047 3998 tuae
1070 3941 1168 4017 atque
1188 3934 1303 3997 borum
1324 3934 1428 3998 famae
1450 3943 1691 4018 comparantur,
1718 3936 1783 4000 site

415 4028 517 4093 soceri
547 4028 658 4094 Scauri
686 4030 914 4104 constantiam,
942 4036 979 4092 ut
1007 4049 1048 4092 ne
1075 4028 1149 4111 quis
1180 4035 1210 4090 te
1230 4028 1272 4090 de
1294 4048 1370 4092 vera
1391 4037 1423 4092 ct
1444 4036 1530 4092 certa
1551 4029 1654 4111 possit
1675 4050 1747 4092 sen-

415 4121 515 4187 tentia
544 4122 732 4189 demovere:
761 4123 919 4207 intelliget
945 4123 1085 4208 populus
1113 4123 1275 4184 Romanus
1301 4121 1505 4205 integerrimo
1526 4130 1626 4206 atque
1645 4123 1747 4187 bone-

416 4213 557 4280 stirsimo
578 4225 725 4301 praetore
748 4217 938 4301 delectoque
960 4218 1093 4281 consilio
1109 4216 1238 4279 nocenti
1256 4236 1311 4279 reo
1325 4217 1576 4299 magnitudinem
1591 4217 1746 4300 pecuniae

414 4309 487 4395 plus
506 4310 658 4376 babuisse
681 4313 833 4376 momenti
848 4311 888 4375 ad
903 4313 1117 4395 suspicionem
1133 4310 1274 4373 oriminis
1289 4309 1438 4393 quemad
1453 4311 1609 4373 rationem
1624 4310 1746 4373 salutis.

478 4602 505 4655 2.
524 4602 611 4666 atiquo
628 4599 693 4652 dtt.:
711 4601 762 4651 olio
779 4599 815 4650 63
824 4615 850 4663 ς.
871 4627 898 4637 -
917 4599 941 4650 3.
959 4598 1108 4649 videbuntur
1124 4598 1160 4648 63
1171 4611 1204 4658 ςτ
1223 4596 1434 4647 aetimabuntur·
1449 4597 1499 4649 dtt.
1512 4600 1542 4651 0.
1561 4599 1595 4650 cl.
1613 4599 1648 4649 ad
1666 4598 1690 4662 S.
1705 4598 1745 4651 49.

418 4701 444 4715 -
463 4679 488 4729 t.
508 4691 540 4728 oc
555 4675 672 4738 conequi
689 4676 735 4726 Gt.
748 4703 776 4711 —
795 4674 819 4725 9.
834 4688 896 4737 pop.
914 4676 942 4726 lt.
961 4674 1250 4734 intumueritis:
1269 4672 1334 4722 oculi
1347 4672 1434 4734 popats'
1450 4673 1496 4724 tot.
1513 4674 1647 4722 otdeootm
1658 4671 1745 4736 vulgo,

415 4754 460 4814 0.;
484 4753 550 4804 orati
571 4753 617 4803 int.
641 4752 775 4803 euenor
795 4752 858 4816 (orn.
873 4765 934 4814 pop.
953 4750 991 4813 lt.)
1014 4750 1082 4800 coni.
1103 4749 1235 4799 Fritzsche
1253 4746 1398 4798 admodum
1416 4746 1597 4813 probabiliter.
1618 4772 1646 4784 —
1666 4749 1706 4797 40.
1724 4754 1748 4798 et

415 4827 499 4878 toltcm
515 4828 565 4885 64ς
584 4839 638 4878 om.
657 4824 705 4877 dtt.
726 4849 754 4862 -
774 4827 815 4876 tt.
833 4826 968 4875 consueto
984 4838 1037 4875 orn.
1056 4825 1105 4875 dtt.
1120 4852 1145 4863 -
1168 4826 1207 4875 tt.
1226 4825 1273 4873 troc
1290 4836 1344 4873 om.
1363 4824 1396 4872 64
1409 4824 1432 4874 t.
1453 4849 1480 4858 -
1501 4823 1540 4873 46.
1559 4838 1577 4872 o
1593 4824 1640 4873 dtis
1656 4825 1703 4873 Gt.
1718 4850 1745 4859 -

414 4915 518 4965 wore
533 4901 619 4953 doben
635 4902 663 4953 L.
690 4903 723 4953 st
740 4901 774 4954 cl.
787 4899 893 4952 Ellendt
909 4900 943 4951 ed
961 4901 995 4952 de
1013 4902 1082 4952 Oret.
1096 4903 1126 4950 44.
1146 4902 1169 4964 g.
1184 4901 1239 4950 tea.
1259 4899 1339 4961 Scyll.
1358 4898 1392 4948 ad
1410 4897 1480 4949 Leel.
1494 4898 1518 4961 g.
1532 4899 1572 4947 te.
1590 4923 1616 4932 -
1636 4896 1675 4946 44.
1689 4903 1746 4958 opto

417 4977 479 5042 63ς
495 4976 574 5029 codd.
587 4976 724 5029 Lambini:
740 4982 798 5040 peto
810 4976 858 5027 dtt.
872 4977 901 5026 0.
921 4975 955 5027 ci.
969 4974 1043 5026 Catil.
1057 4977 1087 5024 ll.
1107 4975 1131 5038 S.
1146 4977 1186 5025 45.
1207 5002 1233 5012 -
1253 4974 1294 5024 23.
1313 4975 1472 5036 auctoritate,
1490 4987 1546 5035 rep.
1565 4973 1597 5021 64
1610 4973 1651 5032 25
1668 4970 1744 5033 ngas:

416 5064 483 5115 soa,
501 5058 568 5104 auct.
587 5051 635 5104 dtt.
654 5054 684 5103 0.
705 5079 733 5090 -
757 5051 799 5104 at.
816 5050 904 5105 Malim
921 5051 1042 5101 veritatis.
1066 5049 1105 5099 Cl.
1124 5063 1150 5113 p.
1170 5048 1226 5099 434.
1245 5062 1270 5100 u.
1290 5049 1330 5098 43.
1349 5050 1419 5099 Bsrr.
1441 5075 1469 5087 -
1492 5048 1533 5097 25.
1552 5047 1597 5096 boc
1612 5047 1634 5095 is
1651 5047 1695 5096 Gt.
1717 5072 1745 5082 -

417 5126 457 5178 ti.
475 5129 520 5190 qai
536 5129 570 5179 sic
584 5128 620 5179 A:
639 5140 694 5179 cm.
713 5125 793 5178 codd.
815 5153 842 5161 -
860 5127 902 5178 28.
920 5125 981 5189 tegis
996 5123 1089 5173 Aciliae
1106 5127 1135 5174 Α.
1152 5123 1233 5173 Prisc.
1253 5125 1282 5173 ll.
1302 5135 1328 5186 p.
1347 5123 1387 5173 85.
1407 5121 1465 5172 dtt.:
1484 5121 1548 5184 tepet
1563 5120 1606 5169 Ac.
1625 5119 1662 5170 63
1670 5135 1696 5180 ς.
1717 5147 1746 5155 -

414 5202 499 5252 oasim
514 5203 596 5255 Prlsc.
614 5200 674 5254 dtt.:
695 5202 798 5253 ratmot
814 5202 885 5265 63ς,
901 5227 929 5236 -
948 5200 988 5249 34.
1006 5203 1088 5248 cocus
1105 5198 1203 5259 dasque
1219 5199 1251 5246 Gt
1264 5199 1313 5258 tf.
1333 5196 1366 5247 ct.
1379 5197 1411 5246 V.
1430 5196 1455 5259 s.
1469 5196 1526 5245 ttt.
1545 5207 1572 5258 p.
1591 5195 1667 5245 ltosc.
1686 5194 1745 5244 Am.

417 5273 441 5338 i.
459 5275 484 5328 6.
501 5275 590 5332 mcv.
607 5275 643 5331 ad
658 5276 713 5331 Fln.
730 5277 751 5330 l.
770 5274 795 5342 fl.
813 5277 860 5327 ct:
879 5275 931 5326 dies
945 5277 1075 5334 musque
1091 5271 1138 5322 dtt.
1158 5273 1186 5321 0.
1207 5294 1234 5307 -
1254 5271 1295 5322 at.
1313 5271 1438 5321 dimoves
1454 5270 1487 5319 Gt
1508 5267 1548 5320 bd
1563 5268 1609 5332 bg.
1621 5266 1662 5319 te.
