4367 6109
485 565 548 634 366
855 571 898 636 lll
918 570 1085 637 VERREM
1106 568 1228 636 serlo
1250 569 1435 638 SECUNDA

485 767 556 813 sese
577 767 596 814 a
617 748 683 812 suis
704 746 825 812 civibus
846 747 925 812 baec
945 747 1063 813 babere
1084 748 1240 824 mandata,
1261 756 1299 813 ut
1317 749 1359 812 ed
1380 749 1512 815 Verrem
1532 745 1660 813 adirent
1680 753 1716 813 et
1735 766 1808 812 enm

484 842 686 906 simulacrum
709 841 831 905 Cereris
853 849 885 906 et
904 842 1061 907 Victoriae
1082 850 1300 926 reposcerent:
1322 843 1356 907 id
1377 843 1404 907 si
1424 844 1660 928 impetrarent,
1682 849 1753 907 tum
1773 849 1810 907 nt

484 956 603 1001 morem
631 942 770 999 veterem
798 937 1014 1000 Hennensium
1044 944 1283 1013 conservarent3
1321 937 1448 1020 publice
1484 937 1518 1002 in
1555 956 1645 1013 enm,
1681 935 1809 1001 tametd

482 1036 628 1096 vexasset
649 1029 798 1105 Siciliam,
819 1037 936 1105 umen,
957 1031 1108 1115 quoniam
1129 1030 1208 1095 baec
1229 1031 1432 1095 ameioribus
1445 1032 1587 1099 institua
1598 1033 1809 1116 accepissent,

459 1124 696 1188 oecumenium
716 1142 757 1185 ne
778 1123 866 1208 quod
888 1124 1041 1199 dicerent,
1064 1124 1115 1187 sin
1136 1132 1242 1187 autem
1263 1145 1302 1187 ea
1323 1144 1388 1187 non
1409 1125 1609 1202 reddidisset,
1631 1132 1701 1190 tum
1722 1131 1761 1190 nt
1775 1125 1808 1189 in

481 1217 601 1283 iudicio
621 1217 784 1292 adessent,
811 1223 878 1280 tum
898 1223 936 1280 ut
956 1216 995 1280 de
1019 1217 1088 1282 eius
1109 1217 1232 1281 iniuriis
1253 1217 1374 1283 iudices
1397 1218 1564 1295 docerent,
1589 1220 1647 1285 sed
1668 1221 1808 1285 maxime

481 1310 521 1374 de
547 1310 937 1396 religione-quererentur.
981 1311 1067 1387 Quas
1095 1311 1223 1374 illorum
1252 1312 1467 1397 querimonias
1496 1314 1612 1390 nolite,
1640 1335 1701 1398 per
1728 1315 1807 1378 deos

479 1403 686 1469 immortales!
719 1404 899 1488 aspernari,
920 1404 1019 1468 nolite
1041 1412 1243 1469 contemnere
1264 1424 1301 1468 ao
1322 1406 1500 1489 negligere,
1520 1407 1653 1472 iudices.
1673 1411 1675 1414 ’
1697 1410 1808 1492 Agun-

479 1507 532 1563 tur
552 1498 686 1562 iniuriae
708 1499 883 1574 sociorum,
916 1499 1019 1582 egitur
1044 1500 1092 1562 ris
1122 1499 1244 1580 legum,
1276 1499 1382 1582 egitur
1409 1500 1601 1566 existimatio
1621 1502 1809 1586 veritasque

443 1591 678 1656 loiudiciorum.
722 1592 811 1668 Quae
833 1599 908 1656 sunt
929 1594 1035 1656 omnia
1055 1611 1242 1677 permagna,
1270 1612 1380 1656 verum
1401 1593 1480 1657 illud
1501 1595 1691 1660 maximum:
1718 1603 1810 1660 tanta

479 1686 633 1769 religione
654 1684 805 1749 obstricta
833 1692 900 1750 totu
927 1687 1088 1770 provincia
1115 1691 1179 1759 est,
1207 1693 1295 1750 unta
1321 1687 1502 1770 superstitio
1529 1708 1571 1751 ex
1597 1688 1692 1754 istius
1720 1689 1808 1753 facto

479 1788 602 1844 mentes
622 1779 763 1843 omnium
784 1779 961 1845 Siculorum
983 1779 1164 1862 occupavit,
1192 1787 1243 1854 ut,
1271 1799 1491 1865 quaecumque
1513 1780 1656 1847 accident
1677 1781 1809 1867 publice

479 1876 690 1960 privatimque
720 1874 935 1949 incommoda,
967 1881 1097 1958 propter
1128 1893 1198 1937 eam
1230 1891 1358 1937 causam
1390 1874 1520 1938 sceleris
1553 1875 1644 1939 istius
1677 1877 1808 1940 evenire

478 1968 654 2034 videantur.
691 1960 762 2030 tlt.
783 1968 924 2032 Audistis
947 1967 1182 2051 Centuripinos,
1203 1968 1426 2050 Agyrinenses,
1450 1969 1643 2046 catinenses,
1665 1969 1809 2035 Aetnen·

441 2068 545 2139 tises,
566 2061 769 2126 Herbitenses
791 2062 1034 2147 compluresque
1056 2062 1137 2125 alios
1159 2062 1286 2146 publice
1307 2061 1428 2137 dicere,
1451 2083 1534 2147 quae
1556 2063 1697 2128 solitudo
1718 2071 1808 2128 emt

477 2158 512 2221 in
533 2156 632 2240 agris,
660 2174 743 2240 quae
764 2156 910 2230 vastitas,
937 2176 1019 2241 quae
1040 2156 1117 2238 luga
1138 2162 1314 2231 aratorum,
1343 2175 1438 2240 quam
1464 2156 1606 2232 deserta,
1635 2177 1736 2242 quam
1757 2158 1808 2222 in-

478 2251 577 2324 culta,
611 2269 707 2335 quam
730 2250 840 2313 relicta
862 2249 979 2314 omnia.
1021 2250 1068 2313 Ea
1094 2249 1219 2313 tametsi
1247 2249 1353 2313 multis
1379 2249 1470 2313 istius
1499 2257 1530 2314 et
1555 2251 1652 2316 seriis
1678 2250 1807 2315 iniuriis

476 2343 676 2419 ecciderunt,
710 2350 818 2407 tamen
844 2342 924 2407 baec
950 2363 1015 2408 una
1045 2364 1141 2408 causa
1171 2344 1205 2408 in
1238 2344 1390 2429 opinione
1419 2345 1599 2409 Siculonrm
1631 2345 1807 2430 plurimum

476 2439 575 2513 valet,
603 2436 690 2523 quod
713 2433 825 2501 Cerere
852 2436 970 2501 violata
996 2458 1107 2502 omnes
1128 2438 1233 2502 cultus
1254 2437 1439 2522 inrotusque
1462 2439 1584 2504 Cereris
1606 2439 1640 2504 in
1661 2438 1702 2504 iis
1723 2438 1807 2503 locis

439 2533 622 2597 tointerisse
642 2530 841 2595 arbitrantur.
884 2531 1056 2594 bledemini
1077 2531 1226 2615 religioni
1248 2531 1422 2608 sociorum,
1449 2533 1588 2597 iudices:
1616 2538 1805 2597 conservate

475 2634 621 2692 vestram.
653 2627 764 2709 Neque
786 2625 868 2688 enim
889 2625 968 2689 baec
990 2633 1121 2690 externa
1141 2627 1233 2690 vobis
1248 2634 1297 2690 est
1309 2627 1420 2709 religio
1434 2646 1540 2711 neque
1554 2627 1668 2692 aliena.
1705 2625 1804 2704 Quod

476 2723 504 2786 si
526 2727 624 2796 esset,
646 2719 674 2783 si
695 2719 857 2802 suscipere
878 2739 948 2783 eam
969 2720 1114 2783 nolletis:
1141 2721 1302 2784 tamenin
1324 2739 1379 2794 eo,
1409 2721 1465 2804 qui
1486 2720 1652 2797 violasset,
1679 2720 1804 2786 nncire

476 2836 535 2881 vos
555 2815 638 2879 velle
659 2819 828 2899 oporteret
858 2807 929 2875 lle.
950 2815 1040 2877 Nunc
1061 2832 1137 2879 vero
1158 2814 1193 2878 in
1214 2813 1374 2876 communi
1396 2813 1539 2877 omnium
1561 2814 1705 2897 gentium
1728 2813 1806 2879 reli·

476 2909 571 2992 gione
591 2908 689 2993 inque
710 2907 750 2969 iis
772 2905 879 2980 sacris,
901 2926 985 2991 quae
1007 2906 1143 2970 maiores
1164 2908 1266 2971 nostri
1287 2907 1327 2969 sb
1350 2907 1468 2971 exteris
1483 2907 1664 2972 nationibus
1678 2907 1804 2972 adscita

439 3010 573 3088 sostque
595 3001 745 3065 arcessita
766 3000 933 3063 coluerunt
952 3033 995 3047 -
1016 3019 1099 3086 quae
1121 3020 1226 3076 sacra,
1246 3008 1282 3063 ut
1303 3009 1392 3065 erant
1412 3021 1447 3064 re
1468 3021 1557 3077 vera,
1579 3001 1624 3065 sic
1645 3001 1803 3086 appellari

475 3096 595 3160 Graeca
622 3094 791 3160 voluerunt
811 3126 870 3171 -,
900 3094 1097 3178 negligentes
1127 3115 1163 3160 ac
1191 3095 1338 3159 dissoluti
1369 3095 1396 3159 si
1423 3095 1587 3181 cupiamus
1617 3115 1705 3171 esse,
1745 3094 1803 3181 qui

474 3192 667 3275 possumus?

558 3284 623 3346 Lll.
645 3281 744 3347 Unius
775 3282 871 3346 etiam
895 3282 999 3358 urbis,
1030 3283 1171 3347 omnium
1196 3282 1427 3368 pulcherrimae
1449 3291 1546 3369 atque
1568 3282 1803 3359 ornatissimae,

475 3379 700 3463 Syracusarum
723 3376 931 3459 direptionem
952 3378 1203 3442 commemorabo
1218 3384 1250 3441 et
1269 3378 1302 3440 in
1317 3378 1458 3441 medium
1471 3374 1643 3461 proferam,
1666 3376 1802 3453 iudices,

435 3480 512 3537 ³⁰ut
531 3472 704 3556 aliquando
733 3479 831 3535 totam
852 3471 947 3534 buius
970 3472 1092 3554 generis
1114 3472 1289 3535 orationem
1312 3471 1496 3535 concludam
1519 3478 1616 3555 etque
1638 3470 1802 3535 definiam.

473 3568 572 3631 Nemo
593 3566 659 3629 lere
678 3572 818 3629 vestmm
840 3572 904 3639 est,
936 3565 1029 3648 quin,
1058 3585 1155 3649 quem
1183 3566 1223 3628 ad
1247 3566 1376 3629 modum
1398 3573 1506 3649 captae
1528 3566 1592 3629 sint
1613 3585 1633 3628 a
1652 3566 1695 3628 ll.
1716 3567 1803 3629 blar-

473 3661 555 3726 cello
577 3661 765 3744 Symcusae,
788 3678 882 3744 saepe
904 3657 1054 3735 audierit,
1076 3678 1316 3745 nonnumquam
1332 3659 1428 3723 etiam
1445 3659 1479 3721 in
1494 3658 1660 3723 enodibus
1674 3658 1801 3743 legerit.

474 3753 621 3819 Conferte
641 3753 723 3818 banc
743 3773 854 3837 pacem
868 3774 939 3818 cum
959 3753 1016 3819 illo
1036 3753 1138 3830 bello,
1159 3753 1256 3818 buius
1269 3754 1422 3839 praetoris
1436 3753 1609 3818 adventum
1624 3773 1696 3818 cum
1710 3754 1800 3818 illins

472 3849 672 3934 imperatoris
685 3847 824 3924 victoria,
845 3847 940 3912 buius
955 3847 1115 3913 cohortem
1129 3847 1286 3931 impuram
1301 3868 1372 3912 cum
1394 3848 1480 3911 illius
1502 3848 1643 3912 exercitu
1665 3847 1798 3923 invicto,

434 3941 567 4008 abuius
587 3940 737 4006 libidines
758 3961 831 4005 cum
850 3941 939 4005 illius
959 3941 1171 4008 continentia:
1199 3941 1240 4007 ab
1260 3941 1336 4017 illo,
1365 3943 1422 4027 qui
1443 3942 1545 4026 cepit,
1574 3943 1735 4017 conditas,
1755 3941 1798 4006 ab

537 4225 562 4274 4.
578 4222 639 4274 boec
649 4233 703 4272 om.
716 4219 752 4272 03
764 4219 780 4271 l
793 4221 854 4284 (non
865 4219 941 4285 lt).-
954 4221 989 4272 od
999 4231 1053 4272 om.
1065 4218 1182 4273 illota·
1195 4221 1221 4272 4.
1233 4221 1324 4286 tepeo.
1336 4221 1398 4274 44.-
1417 4221 1442 4271 3.
1460 4221 1630 4273 4444444414-
1644 4222 1670 4275 4.
1681 4223 1798 4275 museo

470 4299 516 4361 ue,
529 4295 555 4361 4,
567 4298 649 4361 43494
667 4297 801 4347 coortum
812 4297 891 4361 lagg.
901 4295 966 4348 dett.
976 4297 1006 4348 0.
1015 4321 1043 4333 -
1054 4296 1080 4348 4.
1095 4301 1149 4347 tues
1159 4301 1183 4347 44
1196 4298 1225 4348 lt.
1235 4323 1263 4334 -
1275 4298 1303 4348 44
1314 4310 1368 4348 om.
1381 4295 1447 4347 dett.
1458 4296 1520 4347 0.-
1531 4298 1556 4347 6.
1566 4299 1605 4349 oti
1616 4299 1646 4350 de
1656 4297 1722 4350 dett.
1731 4299 1794 4350 0.·-

469 4374 547 4424 multo
561 4371 674 4423 montoso
689 4371 754 4424 dett.
767 4372 796 4423 0.
811 4398 839 4408 -
858 4372 883 4422 7.
902 4373 1325 4436 eumaeum-quaerimoniae
1340 4374 1369 4424 s.
1382 4399 1410 4410 —
1428 4373 1454 4424 8.
1471 4373 1572 4424 4444444.
1590 4376 1620 4426 44.
1640 4401 1667 4411 -
1685 4380 1798 4426 4444444-

466 4460 545 4512 pnere
560 4460 592 4496 oe
606 4446 734 4510 neglegere
750 4448 779 4498 lt.
794 4470 821 4480 -
841 4446 865 4498 9.
883 4446 923 4496 ius
939 4446 1021 4510 upum
1032 4446 1090 4510 444,
1109 4449 1187 4513 lagg.
1205 4447 1364 4513 praeterit.
1380 4475 1407 4486 -
1425 4449 1591 4512 mentesque
1606 4450 1675 4501 coni.
1689 4451 1794 4515 Zumpt

469 4525 503 4575 ,44
513 4522 547 4574 ot.
560 4521 595 4572 ed
606 4522 648 4573 111.
662 4520 686 4584 S.
699 4522 756 4573 464.
774 4519 860 4572 llelm.
873 4520 908 4571 ed
918 4521 946 4572 h.
959 4519 976 4572 l.
991 4522 1017 4573 in
1029 4523 1073 4573 ed.
1086 4523 1156 4588 Llps.
1168 4549 1196 4560 -
1209 4524 1250 4574 44.
1263 4535 1424 4586 quoeunque
1435 4524 1455 4573 0
1466 4523 1528 4586 (non
1538 4523 1578 4587 44).
1593 4552 1621 4562 -
1634 4526 1794 4577 4444444444.

471 4625 499 4635 -
512 4597 553 4650 43.
562 4597 684 4660 perosum
695 4597 776 4660 1.th
794 4597 833 4647 uel
845 4597 967 4660 4444444444
984 4597 1048 4648 dett.
1062 4599 1091 4650 0.
1106 4625 1134 4635 ·-
1152 4598 1249 4650 44444444
1264 4599 1310 4659 443,
1329 4597 1345 4648 λ
1363 4597 1395 4661 (ν.
1409 4597 1495 4650 lladv.
1508 4611 1535 4663 p.
1548 4599 1589 4649 49.
1605 4600 1674 4651 Bake
1686 4614 1713 4665 p.
1727 4600 1794 4664 9444

467 4673 556 4724 scelere
568 4671 633 4724 dett.
647 4673 708 4723 0.-
728 4670 768 4722 tl.
780 4671 929 4736 Agrtoeneee
939 4673 968 4724 ll.
984 4699 1011 4709 -
1029 4673 1159 4725 4444444444
1168 4673 1262 4724 liobe.
1275 4674 1310 4724 lt:
1328 4674 1453 4723 Eooeoeee
1468 4673 1541 4724 Hero.
1552 4671 1582 4734 l,
1595 4674 1627 4724 04
1640 4689 1647 4734 ;
1664 4674 1796 4727 seems

468 4760 522 4798 orn.
533 4748 580 4809 04,
590 4746 648 4808 ed..
658 4747 736 4810 4349,
748 4747 841 4798 licebit.
854 4747 1001 4798 4444444444
1011 4748 1027 4799 0
1038 4750 1127 4813 lagg.;
1145 4748 1218 4800 Herb.
1230 4749 1355 4798 44444444
1363 4749 1392 4798 0.
1403 4747 1442 4797 Cl.
1455 4748 1541 4798 lledv.
1551 4762 1577 4812 p.
1587 4748 1614 4799 84
1622 4775 1659 4799 .-
1675 4750 1716 4801 to.
1727 4764 1793 4803 eoos·

465 4822 551 4886 9444444
567 4821 631 4873 dett.
651 4821 680 4872 0.
700 4848 728 4859 -
746 4821 774 4871 in
790 4823 860 4887 ogeis
876 4827 937 4874 esset
952 4822 1003 4884 03,
1021 4820 1046 4874 λ.
1067 4850 1095 4862 -
1117 4824 1158 4875 46.
1179 4835 1256 4887 worn
1277 4822 1382 4872 44444444.
1400 4834 1478 4882 quom
1493 4823 1590 4872 0444444
1605 4837 1630 4886 q.
1647 4824 1745 4876 retlets.
1763 4839 1796 4877 44

467 4898 554 4949 oemio
568 4895 665 4947 44444444
681 4895 760 4958 eges.
780 4923 807 4932 -
827 4897 868 4947 47.
886 4897 957 4946 444444
972 4897 1057 4947 multis
1072 4897 1152 4962 lagg.
1164 4896 1229 4948 dett.
1242 4898 1271 4948 0.
1285 4922 1314 4935 -
1332 4903 1355 4948 et
1364 4899 1445 4947 444444
1455 4911 1509 4948 om.
1522 4899 1600 4962 Lgit.
1614 4925 1642 4937 -
1661 4900 1701 4951 49.
1714 4902 1796 4953 m

467 4973 497 5025 li.
517 5001 545 5012 -
562 4973 595 5023 444
610 4973 644 5023 lt:
662 4970 700 5020 444
716 4968 781 5019 dett.
800 4970 829 5020 0.
850 4996 878 5008 -
899 4971 941 5021 40.
959 4971 1070 5022 intensos
1086 4973 1121 5034 a,
1140 4972 1190 5035 04,
1206 4972 1293 5036 egeo:
1318 4972 1440 5023 4444444444
1456 4972 1514 5035 bd,
1535 4972 1612 5036 dett,
1630 4974 1665 5035 03
1688 4988 1795 5029 4444444

468 5048 514 5099 04.
535 5075 563 5086 -
589 5048 630 5098 44.
648 5050 758 5096 notras
774 5046 948 5097 4444444404
962 5059 1041 5110 oeque
1057 5046 1123 5099 dett.
1148 5073 1176 5085 -
1201 5047 1273 5098 44444
1288 5048 1334 5098 04.
1354 5074 1381 5086 -
1407 5053 1442 5099 est
1457 5047 1545 5112 religio
1561 5047 1611 5109 113,
1629 5045 1661 5098 λε
1683 5055 1719 5101 444
1736 5063 1791 5103 om.

467 5120 537 5186 Lgtl
548 5121 590 5183 49,
602 5121 635 5181 0;
652 5120 698 5171 rel.
710 5121 835 5185 eetLegg.
848 5117 906 5171 rell.
924 5120 964 5172 04.
977 5120 1063 5174 lledv.
1076 5134 1104 5187 p.
1116 5123 1190 5174 04.-
1207 5120 1249 5174 tl.
1261 5123 1336 5185 teque
1351 5123 1427 5174 iislt:
1444 5123 1472 5173 44
1487 5124 1582 5186 now
1592 5124 1629 5174 04
1639 5124 1698 5185 Ld.;
1715 5127 1793 5188 444444

466 5195 505 5246 tte
520 5194 585 5247 dett.
598 5196 627 5247 0.
640 5222 668 5234 -
686 5195 817 5260 multon,
830 5208 900 5247 corr.
913 5195 940 5247 ln
956 5196 1058 5248 4444444.
1072 5220 1101 5232 -
1119 5197 1161 5248 44.
1174 5195 1389 5260 coexsulem
1407 5197 1572 5259 4444444443,
1590 5199 1672 5262 lgm
1689 5213 1793 5255 meses

467 5266 601 5336 Luarell
614 5293 643 5311 ·-
658 5267 1000 5336 ooeevaeeeaggdett-
1017 5269 1265 5337 444444444444444.
1278 5271 1790 5340 -3044444444444ω-4444440.
