4367 6109
800 606 872 671 cn».
894 605 1154 670 xxx-xxxi.
1183 601 1239 687 ss.
1261 600 1297 667 or
1310 602 1408 666 -os,
1703 599 1759 666 ru

451 782 576 843 Fatetur
602 778 716 860 aliquis
744 797 777 838 se
806 794 952 859 peccasse
982 783 1013 839 et
1043 776 1110 838 eius
1139 774 1242 836 delicti
1264 773 1386 835 veniam
1414 775 1509 854 petit:
1540 772 1692 835 netarium
1717 783 1766 838 est

451 872 572 935 lacinus
593 871 765 952 ignoscere.
798 870 838 931 At
852 869 919 930 leve
936 868 1084 932 delictum
1101 877 1162 930 est:
1185 866 1290 929 omnia
1305 875 1431 947 peccata
1446 874 1519 928 sunt
1531 867 1629 947 paria.
1650 866 1765 931 Dixisti

451 965 632 1049 quippiam:
659 961 754 1026 lixum
777 970 810 1026 et
831 969 978 1025 statutum
1001 971 1058 1024 est.
1095 965 1163 1024 Non
1185 980 1218 1022 re
1242 960 1355 1023 ductus
1377 980 1428 1033 es,
1451 959 1506 1022 sed
1530 960 1693 1041 opinione:
1716 981 1765 1024 sa·

450 1060 539 1144 piens
561 1057 637 1119 nihil
661 1057 815 1140 opinatur.
849 1055 967 1117 Errasti
990 1055 1095 1137 aliqua
1117 1055 1150 1117 in
1172 1074 1222 1118 re:
1244 1053 1388 1116 maledici
1404 1061 1503 1135 putat.
1537 1053 1602 1115 Hac
1618 1073 1657 1114 ex
1672 1051 1766 1115 disci·

450 1153 536 1235 plina
565 1151 655 1213 nobis
684 1150 738 1212 illa
767 1156 859 1212 sunt:
894 1149 990 1210 «Diri
1018 1149 1050 1209 in
1072 1156 1182 1211 senatu
1207 1167 1255 1209 me
1276 1166 1391 1209 nomen
1413 1145 1587 1209 consularis
1609 1145 1788 1209 candidatis

450 1246 653 1307 delaturum.»
700 1244 799 1305 tratus
821 1242 939 1305 dixisti.
986 1245 1196 1323 «Numquam,
1226 1240 1344 1323 inquit,
1373 1240 1497 1323 sapiens
1519 1238 1691 1302 irascitur.»
1725 1241 1767 1302 At

450 1340 597 1422 temporis
620 1355 722 1400 causa.
755 1336 927 1418 «improbi,
950 1335 1068 1417 inquit,
1090 1335 1227 1397 hominis
1250 1341 1297 1396 est
1319 1333 1482 1395 mendacio
1496 1331 1623 1408 fallere:
1646 1340 1766 1396 mutare

449 1431 635 1495 seutentiam
658 1438 748 1511 turpe
771 1436 834 1502 est,
857 1430 980 1491 exorari
1003 1428 1123 1501 scelus,
1145 1429 1284 1491 misereri
1306 1429 1488 1510 flagitium.»
1527 1425 1578 1490 63.
1592 1429 1697 1491 Nostri
1710 1448 1766 1490 au·

449 1533 510 1589 tem
533 1523 581 1586 illi
602 1555 643 1568 -
665 1522 788 1586 fatebor
810 1525 910 1595 euim,
934 1523 1026 1597 Cato,
1049 1543 1098 1585 me
1121 1544 1249 1606 quoque
1271 1523 1304 1585 in
1327 1523 1539 1586 adolescentia
1561 1520 1695 1585 diffisum
1717 1523 1766 1585 in·

449 1617 542 1701 genio
565 1636 636 1678 meo
658 1618 821 1700 quaesisse
844 1616 1023 1679 adiumenta
1039 1617 1200 1680 doctrinae
1215 1653 1274 1691 —,
1296 1617 1411 1691 nostri,
1434 1618 1580 1700 inquam,
1603 1617 1648 1679 illi
1664 1637 1682 1679 a
1697 1617 1802 1679 Pla-to

449 1723 522 1775 tone
545 1719 577 1772 et
598 1711 781 1785 Aristotele,
804 1710 956 1773 moderati
977 1711 1121 1774 homines
1145 1720 1176 1773 ct
1192 1711 1369 1794 temperati,
1392 1711 1480 1772 aiunt
1493 1710 1576 1792 apud
1591 1711 1763 1795 sapientem

448 1806 550 1868 valere
572 1805 742 1886 aliquando
765 1806 911 1887 gratiam:
935 1804 991 1866 viri
1012 1805 1088 1866 honi
1112 1824 1180 1867 esse
1203 1803 1359 1867 misereri:
1389 1803 1536 1866 distincta
1557 1823 1626 1866 esse
1650 1823 1764 1885 genera

446 1898 630 1961 delictorum
650 1904 682 1960 et
696 1898 838 1980 dispares
852 1919 986 1981 poenas:
1011 1918 1080 1960 esse
1096 1898 1179 1980 apud
1195 1898 1353 1960 hominem
1369 1904 1563 1959 constantem
1578 1897 1762 1979 ignoscendi

447 1992 565 2054 locum:
595 1992 697 2074 ipsum
719 1992 893 2074 sapientem
917 2012 1010 2074 saepe
1032 1992 1151 2074 aliquid
1174 1991 1295 2075 opinari
1318 1990 1405 2074 quod
1426 1991 1561 2064 nesciat,
1583 1991 1676 2053 irasci
1699 2011 1763 2054 non

447 2105 632 2169 numquam,
664 2085 787 2147 exorari
817 2084 951 2147 eundem
980 2093 1011 2147 et
1038 2084 1174 2167 placari,
1208 2086 1292 2167 quod
1321 2084 1435 2146 dixerit
1463 2084 1637 2159 interdum,
1670 2084 1697 2147 si
1718 2085 1800 2148 itata

445 2180 560 2243 rectius
590 2179 646 2252 sit,
679 2186 817 2253 mutare,
849 2178 889 2240 de
918 2179 1075 2241 sententia
1105 2177 1255 2241 decedere
1278 2177 1465 2262 aliquando:
1498 2198 1608 2241 omnes
1629 2182 1762 2243 virtutes

445 2272 656 2335 mediocritate
685 2271 818 2355 quadam
849 2291 919 2334 esse
946 2272 1133 2335 moderatas.
1176 2273 1293 2333 XXXl.
1316 2268 1366 2333 64.
1389 2273 1453 2334 llos
1486 2272 1525 2334 ad
1547 2274 1712 2356 magistros
1734 2275 1761 2336 si

445 2386 507 2448 qua
530 2373 560 2428 te
582 2364 720 2439 fortuna,
756 2365 848 2440 Cato,
883 2387 952 2429 cum
981 2367 1040 2428 ista
1068 2373 1177 2429 natura
1206 2365 1384 2439 detulisset,
1418 2387 1480 2429 non
1510 2374 1542 2428 tu
1565 2367 1693 2450 quidem
1715 2367 1763 2434 vir

446 2458 556 2521 melior
577 2477 662 2521 esses
685 2480 743 2522 nec
765 2459 874 2522 tortior
895 2480 953 2522 nec
975 2460 1199 2541 temperantior
1221 2479 1278 2522 nec
1293 2460 1458 2522 iustior-
1472 2480 1577 2543 neque
1592 2461 1676 2523 enim
1692 2480 1761 2524 esse

445 2559 534 2636 potes
556 2585 613 2625 -,
637 2553 692 2614 sed
715 2552 807 2636 paulo
829 2553 868 2614 ad
891 2553 1050 2616 lenitatem
1072 2555 1268 2636 propensior.
1311 2555 1381 2614 Non
1404 2573 1566 2616 accusares
1589 2554 1684 2616 nullis
1706 2553 1798 2616 adso

445 2648 558 2709 ductus
590 2645 777 2720 inimicitiis,
812 2646 898 2709 nulla
932 2647 1091 2709 lacessitus
1125 2646 1255 2718 iniuria,
1289 2646 1552 2728 pudentissimum
1585 2649 1760 2722 hominem,

444 2761 563 2804 summa
586 2740 735 2823 dignitate
756 2748 852 2822 atque
874 2739 1038 2803 honestate
1061 2741 1256 2823 praeditum:
1286 2747 1430 2823 putares,
1459 2761 1529 2803 cum
1556 2743 1587 2804 in
1619 2741 1759 2804 eiusdem

443 2834 516 2896 anni
540 2833 683 2895 custodia
704 2840 736 2896 te
758 2842 851 2918 atque
874 2835 908 2895 l..
931 2837 1091 2897 Murenam
1109 2834 1233 2897 fortuna
1249 2834 1423 2918 posuisset,
1444 2834 1552 2918 aliquo
1568 2844 1598 2899 te
1613 2857 1684 2899 eum
1698 2834 1760 2898 hoc

443 2929 488 2989 rei
511 2927 654 3009 publicae
676 2927 802 2990 vinculo
825 2947 894 2989 esse
916 2929 1133 2991 coniunctum:
1163 2928 1250 3010 quod
1277 2928 1422 2992 atrociter
1452 2929 1487 2990 in
1508 2937 1618 2992 senatu
1641 2930 1760 3005 dixisti,

442 3028 494 3083 aut
523 3038 586 3081 non
609 3020 743 3083 dixisses
765 3028 821 3083 aut
842 3023 1036 3104 seposuisses
1059 3030 1114 3085 aut
1135 3024 1287 3086 mitiorem
1310 3024 1343 3084 in
1365 3031 1485 3105 partem
1507 3023 1797 3106 interpretatorem

442 3112 492 3176 65.
515 3116 560 3175 dc
581 3120 613 3175 te
634 3115 752 3197 ipsum,
775 3124 925 3198 quantum
949 3135 1007 3197 ego
1030 3115 1178 3199 opinione
1196 3136 1345 3199 augruor,
1367 3138 1451 3181 nunc
1466 3127 1499 3181 et
1511 3117 1606 3181 animi
1621 3112 1759 3201 quodam

442 3211 559 3290 impetu
581 3209 767 3271 concitatum
790 3217 821 3271 et
843 3210 1022 3272 vincturae
1043 3216 1139 3293 atque
1163 3210 1281 3291 ingenii
1297 3210 1412 3273 elatum
1428 3218 1459 3274 et
1478 3212 1654 3274 recentibus
1668 3230 1759 3293 prae·

441 3310 603 3385 ceptorum
625 3301 737 3364 studiis
759 3303 958 3384 flagrantem,
979 3304 1042 3365 iarn
1063 3323 1138 3365 usus
1161 3304 1281 3378 flectet,
1304 3303 1372 3367 dies
1395 3304 1507 3379 leniet,
1528 3313 1615 3368 aetas
1637 3305 1759 3388 mitiga·

440 3397 495 3458 hit.
527 3394 652 3457 Etenim
672 3391 756 3477 [ipsi]
773 3396 848 3458 mihi
864 3397 914 3458 isti
930 3396 1076 3460 videntur
1089 3398 1185 3459 vestri
1201 3404 1421 3480 praeceptores
1436 3405 1467 3460 et
1480 3398 1604 3461 virtutis
1619 3398 1758 3481 magistri

441 3487 518 3551 lines
541 3488 714 3552 officiomm
736 3489 831 3572 paulo
853 3489 992 3573 longius,
1018 3511 1112 3573 quam
1135 3497 1247 3553 natura
1269 3491 1378 3564 vellet,
1409 3492 1593 3574 protulisse,
1615 3499 1665 3565 ut,
1688 3509 1795 3555 cumso

442 3583 481 3645 ad
502 3582 645 3645 ultimum
667 3583 770 3645 auimo
793 3584 1079 3657 contendissemus,
1102 3584 1145 3647 ibi
1161 3592 1279 3658 tamen,
1303 3585 1355 3646 ulti
1372 3592 1547 3667 oporteret,
1570 3586 1758 3647 consistere·
1830 3589 1832 3592 ’

443 3698 521 3741 mus.
561 3675 662 3739 «Nihil
684 3677 868 3759 ignoverisr
903 3677 1000 3740 lmmo
1016 3677 1145 3761 aliquid,
1168 3699 1232 3741 non
1253 3679 1366 3741 omnia.
1403 3677 1504 3741 «Nihil
1525 3680 1642 3760 gratiae
1664 3699 1758 3744 causa

504 3881 527 3930 4.
547 3885 570 3931 44
585 3893 638 3930 om.
651 3895 676 3931 v.
692 3908 718 3917 -
731 3882 791 3948 eius]
808 3884 848 3932 coi
866 3885 894 3944 G,
913 3883 983 3933 unde
1001 3884 1134 3947 suspicor:
1152 3884 1199 3933 soi.
1216 3910 1243 3919 -
1262 3884 1287 3933 2.
1306 3888 1329 3932 et
1345 3884 1397 3934 teos
1412 3884 1441 3933 G.
1461 3910 1483 3919 -
1502 3884 1551 3933 sint
1567 3896 1592 3934 v.
1608 3910 1635 3919 -
1649 3884 1673 3933 3.
1686 3885 1757 3947 polp-

437 3958 508 4018 piom
530 3958 673 4007 Manutius:
697 3959 787 4020 quippe
806 3958 859 4007 iam
876 3957 954 4008 codd.
974 3960 1000 4007 et
1016 3957 1077 4008 edd.
1097 3961 1174 4017 vett,
1197 3958 1325 4020 quidpiam
1341 3959 1370 4007 0.
1395 3957 1506 4018 (Dteisti.
1525 3959 1615 4022 quippe
1628 3961 1710 4023 dmm
1725 3960 1755 4023 L,

441 4030 519 4094 idque
541 4043 570 4080 se
595 4031 620 4079 iu
644 4031 703 4081 eod.
721 4036 773 4084 vet.
791 4034 923 4083 invenisse
940 4034 1069 4095 testatur.)
1081 4059 1117 4077 .-
1141 4031 1261 4096 opinione]
1285 4032 1358 4082 addit
1374 4046 1392 4081 v
1407 4033 1520 4083 moreris.
1541 4060 1568 4068 -
1587 4033 1611 4085 4.
1630 4035 1758 4085 errastisi

440 4106 527 4168 atiquo
543 4119 567 4155 v.
583 4133 609 4141 -
627 4111 717 4168 potent
733 4108 769 4166 E,
784 4113 860 4169 putes
876 4119 902 4156 v.
917 4132 943 4141 -
963 4107 987 4155 5.
1005 4105 1072 4155 vobis
1088 4107 1145 4166 Εχ.
1160 4134 1187 4142 -
1206 4110 1347 4158 consolatus
1362 4109 1510 4159 candidatas
1527 4111 1556 4158 G.
1571 4138 1598 4146 -
1616 4110 1641 4160 7.
1660 4116 1694 4160 est
1711 4110 1754 4164 ed.

440 4183 498 4231 Asc.
518 4180 598 4229 ttttl:
618 4193 670 4231 om.
686 4182 722 4240 tt,
741 4183 782 4231 sed
799 4183 902 4231 EGCv
910 4195 937 4240 χ.
953 4208 980 4216 -
998 4181 1022 4230 8.
1035 4183 1150 4232 miserim·
1161 4196 1186 4232 v.
1201 4209 1228 4218 -
1247 4189 1330 4234 autem
1341 4184 1383 4234 ed.
1398 4185 1483 4234 Crat:
1501 4184 1566 4234 enin
1577 4185 1645 4245 mei,
1664 4186 1754 4237 601¹.

442 4283 467 4289 -
487 4255 511 4304 9.
525 4255 597 4320 mim]
614 4256 650 4305 4444
668 4257 732 4305 6.-
752 4257 791 4305 44.
805 4258 897 4318 apotG
915 4257 945 4303 ut
961 4268 1076 4320 semper.
1090 4285 1117 4293 -
1134 4259 1173 4307 ta.
1187 4258 1321 4321 aliquando
1337 4261 1421 4310 odim
1438 4272 1462 4308 v.
1478 4285 1506 4295 —
1525 4271 1574 4309 esse
1589 4262 1753 4323 pmeran:

438 4343 493 4392 pm.
507 4342 557 4379 esse
567 4329 587 4379 E
597 4331 688 4380 MLO.
703 4357 730 4366 -
745 4331 784 4381 43.
797 4336 825 4380 ut
840 4331 951 4392 dispares
962 4333 992 4380 G.
1007 4359 1033 4367 -
1048 4344 1099 4381 csse
1110 4346 1205 4394 poenos
1221 4335 1289 4396 epod
1299 4349 1323 4384 v.
1338 4361 1364 4370 -
1378 4332 1417 4383 44.
1433 4333 1493 4394 quid
1504 4334 1565 4381 G.-
1580 4334 1619 4383 rs.
1632 4335 1756 4386 interdum

438 4407 498 4454 ente
514 4409 613 4454 mutare
628 4404 710 4455 hebet
727 4406 754 4455 E.
775 4432 801 4441 -
821 4407 858 4455 ito
874 4419 927 4455 om.
945 4419 970 4454 v.
986 4433 1012 4442 -
1032 4407 1072 4457 46.
1090 4409 1169 4458 omnis
1185 4411 1213 4458 G.
1230 4433 1256 4444 -
1278 4409 1316 4457 tr.
1335 4409 1501 4458 moderandas
1517 4421 1543 4467 v,
1556 4408 1613 4457 tort.
1629 4412 1709 4460 recte.
1726 4437 1753 4446 -

439 4480 479 4530 48.
498 4483 550 4527 tom
566 4479 614 4528 isto
627 4493 652 4529 v.
667 4507 694 4515 -
709 4480 748 4530 49.
762 4482 939 4543 temperantior
949 4480 967 4529 E
977 4482 1036 4530 Gr:
1056 4485 1215 4545 temperatior
1226 4485 1278 4535 MC
1289 4485 1311 4533 H
1321 4485 1337 4532 S
1346 4485 1373 4532 T.
1393 4482 1431 4533 Cl.
1444 4497 1469 4532 v.
1484 4482 1523 4531 44.
1540 4509 1563 4516 -
1579 4495 1657 4545 neque
1667 4484 1757 4534 iustior

440 4556 468 4603 C.
482 4579 509 4590 ·-
520 4555 584 4603 enim
601 4567 653 4605 om.
667 4570 694 4615 χ.
708 4582 733 4592 ·-
743 4557 784 4606 at.
795 4556 1012 4619 prudentissimam
1024 4557 1043 4606 E
1053 4570 1070 4605 v
1078 4570 1114 4621 ψ.
1129 4585 1155 4594 -
1167 4559 1207 4608 22.
1221 4560 1247 4607 in
1259 4571 1312 4609 om.
1326 4562 1355 4608 G.
1370 4560 1397 4608 et
1410 4560 1435 4610 nt
1446 4571 1481 4608 m.
1495 4570 1535 4622 pr.
1551 4583 1577 4592 -
1590 4557 1631 4606 23.
1644 4559 1756 4609 molodia

439 4631 497 4679 Er:
517 4630 653 4679 emtodiam
671 4633 704 4691 G,
723 4632 781 4680 Par.
800 4633 824 4680 4.
843 4629 882 4688 4.,
901 4629 1022 4679 custodem
1039 4632 1072 4682 u.
1085 4659 1112 4668 -
1124 4634 1240 4695 potuisset
1257 4635 1328 4694 Gap,
1347 4635 1404 4683 Par.
1423 4634 1447 4682 t.
1465 4630 1489 4682 l.
1502 4659 1528 4666 -
1539 4643 1596 4680 crem
1612 4643 1665 4681 om.
1685 4633 1713 4682 E.
1725 4660 1751 4669 -

436 4707 477 4754 ⁶25.
497 4706 588 4755 4444444
604 4707 625 4755 si
638 4706 759 4768 posuisses
776 4709 804 4756 6.
819 4734 846 4743 -
866 4713 910 4756 ant
926 4707 1070 4767 separatam
1086 4709 1179 4758 Eltv:
1199 4714 1243 4759 aot
1259 4709 1402 4771 sspotoisses
1413 4705 1528 4759 nonnulli
1539 4707 1624 4763 Parr.;
1643 4705 1756 4768 siposses

437 4794 490 4831 orn.
509 4786 554 4830 aut
570 4782 639 4831 coni.
658 4781 816 4832 Niebuhrius
834 4783 859 4831 in
878 4778 998 4844 exemplo
1016 4792 1065 4830 suo
1083 4782 1125 4832 ed.
1140 4785 1242 4841 Garat:
1261 4787 1319 4843 aut,
1338 4783 1503 4845 sipotoisses‚
1521 4780 1645 4829 mitiorem
1656 4794 1688 4830 ex
1700 4782 1754 4832 lto-

438 4856 534 4906 tomani
553 4856 620 4905 coni.
639 4858 671 4914 ις
699 4871 747 4920 ego
765 4858 875 4909 coniicio
892 4871 924 4905 ex
942 4854 1051 4905 lectione
1069 4857 1168 4908 codicis
1185 4861 1217 4908 G:
1246 4863 1291 4907 ant
1303 4858 1431 4919 pomisres.
1452 4883 1479 4892 -
1497 4856 1662 4917 interpretare
1677 4856 1753 4916 arx

437 4934 462 4980 et
479 4933 511 4991 G,
531 4932 574 4994 qui
592 4928 687 4981 deinde
705 4930 785 4981 habet
801 4938 866 4982 recte
882 4944 928 4995 pro
946 4942 976 4978 ac
988 4933 1018 4976 44.
1033 4956 1059 4964 -
1071 4931 1111 4980 26.
1125 4934 1212 4995 animi]
1224 4946 1281 4982 com
1292 4946 1317 4982 v.
1331 4958 1356 4968 -
1369 4933 1408 4982 27.
1422 4937 1456 4982 est
1467 4936 1489 4981 44
1499 4931 1525 4980 oi
1536 4932 1565 4979 6.
1582 4958 1608 4967 -
1620 4930 1661 4980 28.
1674 4932 1752 4998 odas]

435 5019 494 5054 usim
509 5020 537 5064 χ.
553 5033 580 5041 -
600 5006 640 5054 29.
658 5006 706 5067 ipsi
722 5006 795 5055 michi
811 5007 851 5055 isti
868 5009 900 5062 6,
918 5003 978 5054 mili
994 5004 1035 5052 isti
1052 5006 1099 5067 ipsi
1115 5008 1149 5064 Ε,
1169 5009 1209 5056 isti
1225 5009 1271 5070 ipsi
1282 5008 1341 5057 midi
1352 5009 1372 5057 E
1382 5009 1432 5057 llv
1443 5007 1501 5056 LO.
1517 5032 1543 5041 -
1555 5004 1594 5054 30.
1610 5006 1667 5068 {tais
1678 5008 1706 5055 G.
1722 5033 1748 5044 -

435 5080 475 5129 34.
494 5085 615 5142 oporteret
632 5081 651 5130 E
661 5084 681 5129 G
691 5083 715 5132 tt
732 5083 810 5146 lagg.
824 5083 928 5146 praeter
946 5079 956 5126 t
971 5093 976 5124 :
996 5087 1091 5141 oportet
1107 5099 1125 5140 χ
1135 5091 1161 5146 ψ
1170 5097 1186 5130 v
1198 5086 1224 5133 et
1235 5085 1296 5146 Lag.
1310 5086 1333 5132 4.
1349 5111 1375 5120 -
1389 5097 1438 5132 ooo
1449 5082 1634 5132 consisteremus
1644 5081 1663 5129 L
1681 5082 1749 5132 coni.

437 5182 459 5188 --
474 5154 514 5204 32.
524 5155 586 5204 aldit
595 5170 635 5219 pr.
649 5157 710 5219 Lag.
723 5155 738 5204 o
750 5158 776 5205 et
788 5155 819 5207 ‘tl
832 5171 837 5203 z
851 5157 925 5205 immo
934 5151 975 5202 vel
986 5166 1069 5213 ymmo
1080 5171 1120 5218 pr.
1135 5159 1196 5219 mei,
1211 5160 1226 5207 6
1238 5160 1311 5216 011..
1324 5159 1401 5222 lagg.
1415 5156 1508 5208 rell-
1521 5155 1695 5216 consciscere
1705 5156 1747 5208 ed.

434 5230 518 5278 Crat:
536 5243 593 5279 cum
603 5230 690 5291 seceris
701 5234 720 5278 G
738 5231 781 5294 (44.
794 5243 850 5280 var.
865 5230 924 5281 lect.
939 5231 971 5280 ad
988 5249 1015 5302 p.
1029 5229 1084 5292 766,
1099 5231 1136 5296 ll3
1155 5234 1286 5299 confeceris
1302 5235 1354 5286 ΕΜ
1364 5249 1395 5297 v,
1413 5233 1428 5283 6
1439 5234 1513 5294 ou„
1526 5233 1602 5296 lagg.
1616 5231 1722 5298 praeter
1732 5233 1748 5286 9

433 5310 460 5361 et
475 5307 522 5372 rt,
539 5309 567 5360 iu
583 5307 679 5378 quibus
696 5311 738 5361 est
753 5308 905 5362 coacemeris.
