4367 6109
771 559 839 621 nm.
860 556 914 620 rv.
944 555 1018 620 cn.
1039 552 1211 618 ιιι-ιιι.
1240 550 1297 638 gs.
1315 542 1466 618 ἰι-ιι.
1705 549 1767 616 aaa

449 731 605 816 dignitas?
627 728 805 791 Mamertini
826 747 877 790 me
899 726 1024 808 publice
1046 746 1111 790 non
1134 726 1316 790 invitarunt
1349 725 1400 787 Me
1422 743 1493 787 cum
1516 721 1598 796 dico,
1619 721 1689 786 leve
1705 729 1768 786 est:

448 833 624 891 senatorem
639 821 750 905 populi
766 821 900 884 Romani
915 821 941 883 si
956 840 1020 883 non
1035 821 1217 894 invitarunt,
1238 819 1394 882 honorem
1409 817 1550 881 debitum
1567 817 1770 879 detraxerunt

447 939 512 983 non
532 917 668 989 homini,
690 915 747 980 sed
770 915 885 978 ordini.
927 917 1007 977 Nam
1028 915 1089 995 ipsi
1111 913 1218 977 Tullio
1240 913 1367 994 patebat
1389 913 1501 974 domus
1522 910 1771 992 locupletissima

450 1013 505 1077 Cn.
525 1011 657 1094 Pompei
679 1009 841 1083 Basilisci,
865 1029 939 1092 quo,
962 1009 1084 1070 etiamsi
1108 1015 1192 1069 esset
1212 1006 1362 1069 invitatus
1384 1006 1518 1079 avobis,
1541 1012 1646 1068 tamen
1661 1004 1771 1066 dever-

448 1110 547 1171 tisset
589 1106 665 1168 Erat
686 1104 781 1167 etiam
803 1102 1064 1174 Percenniorum,
1093 1102 1149 1183 qui
1175 1120 1260 1163 nunc
1289 1100 1366 1162 item
1388 1100 1517 1181 Pompei
1540 1109 1628 1174 sunt,
1659 1099 1795 1162 domuso

447 1199 685 1272 honestissima,
724 1218 787 1281 quo
819 1197 853 1258 L.
884 1196 980 1259 trater
1012 1214 1100 1256 meus
1130 1210 1253 1256 summa
1280 1192 1408 1256 illorum
1434 1194 1598 1257 voluntate
1628 1193 1771 1258 devertit.

449 1294 583 1357 Senator
602 1292 714 1375 populi
736 1291 887 1363 Romani,
918 1287 1006 1372 quod
1028 1287 1061 1349 in
1083 1287 1173 1349 vohis
1194 1285 1271 1360 fuit,
1299 1285 1332 1349 in
1354 1293 1458 1348 vestro
1481 1287 1600 1369 oppido
1623 1286 1720 1349 iacuit
1740 1294 1773 1350 et

448 1387 643 1471 pernoctavit
669 1387 703 1449 in
732 1384 871 1469 publico.
913 1382 1008 1445 Nulla
1039 1381 1100 1444 hoc
1131 1381 1242 1443 civitas
1270 1399 1420 1463 umquam
1449 1381 1510 1443 alia
1538 1382 1705 1444 commisit.
1731 1413 1773 1429 -

450 1480 618 1544 «Amicum
640 1480 725 1542 enim
747 1486 888 1542 nostrum
911 1477 944 1539 in
966 1475 1119 1538 iudicium
1135 1474 1307 1537 vocabas.»
1323 1475 1439 1547 -Tu,
1462 1474 1539 1556 quid
1554 1495 1613 1558 ego
1629 1477 1773 1558 privatim

449 1575 568 1658 negotii
590 1594 706 1657 geram,
728 1571 976 1655 interpretabere
999 1566 1216 1632 imminuendo
1230 1567 1352 1630 honore
1368 1569 1552 1631 senatorio?
1582 1566 1634 1631 26.
1656 1571 1812 1634 Verumto

450 1671 529 1733 haec
550 1677 618 1732 tum
641 1686 820 1752 queremur,
843 1666 870 1729 si
893 1664 969 1749 quid
992 1662 1031 1725 de
1052 1663 1143 1726 vobis
1166 1681 1223 1745 per
1237 1680 1310 1722 eum
1325 1661 1467 1724 ordinem
1482 1671 1603 1745 agetur,
1626 1665 1681 1746 qui
1696 1665 1774 1727 ordo

449 1784 469 1826 a
482 1764 574 1827 vobis
589 1761 693 1825 adhuc
708 1759 784 1823 solis
800 1765 998 1842 contemptus
1014 1766 1071 1821 est.
1093 1759 1130 1819 In
1145 1755 1256 1840 populi
1267 1757 1399 1819 Romani
1415 1756 1544 1839 quidem
1559 1765 1775 1841 conspectum,

451 1876 515 1941 quo
538 1876 592 1919 ore
618 1874 676 1918 vos
705 1853 926 1917 commisistis?
956 1872 1014 1915 nec
1045 1853 1134 1934 prius
1162 1849 1249 1912 illam
1281 1869 1424 1924 crucem,
1455 1869 1537 1934 quae
1566 1850 1662 1913 etiam
1690 1870 1776 1914 nuno

451 1951 530 2013 civis
552 1949 686 2012 Romani
716 1949 869 2030 sanguine
897 1947 1071 2020 redundat,
1101 1963 1182 2028 quae
1208 1940 1272 2006 lixa
1301 1950 1349 2005 est
1375 1940 1416 2005 ad
1445 1951 1571 2026 portum
1601 1945 1776 2030 urbemque

452 2051 598 2118 vestram,
620 2042 787 2106 revellistis
808 2061 913 2125 neque
936 2041 968 2103 in
983 2039 1175 2123 profundum
1190 2037 1348 2100 abiecistis
1363 2037 1533 2119 locumque
1547 2038 1636 2101 illum
1650 2060 1777 2103 omnem
1787 2056 1815 2105 to

453 2137 614 2220 expiastis,
637 2154 733 2220 quam
747 2135 879 2196 Romam
901 2141 997 2216 atque
1019 2133 1053 2194 in
1074 2132 1188 2194 horum
1202 2138 1393 2194 conventum
1407 2130 1558 2194 adiretis?
1593 2135 1630 2195 ln
1644 2135 1779 2198 Mamer·

453 2231 591 2294 tinorum
619 2228 689 2293 solo
718 2227 881 2291 foederato
911 2234 1006 2310 atque
1042 2235 1153 2309 pacato
1186 2234 1425 2290 monumentum
1458 2226 1551 2289 istius
1584 2227 1779 2292 crudelitatis

455 2326 658 2388 constitutum
680 2327 737 2385 est.
787 2323 941 2385 Vestrane
969 2322 1044 2384 urbs
1073 2320 1173 2383 electa
1202 2329 1265 2394 est,
1292 2321 1332 2383 ad
1363 2340 1459 2405 quam
1487 2341 1559 2384 cum
1587 2322 1711 2386 adirent
1738 2340 1781 2386 ex

454 2419 562 2493 Italia,
594 2437 719 2482 crucem
755 2417 832 2480 civis
860 2417 992 2479 Romani
1027 2415 1116 2497 prius
1152 2433 1248 2496 quam
1283 2432 1477 2496 quemquam
1505 2415 1642 2479 amicum
1669 2415 1781 2499 populi

454 2512 589 2575 Romani
610 2511 774 2575 viderent?
798 2529 893 2593 quam
915 2528 973 2572 vos
988 2508 1135 2590 Reginis,
1158 2526 1294 2591 quorum
1317 2508 1435 2571 civitati
1450 2508 1617 2584 invidetis,
1640 2510 1819 2594 itemqueso

455 2605 569 2669 incolis
590 2604 716 2679 vestris,
738 2604 860 2667 civibus
882 2603 1041 2676 Romanis,
1065 2601 1233 2664 ostendere
1256 2601 1375 2676 soletis,
1398 2621 1463 2685 quo
1485 2603 1590 2667 minus
1612 2605 1673 2668 sibi
1694 2625 1782 2669 arro·

457 2707 532 2783 gent
552 2701 721 2783 minusque
745 2717 801 2761 vos
824 2697 1017 2779 despiciant,
1047 2717 1120 2760 cum
1148 2695 1277 2758 videant
1303 2697 1352 2760 ius
1381 2697 1517 2761 civitatis
1546 2699 1601 2761 illo
1623 2699 1780 2783 supplicio

457 2813 526 2858 esse
548 2801 728 2857 mactatum.
748 2823 791 2837 -
811 2792 927 2854 Verum
949 2792 1028 2854 haec
1050 2790 1165 2853 emisse
1187 2796 1218 2853 te
1241 2788 1329 2854 dicis.
1350 2822 1393 2836 -
1413 2791 1485 2853 llll.
1514 2789 1565 2855 27.
1588 2793 1699 2869 Quid‘t
1727 2792 1783 2857 illa

457 2888 591 2951 Attalica
616 2893 682 2950 tota
717 2884 825 2948 Sicilia
859 2885 1020 2948 nominata
1049 2885 1089 2947 ab
1126 2882 1238 2947 eodem
1268 2885 1348 2948 Heio
1380 2881 1647 2971 [peripetasmata]
1678 2908 1784 2952 emere

458 2982 576 3046 oblitus
599 2982 657 3044 cst
700 2978 805 3041 Licuit
827 2976 940 3041 eodem
961 2978 1073 3054 modo,
1097 2986 1132 3042 ut
1154 2979 1254 3062 signa.
1298 2979 1383 3055 Quid
1406 2983 1489 3044 enim
1513 2989 1618 3046 actum
1640 2985 1706 3046 esti
1742 2996 1822 3048 anto

458 3078 572 3141 litteris
593 3074 783 3160 pepercisti?
826 3074 943 3136 Vemm
963 3073 1127 3137 hominem
1148 3082 1306 3138 amentem
1327 3075 1387 3137 hoc
1408 3074 1505 3158 fugit:
1536 3077 1642 3140 minus
1664 3077 1785 3142 clarum

459 3173 583 3252 putavit
609 3170 694 3243 fore,
724 3168 809 3252 quod
838 3166 877 3230 de
904 3167 1039 3230 armario
1070 3187 1165 3250 quam
1195 3166 1282 3249 quod
1309 3169 1348 3231 de
1371 3170 1507 3232 sacrario
1530 3177 1615 3233 esset
1636 3170 1784 3235 ablatum.

459 3266 500 3326 at
528 3284 592 3347 quo
622 3263 716 3326 modo
745 3263 896 3325 abstulitl
925 3264 995 3324 Non
1026 3281 1156 3343 possum
1184 3260 1289 3323 dicere
1310 3261 1452 3344 planius,
1481 3282 1575 3346 quam
1602 3263 1672 3346 ipse
1699 3262 1785 3347 apud

459 3377 518 3420 vos
542 3356 624 3420 dixit
644 3355 754 3419 Heius.
799 3357 875 3421 Cum
906 3357 1118 3440 quaesissem,
1152 3355 1307 3436 numquid
1333 3355 1419 3418 aliud
1450 3354 1602 3419 debonis
1624 3356 1787 3440 eiusper·

459 3452 600 3515 venisset
632 3451 673 3514 ad
700 3454 848 3525 Verrem,
876 3450 1041 3535 respondit
1069 3452 1165 3514 istum
1194 3447 1234 3514 ad
1263 3468 1298 3511 se
1329 3449 1465 3524 misisse,
1493 3456 1529 3512 ut
1557 3449 1618 3512 sibi
1649 3450 1824 3518 mitteretao

462 3547 667 3629 Agrigentum
689 3549 943 3630 peripetasmata.
987 3545 1156 3621 Quaesivi,
1185 3563 1225 3607 an
1251 3541 1405 3606 misisset:
1435 3542 1601 3627 respondit
1620 3543 1671 3620 id,
1700 3546 1787 3629 quod

463 3660 592 3704 necesse
615 3647 682 3703 erat
703 3640 839 3715 scilicet,
868 3639 953 3703 dicto
975 3638 1158 3704 audientem
1177 3639 1279 3703 fuisse
1299 3638 1455 3722 praetori:
1479 3638 1614 3702 misisse.
1656 3640 1787 3724 Rogavi,

528 3908 552 3957 4.
570 3907 710 3958 tnottomot
725 3907 745 3958 44
763 3906 821 3970 (bis)
839 3909 866 3957 et
882 3905 937 3958 alii:
955 3907 1125 3958 insuavem
1141 3907 1219 3970 Lagg.
1239 3907 1266 3956 et
1283 3907 1319 3957 63
1332 3905 1406 3970 (bis);
1424 3907 1623 3961 ioottcoenmto
1641 3911 1788 3976 posteriore

464 3982 532 4034 loco.
546 4009 573 4020 -
586 3983 610 4033 3.
626 3984 818 4047 locapmisstmo
828 3983 874 4046 443,
891 3982 999 4035 seond.
1013 3981 1072 4032 th:
1091 3981 1280 4044 lomspkttsatmo
1291 3987 1315 4031 et
1325 3982 1480 4045 mopttsstmo
1491 3983 1556 4034 dett.
1569 3984 1598 4036 0.
1614 4011 1641 4021 -
1654 3984 1678 4036 4.
1691 3985 1790 4050 Pompei

465 4058 497 4108 R:
514 4058 622 4120 Pompeii
637 4059 667 4108 0.
682 4085 709 4095 -
728 4058 827 4109 33444444
845 4059 880 4119 C,
897 4058 1008 4109 Bastltstt
1023 4057 1074 4116 63ς
1091 4057 1194 4106 Basilici
1210 4055 1264 4106 Pal.
1283 4069 1338 4107 sec.
1358 4083 1385 4092 -
1405 4058 1540 4110 dtocrttsset
1557 4059 1589 4109 64
1604 4061 1620 4110 3
1638 4062 1665 4111 et
1681 4060 1701 4111 44
1718 4073 1788 4113 corr.

465 4145 492 4196 p.
510 4144 546 4182 m.
566 4157 593 4167 —
612 4134 637 4183 44.
654 4135 849 4184 moratorum
865 4134 910 4194 Ga,
929 4132 976 4183 l.d.
997 4161 1024 4206 ·.·
1043 4131 1142 4193 Pompo
1158 4131 1188 4190 44,
1205 4130 1288 4194 ngas:
1307 4131 1416 4193 Pompeii
1432 4133 1462 4184 0.
1479 4159 1503 4170 -
1524 4133 1549 4183 3.
1567 4135 1625 4198 qao]
1642 4148 1694 4197 quc
1709 4136 1788 4201 Lagg.

466 4209 573 4272 praeter
588 4207 629 4258 33.
643 4235 671 4245 -
685 4210 709 4261 4.
729 4224 761 4260 ac
772 4223 846 4274 pem.
865 4209 913 4260 Ld.
928 4235 955 4245 -
969 4209 995 4260 3.
1013 4209 1074 4258 loco
1091 4207 1137 4268 Gt,
1156 4204 1202 4256 Ld.
1217 4231 1245 4241 -
1257 4205 1312 4254 otta
1327 4206 1417 4256 ctottos
1431 4220 1553 4270 umquam
1568 4209 1646 4272 lagg.
1660 4236 1688 4245 -
1701 4208 1792 4274 84414-

464 4283 518 4332 oots'
542 4280 619 4346 egla.
639 4309 666 4319 -
686 4285 727 4337 to.
744 4286 904 4336 deminuendo
920 4284 950 4344 R,
969 4283 1016 4333 Ld.
1036 4308 1063 4318 ·—
1082 4294 1170 4331 vensis
1185 4286 1270 4331 mmor
1290 4281 1351 4330 doce
1366 4294 1409 4344 qu.
1433 4283 1484 4342 Gl;
1510 4296 1598 4333 oensis
1612 4283 1658 4334 loc
1673 4298 1732 4336 casm
1747 4299 1790 4350 prs.

467 4358 512 4418 63,
531 4355 577 4406 Ld.
598 4381 625 4392 -
646 4358 687 4409 44.
706 4372 857 4422 quaerentur
872 4359 901 4408 44.
922 4383 949 4392 -
969 4358 1008 4407 444.
1027 4361 1139 4406 vestm
1154 4357 1184 4406 44.
1208 4381 1236 4391 -
1259 4355 1388 4406 revellistis
1409 4368 1469 4420 sqq.
1493 4358 1573 4409 Prisc.
1593 4360 1612 4409 l.
1636 4373 1664 4426 p.
1682 4358 1741 4414 438.
1761 4384 1789 4398 -

467 4431 507 4482 46.
524 4432 551 4482 la
567 4431 664 4498 lom]
680 4446 780 4485 menan
797 4433 848 4492 63;
871 4431 1004 4497 vulgatam
1020 4433 1111 4481 tuetur
1127 4430 1206 4480 etiam
1223 4432 1301 4481 drus.
1320 4431 1354 4481 44,
1373 4444 1400 4496 p.
1418 4431 1476 4482 343.
1496 4457 1524 4468 -
1545 4434 1584 4484 48.
1602 4435 1680 4485 docto
1696 4435 1741 4486 443.
1760 4460 1789 4472 -

466 4505 531 4572 cam]
547 4511 601 4557 tum
616 4506 667 4568 Ld3
693 4508 737 4571 qut
753 4510 781 4558 L.
802 4534 830 4544 -
849 4507 889 4557 43.
904 4520 933 4569 p.
951 4507 980 4557 44.
997 4507 1109 4557 viderem
1125 4506 1154 4566 44,
1173 4505 1217 4566 63,
1236 4505 1284 4564 ld,
1303 4505 1383 4567 agas:
1402 4506 1452 4555 vsa.
1468 4519 1495 4569 p.
1513 4508 1543 4558 44.
1561 4509 1594 4558 64
1616 4509 1680 4561 dett.
1701 4536 1729 4546 -
1747 4509 1790 4562 83.

466 4584 566 4648 Reginis
581 4585 614 4635 a:
637 4584 752 4648 tttsptots
767 4585 796 4634 0.
818 4611 846 4621 -
863 4583 989 4632 civitatem
1005 4583 1083 4646 Lgtt.
1104 4606 1132 4618 -
1150 4581 1209 4630 dam
1229 4582 1307 4643 Lagg.
1326 4580 1392 4631 dett.
1411 4581 1440 4631 0.
1461 4608 1488 4618 -
1506 4584 1548 4633 34.
1572 4578 1694 4649 ddrogmt
1711 4585 1740 4636 44.
1761 4612 1788 4623 -

467 4657 509 4710 st.
521 4659 636 4724 Attalica]
648 4659 683 4709 od
693 4659 781 4710 4434433
792 4660 821 4717 44,
834 4660 867 4709 64
879 4672 886 4718 ;
905 4659 939 4708 ad
949 4657 1048 4708 ltaliam
1060 4657 1096 4707 63
1108 4655 1154 4706 Ld.
1169 4681 1196 4690 -
1206 4657 1403 4718 memorata
1414 4653 1465 4706 del.
1479 4655 1564 4707 Halm.
1577 4655 1635 4707 coll.
1649 4656 1713 4708 Plin.
1725 4658 1792 4709 vul.

467 4732 509 4794 48,
522 4732 579 4784 tao.
596 4735 635 4784 Ac
652 4746 717 4784 sane
734 4732 871 4784 collocatio
887 4733 963 4783 verbi
981 4731 1084 4796 glossae
1104 4731 1283 4795 suspicionem
1300 4732 1399 4781 movet.
1412 4729 1505 4782 Lamb.
1519 4733 1693 4797 transposuit:
1708 4734 1792 4797 m.

469 4807 502 4857 ab
517 4809 601 4858 sodsm
616 4809 685 4860 Heio.
699 4835 727 4845 -
745 4809 787 4861 36.
805 4809 894 4859 litteris
909 4813 994 4859 comt
1011 4806 1143 4871 duplicata
1160 4804 1243 4856 hahet
1258 4806 1338 4856 etiam
1355 4807 1385 4856 R.
1406 4832 1433 4840 -
1453 4806 1487 4855 ad
1502 4819 1528 4856 sc
1543 4807 1615 4856 missa
1630 4806 1651 4856 R
1667 4818 1693 4871 p.
1711 4819 1749 4858 m.
1762 4832 1791 4843 -

468 4882 509 4933 m.
522 4882 608 4946 scissa
624 4883 673 4934 adt.
686 4886 805 4936 Donatus
821 4883 856 4933 ad
866 4885 926 4935 ler.
939 4883 1020 4934 Andr.
1034 4884 1053 4933 1.
1073 4883 1098 4943 3,
1112 4881 1151 4931 43.
1166 4907 1193 4916 -
1207 4881 1248 4930 34.
1264 4881 1460 4943 peripetasmata
1470 4881 1713 4944 --pemsntsscntsc
1721 4879 1796 4946 Apst-

470 4961 570 5022 gsntsan
587 4970 641 5009 om.
660 4959 705 5010 443.
735 4960 802 5010 Cum
820 4959 846 5009 in
864 4959 970 5022 optimis
987 4956 1066 5008 codd.
1085 4958 1158 5006 totus
1174 4956 1217 5006 hic
1234 4953 1308 5005 locus
1326 4955 1440 5006 omissus
1457 4955 1505 5013 sit,
1533 4956 1589 5005 ture
1612 4958 1735 5021 suspecta
1753 4959 1796 5008 est

471 5031 658 5097 particulam,
677 5047 758 5098 quam
775 5032 839 5084 dstt.
858 5032 937 5084 codd.
956 5033 1064 5083 habent.
1083 5031 1116 5081 ct.
1129 5030 1216 5081 ltadv.
1229 5031 1277 5095 Op.
1291 5032 1322 5080 44.
1340 5044 1367 5095 p.
1380 5029 1438 5082 464.
1460 5033 1552 5094 ltaque
1564 5029 1681 5082 Ralmlus
1697 5031 1793 5083 sdldlt:

472 5120 548 5156 «man
556 5107 685 5158 misisset»
702 5109 742 5158 An
754 5108 814 5158 tait:
835 5120 911 5158 roone
920 5108 1072 5158 misissent
1085 5134 1113 5143 -
1125 5107 1166 5157 34.
1177 5117 1272 5157 necesse
1282 5106 1448 5167 maritime,
1465 5106 1538 5170 dicto]
1556 5108 1594 5157 sic
1608 5107 1796 5171 interpangunt

473 5180 558 5232 lladv.
577 5195 603 5247 p.
622 5181 663 5232 89.
691 5181 831 5233 Stuerenh.
849 5181 884 5232 ad
900 5183 981 5233 Arch.
1000 5197 1026 5247 p.
1045 5181 1086 5232 7³.
1105 5180 1140 5231 ed
1156 5182 1180 5231 1:
1206 5193 1301 5231 osccsas
1317 5185 1386 5242 mot,
1407 5181 1499 5231 scilicet
1515 5181 1580 5230 dicto
1597 5182 1630 5239 0;
1655 5180 1794 5244 respondet,

473 5256 500 5307 td
515 5257 581 5321 qaod
595 5271 690 5312 ascens
705 5262 770 5322 crat,
786 5270 813 5312 as
827 5259 893 5311 dicto
909 5273 942 5312 ex
958 5259 1063 5311 Hotom.
1081 5257 1151 5309 coni.
1165 5254 1255 5318 Halm,
1272 5256 1425 5310 3334433443
1440 5255 1510 5308 conl.
1527 5256 1584 5308 Rau
1593 5256 1625 5307 44.
1636 5267 1663 5322 p.
1676 5253 1717 5306 38.
1737 5252 1796 5321 [ou
