4367 6109
693 597 767 666 cn.
788 599 1173 668 mvn-xxxam
1199 597 1257 685 ss
1278 595 1465 667 roa-ru.
1698 590 1740 662 sc

420 788 481 832 nus
505 766 650 832 dederit:
682 771 752 833 Ilno
773 769 889 833 Roscii.
922 770 1005 834 Num
1019 772 1166 856 quisnam
1188 773 1377 854 praetereat
1409 773 1508 834 Nemo
1523 777 1588 846 est,
1610 769 1739 834 indices

419 863 502 927 Num
536 883 611 946 ergo
641 862 770 928 dubium
796 871 861 939 est,
892 864 969 948 quin
995 865 1019 928 ii
1049 864 1223 930 obtulerint
1242 866 1324 931 hanc
1345 866 1496 951 praedam
1519 866 1739 951 Chrysogono,

420 956 477 1042 qui
499 956 539 1020 ab
561 976 600 1022 eo
622 964 743 1041 partem
765 957 902 1042 praedae
924 958 1089 1022 tulerunt?

506 1045 579 1113 l08.
600 1052 666 1134 Age
688 1071 772 1115 nune
795 1051 959 1137 exipsius
982 1051 1178 1136 Chrysogoni
1200 1054 1317 1120 iudicio
1331 1056 1518 1120 Rosciorum
1532 1054 1650 1119 lactum
1665 1074 1740 1119 con·

421 1144 605 1210 rideremus.
644 1145 676 1208 Si
704 1145 785 1208 nihil
814 1147 847 1209 in
877 1148 939 1209 ista
958 1165 1067 1229 pugna
1087 1147 1210 1222 Roscii,
1239 1148 1324 1232 quod
1347 1168 1462 1232 operae
1483 1150 1619 1232 pretium
1640 1156 1740 1223 esset,
1763 1155 1779 1203 ⁵

419 1240 577 1314 lecerunt,
604 1259 701 1324 04444
731 1240 772 1303 ob
805 1260 932 1304 causam
963 1259 982 1302 a
1004 1239 1209 1323 Chrysogono
1235 1244 1329 1305 tantis
1351 1243 1499 1325 praemiis
1522 1242 1741 1307 donabantur?

421 1335 455 1398 Si
476 1333 556 1398 nihil
577 1333 665 1398 aliud
685 1333 845 1409 lecerunt,
867 1335 929 1397 nisi
950 1354 1017 1397 rem
1040 1333 1239 1411 detulerunt,
1261 1356 1367 1400 nonne
1389 1337 1467 1399 satis
1488 1335 1549 1400 luit
1569 1337 1610 1400 iis
1626 1338 1742 1419 gratias

419 1429 492 1511 agit
521 1424 676 1511 denique,
702 1435 738 1490 ut
766 1428 996 1512 perliberaliter
1026 1436 1189 1512 ageretur,
1218 1429 1348 1494 honoris
1370 1430 1491 1514 aliquid
1514 1431 1643 1495 haberil
1681 1430 1743 1492 Cur

419 1524 481 1588 tria
500 1520 632 1606 praedia
654 1529 759 1586 tantae
781 1523 936 1605 pecuniae
958 1522 1063 1585 statim
1086 1523 1231 1606 Capitoni
1255 1523 1391 1594 dantur?
1420 1544 1494 1600 cur,
1516 1544 1598 1608 quae
1619 1523 1743 1607 reliqua

418 1625 510 1690 sunt,
531 1617 591 1678 iste
612 1616 747 1680 Roscius
768 1615 876 1679 omnia
898 1636 971 1679 com
987 1615 1193 1700 Chrysogono
1215 1620 1423 1682 communiter
1444 1617 1609 1701 possidet?
1631 1620 1743 1681 Nonne
1753 1631 1781 1681 4ο

418 1711 622 1797 perspicuum
644 1717 707 1785 est,
731 1708 869 1785 iudices,
889 1708 948 1772 has
971 1710 1137 1774 manubias
1158 1711 1282 1775 Rosciis
1302 1711 1541 1795 Chrysogonum
1562 1733 1597 1775 re
1619 1713 1745 1794 cognita

418 1806 641 1870 concessisset
683 1805 861 1867 XXXVlll.
876 1798 949 1867 409.
969 1804 1065 1866 Venit
1079 1804 1112 1867 in
1128 1806 1237 1869 decern
1258 1806 1368 1890 primis
1383 1806 1506 1889 legatus
1520 1808 1553 1868 in
1567 1815 1671 1870 castra
1686 1804 1744 1869 Ca-

417 1901 496 1986 pito.
523 1901 635 1962 Totam
649 1900 763 1973 vitam,
786 1906 930 1961 naturam
952 1917 1121 1982 moresque
1143 1900 1281 1963 hominis
1297 1919 1338 1962 ex
1359 1901 1429 1984 ipsa
1451 1899 1609 1982 legatione
1627 1917 1743 1980 cogno-

418 1994 514 2058 scite:
542 1993 603 2054 nisi
624 1991 859 2066 intellexeritis,
888 1991 1028 2067 iudices,
1050 1992 1173 2055 nullum
1195 2013 1264 2057 esse
1287 1991 1441 2070 officium,
1463 1993 1586 2057 nullum
1607 1994 1658 2056 ius
1679 2001 1741 2053 tam

419 2094 563 2153 sanctum
584 2093 680 2170 atque
701 2085 876 2169 integrum,
901 2084 988 2170 quod
1010 2106 1074 2148 non
1098 2087 1167 2150 eius
1190 2087 1294 2151 scelus
1309 2096 1405 2172 atque
1427 2087 1560 2170 perfidia
1573 2085 1698 2150 violarit
1711 2092 1779 2150 etta

418 2181 625 2256 imminuerit,
647 2181 749 2245 virum
772 2180 926 2262 optimum
948 2199 1018 2242 esse
1040 2199 1113 2243 eum
1131 2178 1311 2244 iudicatote.
1347 2176 1419 2244 ll0.
1440 2180 1670 2264 Impedimento
1685 2185 1742 2253 est,

420 2295 483 2361 quo
506 2275 611 2338 minus
633 2274 673 2337 de
693 2275 743 2337 his
765 2274 859 2336 rebus
875 2273 964 2336 Sulla
986 2274 1152 2338 doceatur:
1176 2283 1352 2339 ceterorum
1373 2275 1550 2359 legatorum
1564 2272 1696 2336 consilia
1710 2279 1743 2335 et

419 2369 612 2433 voluntatem
641 2368 847 2453 Chrysogono
878 2368 1043 2432 enuntiat:
1071 2375 1195 2444 monet,
1224 2377 1260 2432 ut
1287 2369 1468 2452 provideat,
1496 2388 1536 2432 nc
1565 2367 1669 2452 palam
1691 2385 1742 2430 res

419 2471 544 2548 agatur:
567 2462 722 2537 ostendit,
744 2463 771 2525 si
793 2460 919 2525 sublata
940 2462 981 2524 sit
998 2460 1142 2549 vepditio,
1155 2462 1328 2537 bonorum,
1349 2463 1440 2528 illum
1460 2463 1629 2547 pecuniam
1650 2480 1742 2543 gran·

418 2558 491 2622 dem
519 2558 726 2631 amissurum,
755 2575 825 2619 sese
852 2555 965 2638 capitis
993 2556 1170 2637 pericrdum
1192 2556 1365 2620 aditurum:
1395 2557 1486 2621 illum
1507 2576 1639 2629 acuere,
1665 2555 1778 2629 hos‚so

419 2653 474 2737 qui
497 2651 591 2716 simul
606 2659 697 2714 erant
711 2649 816 2725 missi,
838 2649 964 2713 tallere:
987 2650 1077 2712 illum
1091 2649 1263 2715 identidem
1278 2671 1423 2726 monere,
1444 2661 1480 2716 ut
1494 2658 1633 2725 caveret,
1654 2649 1741 2714 hisce

418 2746 572 2811 insidiose
595 2765 683 2829 spem
705 2743 819 2807 falsam
841 2744 1025 2807 ostendere:
1048 2764 1120 2808 cum
1142 2744 1198 2808 illo
1220 2746 1402 2809 contrahes
1417 2747 1499 2811 inire
1513 2745 1663 2820 consilia,
1684 2743 1742 2808 lto·

417 2861 488 2904 rum
502 2839 637 2903 consilia
657 2839 704 2901 illi
729 2838 911 2901 enuntiare:
934 2859 1005 2901 cnm
1020 2838 1074 2902 illo
1090 2847 1213 2923 partem
1229 2859 1320 2905 suam
1334 2840 1507 2924 depecisci,
1528 2840 1616 2904 hisce
1630 2838 1742 2922 aliqua

416 2932 516 2997 fretus
537 2952 626 2996 mora
647 2951 773 3015 semper
794 2951 904 2995 omncs
926 2931 1031 2996 aditus
1053 2932 1092 2995 ad
1109 2933 1229 2997 Sullam
1250 2933 1471 2998 intercludere.
1503 2936 1664 2999 Postremo
1679 2933 1740 2995 isto

417 3027 593 3103 hortatore,
621 3033 766 3100 anctore,
800 3026 1009 3090 intercessore
1039 3026 1079 3090 ad
1108 3027 1229 3091 Sullam
1250 3028 1345 3112 legati
1366 3049 1432 3091 non
1453 3027 1615 3104 adierunt;
1646 3026 1777 3096 istiusaa

417 3117 479 3184 lide
511 3140 547 3182 40
576 3121 681 3204 potius
709 3116 843 3204 perfidia
871 3119 1011 3205 decepti,
1043 3121 1076 3185 id
1100 3121 1186 3206 quod
1208 3143 1249 3185 ex
1271 3123 1347 3205 ipsis
1369 3142 1560 3206 cognoscere
1581 3123 1738 3205 poteritis,

418 3216 445 3278 si
467 3221 632 3278 accusator
652 3215 787 3278 voluerit
808 3215 1023 3278 testimonium
1045 3217 1091 3280 eis
1114 3216 1319 3291 denuntiare,
1341 3237 1399 3300 pro
1421 3237 1456 3279 re
1479 3225 1564 3279 certa
1578 3236 1667 3300 spem
1680 3215 1740 3279 fal-

417 3328 485 3372 sam
515 3306 645 3371 domum
673 3307 871 3372 rettulerunt.
916 3303 987 3371 444.
1016 3309 1053 3371 ln
1077 3311 1208 3394 privatis
1229 3310 1323 3373 rebus
1344 3312 1371 3373 si
1393 3310 1450 3394 qni
1471 3331 1538 3373 rem
1559 3310 1738 3374 mandatam

417 3422 482 3466 non
504 3400 599 3463 modo
619 3402 809 3465 malitiosius
831 3403 981 3484 gessisset
1002 3404 1052 3465 sui
1075 3412 1227 3488 quaestus
1250 3411 1305 3467 aut
1325 3404 1483 3468 commodi
1498 3424 1607 3480 causa,
1628 3425 1738 3468 verum

418 3496 513 3559 etiam
540 3495 765 3578 negligentius,
793 3516 865 3559 eum
894 3498 1031 3560 maiores
1053 3517 1210 3560 summum
1231 3497 1397 3562 admisisse
1420 3497 1557 3561 dedecus
1579 3498 1775 3570 existima-sc

416 3590 502 3653 bant.
539 3589 651 3673 Itaque
673 3590 812 3654 mandati
834 3593 1039 3655 constitutum
1061 3598 1110 3654 est
1130 3592 1298 3669 iudicium,
1321 3613 1385 3655 uon
1407 3592 1512 3656 minus
1533 3598 1625 3675 turpe
1642 3611 1738 3676 quam

416 3682 508 3747 lorti:
532 3683 627 3746 credo
649 3693 833 3768 propterea,
857 3684 960 3769 quod,
983 3684 1098 3769 quibus
1120 3687 1153 3748 in
1175 3686 1268 3750 rebus
1290 3686 1351 3769 ipsi
1373 3689 1526 3750 interesse
1541 3706 1606 3750 non
1625 3705 1738 3770 possu-

418 3798 503 3852 mus,
525 3779 558 3842 in
580 3777 629 3841 his
651 3798 766 3861 operae
789 3786 915 3842 nostrae
930 3781 1045 3842 vicaria
1059 3776 1137 3843 fides
1153 3781 1324 3843 amicorum
1340 3780 1546 3864 supponitur:
1569 3799 1664 3864 qnam
1680 3780 1737 3864 qui

416 3871 530 3946 laedit,
553 3878 717 3956 oppugnat
738 3874 878 3937 omnium
900 3893 1067 3938 commune
1088 3875 1283 3958 praesidium
1303 3883 1351 3951 et,
1374 3875 1575 3959 quantumin
1593 3874 1664 3958 ipso
1679 3881 1737 3952 eat,

483 4115 507 4163 4.
524 4128 586 4165 com
602 4116 734 4178 coemam
750 4116 894 4177 CllSac,
921 4115 993 4180 quod
1015 4118 1118 4181 recepit
1133 4115 1256 4168 Klotzim.
1281 4117 1320 4168 Cl.
1340 4118 1394 4168 Cic.
1413 4116 1447 4168 de
1464 4117 1534 4168 Orat.
1552 4117 1584 4167 11.
1603 4116 1628 4180 5.
1647 4116 1687 4167 43.
1707 4143 1734 4153 ·-

415 4191 442 4242 2.
454 4195 488 4242 044
505 4193 565 4240 ante
583 4191 642 4253 coto
660 4203 714 4242 om.
728 4193 756 4240 G.
773 4218 799 4227 -
819 4191 843 4242 4.
856 4191 937 4242 neor
953 4193 979 4243 u
996 4193 1053 4255 (sed
1065 4192 1107 4244 442
1118 4204 1155 4243 m.
1168 4204 1223 4243 sec.
1233 4192 1395 4255 terdonen).
1409 4218 1436 4228 -
1455 4192 1479 4242 6.
1497 4206 1575 4255 quom
1591 4193 1621 4245 ob
1637 4206 1691 4244 rem
1707 4207 1734 4252 κ.

418 4293 446 4301 -
465 4279 483 4315 a
500 4277 553 4315 om.
572 4267 608 4317 444
622 4280 646 4317 v.
668 4291 693 4300 -
719 4266 842 4329 0444040444
864 4279 917 4317 cm.
936 4281 961 4317 v.
982 4292 1009 4303 -
1034 4268 1059 4318 7.
1083 4268 1115 4318 iis
1130 4269 1169 4329 ht,
1197 4270 1228 4318 ut
1243 4267 1328 4318 htadv.
1347 4267 1475 4320 coniecit:
1501 4268 1539 4318 ht:
1555 4269 1585 4319 0.
1604 4295 1632 4306 —
1651 4269 1691 4318 42.
1709 4268 1737 4317 ic

415 4344 476 4393 ante
495 4342 576 4391 docco
593 4353 646 4392 om.
665 4342 726 4392 Sch.
747 4366 774 4378 -
801 4343 841 4392 45.
859 4343 911 4392 dor
926 4342 1003 4393 :celtu
1020 4342 1063 4394 ed.
1081 4344 1111 4394 lt.
1130 4343 1220 4408 steph.
1240 4346 1266 4393 04
1283 4344 1388 4394 4404044.
1407 4341 1513 4407 (temp
1535 4345 1614 4394 0444404
1630 4344 1669 4393 uis
1686 4341 1736 4407 (rel

414 4417 464 4480 ior)
481 4415 559 4467 codd.
580 4442 607 4451 -
627 4416 667 4467 46.
685 4418 803 4468 micuerit
818 4430 845 4468 v.
859 4444 887 4453 -
906 4420 971 4482 eum]
988 4419 1054 4469 crim
1070 4419 1100 4469 G.
1115 4442 1143 4455 -
1162 4418 1202 4469 48.
1220 4419 1324 4469 comat
1335 4418 1407 4478 seb,
1420 4419 1478 4480 Tu
1496 4419 1625 4469 rocoa:
1640 4419 1690 4468 na.
1706 4442 1733 4454 -

412 4507 454 4544 rc:
469 4506 523 4544 om.
541 4507 569 4554 χ.
590 4519 617 4528 -
636 4491 677 4542 20.
696 4493 795 4557 acuere]
813 4506 845 4542 cc
860 4506 919 4542 uere
935 4495 993 4544 Par.
1008 4494 1031 4543 4.
1044 4492 1083 4551 4.;
1102 4507 1134 4543 oc
1149 4507 1210 4544 acro
1227 4494 1256 4544 G.
1272 4518 1299 4530 -
1318 4495 1360 4545 24.
1378 4499 1451 4544 crocu
1467 4494 1527 4544 trust
1543 4496 1571 4544 G.
1587 4521 1615 4530 -
1633 4494 1675 4544 23.
1692 4494 1737 4544 de·

410 4568 502 4633 pertesi
513 4567 573 4618 cod.
585 4565 692 4618 lamb:
711 4567 833 4630 depacisci
843 4568 872 4617 0.
892 4566 930 4618 Ct.
944 4567 968 4631 ἕ.
983 4569 1038 4619 tra.
1057 4568 1100 4619 Sic
1111 4569 1191 4619 etiam
1202 4567 1324 4633 palimps.
1337 4569 1419 4620 vatic.
1433 4570 1459 4619 in
1470 4570 1545 4620 Verr.
1558 4570 1600 4619 lll.
1614 4568 1639 4632 ἓ.
1653 4567 1693 4618 60,
1706 4593 1734 4603 -

413 4641 509 4706 micam]
527 4641 587 4692 lort.
605 4642 658 4692 0440
674 4647 750 4705 acque
764 4643 826 4694 olto.
847 4669 875 4678 -
893 4640 934 4693 24.
952 4643 1030 4706 fidus
1045 4657 1121 4694 moro
1132 4645 1165 4706 G,
1184 4646 1214 4694 ut
1225 4646 1312 4695 Garat.
1324 4642 1424 4694 voluit:
1440 4645 1533 4708 fretam
1548 4658 1597 4695 oro
1607 4645 1643 4693 st.
1655 4642 1734 4703 vict,

414 4721 497 4780 Para,
515 4718 617 4779 tou..
636 4716 711 4779 Pell,
729 4720 827 4769 llvae
848 4717 906 4782 (sed
922 4715 984 4768 Pell.
1003 4721 1030 4769 44
1050 4721 1149 4771 44440
1170 4720 1254 4783 440νο),
1280 4720 1359 4782 frou:
1373 4719 1437 4770 toro
1455 4719 1537 4781 Gud.;
1561 4721 1653 4784 [4044044
1669 4731 1737 4768 carc

413 4793 491 4845 codd.
506 4794 610 4843 Hotom.
638 4794 814 4845 coniecerunt
830 4792 975 4844 Manutius:
993 4793 1064 4857 sacto
1078 4806 1153 4844 moro
1171 4793 1250 4858 (quod
1267 4792 1349 4845 Klotz.
1367 4794 1391 4845 2.
1410 4795 1533 4860 recepit);
1551 4795 1573 4844 4.
1592 4794 1619 4845 F.
1638 4797 1737 4844 Grono-

413 4871 487 4921 vius:
504 4871 565 4934 pcto
579 4881 670 4927 moro3
689 4869 849 4933 Madvigius:
868 4873 923 4918 orta
939 4872 963 4918 04
972 4881 1062 4928 morc;
1081 4868 1207 4920 0senbr.:
1225 4869 1449 4933 [4044404004ος
1468 4867 1546 4921 Orelli
1558 4868 1602 4933 (2);
1621 4867 1736 4930 aliquam

414 4947 505 5010 opem
519 4956 627 4994 moram
653 4945 707 4996 Nisi
731 4945 758 4996 in
784 4944 844 4996 lect.
863 4943 963 4995 codicis
980 4945 1001 4993 G
1017 4942 1243 5007 acquiescendum
1260 4946 1317 5006 est,
1341 4945 1556 4997 emendationem
1576 4944 1647 5008 44040
1661 4956 1735 4993 mora

415 5018 540 5084 equidem
557 5019 653 5070 ceteris
670 5019 849 5085 praetulerim.
864 5047 892 5057 -
910 5018 991 5069 macla
1005 5020 1031 5069 ll
1040 5019 1060 5069 C
1070 5019 1177 5071 44440.
1193 5046 1219 5054 -
1239 5020 1286 5070 isto
1297 5025 1399 5072 croton
1415 5023 1449 5072 od
1460 5022 1550 5083 4444044
1560 5032 1585 5069 v.
1602 5045 1628 5054 —
1647 5019 1688 5070 26.
1701 5032 1735 5070 «a

414 5095 481 5161 ipris]
498 5108 532 5144 ec
548 5096 582 5143 cis
598 5096 627 5145 G.
650 5122 676 5130 -
695 5097 735 5146 24.
755 5097 789 5147 cis
805 5096 892 5146 4044440.
910 5108 938 5144 v.
958 5118 985 5130 -
1004 5107 1033 5144 rc
1049 5106 1104 5145 om.
1122 5096 1151 5145 G.
1172 5121 1200 5130 —
1223 5095 1264 5146 28.
1283 5096 1304 5145 ri
1321 5097 1364 5158 qai
1380 5098 1524 5148 Gllvac:
1546 5096 1639 5160 440444
1654 5097 1683 5146 0.
1703 5122 1731 5131 -

415 5169 455 5220 29.
480 5169 541 5219 mol.
564 5171 650 5234 cpbset
673 5185 701 5231 χ.
726 5197 753 5206 -
776 5170 816 5222 30.
840 5171 949 5220 maiores
971 5169 1050 5219 nostri
1074 5182 1148 5235 susp.
1171 5168 1197 5224 2.
1220 5171 1246 5220 in
1271 5184 1370 5235 marg.;
1393 5174 1420 5221 at
1444 5185 1470 5221 v.
1491 5169 1532 5234 55.
1555 5171 1611 5222 446.
1631 5173 1687 5222 454,
1707 5173 1735 5222 04

417 5244 512 5295 Gsenn.
534 5244 568 5294 ad
586 5246 636 5297 Cic.
654 5247 684 5298 do
700 5246 759 5310 nep.
776 5259 803 5310 p.
818 5245 873 5296 484.
895 5270 922 5281 -
942 5244 982 5296 33.
1001 5245 1028 5296 tc
1044 5256 1098 5296 om.
1118 5247 1147 5298 G.
1168 5271 1195 5283 -
1215 5259 1260 5313 ope
1275 5251 1364 5298 codro
1379 5249 1408 5299 G.
1429 5273 1457 5285 -
1475 5243 1515 5299 at.
1533 5259 1661 5301 00040400
1677 5260 1732 5302 om.

416 5319 437 5370 G
453 5320 480 5370 ln
496 5317 598 5372 440444.
