4367 6109
808 561 1045 628 cns-nr
1073 557 1341 646 §prm-us.
1671 563 1733 629 ssa

414 734 556 800 oratioue
577 733 719 817 asperius
739 733 822 797 dicta
842 732 1019 808 recitasset,
1042 753 1106 818 quo
1127 735 1225 798 animi
1246 713 1372 797 illorum
1386 732 1525 798 iudicum
1539 735 1573 798 in
1589 736 1733 803 Crassum

413 828 673 903 incenderentur,
704 827 901 912 aliquantum
929 846 999 891 esse
1027 834 1201 891 commotus
1229 827 1353 891 dicitur.
1397 822 1469 890 tit.
1490 828 1601 913 ltaque
1629 832 1663 894 in
1684 853 1734 897 re-

413 921 597 1006 spondendo
626 924 760 1005 primum
790 920 939 1003 exposuit
959 921 1124 1005 utriusque
1145 921 1300 986 rationem
1322 924 1489 1005 temporis,
1513 926 1671 996 uberatio
1693 948 1733 991 ex

412 1036 447 1079 re
469 1021 501 1079 et
522 1035 616 1080 cansa
636 1015 744 1079 habita
764 1013 940 1088 videretur,
963 1013 1096 1087 deiude,
1119 1021 1155 1077 ut
1169 1014 1344 1097 intelligere
1363 1022 1473 1098 posset
1486 1018 1617 1091 Brutus,
1640 1039 1734 1102 quem

412 1108 573 1173 bominem
595 1118 628 1174 et
648 1128 713 1171 non
735 1106 837 1172 solnm
859 1127 923 1191 qua
944 1107 1143 1192 eloquentia,
1165 1128 1271 1171 verum
1295 1108 1388 1172 etiam
1411 1130 1475 1192 qno
1495 1109 1604 1194 lepore
1620 1119 1653 1175 et
1666 1113 1758 1195 qni-s

412 1205 472 1268 bus
496 1201 619 1267 facetiis
650 1201 828 1287 praeditum
856 1201 1052 1276 lacessisset,
1084 1207 1149 1263 tres
1178 1201 1246 1285 ipse
1276 1201 1426 1266 excitavit
1453 1204 1635 1269 recitatores
1663 1225 1735 1268 cnm

413 1296 548 1379 singulis
568 1296 702 1372 libellis,
724 1315 805 1380 qnos
827 1295 869 1357 ll.
890 1297 1022 1370 Brutus,
1048 1301 1139 1379 pater
1159 1294 1246 1358 illius
1268 1296 1476 1372 accusatoris,
1498 1297 1539 1362 de
1560 1299 1629 1362 iure
1651 1299 1736 1363 cirili

413 1388 550 1473 reliquit
585 1393 702 1456 Eorum
724 1389 812 1454 initia
834 1409 905 1453 cum
927 1389 1150 1464 recitarentur,
1176 1409 1230 1462 ca,
1261 1408 1343 1472 quae
1371 1389 1462 1454 vobis
1491 1402 1567 1457 nota
1589 1414 1659 1457 esse
1688 1414 1737 1456 ar·

413 1483 528 1559 bitror,
561 1486 678 1550 «Forte
707 1485 812 1549 evenit
849 1491 886 1546 nt
913 1483 979 1546 ruri
1007 1482 1041 1546 in
1070 1481 1247 1549 Privernati
1268 1502 1408 1546 essemus
1430 1504 1490 1568 ego
1511 1494 1544 1549 et
1564 1488 1679 1550 Brutus
1699 1487 1737 1549 n-

413 1577 512 1651 lius»,
533 1576 667 1643 fundum
687 1580 900 1643 Privernatem
922 1577 1099 1661 flagitabat:
1126 1578 1182 1640 «ln
1195 1575 1318 1639 Albano
1341 1595 1465 1642 eramus
1488 1600 1547 1663 ego
1570 1586 1602 1643 et
1623 1581 1737 1644 Brutus
1747 1597 1775 1643 so

413 1671 538 1747 filins»,
572 1674 727 1738 Albanum
755 1671 924 1757 poscebat:
964 1672 1025 1734 clu
1054 1672 1176 1735 Tiburti
1202 1671 1284 1734 forte
1315 1690 1386 1733 cum
1415 1673 1589 1737 assedimus
1619 1693 1678 1756 ego
1706 1682 1738 1738 et

414 1768 528 1830 Brutus
548 1763 674 1844 filius»,
707 1768 867 1831 Tiburtem
887 1764 1020 1829 fundum
1041 1765 1245 1849 requirebat:
1277 1765 1406 1829 Brutum
1428 1775 1550 1841 autem,
1578 1767 1737 1831 hominem

414 1860 606 1943 sapientem,
637 1863 723 1943 qnod
750 1859 809 1923 tilii
837 1859 1012 1942 nequitiam
1041 1859 1180 1934 videret,
1210 1878 1293 1942 quae
1321 1857 1452 1942 praedia
1473 1859 1502 1921 ei
1524 1858 1738 1944 relinqueret,

415 1951 578 2016 testificari
605 1954 744 2019 voluisse
773 1951 907 2017 dicebat.
950 1951 1045 2028 Quod
1074 1954 1103 2016 si
1130 1953 1290 2037 potuisset
1310 1952 1444 2016 honeste
1465 1953 1619 2028 scribere,
1649 1956 1741 2017 sein

413 2046 535 2110 balneis
556 2067 629 2111 cum
649 2050 682 2113 id
705 2048 814 2112 aetatis
836 2043 901 2111 filio
921 2046 1039 2123 fuisse,
1061 2068 1128 2112 non
1148 2047 1365 2130 praeterisset:
1388 2066 1499 2110 casse
1520 2054 1626 2110 tamen
1645 2045 1686 2109 ab
1700 2068 1738 2112 eo
1748 2065 1776 2110 ss

413 2140 543 2204 balneas
565 2160 630 2204 nou
653 2162 694 2206 ex
716 2142 804 2205 libris
826 2141 942 2223 patris,
963 2141 1020 2205 sed
1043 2162 1083 2205 ex
1105 2140 1218 2206 tabulis
1241 2148 1333 2204 etex
1351 2161 1449 2205 censu
1463 2160 1625 2225 quaerere
1650 2140 1739 2204 Cras·

414 2254 469 2299 sus
491 2241 557 2298 tum
579 2235 624 2299 ita
644 2239 776 2300 Brutum
797 2234 882 2298 ultus
905 2242 968 2309 est,
990 2243 1026 2298 nt
1046 2235 1137 2299 illum
1159 2234 1353 2299 recitationis
1368 2254 1445 2298 suae
1462 2235 1647 2319 poeniteret.
1671 2235 1739 2296 llo-

414 2330 492 2393 lcste
521 2330 606 2394 enim
636 2329 769 2394 tortasse
799 2328 914 2393 tulerat
935 2349 970 2393 se
992 2328 1026 2393 in
1047 2329 1087 2393 iis
1110 2322 1306 2393 oratioiribns
1328 2330 1571 2412 reprehensum,
1599 2327 1738 2413 quas‚de

413 2444 448 2488 re
478 2422 604 2507 publiea
635 2422 814 2498 habuisset,
846 2423 881 2486 in
909 2422 1026 2506 quibus
1056 2423 1189 2487 iorsitan
1217 2425 1317 2506 magis
1344 2424 1524 2508 requiratur
1551 2422 1738 2486 constantia.

415 2513 488 2579 iti.
511 2516 578 2598 Ego
601 2527 707 2582 antem
729 2516 785 2583 illa
805 2517 936 2580 recitata
958 2536 1027 2581 csse
1049 2537 1115 2580 non
1135 2518 1268 2580 moleste
1288 2515 1368 2580 iero.
1398 2518 1509 2602 Neque
1523 2516 1608 2581 enim
1623 2516 1662 2580 ab
1683 2516 1777 2580 illoto

413 2619 571 2693 tempore,
594 2611 681 2695 quod
703 2620 769 2675 tum
792 2619 875 2685 crat,
897 2630 1002 2696 nsque
1024 2611 1064 2676 ab
1084 2631 1122 2676 ea
1136 2631 1249 2686 causa,
1270 2619 1435 2695 quactum
1448 2611 1615 2694 agebatur,
1635 2610 1739 2675 aliena

412 2705 556 2767 fuerunt:
578 2724 683 2789 neque
705 2705 783 2769 mibi
804 2703 978 2789 quidquam
1000 2705 1107 2768 oneris
1128 2705 1269 2788 suscepi,
1292 2725 1362 2768 cunr
1383 2706 1437 2769 illa
1450 2704 1534 2780 dixi,
1555 2724 1620 2788 quo
1635 2704 1738 2768 minus

412 2797 547 2862 honeste
567 2797 650 2862 hanc
673 2817 801 2863 causam
823 2807 856 2863 et
876 2798 976 2862 libere
997 2817 1125 2881 possem
1147 2797 1326 2878 defendere.
1362 2798 1457 2876 Quod
1479 2798 1507 2863 si
1527 2798 1622 2861 velim
1643 2794 1739 2860 conli-

414 2892 476 2955 teri
498 2912 549 2955 me
571 2912 699 2958 causam
719 2893 756 2956 Α.
773 2890 909 2956 Cluentii
930 2912 1014 2957 nnnc
1036 2913 1207 2977 cognosse,
1229 2901 1322 2957 antea
1341 2891 1440 2957 irrisse
1461 2893 1496 2957 iu
1517 2892 1572 2956 illa
1591 2891 1738 2976 populari

414 2985 583 3068 opinione,
605 2986 679 3070 quis
701 2985 828 3051 tandem
849 2986 882 3049 id
895 2986 997 3069 possit
1010 2985 1264 3071 reprehenderet
1286 2986 1487 3070 praesertim,
1507 2984 1645 3060 iudices,
1667 3003 1777 3050 cumis

413 3100 432 3143 a
464 3079 555 3144 vobis
586 3099 716 3164 quoqne
745 3079 822 3163 ipsis
850 3078 912 3142 boc
940 3080 1101 3162 impetrari
1125 3079 1168 3144 sit
1188 3081 1431 3165 aequissimam,
1458 3079 1545 3165 quod
1567 3099 1627 3162 ego
1647 3085 1680 3141 et
1699 3078 1738 3142 ab

413 3173 505 3236 initio
534 3173 635 3258 petivi
666 3181 697 3237 et
724 3192 810 3236 nunc
831 3180 926 3257 peto,
954 3181 1004 3250 nt,
1033 3174 1061 3238 si
1082 3193 1178 3257 qnam
1199 3171 1263 3237 hnc
1283 3174 1459 3257 graviorem
1481 3173 1522 3236 de
1541 3173 1597 3236 illo
1618 3172 1738 3236 indicio

413 3267 598 3348 opinionem
626 3266 792 3355 abubstis,
821 3266 903 3331 banc
932 3287 1027 3332 cansa
1047 3275 1214 3352 perspecta
1234 3275 1330 3352 atque
1351 3268 1439 3332 omni
1458 3268 1591 3332 veritate
1612 3265 1739 3350 cognita

413 3361 594 3442 deponetis.

497 3454 563 3517 LII.
582 3449 654 3516 443.
676 3455 784 3530 Nunc,
807 3454 957 3538 quoniam
971 3454 1011 3521 ad
1025 3455 1149 3530 omnia,
1171 3474 1253 3539 quae
1275 3455 1331 3519 abs
1352 3462 1385 3518 te
1399 3456 1588 3532 dictasunt,
1610 3457 1646 3520 Τ.
1662 3456 1775 3530 Attico

413 3549 453 3612 ds
475 3547 646 3630 Oppianici
667 3547 868 3613 damnatione
895 3548 1062 3632 respondi,
1091 3545 1259 3614 confiteare
1280 3568 1410 3613 necesse
1432 3557 1482 3614 est
1502 3556 1533 3612 te
1555 3551 1738 3634 opinionem

413 3632 548 3705 nbrltum
576 3639 747 3716 fefellisse,
777 3642 865 3726 quod
893 3643 1101 3718 existimaris,
1129 3663 1180 3706 me
1202 3663 1328 3707 causam
1350 3644 1387 3707 Α.
1409 3642 1548 3708 Cluentii
1569 3663 1634 3708 non
1653 3644 1737 3709 iacto

414 3737 502 3810 eius,
532 3733 588 3798 sed
617 3734 687 3817 lege
713 3734 928 3799 defensuram.
963 3738 1042 3802 llam
1062 3738 1125 3801 boc
1145 3756 1299 3821 persaepe
1322 3736 1448 3812 dixisti,
1476 3737 1533 3802 tibi
1555 3739 1601 3800 sic
1621 3757 1738 3802 rennn-

413 3827 505 3902 tiuri,
528 3846 579 3889 me
599 3827 718 3891 babere
739 3829 773 3891 in
794 3829 900 3892 animo
923 3848 1050 3894 cansam
1070 3830 1153 3894 hanc
1174 3831 1333 3914 praesidio
1349 3830 1429 3915 legis
1443 3829 1621 3897 defendere.
1649 3833 1737 3898 Itane

413 3924 486 3987 esti
519 3919 560 3983 ab
592 3922 702 3985 amicis
730 3922 947 4007 imprudentes
968 3922 1117 3989 videlicet
1136 3925 1316 4009 prodimur,
1350 3930 1382 3988 et
1402 3931 1452 3987 est
1471 3925 1580 3988 nescio
1603 3925 1675 4009 quis
1697 3924 1775 3990 deas

413 4017 472 4090 iis,
505 4034 585 4099 quos
615 4015 733 4079 amicos
760 4015 854 4079 nobis
879 4015 1082 4092 arbitramur,
1115 4017 1172 4101 qui
1194 4025 1302 4082 nostra
1324 4017 1458 4081 consilia
1478 4017 1519 4081 ad
1540 4016 1737 4083 adversarios

413 4110 542 4175 deferat.
585 4108 738 4185 Quisnam
767 4109 828 4173 hoc
856 4109 913 4174 tibi
942 4110 1155 4175 renmdavitr
1182 4110 1261 4196 quis
1288 4120 1353 4176 tam
1375 4110 1540 4196 improbus
1561 4110 1644 4176 fuiti
1677 4111 1736 4176 Cui

477 4294 725 4346 t.iodictreni.-
744 4294 991 4347 tuomst.-
1011 4294 1036 4346 3.
1051 4296 1217 4358 peruiis·
1236 4295 1410 4362 l.si]scT;
1428 4297 1565 4348 stessi..
1585 4296 1735 4363 (343439.

415 4396 442 4407 -
462 4369 486 4420 6.
503 4371 554 4432 ipss
570 4370 629 4419 ST:
647 4373 671 4420 st
686 4370 739 4432 ipss
754 4368 895 4424 usito.
914 4396 943 4407 -
962 4370 986 4421 9.
1003 4370 1144 4422 ΝΜ
1161 4370 1349 4434 Quintilianus,
1365 4373 1517 4424 Priscianus
1535 4373 1597 4436 (Vll.
1611 4375 1655 4433 ti,
1673 4374 1734 4438 td),

413 4447 446 4495 0:
463 4443 740 4499 hismatetttit.
764 4470 792 4481 -
816 4457 892 4496 mus
913 4446 939 4496 s.
959 4470 987 4484 ·-
1011 4445 1051 4495 44.
1070 4444 1319 4511 Alienum-fiiis:
1340 4459 1395 4498 om.
1413 4446 1474 4499 sti.
1493 4472 1521 4483 -·
1547 4446 1686 4502 marist.
1705 4474 1734 4486 -

412 4519 879 4585 inconsummationem·
900 4519 1279 4586 sinuessanus·
1301 4519 1738 4573 oolsdmdicebstSTbtdiesbot

411 4593 651 4649 odoimssw
670 4594 1035 4658 te.pmsoitnssii.-
1054 4597 1250 4648 nemsi.-
1270 4595 1310 4646 tti.
1329 4596 1371 4646 ssd
1388 4596 1525 4647 om.i¹.·-
1543 4597 1738 4646 wantecsssrs

413 4683 466 4721 om.
479 4670 507 4720 S.
521 4695 548 4708 -
567 4670 608 4721 48.
625 4671 664 4720 iis
679 4671 791 4722 Silii.
804 4696 832 4707 -
849 4670 891 4722 so.
908 4683 959 4722 esse
975 4683 1029 4721 om.
1043 4670 1132 4722 FUA.
1147 4694 1174 4707 -
1192 4670 1234 4722 22.
1250 4671 1321 4734 {usn
1336 4669 1391 4721 S't'.
1409 4668 1450 4721 cl.
1463 4670 1736 4734 Zumptiumadver·

413 4747 462 4796 rin.
481 4757 508 4811 p.
525 4745 582 4795 tot.
602 4772 629 4784 -
655 4745 701 4795 itio
724 4742 856 4797 Halmius:
882 4746 996 4804 itast:
1021 4745 1071 4794 isto
1087 4741 1230 4797 444430.
1258 4772 1286 4783 -
1308 4743 1737 4810 animumanimumum

413 4817 496 4872 Fit.
516 4845 543 4856 -
570 4819 790 4884 illelom.-
812 4819 1138 4884 populeriopisiiosss‘r:
1157 4817 1565 4884 episinmpcpslsriliiito.
1585 4846 1611 4857 —
1630 4820 1672 4871 rs.
1690 4823 1737 4872 im-

410 4900 512 4959 petrare
528 4892 555 4948 8.
571 4921 599 4932 -
616 4895 659 4947 si.
675 4895 731 4961 inc]
748 4895 805 4947 tatic
821 4897 881 4958 ST,
899 4894 949 4950 sed
965 4896 983 4946 S
999 4892 1084 4946 littera
1100 4895 1111 4943 i
1127 4897 1266 4960 expuncta.
1285 4894 1444 4960 ct.3.6.-
1461 4895 1503 4947 28.
1519 4895 1567 4946 icc
1583 4896 1652 4946 8.-
1670 4903 1737 4948 34444-

412 4970 499 5020 tmesis
515 4969 570 5019 ST.
589 4994 617 5005 -
635 4969 676 5021 30.
696 4970 721 5020 Τ.
740 4983 794 5022 om.
812 4972 867 5023 ST.
886 4997 914 5008 ··
933 4970 973 5021 34.
991 4969 1133 5034 comum-b
1148 4970 1202 5021 si.
1222 4997 1249 5008 -
1267 4969 1309 5022 33.
1326 4971 1568 5033 Nmiocnipsa
1583 4973 1738 5023 resentiscit

414 5042 585 5105 Quintilianus
596 5044 628 5095 V.
640 5043 686 5107 43,
704 5044 745 5097 ti.
767 5071 795 5083 -
815 5046 870 5096 dici
886 5043 1035 5107 Quintiliani
1051 5042 1157 5096 codices
1173 5043 1274 5110 optimi.
1293 5071 1321 5082 -
1340 5045 1381 5096 ss.
1398 5044 1564 5108 inprudentes
1577 5044 1688 5096 emsa:
1703 5046 1733 5108 S,

413 5116 599 5179 Quintilianus:
621 5119 732 5171 3443444344
751 5119 812 5183 iem.
831 5121 1004 5183 mmmmm)
1022 5120 1058 5180 T:
1080 5117 1528 5184 manumissio.
1549 5145 1575 5155 -
1601 5117 1733 5177 inicii:

412 5194 449 5242 iis
465 5192 577 5247 siri.
598 5218 626 5231 -
643 5193 721 5259 omis]
738 5199 835 5246 metros
851 5196 903 5247 si.
924 5220 951 5232 -
969 5195 1144 5248 niumm
1159 5192 1341 5257 Quintilianus.
1356 5222 1382 5233 -
1401 5195 1442 5246 37.
1458 5194 1505 5245 ioc
1519 5192 1563 5245 titi
1579 5192 1637 5256 ST,
1656 5194 1735 5255 Quin-

413 5265 530 5319 tilianus:
547 5265 811 5324 tibiioclidlasso.
