4367 6109
762 577 833 642 co.
855 575 910 640 111.
940 574 1014 641 44.
1037 575 1165 640 1-111.
1191 572 1249 660 33.
1271 570 1377 640 4-4.
1679 570 1742 641 237

363 829 365 833 Ι
412 749 593 832 integritas,
615 746 671 831 qui
692 746 732 810 ad
753 745 837 810 hanc
858 766 926 810 rem
946 745 1192 820 adolescentuli,
1215 766 1310 831 quam
1332 745 1389 830 qui
1409 744 1474 809 iam
1494 714 1618 811 firmata
1639 756 1742 816 aetate

413 842 622 907 descendunt.
655 840 706 904 llli
729 841 831 915 enim,
854 848 1025 923 autequam
1047 849 1221 925 potuerunt
1246 840 1446 915 existimare,
1468 847 1589 925 quanto
1615 840 1744 908 liberior

412 938 478 1002 vita
499 937 541 1001 sit
562 955 687 1011 eorum,
709 934 766 1018 qui
787 935 948 999 neminem
969 937 1163 1010 accusarint,
1185 936 1305 1019 gloriae
1326 953 1422 998 causa
1443 940 1539 1017 atque
1557 938 1744 1001 ostentatio-

413 1031 465 1095 nis
486 1036 655 1094 accusant:
687 1048 763 1104 nos,
794 1031 850 1113 qui
871 1030 935 1092 iam
958 1036 990 1092 et
1011 1028 1089 1112 quid
1109 1029 1213 1093 lacere
1235 1037 1267 1091 et
1288 1028 1477 1114 quantulum
1507 1027 1611 1094 dicere
1632 1052 1744 1114 posse-

414 1144 484 1189 mus
512 1123 724 1198 ostendimus,
756 1123 820 1187 nisi
845 1123 938 1187 lacile
968 1123 1157 1206 cupiditates
1188 1129 1311 1186 nostras
1339 1128 1536 1198 teneremus,
1570 1146 1768 1210 numquams

413 1218 544 1301 ipsimet
563 1216 656 1281 nobis
678 1217 933 1301 praecideremus
956 1218 1048 1280 istam
1070 1216 1231 1279 licentiam
1257 1215 1498 1300 libertatemque
1519 1218 1658 1283 vivendi.

498 1312 535 1375 ll.
568 1308 597 1374 4.
626 1312 732 1395 Atque
754 1330 814 1393 ego
836 1310 898 1374 hoc
919 1311 993 1393 plus
1016 1309 1123 1373 oneris
1143 1309 1265 1383 habeo,
1300 1328 1395 1392 quam
1418 1311 1475 1394 qui
1506 1318 1629 1377 ceteros
1651 1335 1744 1380 accu-

415 1414 541 1482 sarunt,
571 1406 599 1469 si
622 1424 703 1469 onus
725 1405 828 1469 estid
849 1404 1092 1488 appellandum,
1121 1404 1209 1489 quod
1232 1424 1304 1467 cum
1326 1403 1448 1469 laetitia
1469 1404 1552 1470 ieras
1573 1426 1611 1470 ac
1631 1409 1745 1493 volup-

415 1509 495 1568 tate:
524 1519 634 1564 rerum
661 1505 768 1565 444444
798 1519 857 1582 434
884 1498 946 1562 hoc
976 1499 1113 1581 amplius
1142 1498 1268 1582 suscepi
1297 1518 1393 1583 quam
1430 1501 1543 1574 ceteri,
1579 1502 1665 1586 quod
1699 1504 1745 1568 ita

414 1595 596 1680 postulatur
623 1593 663 1658 ab
693 1595 857 1667 omnibus,
887 1599 923 1657 ut
944 1593 984 1656 ab
1005 1593 1046 1656 iis
1068 1612 1103 1655 se
1124 1593 1304 1656 abstineant
1324 1593 1462 1657 maxime
1484 1594 1587 1671 vitiis,
1618 1597 1652 1659 in
1674 1599 1784 1683 qui-:o

415 1692 476 1756 bus
501 1690 636 1754 alterum
663 1687 938 1771 reprehenderint.
986 1688 1102 1749 Furem
1134 1686 1275 1770 aliquem
1307 1694 1364 1750 aut
1392 1707 1539 1770 rapacem
1568 1693 1746 1756 accusaris:

416 1786 546 1851 vitanda
567 1783 625 1846 tibi
647 1803 773 1866 semper
794 1783 855 1846 erit
876 1781 979 1845 omnis
1001 1780 1154 1845 avaritiae
1176 1782 1328 1864 suspicio.
1363 1779 1543 1846 Maleficum
1563 1785 1745 1868 quempiam

417 1877 590 1942 adduxeris
618 1883 674 1940 aut
705 1876 884 1941 crudelem:
914 1876 1090 1940 cavendum
1113 1875 1173 1941 erit
1194 1896 1383 1959 semperne
1407 1895 1472 1961 qua
1492 1877 1526 1938 in
1548 1897 1583 1940 re
1603 1881 1748 1962 asperior

417 1977 472 2034 aut
494 1971 699 2033 inhumanior
719 1969 819 2033 fuisse
840 1970 979 2033 videare.
1024 1969 1267 2053 corruptorem,
1290 1970 1485 2034 adulterum:
1515 1971 1746 2054 providendum

417 2065 588 2148 diligenter
607 2083 648 2127 ne
673 2065 761 2148 quod
782 2064 816 2126 in
830 2065 896 2127 vita
910 2062 1079 2146 vestigium
1094 2064 1237 2127 libidinis
1252 2073 1411 2147 appareat.
1444 2064 1560 2129 Omnia
1574 2075 1748 2149 postremo,
1758 2093 1787 2143 43

417 2178 500 2244 quae
521 2158 694 2222 vindicaris
716 2159 750 2221 in
772 2158 890 2233 altero,
920 2157 977 2220 tihi
1007 2157 1069 2239 ipsi
1098 2158 1302 2222 vehementer
1321 2159 1474 2242 fugienda
1495 2166 1578 2223 sunt.
1622 2163 1748 2226 Etenim

416 2274 483 2317 non
506 2253 602 2317 modo
631 2262 812 2327 accusator,
843 2252 899 2316 sed
929 2272 969 2315 ne
999 2251 1185 2334 obiurgator
1212 2253 1341 2337 quidem
1370 2252 1520 2316 ferendus
1548 2255 1661 2331 estis,
1692 2258 1749 2342 qui

417 2348 505 2433 quod
527 2347 562 2409 in
583 2347 684 2410 altero
706 2347 818 2410 vitium
840 2344 1054 2430 reprehendit,
1075 2345 1111 2409 in
1133 2366 1172 2410 eo
1194 2347 1263 2430 ipse
1286 2346 1545 2430 deprehenditur.
1579 2346 1609 2411 5.
1630 2351 1698 2433 Ego
1714 2350 1749 2415 in

416 2451 483 2506 udo
504 2441 634 2504 homine
656 2441 765 2505 omnia
784 2441 881 2516 vitia,
910 2460 993 2525 quae
1022 2447 1160 2523 possunt
1185 2440 1220 2503 in
1249 2441 1379 2503 homine
1409 2442 1534 2524 perdito
1561 2443 1749 2530 nemrioque

418 2556 500 2611 esse,
522 2536 738 2618 reprehendo:
760 2535 885 2600 nullum
907 2554 978 2599 esse
992 2534 1066 2599 dico
1081 2533 1236 2597 indicium
1251 2535 1402 2610 lihidinis,
1424 2537 1563 2612 sceleris,
1585 2540 1749 2617 audaciae,
1759 2563 1789 2615 20

417 2632 507 2716 quod
528 2650 594 2694 nou
617 2631 651 2693 in
672 2630 765 2693 istius
786 2630 883 2694 unius
904 2629 970 2694 vita
991 2628 1173 2713 perspicere
1193 2629 1333 2711 possitis.
1367 2629 1435 2711 Ego
1450 2629 1484 2692 in
1498 2630 1560 2694 isto
1575 2652 1631 2695 reo
1646 2632 1750 2717 legem

417 2726 516 2800 hanc,
539 2724 675 2800 iudices,
699 2723 777 2787 mibi
800 2732 921 2798 statuo,
951 2724 1122 2788 vivendum
1144 2724 1189 2787 ita
1210 2743 1297 2797 esse,
1319 2729 1356 2787 ut
1377 2723 1430 2787 isti
1452 2745 1518 2788 non
1540 2728 1637 2792 modo
1659 2728 1751 2793 iactis

419 2819 578 2902 dictisque
603 2818 769 2893 omnibus,
800 2818 975 2883 sedetiam
997 2818 1062 2881 oris
1084 2818 1315 2902 oculorumque
1337 2817 1393 2881 illa
1416 2820 1618 2885 coutumacia
1638 2842 1676 2885 ac
1698 2843 1751 2886 sn·

417 2913 538 2997 perbis,
561 2931 659 2996 434444
680 2911 806 2987 videtis,
828 2911 1060 2977 dissimillimus
1083 2933 1155 2977 esse
1176 2932 1213 2976 ac
1230 2932 1355 2996 semper
1368 2911 1467 2978 luisse
1482 2915 1602 2978 videar.
1633 2917 1751 2992 Patior,

419 3025 485 3070 non
500 3005 635 3070 moleste
650 3006 729 3081 lero,
753 3005 887 3082 iudices,
903 3026 971 3070 eam
987 3009 1095 3082 utam,
1111 3007 1285 3091 quaemihi
1302 3027 1359 3070 sua
1375 3016 1489 3091 sponte
1504 3016 1598 3073 antea
1611 3009 1791 3083 iucundam

418 3099 532 3176 luerit,
560 3121 646 3165 nunc
667 3101 730 3165 iam
753 3120 823 3165 mea
845 3100 916 3184 lege
939 3108 971 3164 et
991 3101 1182 3164 condicione
1208 3100 1419 3165 necessariam
1442 3121 1572 3188 quoque
1602 3104 1751 3169 futuram.

504 3194 559 3257 lli.
582 3192 612 3258 6.
633 3196 674 3258 Et
695 3195 729 3259 in
750 3196 812 3260 hoc
833 3195 964 3258 homine
987 3214 1082 3278 saepe
1105 3215 1124 3259 a
1145 3214 1195 3258 me
1218 3196 1355 3279 quaeris,
1376 3195 1539 3272 Hortensi,
1561 3199 1676 3282 quibus
1691 3200 1752 3263 iui-

419 3289 628 3355 micidisaut
649 3309 713 3375 qua
740 3287 859 3352 iniuria
888 3289 1044 3352 adductus
1073 3288 1114 3352 ad
1143 3290 1358 3353 accusandum
1386 3290 1616 3356 descenderim.
1659 3293 1751 3357 Mitto

420 3383 483 3447 iam
505 3383 664 3447 rationem
687 3380 783 3447 officii
805 3383 868 3447 mei
891 3382 1204 3466 necessitudinisque
1227 3382 1424 3447 Siculorum:
1447 3384 1588 3468 deipsis
1611 3385 1668 3450 tibi
1691 3384 1753 3449 ini-

421 3476 550 3542 micitiis
571 3479 761 3561 respondeo.
805 3480 854 3541 44
883 3487 917 3541 44
947 3477 1083 3540 maiores
1112 3476 1193 3539 ullas
1222 3475 1406 3542 inimicitias
1433 3485 1528 3560 putas
1558 3499 1629 3544 esse
1656 3488 1792 3567 quam'm

422 3573 597 3636 contrarias
617 3570 782 3636 hominum
805 3573 979 3636 sententias
1001 3591 1037 3634 ac
1060 3569 1335 3634 dissimilitudines
1356 3573 1535 3635 studiorum
1554 3581 1587 3637 et
1606 3576 1753 3642 volunta·

421 3668 512 3728 tum?
532 3665 643 3729 Fidem
665 3666 897 3730 sanctissimam
919 3666 953 3729 in
976 3667 1041 3730 vita
1063 3667 1119 3751 qui
1134 3672 1237 3750 putat,
1259 3673 1366 3750 potest
1380 3668 1409 3731 ei
1426 3686 1491 3731 444
1506 3669 1656 3733 inimicus
1671 3687 1753 3745 esse,

422 3760 480 3844 qui
502 3769 652 3845 quaestor
673 3761 838 3825 consulem
860 3781 952 3825 suum
975 3760 1121 3825 consiliis
1143 3760 1331 3837 commissis,
1353 3762 1490 3845 pecunia
1510 3762 1637 3839 tradita,
1657 3762 1753 3828 rebus

489 4021 513 4073 3.
532 4027 681 4074 4444444444
696 4020 766 4086 4343
782 4036 810 4088 p.
828 4036 865 4074 44.
884 4023 913 4074 Ε.
935 4050 962 4060 -
980 4022 1005 4074 4.
1025 4023 1174 4086 quantillus
1191 4024 1221 4074 N.
1242 4050 1270 4060 -
1288 4023 1371 4074 dicore
1387 4022 1457 4088 4343
1473 4037 1500 4089 p.
1519 4037 1557 4075 m.
1576 4027 1615 4077 N:
1642 4037 1696 4076 om.
1714 4027 1752 4082 E:

422 4095 537 4147 44444444
553 4100 599 4149 444.
618 4098 647 4149 0.
673 4099 717 4149 sic
733 4099 806 4148 recte
821 4098 906 4162 [44444
922 4102 950 4150 et
965 4099 1046 4151 dicere
1063 4101 1273 4164 coniunguntur,
1291 4099 1365 4164 quod
1380 4103 1526 4165 utrumque
1542 4101 1569 4150 in
1586 4100 1694 4151 bomine
1706 4102 1756 4153 lto·

424 4183 504 4222 mano
525 4170 646 4223 firmatae
665 4173 760 4224 aetatis
781 4172 977 4236 requirebatur.
1011 4174 1137 4227 Similiter
1158 4175 1252 4226 Cicero
1273 4173 1335 4225 alibi
1352 4174 1482 4241 loquitur,
1509 4175 1543 4226 cl.
1562 4175 1635 4226 Orat.
1652 4174 1677 4239 3.
1696 4175 1753 4228 406.

424 4249 573 4311 quicumque
589 4261 689 4300 44444444
705 4252 728 4298 44
745 4248 997 4312 444444444444444444
1013 4250 1162 4302 dicebamus.
1186 4246 1244 4299 coll.
1266 4247 1299 4300 de
1317 4249 1388 4301 Orat.
1406 4251 1426 4301 l.
1445 4249 1469 4315 5.
1488 4249 1545 4301 433.
1564 4251 1713 4312 quoscum
1729 4255 1757 4304 tu

424 4325 451 4372 44
467 4324 569 4374 dicendo
586 4329 712 4375 4444444444
728 4337 760 4374 es.
793 4324 869 4375 Adde
889 4324 923 4375 de
941 4326 1010 4376 Orat.
1029 4328 1049 4377 l.
1068 4326 1092 4390 5.
1112 4326 1169 4376 434.
1189 4326 1219 4375 ll.
1239 4325 1263 4390 fi.
1282 4326 1322 4376 94.
1349 4354 1376 4364 -
1399 4326 1424 4377 4.
1442 4340 1487 4392 opo
1503 4327 1549 4377 boc
1565 4326 1683 4390 4343444
1710 4329 1757 4381 boc

423 4411 469 4463 epo
486 4401 531 4449 ctt.
551 4400 580 4449 0.
606 4399 639 4449 Ε4
654 4400 694 4450 444
711 4396 789 4464 paulo
806 4401 875 4464 post.
896 4428 923 4437 -
942 4400 1020 4451 babeo
1036 4413 1089 4451 om.
1109 4399 1172 4460 dtt.;
1190 4400 1263 4451 44044
1280 4401 1373 4453 Lamb.
1394 4429 1421 4439 -
1440 4401 1465 4453 8.
1483 4400 1610 4453 ooluotute
1625 4403 1704 4468 4343.
1725 4432 1754 4443 -

426 4475 465 4525 40.
484 4474 516 4525 40
532 4474 671 4525 4444444444
687 4475 717 4525 N.
737 4473 810 4539 [item
827 4473 896 4537 4343
913 4487 949 4525 m.
968 4474 1005 4540 p.]
1029 4503 1057 4512 -
1082 4480 1112 4526 444
1132 4475 1164 4525 ab
1186 4476 1218 4525 444
1233 4488 1259 4526 :c
1275 4477 1297 4527 ll
1314 4479 1342 4526 44
1358 4474 1390 4527 l:
1416 4481 1445 4527 444
1461 4476 1499 4526 lt:
1513 4476 1577 4529 Ell.
1597 4477 1683 4542 [abest
1699 4491 1756 4531 sea

424 4545 514 4613 4344]
533 4576 560 4586 -
580 4550 621 4599 44.
639 4547 841 4612 44444444444444
856 4548 1038 4613 4343444444
1060 4551 1272 4614 reprehenderunt
1288 4552 1333 4602 ctt.
1354 4578 1381 4588 -
1401 4551 1442 4601 43.
1461 4563 1611 4614 quanquam
1627 4555 1706 4618 4330.
1726 4581 1755 4593 -

426 4623 467 4675 44.
485 4629 531 4675 out
546 4625 682 4676 4444444444·
697 4623 767 4688 4343
783 4638 810 4689 p.
830 4637 866 4675 m.
891 4651 918 4661 -
941 4637 991 4675 esso
1012 4625 1090 4689 4330.
1117 4652 1145 4662 -
1170 4627 1211 4677 44.
1229 4627 1251 4676 ts
1273 4639 1327 4677 om.
1345 4625 1415 4690 4343
1432 4639 1459 4692 p.
1478 4639 1514 4677 m.
1535 4651 1563 4663 -
1588 4627 1628 4678 48.
1646 4627 1757 4695 cleptat]

425 4698 614 4762 reprehenditur
629 4698 698 4764 4343
715 4714 742 4765 p.
760 4712 797 4749 m.
817 4698 857 4749 44.
876 4696 917 4749 48.
935 4699 1029 4752 4444.
1049 4727 1077 4736 -·
1096 4701 1137 4751 30.
1156 4702 1211 4752 dico
1228 4700 1258 4764 l,
1276 4702 1345 4764 Εφε
1367 4715 1421 4753 om.
1441 4704 1498 4763 cll..
1516 4701 1592 4753 uncis
1609 4701 1755 4757 luclusilO.

428 4798 455 4812 -·
473 4774 515 4826 34.
534 4774 561 4825 44
577 4788 631 4827 om.
650 4773 720 4839 4343
736 4787 763 4840 p.
778 4787 814 4824 m.
835 4801 863 4811 -
881 4774 953 4824 444444
967 4776 1043 4825 auius
1058 4774 1242 4840 4343410444.
1256 4777 1297 4839 (ex
1309 4777 1378 4838 llll:
1395 4777 1470 4826 4444444
1479 4776 1551 4825 istius
1561 4777 1606 4826 ctt.
1626 4776 1665 4828 (44.
1678 4778 1703 4843 3.
1712 4778 1756 4830 33.

425 4848 458 4900 ll.
476 4850 501 4915 g.
520 4850 561 4902 64.
581 4878 609 4888 -
627 4850 669 4902 33.
688 4850 749 4900 444444
765 4849 858 4901 iudicas
873 4848 1039 4913 43304444.
1061 4879 1088 4888 -
1107 4852 1148 4903 ib.
1166 4852 1221 4916 4444
1237 4851 1306 4915 4343
1323 4865 1350 4916 p.
1363 4865 1412 4914 m.,
1430 4851 1499 4913 Εφε
1523 4861 1577 4900 om.
1597 4852 1643 4901 ctt.
1662 4852 1692 4903 0.
1716 4852 1755 4905 Ci.

426 4921 447 4974 l.
465 4922 490 4988 g.
503 4924 528 4974 3.
550 4951 578 4963 -
595 4939 643 4976 nso
659 4939 713 4977 om.
726 4925 864 4991 4339444.
880 4952 907 4962 -
926 4929 984 4975 cote
1000 4923 1069 4989 4343
1086 4940 1113 4992 p.
1126 4941 1163 4978 m.
1181 4952 1209 4962 -
1227 4924 1418 4990 44444044343
1434 4939 1461 4992 p.
1474 4938 1530 4986 m.;
1547 4923 1756 4992 locaodadbgg.

429 5023 457 5037 —-
475 4999 516 5051 30.
535 5001 691 5066 4443444444
707 5003 736 5054 Ε.
756 5002 790 5053 44.
809 5001 843 5053 ad
860 5002 884 5067 3.
903 5001 945 5053 440.
965 5029 992 5038 -
1011 5001 1051 5052 30.
1071 5015 1107 5052 44
1122 5001 1159 5067 tu]
1176 5015 1242 5052 4444
1258 5002 1292 5061 E:
1313 5015 1349 5052 44
1365 5000 1414 5052 dtt.
1440 5027 1468 5037 -
1496 4999 1536 5051 34.
1555 5011 1587 5048 44
1601 4998 1759 5053 volumus

427 5071 497 5139 4343
506 5075 535 5127 Ε.
556 5079 590 5129 hl
607 5077 700 5128 Cicero
717 5090 748 5128 oc
763 5075 807 5128 vel
824 5081 914 5140 atque,
932 5075 1005 5141 quod
1021 5077 1120 5138 sciam,
1139 5090 1192 5128 non
1209 5078 1245 5127 its
1261 5076 1304 5129 bis
1320 5076 1409 5142 ponit,
1426 5077 1456 5126 44
1471 5074 1545 5140 prius
1556 5072 1611 5125 duo
1624 5074 1757 5140 membra,

427 5151 561 5215 pmterlus
577 5151 693 5204 membri
709 5150 817 5204 44444444
834 5155 924 5218 partes
941 5150 1056 5218 copulet.
1082 5150 1131 5205 Ubi
1148 5150 1280 5203 eiusmodl
1296 5148 1419 5216 exempla
1435 5148 1616 5212 lnveniuutur,
1636 5150 1759 5204 codicum

428 5225 583 5277 auctoritate
600 5229 674 5278 recte
692 5227 876 5279 emendantur.
903 5226 937 5278 ci.
956 5228 975 5278 l.
995 5224 1019 5292 4.
1038 5226 1095 5278 4448.
1113 5227 1145 5277 ll.
1164 5225 1188 5290 4.
1206 5226 1249 5278 30.
1266 5226 1309 5277 111.
1328 5226 1353 5290 5.
1373 5226 1412 5279 40.
1425 5222 1466 5280 40.
1479 5224 1537 5277 480.
1560 5226 1652 5279 Partes
1667 5228 1759 5280 antem

430 5300 552 5356 eiusdem
567 5301 683 5357 membri
699 5302 834 5357 luterdum
850 5305 890 5358 sio
906 5304 1058 5369 iunguntur.
1085 5300 1119 5356 cl.
1137 5301 1180 5355 111.
1198 5300 1224 5367 s.
1242 5296 1284 5355 04.
1301 5300 1343 5352 40.
