4367 6109
449 538 510 605 730
858 548 1007 613 ORATIO
1030 550 1107 612 PRO
1131 551 1165 611 L.
1188 549 1354 612 unauna

450 716 588 800 perfecta
608 718 647 781 ab
668 717 802 780 Lucullo
824 717 902 780 haec
924 725 998 780 sunt
1018 719 1143 792 omnia,
1173 724 1208 780 nt
1233 719 1310 781 urbs
1330 714 1589 782 fidelissimorum
1614 715 1784 781 sociorum

450 809 670 873 defenderetur
691 816 723 872 et
743 829 852 873 omnes
874 811 982 895 copiae
1004 812 1085 894 regis
1110 810 1315 876 diuturnitate
1339 812 1534 876 obsessionis
1549 830 1786 876 consumeren-

449 912 509 967 tur.
554 904 658 979 Quidt
688 904 774 967 illam
795 925 932 987 pugnam
962 905 1106 968 navalem
1133 907 1173 968 ad
1195 906 1374 980 Tenedum,
1402 927 1473 969 cnm
1494 915 1652 970 contento
1674 924 1785 978 nunu,

449 997 609 1059 acerrimis
642 997 794 1072 ducibus,
829 999 966 1061 hostium
999 999 1107 1062 classis
1139 999 1262 1063 Italiam
1297 1019 1354 1081 spe
1385 1007 1482 1083 utque
1517 999 1639 1063 animis
1671 998 1785 1062 inflata

426 1096 586 1174 ipeteret,
612 1090 762 1154 mediocri
784 1093 952 1156 certamine
974 1101 1006 1157 et
1027 1113 1123 1176 parva
1145 1093 1346 1156 dimicatione
1367 1095 1568 1157 commissam
1590 1092 1783 1158 arbitreris?

449 1184 538 1246 Mitto
560 1184 698 1267 proelia,
720 1193 884 1267 praetereo
906 1189 1159 1269 oppugnationes
1181 1186 1385 1270 oppidorum:
1408 1188 1561 1269 expulsus
1584 1207 1689 1270 regno
1712 1195 1783 1249 tan·

449 1278 521 1340 dem
550 1277 720 1361 aliqnando
755 1285 873 1343 tantum
902 1290 1006 1344 tamen
1035 1278 1167 1344 corisilio
1194 1289 1288 1364 atque
1315 1281 1499 1345 anctoritate
1527 1280 1648 1353 valuit,
1678 1287 1718 1342 ut
1745 1299 1780 1342 ee

448 1391 522 1454 rege
542 1372 762 1434 Armeniorum
785 1372 934 1436 adiuncto
964 1375 1054 1437 novis
1084 1375 1198 1457 opibus
1228 1376 1388 1458 copiisque
1411 1376 1575 1439 renovarit.
1621 1372 1711 1436 XVI.
1734 1376 1781 1436 Ae

448 1464 475 1528 si
497 1463 574 1527 milri
596 1485 680 1528 nnnc
701 1466 740 1528 de
763 1467 855 1529 rebus
876 1469 972 1550 gestis
995 1476 1079 1531 esset
1101 1469 1200 1531 nostri
1215 1471 1372 1532 exercitus
1387 1469 1652 1552 imperatorisque
1666 1467 1780 1538 dicen·

412 1558 537 1632 lidum,
566 1558 702 1641 plurima
730 1568 762 1623 et
789 1563 926 1625 maxima
956 1562 1079 1645 proelia
1106 1582 1350 1627 commemorare
1378 1570 1520 1646 ponem:
1556 1563 1615 1625 sed
1647 1582 1717 1625 non
1746 1561 1779 1624 id

448 1652 582 1734 agimus.
626 1648 678 1714 34.
707 1654 775 1717 Hoc
798 1656 887 1718 dico:
916 1655 941 1719 si
964 1656 1082 1719 bellum
1104 1657 1182 1732 hoc,
1213 1659 1240 1720 si
1261 1657 1314 1719 hic
1341 1658 1459 1730 hostis,
1489 1658 1516 1719 si
1537 1655 1593 1719 ille
1616 1676 1676 1720 rex
1699 1675 1779 1719 eon·

448 1746 635 1809 temnendus
656 1747 784 1823 fuisset,
805 1768 911 1832 neque
932 1757 1018 1812 tanta
1040 1770 1114 1813 cura
1136 1760 1264 1814 senatus
1286 1759 1319 1814 et
1339 1751 1476 1834 populns
1490 1751 1652 1813 llomanus
1674 1750 1779 1814 susci·

448 1841 598 1923 piendum
620 1848 778 1924 putasset,
809 1861 914 1925 neque
936 1851 983 1907 tot
1004 1864 1103 1908 annos
1126 1846 1274 1927 gessisset
1295 1864 1399 1927 neque
1420 1853 1506 1907 tanta
1526 1844 1631 1928 gloria
1652 1847 1690 1907 L.
1714 1845 1778 1908 Lu·

447 1934 566 2008 cullns3
588 1955 693 2018 neque
715 1955 790 1998 vero
813 1936 882 1998 eins
903 1937 979 2000 belli
1000 1936 1230 2002 conficiendum
1252 1939 1370 2000 exitum
1393 1947 1478 2000 tanto
1501 1938 1607 2001 studio
1632 1938 1777 2022 populus

411 2034 438 2078 tu
447 2029 605 2090 Romanus
627 2029 667 2090 ad
690 2030 746 2091 Cn.
768 2030 952 2112 Pompeium
977 2030 1157 2095 detulisset:
1190 2033 1280 2095 cuius
1302 2052 1344 2093 ex
1365 2031 1509 2093 omnibus
1529 2032 1663 2114 pugnis,
1692 2051 1777 2113 quae

447 2129 520 2183 sunt
541 2122 803 2196 innumerabiles,
825 2124 876 2186 vel
899 2126 1048 2188 acerrima
1071 2126 1146 2189 milii
1170 2126 1294 2189 videtur
1315 2124 1383 2195 illa,
1407 2143 1489 2206 quae
1510 2144 1583 2187 cnm
1596 2142 1673 2206 rege
1688 2144 1777 2188 com·

448 2215 545 2279 missa
567 2222 667 2279 estet
688 2237 808 2280 summa
830 2219 1032 2281 contentione
1057 2227 1204 2301 pugnata.
1248 2219 1318 2294 Qua
1349 2238 1389 2279 ex
1417 2237 1521 2301 pugna
1549 2238 1621 2280 cum
1653 2237 1689 2280 se
1720 2217 1775 2281 ille

448 2309 615 2391 eripuisset
645 2317 677 2372 et
706 2312 881 2393 Bosporum
915 2311 1124 2395 confugisset,
1160 2334 1224 2396 qno
1254 2312 1411 2375 exercitus
1441 2312 1529 2374 edire
1558 2331 1623 2374 uon
1653 2319 1774 2394 posset,

449 2404 542 2466 etiam
563 2401 597 2464 in
619 2410 758 2466 extrema
779 2403 905 2467 fortuna
926 2412 958 2468 et
978 2405 1052 2488 fuga
1073 2427 1188 2470 nomen
1213 2415 1316 2469 tamen
1337 2405 1467 2468 retinuit
1487 2405 1618 2487 regium.
1660 2405 1774 2488 ltaque

410 2503 439 2548 ²⁰
448 2497 514 2580 ipse
529 2497 699 2579 Pompeius
720 2517 816 2580 regno
838 2519 994 2581 possesso,
1016 2521 1056 2563 ex
1078 2501 1224 2563 omuibus
1240 2499 1303 2562 oris
1325 2506 1420 2581 atque
1434 2497 1518 2560 notis
1533 2496 1664 2561 sedibus
1679 2498 1774 2561 hoste

449 2589 558 2673 pulso,
579 2598 684 2653 tamen
707 2598 828 2654 tantum
850 2592 884 2653 in
906 2594 998 2656 unius
1020 2594 1126 2657 anima
1146 2594 1269 2678 posuit,
1291 2602 1342 2666 ut,
1368 2612 1438 2654 cnm
1461 2592 1584 2665 omnia,
1613 2610 1699 2673 quae
1720 2591 1774 2654 ille

449 2692 609 2759 tenuerat,
630 2684 767 2759 adierat,
789 2694 949 2767 sperarat,
972 2688 1100 2751 victoria
1120 2688 1313 2773 possideret,
1343 2694 1449 2748 tamen
1470 2704 1534 2747 non
1555 2691 1647 2758 ante,
1677 2706 1773 2768 quam

448 2779 536 2842 illum
560 2779 624 2842 vita
645 2779 782 2863 expulit,
803 2778 922 2842 bellum
944 2781 1122 2845 confectum
1145 2781 1302 2844 iudicarit.
1346 2781 1438 2842 Hunc
1459 2786 1494 2841 tu
1514 2778 1657 2852 hostem,
1683 2779 1774 2852 Cato,

449 2873 643 2947 contemnis,
666 2891 804 2956 quocum
824 2893 883 2953 per
904 2881 950 2937 tot
971 2894 1071 2937 annos
1093 2882 1141 2939 tot
1161 2873 1288 2957 proeliis
1309 2880 1357 2936 tot
1377 2874 1579 2955 imperatores
1600 2871 1686 2935 bella
1705 2892 1776 2954 ges·

410 2970 579 3031 ²5seruntf
611 2967 699 3030 cuius
722 2967 848 3050 expulsi
870 2975 901 3030 et
923 2969 1013 3032 eiecti
1037 2969 1101 3032 vita
1123 2969 1201 3031 tanti
1222 2967 1401 3030 existimata
1423 2973 1485 3040 est,
1514 2972 1550 3029 ut
1574 2973 1676 3029 morte
1705 2968 1774 3029 eius

448 3058 591 3125 nuntiata
619 3068 686 3123 tum
717 3060 855 3144 denique
884 3061 1002 3124 bellum
1035 3062 1210 3125 confectum
1242 3061 1466 3123 arbitraretur?
1520 3060 1588 3123 Hoc
1616 3060 1716 3143 igitur
1741 3062 1773 3123 in

447 3155 532 3218 bello
561 3156 595 3216 L.
623 3156 803 3228 Murenam,
832 3154 968 3236 legatum
995 3154 1157 3219 fortissimi
1187 3155 1300 3229 animi,
1330 3154 1441 3216 summi
1473 3153 1613 3228 consilii,
1643 3155 1774 3218 maximi

448 3248 564 3312 laboris
586 3249 747 3330 cognitum
769 3268 839 3310 esse
861 3247 1076 3322 defendimus,
1108 3248 1248 3311 ethanc
1269 3249 1338 3310 eius
1367 3267 1495 3329 operam
1516 3267 1580 3310 non
1602 3247 1710 3310 minus
1733 3247 1772 3310 ad

449 3342 647 3406 consulatum
669 3340 906 3425 adipiscendum
928 3363 1023 3426 quam
1045 3343 1127 3406 hanc
1144 3350 1280 3405 nostram
1296 3340 1454 3404 forensem
1469 3339 1654 3403 industriam
1670 3341 1773 3424 digni·

410 3437 521 3502 ³⁰tatis
542 3436 701 3500 habuisse.

533 3531 631 3592 xvss.
663 3529 713 3592 ³5.
745 3532 809 3593 aut
837 3531 921 3593 enim
949 3532 980 3592 in
1012 3537 1176 3610 praeturae
1204 3529 1355 3612 petitione
1383 3529 1469 3612 prior
1495 3529 1694 3592 renuntiatus
1726 3538 1773 3591 est

450 3627 604 3689 Servius.»
622 3657 663 3671 —
679 3625 852 3707 Pergitisne
875 3645 947 3698 vos,
968 3633 1130 3707 tamquam
1152 3643 1192 3686 ex
1214 3624 1410 3708 syngrapha,
1432 3642 1525 3706 agere
1547 3642 1619 3685 cum
1639 3623 1772 3707 populo,

515 3840 539 3889 4.
557 3837 590 3887 ol>
606 3838 665 3887 lite.
684 3836 727 3887 ed.
746 3839 806 3888 Asc.
820 3838 896 3887 4544ε
914 3850 932 3886 o
948 3837 1007 3886 Luc.
1027 3837 1095 3897 mei,
1113 3835 1203 3887 iOxx.
1220 3861 1246 3871 -
1259 3835 1386 3886 fortasse:
1404 3836 1490 3885 enutio
1504 3836 1543 3884 ito
1556 3839 1594 3885 ut.
1609 3861 1637 3872 -
1650 3835 1771 3886 wire·-

447 3914 635 3977 defeudereutur
650 3912 704 3962 Tv.
729 3938 757 3949 -
782 3914 807 3963 2.
826 3917 850 3962 et
866 3911 925 3962 cod.
944 3912 1050 3962 irene:
1076 3916 1104 3960 ut
1121 3910 1188 3970 mei,
1212 3911 1239 3960 1..
1267 3933 1293 3944 -
1318 3908 1460 3958 poeniceo
1476 3909 1544 3970 mei,
1567 3911 1646 3974 lagg.
1665 3923 1769 3972 omnes,

447 3991 462 4039 a
480 3989 557 4049 oxu,
581 3985 623 4037 alii
639 3985 772 4052 plerique:
794 3987 925 4037 obsidionis
941 3988 986 4037 Lv
1003 3988 1029 4036 et
1045 3986 1070 4036 tt
1087 3998 1147 4049 sup.
1165 3983 1209 4035 lin.
1229 3998 1244 4034 a
1262 3997 1299 4035 m.
1317 3996 1373 4034 sec.
1392 3983 1432 4035 Cf.
1450 3997 1489 4034 or.
1504 3984 1538 4034 de
1555 3985 1636 4037 domo
1655 4000 1678 4037 c.
1697 3988 1723 4038 3.
1742 4001 1768 4052 p.

447 4062 528 4114 Balbo
545 4075 569 4113 c.
582 4063 606 4114 3.
625 4064 651 4114 in
668 4064 719 4113 Pis.
738 4077 763 4113 c.
777 4064 821 4123 tt,
840 4075 907 4126 quoe
924 4060 997 4113 locos
1015 4061 1124 4110 Steinm.
1144 4059 1228 4109 ntiert.
1243 4085 1271 4094 —
1285 4059 1309 4110 3.
1328 4059 1371 4120 qui
1386 4059 1458 4108 dium
1474 4061 1509 4120 G,
1527 4061 1593 4121 quod
1608 4061 1680 4111 iilum
1695 4063 1725 4113 E.
1741 4091 1768 4099 -

446 4140 481 4189 ud
499 4139 619 4189 Tenedum
635 4140 672 4189 itt:
691 4140 801 4189 otteuede
817 4140 851 4201 E,
869 4139 967 4188 otteued
982 4139 1018 4198 G,
1037 4137 1195 4186 atteumdum
1210 4134 1316 4183 odendis
1331 4147 1361 4193 ν,
1381 4147 1399 4182 o
1415 4135 1500 4183 tenedo
1516 4135 1584 4196 Ηψ.
1604 4161 1631 4171 -
1651 4139 1676 4188 6.
1693 4152 1770 4201 proe-

447 4220 515 4264 tereu
530 4227 556 4263 v.
573 4239 599 4250 -
618 4213 793 4275 munci.
810 4241 835 4249 -
855 4214 920 4264 lut
935 4213 1057 4263 silitu-
1077 4211 1102 4262 8.
1115 4211 1296 4269 reooooretH,
1311 4209 1516 4259 renouatus-
1536 4223 1567 4259 oc
1583 4211 1605 4260 si
1621 4212 1688 4262 Eli:
1707 4215 1770 4262 otri

447 4293 467 4339 G
478 4289 561 4340 HTv.
572 4315 598 4325 -
618 4288 642 4339 3.
655 4295 714 4338 esset
730 4290 749 4338 ii
764 4290 842 4340 nostri
854 4292 882 4338 G.
897 4313 923 4325 —
938 4290 978 4339 to.
994 4302 1065 4351 posse
1076 4292 1105 4351 G,
1119 4292 1202 4350 posset
1218 4302 1247 4346 χ.
1263 4314 1289 4322 -
1303 4286 1343 4336 ta.
1361 4286 1410 4348 suit
1425 4287 1468 4335 sed
1483 4299 1561 4348 oeque
1573 4290 1635 4338 G.-
1653 4301 1679 4337 se
1695 4301 1770 4337 rere-

446 4371 485 4415 tur
501 4368 530 4414 G.
546 4390 573 4399 —
593 4364 633 4415 43.
646 4366 753 4415 cessuro
769 4366 829 4426 liv,
843 4364 860 4415 4
872 4367 935 4415 0xr.
949 4366 1030 4426 (onais
1045 4367 1142 4415 misser
1154 4366 1193 4427 G.)
1207 4389 1234 4398 —
1248 4365 1276 4414 l..
1289 4376 1342 4413 om.
1357 4363 1450 4413 ΜΤ.-
1465 4362 1505 4413 tt.
1523 4363 1640 4413 Lucullus
1655 4363 1770 4412 Momm-

446 4441 549 4492 senius:
569 4453 622 4490 om.
642 4442 661 4490 G
671 4454 689 4498 χ
707 4442 734 4489 ci
745 4440 779 4501 E,
797 4439 845 4490 sed
862 4440 905 4489 hic
923 4441 948 4488 in
964 4438 1029 4498 lec.;
1047 4440 1143 4490 Luculli
1160 4438 1215 4490 rell.
1233 4443 1260 4488 et
1275 4438 1337 4488 edd.
1359 4465 1385 4474 -
1404 4440 1580 4502 conmoritur
1596 4439 1692 4488 witum
1709 4438 1767 4495 EG,

447 4519 462 4567 3
475 4520 546 4567 Parr.
556 4554 562 4577 ,
582 4514 658 4573 Pell..
678 4516 693 4565 6
705 4518 768 4566 011.
782 4516 818 4565 St.
832 4517 898 4565 Vict.
909 4528 914 4563 :
932 4516 1075 4578 cusflcieodi
1090 4516 1187 4565 eeitum
1197 4515 1222 4565 ld
1231 4528 1259 4574 v,
1278 4515 1337 4564 Par.
1355 4513 1370 4562 't
1379 4528 1385 4570 ;
1403 4514 1546 4578 confidendi
1561 4526 1651 4562 worn
1667 4513 1686 4562 L
1695 4512 1725 4562 0.
1740 4539 1766 4548 -

448 4594 487 4643 45.
500 4592 640 4643 contulisset
650 4595 680 4641 G.
696 4619 723 4628 -
737 4593 776 4641 46.
790 4591 836 4656 vet]
846 4591 919 4640 ootde
930 4593 959 4640 G.
975 4617 1001 4624 —
1017 4605 1074 4640 cum
1089 4592 1134 4641 troc
1150 4603 1208 4654 rege
1223 4602 1296 4653 susp.
1309 4589 1469 4639 Niebuhrins
1485 4590 1512 4640 in
1529 4585 1653 4652 exemplo
1664 4599 1714 4637 suo
1725 4586 1767 4637 ed.

447 4671 533 4717 Guret.
548 4694 574 4704 -
595 4668 635 4716 47.
649 4680 699 4728 ouo
715 4679 748 4715 ee
763 4680 849 4730 pugno
861 4679 914 4716 om.
928 4666 1018 4715 Etlil.
1034 4692 1061 4702 -
1080 4665 1121 4715 itte
1136 4678 1161 4714 se
1174 4678 1199 4715 v.
1214 4689 1242 4699 -
1262 4665 1302 4714 te.
1320 4663 1467 4726 turpionem
1483 4664 1546 4714 Gtt.
1560 4688 1587 4697 -
1608 4662 1649 4712 te.
1662 4666 1686 4711 et
1701 4662 1766 4711 isc.

450 4770 476 4779 —
492 4757 579 4807 regum
595 4746 624 4794 G.
646 4771 673 4780 -
692 4744 732 4792 20.
751 4743 847 4805 ipeeG:
865 4744 917 4806 ipso
934 4740 1117 4799 assensum
1136 4753 1164 4789 eo
1179 4740 1233 4800 ipso
1249 4751 1274 4786 v.
1289 4763 1317 4772 -
1335 4737 1377 4802 ee]
1395 4741 1418 4786 ei
1434 4737 1467 4787 Μ.
1482 4762 1511 4773 -
1530 4741 1605 4798 etque
1621 4738 1657 4786 G:
1675 4737 1767 4786 ocEll

448 4819 529 4868 vLO.
545 4845 570 4856 -
590 4819 632 4869 it.
647 4819 767 4880 propulso
778 4831 802 4869 v.
816 4846 849 4854 —
865 4818 949 4868 omuiu
966 4827 1031 4878 quoe
1046 4814 1087 4863 itte
1102 4812 1304 4864 Manutiustitte
1321 4812 1405 4861 ueruto
1421 4811 1616 4873 querGllv,
1634 4811 1726 4861 ttoni.
1742 4837 1766 4844 -

449 4894 488 4943 ti.
503 4897 555 4942 tum
571 4907 620 4942 nou
631 4907 656 4944 v.
669 4921 702 4931 —
718 4894 758 4944 23.
772 4894 903 4956 appulisset
919 4894 987 4943 coni.
1001 4890 1113 4941 Ernesti.
1128 4917 1161 4925 -
1177 4887 1217 4938 34.
1236 4891 1271 4937 tot
1288 4889 1348 4937 ente
1364 4888 1424 4948 imp.
1438 4899 1492 4936 om.
1506 4888 1536 4936 G.
1546 4913 1580 4924 -
1596 4888 1637 4937 tt.
1650 4887 1728 4936 eiecto
1738 4889 1767 4934 G.

450 4996 482 5006 -
493 4970 556 5018 tosti
568 4982 621 5018 om.
635 4971 664 5018 G.
677 4998 710 5006 —
726 4970 870 5020 existimato
885 4967 936 5030 (vel
954 4966 1083 5027 estimato)
1102 4965 1155 5015 mei
1166 4967 1193 5014 et
1203 4963 1219 5013 4
1231 4965 1309 5013 0xx.:
1328 4962 1461 5012 uertiototo
1472 4961 1530 5012 LO.
1545 4988 1572 4998 —
1585 4963 1626 5012 26.
1639 4966 1693 5010 tum
1704 4960 1771 5010 deui-

450 5058 496 5107 que
513 5045 653 5094 Manutius:
673 5051 725 5094 tum
741 5059 795 5096 om.
814 5045 866 5094 mei
884 5047 910 5093 et
926 5045 1015 5093 tiOnx.
1028 5070 1061 5078 —
1077 5040 1246 5090 arbitraretur·
1263 5037 1384 5086 codices:
1402 5035 1587 5087 arbitraremur
1603 5036 1667 5095 LO,
1685 5036 1767 5090 recte,

451 5124 479 5169 ut
490 5119 607 5178 vide.ur;
626 5132 688 5168 uam
706 5120 779 5169 Verr.
793 5121 822 5167 V.
836 5118 860 5179 g.
875 5119 930 5167 466.
944 5116 1020 5166 lectio
1038 5115 1207 5164 arbitraretur
1223 5111 1285 5163 false
1304 5114 1345 5163 eet
1362 5112 1403 5174 (cl.
1416 5110 1478 5162 adn.
1492 5111 1601 5172 menm);
1621 5110 1769 5160 Priscianus

453 5198 540 5245 tamen
558 5196 577 5244 1.
595 5208 621 5258 p.
636 5194 691 5243 tto.
710 5194 753 5242 lir.
772 5191 859 5243 locum
876 5191 989 5242 similem
1001 5204 1033 5239 er
1045 5187 1143 5247 Caelio,
1163 5187 1265 5251 aequali
1276 5188 1419 5247 Ciceronis,
1438 5185 1563 5238 attulit-
1576 5188 1617 5237 28.
1630 5199 1679 5236 riori
1696 5187 1769 5235 nimis

454 5273 483 5321 G.
495 5297 528 5306 -
544 5270 584 5320 ao.
603 5282 679 5336 quum
695 5270 729 5319 od
744 5267 807 5319 itone
824 5269 857 5319 M.
872 5295 905 5303 -
922 5265 962 5317 33.
979 5264 1115 5329 eeiuprosa
1132 5266 1161 5336 G.
