4367 6109
453 572 494 643 42
744 578 893 651 ORATIO
915 579 993 646 PRO
1017 580 1105 644 SEX.
1127 578 1274 646 ROSCIO
1295 577 1476 646 AMERINO

452 747 627 829 intelligere
648 767 772 830 posses,
806 749 861 833 qui
884 749 1007 812 animus
1029 749 1150 833 patrius
1172 750 1206 811 in
1228 748 1344 812 liberos
1366 755 1463 824 esset,
1491 755 1524 812 at
1544 755 1657 814 natura
1679 759 1762 818 certe

451 840 554 934 dedit,
576 850 612 906 ut
632 843 836 905 humanitatis
850 863 914 907 non
929 862 1041 924 parum
1055 842 1196 906 haberes.
1227 843 1275 904 Eo
1289 842 1422 906 accessit
1436 842 1575 905 studium
1591 843 1762 920 doctrinae,

452 942 487 997 ut
508 956 548 997 ne
570 956 588 998 a
608 936 721 999 litteris
744 936 872 1019 quidem
894 937 1016 1001 alienus
1045 956 1140 1000 esses.
1183 934 1306 1020 Ecquid
1328 936 1454 999 tandem
1475 937 1533 1000 tibi
1556 936 1699 1013 ridetur,
1726 948 1763 1003 ut

451 1027 492 1090 ad
513 1029 634 1092 fabulas
659 1031 839 1105 veniamus,
869 1051 967 1094 senex
994 1030 1047 1093 ille
1071 1030 1268 1093 Caecilianus
1299 1031 1429 1093 minoris
1450 1031 1554 1095 iacere
1574 1033 1762 1116 Eutychum,

427 1119 549 1186 ofilium
564 1123 732 1199 rusticum,
755 1144 849 1207 quam
864 1124 955 1187 illum
969 1125 1120 1199 alterum,
1136 1125 1411 1190 Chaerestratum‘l
1425 1159 1467 1173 -
1480 1146 1568 1201 nam,
1590 1133 1625 1188 ut
1640 1126 1763 1208 opinor,

450 1216 511 1280 hoc
532 1216 660 1279 nomine
682 1227 747 1280 est:
769 1252 810 1265 -
832 1219 965 1282 alterum
987 1219 1020 1283 in
1042 1221 1121 1283 urbe
1143 1240 1251 1283 secum
1272 1219 1403 1282 honoris
1426 1239 1520 1283 causa
1534 1221 1665 1293 habere,
1688 1221 1764 1284 alte-

451 1330 520 1372 rum
541 1331 595 1373 rus
618 1313 768 1394 supplicii
791 1332 885 1376 causa
907 1314 1086 1395 relegasset
1130 1311 1180 1375 47.
1203 1314 1287 1390 Quid
1309 1312 1348 1376 ad
1364 1314 1440 1377 istas
1455 1315 1590 1396 ineptias
1605 1313 1695 1376 abis?
1717 1315 1765 1376 in-

451 1403 552 1486 quies.
586 1405 685 1481 Quasi
706 1425 781 1468 rero
804 1406 881 1468 mihi
904 1403 1032 1468 difficile
1058 1408 1099 1470 sit
1122 1408 1266 1491 quamvis
1280 1406 1397 1469 multos
1412 1408 1597 1470 nominatim
1611 1406 1763 1489 proferre,

449 1517 490 1560 ne
511 1499 638 1581 longius
659 1498 785 1573 abeam,
807 1498 857 1561 rel
880 1499 1010 1562 tribules
1033 1502 1082 1564 vel
1099 1502 1220 1564 vicinos
1239 1518 1342 1572 meos,
1367 1500 1423 1582 qui
1438 1520 1514 1562 suos
1528 1500 1660 1575 liberos,
1683 1522 1764 1584 quos

413 1592 577 1676 toplurimi
598 1591 736 1667 iaciunt,
757 1592 911 1674 agricolas
932 1592 1078 1657 assiduos
1100 1614 1169 1656 esse
1192 1593 1334 1674 cupiunt.
1365 1594 1482 1655 Verum
1503 1594 1648 1656 homines
1670 1603 1764 1659 notos

449 1705 574 1749 sumere
596 1685 741 1748 odiosum
756 1693 819 1760 est,
842 1706 914 1748 cum
929 1693 961 1748 et
975 1687 1053 1749 illud
1069 1688 1224 1750 incertum
1239 1687 1297 1759 sit,
1318 1687 1458 1750 velintne
1473 1688 1495 1749 ii
1510 1707 1581 1751 sese
1595 1690 1763 1765 nominari,

449 1788 481 1843 et
501 1798 594 1841 nemo
616 1779 705 1842 vohis
727 1780 826 1862 magis
848 1787 943 1843 notus
964 1778 1091 1844 iuturus
1113 1781 1169 1855 sit,
1192 1800 1287 1864 quam
1303 1787 1351 1842 est
1364 1779 1416 1842 hic
1430 1781 1610 1864 Eutychus,
1633 1790 1666 1846 et
1679 1791 1764 1847 certe

449 1874 489 1938 ad
512 1895 578 1937 rem
598 1873 678 1936 nihil
699 1873 838 1947 intersit,
865 1880 971 1936 utrum
999 1874 1084 1937 hunc
1107 1894 1165 1957 ego
1188 1875 1344 1937 comicum
1366 1874 1614 1949 adolescentem,
1643 1896 1685 1939 an
1707 1877 1765 1940 ali·

451 1989 546 2053 quem
569 1988 609 2032 ex
629 1987 703 2051 agro
725 1967 857 2032 Veiente
879 1969 1048 2032 nominem.
1090 1968 1216 2031 Etenim
1237 1966 1316 2030 haec
1338 1963 1472 2030 conficta
1494 1967 1629 2032 arbitror
1652 1990 1722 2033 esse
1745 1990 1765 2034 a

412 2065 570 2147 ropoetis,
593 2069 628 2125 ut
649 2060 769 2127 effictos
791 2072 916 2127 nostros
937 2085 1041 2127 mores
1063 2065 1096 2127 in
1118 2062 1229 2126 alienis
1251 2062 1395 2145 personis
1418 2081 1665 2145 expressamque
1687 2064 1764 2128 ima·

438 2158 554 2241 ‚giuem
578 2154 727 2242 [nostrae]
750 2158 834 2223 vitae
856 2158 1059 2242 quotidianae
1081 2156 1269 2219 videremus.
1312 2152 1363 2217 48.
1385 2156 1451 2238 Age
1472 2176 1571 2230 nunc,
1593 2157 1677 2220 refer
1696 2159 1764 2221 ani·

450 2273 536 2316 mum
565 2254 608 2316 sis
635 2250 675 2315 ad
696 2253 859 2315 veritatem
883 2260 915 2314 et
936 2251 1118 2324 considera,
1148 2269 1212 2313 non
1233 2249 1328 2312 modo
1350 2250 1382 2311 in
1406 2247 1532 2312 Umbria
1552 2255 1649 2332 atque
1671 2253 1706 2314 in
1727 2273 1764 2317 ea

448 2346 623 2420 vicinitate,
648 2345 702 2408 sed
724 2345 756 2409 in
778 2346 828 2409 his
850 2347 1010 2411 veteribus
1032 2343 1231 2426 municipiis,
1254 2363 1336 2427 qnae
1358 2343 1463 2406 studia
1484 2343 1660 2425 apatribus
1673 2345 1764 2410 sami·

449 2440 507 2502 lias
528 2441 663 2504 maxime
685 2439 867 2504 laudentur:
891 2441 953 2503 iam
974 2439 1116 2523 prolecto
1140 2446 1170 2500 te
1192 2438 1349 2520 intelliges
1371 2438 1479 2520 inopia
1498 2437 1665 2501 criminum
1679 2459 1763 2502 sunr-

411 2543 531 2598 aomam
551 2533 678 2597 laudem
700 2534 773 2597 Sex.
795 2534 910 2597 Roscio
934 2534 1010 2597 vitio
1033 2541 1064 2596 et
1085 2534 1197 2615 culpae
1216 2532 1352 2597 dedisse.
1396 2532 1492 2595 XVII.
1514 2533 1560 2593 Ac
1581 2553 1646 2596 non
1668 2533 1761 2598 modo

448 2631 509 2693 hoo
530 2637 655 2713 patrum
677 2630 840 2693 voluntate
863 2629 954 2692 liberi
976 2629 1110 2703 faciunt,
1133 2628 1188 2691 sed
1210 2629 1384 2710 permultos
1407 2635 1439 2690 et
1460 2646 1519 2708 ego
1541 2626 1616 2688 novi
1631 2634 1678 2702 et,
1700 2627 1761 2690 nisi

449 2744 498 2787 me
519 2723 601 2787 fallit
620 2725 760 2799 animus,
782 2744 866 2786 unus
890 2724 1027 2808 quisque
1048 2731 1204 2797 vestrum,
1227 2723 1282 2805 qui
1298 2729 1331 2784 et
1344 2721 1404 2802 ipsi
1420 2719 1540 2783 incensi
1556 2726 1631 2782 sunt
1644 2720 1762 2795 studio,

450 2817 536 2901 quod
565 2818 604 2879 ad
632 2837 741 2900 agrum
770 2818 937 2882 colendum
964 2818 1092 2892 attinet,
1125 2817 1285 2900 vitamque
1310 2815 1393 2878 hano
1414 2814 1579 2888 rusticam,
1610 2834 1707 2897 quam
1727 2821 1763 2878 tu

447 2911 563 2994 probro
586 2919 617 2974 et
638 2912 760 2975 crimini
782 2922 877 2996 putas
899 2933 968 2976 esse
991 2921 1153 2995 oportere,
1176 2918 1208 2975 et
1227 2909 1482 2973 honestissimam
1497 2916 1530 2970 et
1543 2907 1762 2972 suavissimam

410 3014 517 3070 toesse
538 3006 739 3069 arbitrantur.
782 3002 833 3067 49.
856 3006 942 3082 Quid
966 3025 1074 3068 censes
1097 3004 1182 3067 hunc
1204 3005 1308 3086 ipsum
1331 3004 1404 3065 Sex.
1419 3003 1584 3077 Roscium,
1609 3022 1674 3086 quo
1698 3010 1763 3066 stu·

448 3099 500 3163 dio
533 3107 565 3162 et
592 3120 656 3183 qua
684 3099 894 3182 intelligentia
921 3120 991 3162 esse
1012 3098 1046 3161 in
1067 3098 1194 3161 rusticis
1216 3098 1331 3160 rehus‘l
1376 3097 1415 3159 Ut
1436 3116 1477 3159 ex
1498 3096 1549 3158 his
1571 3097 1762 3179 propinquis

448 3195 531 3268 eius,
553 3193 735 3257 hominibus
756 3194 1004 3268 honestissimis,
1027 3194 1139 3267 audio,
1161 3213 1226 3256 non
1241 3200 1274 3257 tu
1291 3193 1325 3255 in
1339 3192 1401 3254 isto
1416 3188 1549 3254 artificio
1564 3192 1762 3255 accusatorio

448 3287 593 3351 callidior
615 3308 648 3351 es
673 3309 769 3372 quam
790 3289 843 3352 hio
864 3290 897 3352 iu
919 3310 998 3353 suo..
1031 3291 1166 3362 Verum,
1199 3295 1235 3350 ut
1264 3288 1394 3370 opinor,
1427 3285 1578 3368 quoniam
1599 3285 1643 3348 ita
1667 3285 1764 3369 Chry·

447 3403 568 3465 sogono
590 3383 732 3457 videtur,
763 3384 817 3467 qui
839 3384 916 3446 huic
938 3384 1061 3448 nullum
1082 3383 1247 3467 praedium
1268 3382 1413 3464 reliquit,
1442 3387 1474 3442 et
1495 3377 1662 3443 artificium
1683 3379 1764 3443 obli·

410 3477 586 3539 ³oviscatur
607 3483 639 3538 et
660 3476 800 3539 studium
823 3477 962 3560 deponat
984 3479 1100 3542 licebit.
1132 3476 1228 3554 Quod
1250 3477 1373 3539 tametsi
1389 3474 1540 3537 miserum
1554 3481 1585 3536 et
1600 3474 1762 3554 indignum

448 3570 510 3636 est,
532 3560 611 3624 feret
633 3569 737 3623 tamen
758 3581 862 3645 aequo
877 3564 1000 3638 animo,
1023 3563 1162 3636 iudices,
1185 3562 1211 3624 si
1226 3583 1284 3644 per
1297 3580 1354 3624 vos
1370 3560 1465 3622 vitam
1481 3566 1513 3621 et
1527 3557 1641 3622 famam
1655 3564 1763 3639 potest

448 3654 599 3717 obtinere.
643 3655 711 3718 Hoc
732 3676 807 3718 vero
830 3663 891 3730 est,
914 3658 1001 3741 quod
1022 3658 1098 3720 ferri
1121 3677 1184 3719 non
1207 3663 1328 3738 potest,
1351 3654 1378 3716 si
1400 3654 1486 3716 etin
1507 3650 1762 3714 hanccalamita-

449 3754 511 3811 tem
534 3748 620 3811 venit
641 3756 770 3851 propter
792 3749 993 3831 praediorum
1014 3750 1188 3813 bonitatem
1210 3757 1242 3812 et
1263 3748 1512 3821 multitudinem,
1542 3754 1588 3820 et,
1617 3745 1704 3829 quod
1726 3764 1762 3807 ea

514 3934 536 3982 4.
552 3935 632 3995 possis
648 3936 677 3984 G.
699 3960 725 3969 -
745 3933 768 3983 ³.
786 3935 874 3994 ecquid
890 3933 933 3983 ed.
952 3935 1011 3984 Car.
1030 3933 1171 3996 Stephani:
1191 3933 1251 3993 qaid
1268 3934 1292 3983 M
1301 3946 1379 3992 vac,
1398 3934 1412 3982 7
1430 3934 1510 3992 Ome,
1528 3939 1587 3984 erret
1603 3933 1663 3995 qnid
1673 3933 1695 3981 G
1706 3933 1761 3996 (pro

447 4021 508 4060 emes
525 4009 629 4073 ecquid).
650 4037 677 4044 --
697 4007 721 4060 i.
740 4008 902 4072 Caecilianus]
922 4008 1073 4072 «Significat
1090 4006 1194 4058 Caecilii
1216 4009 1288 4057 Statii
1310 4006 1561 4071 Hypobolimaeum;
1585 4023 1611 4059 v.
1629 4008 1706 4059 Mein.
1728 4007 1761 4057 ad

448 4082 582 4135 Menandr.
602 4097 628 4147 p.
648 4084 703 4134 tlt.
722 4082 806 4147 [Com.
825 4083 916 4148 fragm.
934 4084 976 4134 lV.
996 4096 1021 4147 p.
1040 4082 1108 4144 tlt]
1132 4086 1159 4140 et
1176 4080 1295 4147 Spengel.
1315 4083 1341 4133 iu
1358 4082 1464 4133 Caecilii
1481 4084 1572 4146 fragm.
1590 4095 1616 4146 p.
1634 4083 1690 4143 27„
1717 4083 1762 4143 qui

449 4171 497 4223 pro
514 4159 651 4219 Eutychum
669 4186 696 4194 —
708 4160 835 4221 Eutychos
854 4158 910 4209 vult
932 4158 1076 4209 Aeschinem
1089 4184 1117 4194 -
1128 4158 1283 4207 Aeschinus.»
1301 4157 1345 4208 Or.
1363 4158 1388 4209 t.
1414 4159 1447 4208 nt
1462 4172 1488 4206 v.
1506 4157 1635 4209 Bitschelii
1650 4161 1762 4223 Pmergo

447 4234 527 4283 Pioot.
547 4235 565 4283 l.
584 4247 610 4298 p.
632 4233 678 4285 435
697 4237 749 4284 not.
770 4261 798 4271 -
821 4240 935 4296 eatocam
951 4235 1007 4293 Μ4;
1030 4234 1159 4294 moneam
1174 4246 1206 4290 v;
1231 4231 1352 4281 monum
1368 4235 1388 4282 G
1406 4234 1442 4294 (et
1457 4233 1496 4282 sic
1512 4232 1595 4296 intra).
1615 4261 1643 4272 -
1660 4235 1685 4284 ὃ.
1702 4246 1762 4283 coc·

447 4313 582 4358 restrotam
600 4310 661 4359 GM.
682 4335 709 4345 -
729 4310 753 4359 6.
771 4323 859 4360 nocuo
876 4324 900 4360 v.
922 4338 949 4346 -
967 4310 992 4360 8.
1010 4310 1042 4360 sit
1062 4321 1115 4357 om.
1139 4308 1190 4357 ME.
1211 4333 1236 4341 ·-
1257 4308 1371 4371 proferre
1387 4309 1513 4359 Gilvc:
1538 4309 1652 4371 proferro
1671 4310 1762 4371 possim

448 4384 593 4447 Esxqva.
614 4410 641 4420 ·-
660 4384 683 4434 9.
702 4385 799 4434 tribolis
815 4386 984 4436 MCllvac.
1005 4413 1033 4424 -
1053 4384 1092 4433 40.
1108 4382 1247 4445 plurimam
1263 4383 1313 4433 nt.
1328 4408 1354 4418 -
1375 4384 1414 4432 44,
1432 4388 1455 4432 ct
1472 4383 1498 4431 id
1513 4396 1539 4432 v.
1554 4410 1579 4420 -
1600 4383 1627 4448 ii]
1643 4383 1682 4432 sic
1698 4383 1762 4432 scri·

447 4458 505 4523 psi:
528 4458 553 4507 bi
570 4456 656 4521 vulgo.
678 4487 705 4496 -
729 4460 768 4510 43.
787 4461 851 4510 bunc
867 4473 920 4510 om.
940 4461 1049 4510 CESa.
1070 4485 1098 4494 -
1120 4472 1163 4521 ego
1181 4470 1234 4507 om.
1254 4460 1282 4508 G.
1303 4484 1330 4493 -
1350 4457 1389 4508 44.
1411 4459 1504 4508 Veiente
1520 4470 1579 4508 ac:
1601 4459 1710 4508 oraim
1726 4459 1759 4515 G;

446 4533 581 4584 condatem
597 4533 829 4592 ldv,301x.-
851 4534 919 4599 linx]
941 4535 1008 4584 beret
1028 4537 1057 4584 G.
1078 4563 1106 4570 -
1127 4547 1176 4583 esse
1193 4547 1211 4583 o
1231 4534 1310 4595 poetis
1327 4534 1418 4582 Ghlv:
1445 4534 1553 4595 oportit
1568 4545 1618 4582 esse
1633 4532 1711 4581 Oac.
1730 4556 1759 4568 -

450 4610 488 4660 46.
507 4613 607 4658 nostroe
623 4609 762 4659 Hotomani
778 4608 837 4660 libri
853 4612 971 4660 veteres:
994 4614 1107 4659 nostram
1124 4611 1265 4665 Gblvac;
1292 4606 1389 4657 delevit
1409 4612 1508 4658 nostroe
1523 4605 1609 4658 Madv.
1627 4607 1723 4670 Opusc.
1741 4607 1760 4656 l.

450 4697 477 4748 p.
497 4685 552 4735 tao.
576 4708 605 4720 -
628 4685 765 4735 videremus
787 4699 816 4735 c:
842 4685 976 4734 videvim
996 4685 1119 4737 GthS;
1145 4685 1273 4733 videamur
1292 4696 1342 4732 va.
1369 4708 1396 4719 ·-
1419 4683 1484 4744 roser
1511 4685 1545 4732 od
1566 4682 1679 4731 animum
1700 4681 1760 4732 Sch.

450 4786 478 4795 -
492 4759 531 4809 48.
545 4758 782 4822 patribusfamilias
793 4760 836 4810 Le
848 4774 854 4808 :
871 4759 984 4822 patribus
993 4760 1097 4823 [cordis
1107 4761 1161 4810 GM
1171 4760 1190 4809 C
1200 4759 1219 4808 Τ
1227 4774 1246 4818 χ
1256 4770 1294 4808 va
1308 4759 1340 4820 (v.
1351 4758 1454 4822 Zumpt.
1465 4756 1498 4807 ad
1508 4759 1582 4809 Verr.
1595 4773 1621 4824 p.
1635 4759 1683 4810 608
1694 4760 1760 4821 sq.);

446 4833 561 4895 potribra
575 4834 688 4898 semitae
704 4835 781 4885 codd.
801 4835 911 4885 Gruteri.
934 4863 960 4871 -
980 4835 1020 4884 49.
1038 4840 1061 4884 te
1077 4848 1130 4885 om.
1150 4848 1174 4885 v.
1194 4859 1222 4871 —
1241 4835 1282 4884 20.
1301 4834 1332 4895 et]
1350 4838 1424 4895 atqve
1440 4835 1469 4882 G.
1487 4861 1512 4870 --
1530 4834 1570 4883 20.
1589 4848 1620 4883 oc
1635 4847 1686 4882 oon
1701 4834 1726 4883 ld
1736 4846 1761 4892 v,

448 4913 478 4959 ut
495 4911 562 4961 coni.
582 4910 743 4972 Heusinger:
762 4915 789 4959 ot
804 4925 854 4960 ooo
871 4912 982 4971 G0ac,
1001 4909 1078 4960 codd.
1098 4908 1154 4960 rell.
1173 4910 1236 4960 noti.
1264 4908 1302 4959 Cf.
1315 4907 1435 4970 Madvigii
1450 4909 1520 4969 epist.
1532 4908 1566 4956 od
1578 4908 1651 4958 omit.
1665 4921 1691 4972 p.
1704 4907 1760 4956 440.

451 5010 478 5022 -·
498 4987 538 5036 at.
556 4985 601 5035 boc
617 4998 671 5035 om.
689 4998 714 5034 v.
735 5012 762 5021 -
780 4990 803 5035 et
819 4985 873 5049 ogo]
890 4998 944 5035 om.
963 4991 986 5035 ot
1002 4984 1077 5042 Sch.;
1103 4991 1131 5034 ot
1146 4998 1191 5048 ego
1208 4986 1237 5034 C.
1258 5011 1285 5019 -
1302 4983 1361 5032 nooi
1376 4995 1431 5032 om.
1447 4985 1476 5032 G.
1497 5010 1523 5017 -
1542 4982 1583 5033 23.
1601 4983 1668 5044 qood
1683 4982 1717 5030 ad
1732 4994 1760 5030 c:

450 5061 515 5122 quod
531 5063 567 5118 G;
585 5073 633 5123 quo
649 5059 683 5108 od
699 5056 741 5109 vel
758 5061 841 5121 quoad
857 5061 1037 5123 MCHoiva.
1058 5085 1084 5094 —
1104 5057 1145 5110 at.
1163 5065 1187 5110 et
1202 5073 1271 5109 mco.
1290 5065 1313 5109 et
1328 5059 1419 5108 amos.
1438 5071 1463 5107 v.
1483 5083 1510 5093 -
1528 5057 1569 5107 26.
1588 5058 1625 5107 bis
1640 5060 1668 5106 et
1683 5056 1764 5106 bomi-

449 5134 520 5184 nibus
537 5148 590 5186 om.
609 5136 637 5184 G.
658 5159 687 5171 -
711 5134 751 5185 28.
770 5148 794 5184 es
810 5147 864 5184 om.
883 5135 943 5185 Seli.
962 5135 1030 5185 etv.
1051 5161 1078 5170 -
1101 5135 1141 5185 30.
1159 5135 1246 5198 iicebit]
1268 5133 1343 5184 libere
1357 5131 1437 5184 mbit
1453 5132 1507 5181 Tv.
1527 5158 1554 5165 —
1572 5132 1614 5181 34.
1631 5131 1708 5194 fervet
1722 5130 1764 5180 ut

450 5211 567 5271 Cllxv.
586 5236 615 5248 -
632 5210 719 5277 potest]
737 5210 828 5275 potor-it
844 5211 872 5263 l..
893 5237 920 5246 -
945 5208 985 5260 32.
1005 5211 1114 5277 optinere
1130 5212 1185 5265 (tv.
1206 5236 1233 5245 -
1255 5209 1318 5276 scivi
1332 5207 1401 5258 collo
1415 5208 1488 5258 modo
1501 5211 1580 5271 polest
1596 5206 1655 5256 Soh.
1675 5231 1703 5241 -
1721 5203 1763 5255 33.

449 5287 542 5339 ommi
559 5300 584 5338 v.
