4367 6109
438 569 501 637 544
756 567 908 636 ORATIO
930 569 984 637 DE
1006 567 1174 637 IMPERIO
1197 567 1259 634 Gli.
1279 568 1446 635 solman

437 745 589 818 istorum,
611 742 665 827 qui
685 738 760 804 buia
782 739 958 803 obtrectant
977 739 1041 822 legi
1063 747 1159 824 atqua
1180 756 1310 815 causae,
1331 738 1367 803 L.
1381 736 1549 804 Lucullum
1562 736 1710 804 similiter
1725 756 1773 801 ex

436 839 497 903 boc
519 836 590 899 loco
612 855 683 899 essa
708 832 879 898 laudatum.

523 931 579 993 [x.
602 926 654 993 44.
675 929 864 1013 Requiratur
884 927 1016 994 fortasse
1037 947 1141 1003 nunc,
1172 947 1266 1011 quom
1288 927 1329 990 ad
1351 925 1498 1002 modum,
1527 946 1599 990 cum
1620 927 1774 1003 bseeita

438 1028 519 1102 aiut,
540 1024 699 1108 reliquum
720 1022 821 1106 possit
842 1042 990 1106 magnum
1012 1042 1082 1087 esse
1110 1022 1241 1086 ballum.
1279 1021 1482 1104 cognoscite,
1511 1020 1670 1099 Quiritem
1699 1042 1772 1087 non

415 1121 522 1187 tanim
544 1119 606 1181 hoc
628 1118 698 1180 sina
720 1135 816 1180 causa
838 1120 947 1200 quaeri
968 1116 1103 1181 ridetur.
1146 1117 1285 1179 Primum
1308 1136 1348 1178 ex
1372 1135 1430 1179 suo
1452 1134 1550 1198 regno
1573 1116 1619 1179 sic
1640 1116 1772 1181 Mithri·

437 1215 526 1279 dates
548 1209 706 1294 profugit,
727 1217 763 1273 ut
784 1230 825 1273 ex
846 1211 960 1274 eodem
982 1213 1081 1275 Ponto
1105 1208 1218 1274 ldedea
1238 1210 1294 1274 illa
1311 1210 1471 1294 quondam
1493 1209 1671 1292 profugisse
1685 1211 1771 1275 dici·

438 1314 506 1381 tur,
534 1324 631 1388 quam
659 1305 844 1388 praedicant
871 1305 904 1367 in
930 1304 1005 1388 iuga
1032 1303 1137 1368 fratris
1166 1305 1215 1367 sui
1237 1304 1378 1367 membra
1399 1304 1433 1365 in
1454 1303 1494 1366 iis
1515 1303 1613 1379 locis,
1643 1325 1709 1389 qua
1733 1324 1770 1368 aa

436 1419 552 1484 parens
573 1406 834 1482 persequeretur,
857 1398 1077 1481 dissiparare,
1107 1405 1142 1461 ut
1164 1418 1275 1462 eorum
1296 1396 1440 1461 collectio
1463 1397 1605 1481 dispersa
1628 1418 1770 1464 maeror·

437 1513 500 1579 que
522 1494 642 1577 patrius
664 1491 856 1556 celeritatem
879 1491 1092 1576 persequendi
1124 1493 1309 1555 retardaret.
1345 1491 1397 1555 Sic
1418 1490 1616 1555 Mithridates
1637 1492 1769 1576 lugiens

402 1601 430 1648 to
439 1585 607 1650 maximam
636 1587 700 1649 vim
729 1587 797 1649 auri
825 1594 923 1670 atque
951 1586 1072 1668 argenti
1101 1586 1448 1670 pulcherrimarumque
1476 1605 1581 1648 rerum
1610 1587 1768 1662 omnium,

439 1699 518 1764 quas
544 1688 576 1743 et
606 1700 625 1743 a
653 1680 821 1743 maioribus
851 1688 1014 1763 acceperat
1036 1687 1068 1742 et
1089 1680 1157 1763 ipse
1178 1680 1262 1744 bello
1284 1680 1448 1764 superiore
1471 1699 1513 1742 ex
1534 1686 1601 1742 tota
1621 1681 1695 1743 Asia
1718 1680 1771 1743 di·

438 1782 544 1858 reptas
565 1774 599 1836 in
620 1794 713 1838 suum
734 1795 864 1858 regnum
887 1781 1102 1856 congesserat,
1124 1774 1156 1837 in
1171 1776 1271 1838 Ponto
1286 1793 1412 1837 omnem
1426 1773 1564 1858 reliquit
1586 1774 1672 1838 llaec
1688 1773 1770 1839 dum

438 1869 537 1933 nostri
558 1868 712 1950 colligunt
733 1869 839 1932 omnia
861 1867 1061 1951 diligentius,
1083 1888 1142 1931 rex
1163 1868 1231 1951 ipse
1253 1887 1271 1930 e
1292 1869 1439 1932 manibus
1454 1868 1573 1951 effugit.
1605 1870 1652 1932 lta
1672 1869 1770 1933 illum

438 1963 471 2026 iu
499 1963 711 2047 persequendi
737 1963 841 2026 studio
870 1982 1010 2037 maeror,
1036 1963 1095 2027 hos
1123 1960 1243 2025 laetitia
1271 1962 1415 2026 tardavit
1457 1957 1508 2025 23.
1530 1963 1623 2027 llunc
1650 1965 1685 2028 in
1707 1964 1768 2028 illo

403 2054 553 2120 totimora
582 2064 615 2119 et
642 2057 717 2140 iuga
738 2057 906 2140 Tigranes,
934 2075 992 2119 rex
1020 2055 1207 2128 Armenius,
1239 2057 1366 2139 excepit
1386 2056 1647 2141 diffidentemque
1667 2058 1769 2122 rebus

439 2151 505 2215 auis
527 2150 724 2215 confirmavit
745 2159 777 2214 et
797 2149 946 2213 afflictum
968 2151 1071 2213 erexit
1103 2149 1327 2234 perditumque
1350 2151 1520 2215 recrearit:
1549 2152 1639 2216 auius
1660 2153 1693 2216 iu
1715 2172 1770 2216 re·

438 2264 535 2327 gnum
557 2253 762 2328 posteaquam
785 2245 819 2307 L.
842 2244 992 2308 Lucullus
1014 2265 1084 2307 cum
1107 2243 1249 2307 exercitu
1271 2246 1375 2320 venit,
1403 2246 1510 2329 plures
1538 2246 1631 2308 etiam
1654 2255 1769 2329 gentes

439 2345 548 2402 eontra
575 2339 796 2421 imperatorem
824 2346 967 2403 nostrum
990 2339 1165 2402 concitatae
1187 2347 1270 2402 sunt
1304 2338 1381 2403 Erat
1401 2340 1486 2403 enim
1507 2346 1609 2403 metus
1631 2340 1769 2404 iniectus

438 2431 477 2495 iis
497 2432 695 2508 nationibus,
720 2453 800 2517 quas
820 2451 993 2515 numquam
1014 2432 1153 2517 populus
1166 2434 1327 2496 Romanus
1341 2453 1447 2517 neque
1467 2433 1665 2498 lacessendas
1680 2433 1768 2497 bello

402 2545 544 2611 maeque
565 2526 732 2591 tentandas
753 2528 894 2611 putavit;
917 2535 984 2590 erat
1005 2527 1101 2590 etiam
1123 2527 1187 2590 alia
1208 2528 1312 2609 gravis
1333 2536 1431 2611 atque
1451 2528 1623 2591 vehemens
1644 2528 1768 2612 opinio,

439 2640 523 2705 quaa
544 2621 668 2685 animoa
689 2621 831 2704 gentium
853 2621 1055 2684 barbararum
1077 2627 1278 2704 pervaserat,
1299 2622 1364 2685 lani
1385 2621 1625 2704 locupletissimi
1639 2631 1671 2686 et
1691 2622 1769 2686 reli·

439 2714 608 2799 giosissimi
630 2715 798 2798 diripiendi
821 2735 917 2779 causa
938 2716 970 2778 in
993 2734 1046 2780 eas
1064 2734 1136 2779 oras
1150 2722 1294 2780 nostrum
1309 2734 1379 2779 esse
1394 2716 1568 2780 exercitum
1583 2716 1768 2781 adductum.

438 2810 486 2873 lta
507 2811 651 2874 nationes
674 2810 792 2873 multae
813 2818 909 2893 atque
932 2829 1063 2891 magnae
1084 2829 1169 2873 novo
1192 2808 1330 2893 quodam
1353 2817 1472 2874 terrare
1493 2830 1530 2873 ac
1551 2818 1638 2874 metu
1659 2812 1768 2876 conci·

438 2904 595 2968 tabantur.
625 2905 738 2967 Noster
758 2909 863 2967 autem
884 2905 1058 2979 exereitus,
1081 2904 1206 2968 tametsi
1220 2904 1330 2967 urbem
1346 2924 1386 2967 ex
1400 2904 1543 2987 Tigranis
1558 2924 1656 2987 reguo
1671 2926 1768 2989 cepe-

401 3005 486 3064 444444
508 3005 540 3062 44
560 2997 689 3082 proeliis
710 3017 788 3060 usus
810 3004 878 3061 erat
899 2998 1064 3072 secundis,
1086 3005 1191 3062 tamen
1215 2998 1314 3061 nimia
1327 2997 1558 3081 longinquitate
1572 2999 1711 3062 laconum
1727 3018 1766 3064 44

439 3092 596 3157 desiderio
627 3111 755 3155 suorum
787 3093 1053 3157 commovebatur.
1097 3089 1235 3155 alania
1263 3094 1325 3155 iam
1353 3094 1445 3177 plura
1467 3113 1531 3156 non
1554 3093 1673 3156 dicam:
1702 3092 1767 3157 luit

439 3188 522 3253 euim
550 3186 629 3251 illud
657 3195 850 3259 extremum,
879 3195 914 3249 ut
941 3207 983 3249 ax
1004 3187 1044 3250 iis
1065 3186 1146 3259 locis
1168 3205 1187 3249 a
1207 3185 1361 3251 militibus
1383 3186 1501 3250 nostris
1522 3186 1643 3250 reditus
1665 3188 1765 3270 magis

439 3289 581 3344 maturus
604 3300 698 3365 quam
721 3281 880 3368 prooessip
902 3281 1028 3364 longior
1051 3288 1264 3365 quaereretur.
1295 3281 1493 3343 blitbridates
1507 3289 1612 3344 autem
1628 3289 1660 3345 et
1674 3301 1766 3345 auam

439 3393 566 3437 manum
587 3376 648 3439 iam
663 3371 861 3438 confirmarat
877 3373 919 3459 [et
933 3395 1053 3450 eorum,
1076 3376 1131 3459 qui
1152 3395 1186 3438 se
1203 3394 1243 3437 ex
1260 3375 1360 3457 ipsius
1376 3395 1473 3457 regno
1489 3371 1710 3459 collegerant],
1734 3382 1766 3440 et

298 3515 301 3521 -
401 3469 562 3550 romagnis
583 3468 767 3534 adventiciis
787 3470 915 3534 auxiliis
937 3469 1108 3532 multorum
1129 3488 1237 3553 regum
1260 3475 1292 3531 et
1314 3468 1478 3532 nationum
1493 3469 1668 3533 iurabatur.
1697 3470 1766 3533 lam

505 3766 530 3815 4.
548 3764 680 3816 4444444444
695 3767 726 3817 V.
741 3792 769 3802 -
788 3768 813 3817 4.
831 3767 989 3818 bacandum
1005 3769 1032 3819 4.
1047 3792 1074 3802 -
1094 3765 1119 3818 4.
1136 3778 1258 3829 magnum
1274 3764 1400 3816 asseEV:
1417 3777 1468 3816 asse
1482 3779 1603 3829 maguum
1619 3766 1764 3823 444440.

442 3864 470 3876 -
488 3840 513 3889 44.
531 3840 577 3890 boc
592 3839 817 3903 WCbEvlto:
844 3856 898 3894 om.
917 3841 1030 3896 aaut.
1055 3866 1082 3880 -
1110 3842 1146 3892 sic
1165 3854 1219 3892 om.
1239 3840 1297 3891 EV.
1318 3867 1346 3878 -
1371 3842 1395 3891 6.
1413 3854 1446 3892 aa
1462 3843 1766 3904 sodcm--perrapusndi

440 3916 582 3967 retardaret
597 3915 684 3967 Sobol.
704 3919 801 3968 Lucani
818 3918 849 3969 ll.
868 3917 925 3970 464.
948 3917 1021 3969 Conl.
1040 3918 1095 3968 Ciu.
1114 3916 1148 3967 (44
1166 3916 1240 3967 deor.
1260 3917 1313 3965 nat.
1332 3915 1374 3965 444.
1393 3914 1417 3979 9.
1430 3916 1472 3967 46.
1487 3944 1515 3954 -
1530 3917 1670 3980 prosapias
1682 3931 1765 3979 quon·

440 3990 546 4043 damv.
566 4018 593 4029 -
616 3992 799 4052 7.ioliisv;
822 3994 947 4043 444444.
967 4019 994 4028 -
1019 3992 1309 4053 renumeraret.
1329 4017 1357 4026 -
1380 3991 1765 4055 erumpamu-

439 4065 493 4127 ipsa
510 4067 567 4119 Fa,
587 4093 615 4105 -
632 4068 756 4131 asperiori
773 4069 799 4119 F.
814 4096 842 4105 -
860 4069 900 4118 43.
917 4068 992 4117 uestri
1009 4067 1035 4116 F.
1053 4092 1073 4104 -
1097 4068 1118 4129 4]
1136 4064 1226 4127 44440.
1245 4067 1313 4130 (lluc
1329 4066 1400 4116 enlm
1417 4067 1556 4118 referenda
1574 4069 1615 4118 est
1626 4067 1686 4118 eod.
1700 4069 1766 4117 Par-

441 4142 528 4191 444444
545 4139 622 4192 lectio
639 4156 668 4202 a,
687 4157 741 4194 uon
758 4143 792 4194 ad
809 4146 966 4205 sequentem
981 4154 1072 4206 praep.
1085 4141 1133 4201 io.)
1147 4169 1174 4178 -
1192 4143 1263 4191 444444
1279 4155 1297 4190 a
1313 4147 1366 4190 tam
1382 4145 1424 4205 (aa
1437 4142 1524 4206 glossa
1534 4146 1634 4203 attam,
1652 4141 1764 4194 utbenc

440 4214 505 4265 aldit
521 4215 648 4280 Halmius)
665 4218 826 4280 permeandi
843 4217 902 4267 EV.
922 4242 948 4253 —
970 4215 1010 4267 44.
1028 4218 1139 4267 medaria
1156 4216 1219 4267 EV:
1238 4217 1377 4267 retardavit
1393 4216 1536 4271 444440.
1557 4245 1584 4253 -
1608 4218 1648 4268 lb.
1666 4217 1764 4282 tonora}

439 4297 550 4355 mpure
565 4294 623 4344 EV.
641 4319 666 4331 «-
683 4294 817 4344 Ararenias
832 4290 865 4354 44.
881 4317 908 4329 -
929 4292 959 4343 46
986 4292 1117 4357 remeauit]
1129 4293 1261 4342 renouauit
1278 4293 1304 4342 F.
1318 4317 1346 4327 -·
1366 4292 1407 4342 47.
1425 4293 1453 4342 4..
1469 4305 1522 4342 om.
1541 4292 1600 4342 EV.
1627 4292 1665 4343 Ci.
1683 4292 1708 4356 5.
1721 4293 1763 4342 444.

439 4367 480 4419 40.
496 4394 523 4404 -
537 4368 576 4418 40.
594 4369 688 4427 iiim
705 4371 743 4419 444
759 4371 791 4428 u;
810 4370 836 4419 ia
852 4370 966 4419 bisF.—
984 4382 1134 4418 444--444
1151 4369 1178 4418 F.
1193 4393 1212 4406 ·
1240 4367 1301 4418 betto
1317 4367 1471 4417 4444444444
1487 4380 1539 4430 mg.
1553 4365 1580 4421 4.
1596 4394 1623 4404 -
1641 4367 1682 4418 40.
1700 4373 1766 4416 4444-

424 4445 546 4507 444444
562 4444 621 4494 EV.
642 4470 669 4479 —
687 4445 728 4494 44.
747 4445 844 4494 caimos
860 4445 924 4495 EV:
942 4456 988 4506 per
1004 4443 1101 4492 anicios
1116 4441 1255 4496 444440.
1276 4470 1303 4481 -
1323 4444 1354 4509 44]
1372 4449 1447 4506 atquc
1462 4440 1495 4504 44.
1516 4471 1543 4480 -
1560 4443 1670 4507 religiosi
1684 4442 1713 4493 F.
1734 4467 1763 4479 -

425 4516 544 4569 ’444444
559 4519 770 4568 mrctamssv:
788 4519 925 4568 4444444444
941 4517 1145 4572 4444444440.
1159 4545 1186 4555 -
1201 4520 1370 4570 aduectamF.
1387 4546 1412 4556 -
1431 4518 1472 4569 44.
1485 4515 1764 4578 444444ιὶ4444,844444.;

440 4599 493 4643 term
508 4593 553 4643 atsi
570 4594 601 4652 li;
627 4594 671 4642 etsi
687 4595 735 4643 444
747 4592 828 4649 440.
850 4620 877 4629 -
904 4593 945 4654 er]
968 4598 991 4642 44
1008 4592 1103 4657 Etlr.)
1114 4594 1144 4642 V.
1170 4594 1209 4645 ct.
1228 4595 1253 4659 5.
1271 4596 1295 4644 4.
1317 4622 1342 4631 -
1372 4594 1474 4658 Tigrani
1495 4593 1543 4644 Cb.
1573 4593 1612 4644 Cl.
1630 4593 1654 4656 5.
1672 4593 1713 4642 40.
1735 4619 1765 4629 -

335 4680 337 4686 ’
439 4667 483 4719 td.
500 4667 645 4718 morabatur
661 4665 693 4729 04.
713 4694 740 4704 -
764 4669 804 4718 47.
824 4668 897 4732 caim]
915 4674 997 4718 444444
1014 4666 1046 4731 t).
1068 4695 1095 4704 -
1122 4669 1169 4718 biis
1184 4670 1220 4728 νς
1246 4671 1283 4719 bis
1305 4671 1361 4720 Fa.
1381 4696 1409 4705 -
1436 4670 1529 4719 4444444
1544 4671 1626 4734 magis
1639 4667 1765 4732 44444444]

440 4745 543 4794 recessio
558 4745 685 4793 mutarim
700 4741 733 4805 tii.
753 4771 781 4779 -
801 4744 840 4794 48.
858 4757 986 4807 processus
1002 4742 1086 4797 Alb.
1109 4770 1135 4779 -
1159 4745 1201 4794 49.
1219 4747 1382 4809 coadunaret
1404 4759 1490 4794 cortem
1506 4758 1584 4806 opera
1599 4745 1642 4806 qui
1658 4742 1692 4792 ad
1708 4757 1767 4793 44444

441 4835 474 4874 aa
496 4821 573 4882 ipsias
591 4833 668 4884 ragno
688 4825 856 4870 cmeerseraat
874 4819 1011 4868 manitesta
1035 4817 1235 4882 interpolatione
1253 4820 1300 4870 Cb.
1329 4818 1420 4880 ·Quod
1438 4819 1594 4870 Matthiaeus
1612 4820 1648 4881 [et
1663 4817 1766 4870 Madvi-

441 4894 509 4958 gius]
525 4900 549 4943 et
565 4897 625 4945 aute
642 4907 728 4944 consa
744 4893 854 4953 delerit,
874 4897 903 4944 ut
917 4907 1008 4942 manas
1023 4906 1109 4943 aarum
1126 4896 1212 4954 esset,
1230 4908 1299 4958 quae
1317 4896 1453 4944 constaret
1463 4909 1495 4944 ex
1512 4895 1555 4955 iis,
1574 4895 1618 4959 qui
1636 4907 1665 4944 se
1682 4893 1766 4944 culle-

442 4971 554 5034 gtsseat‚
573 4968 598 5019 id
616 4970 637 5021 si
655 4983 707 5021 aoa
726 4982 818 5034 parum
832 4970 965 5029 Latinum,
984 4970 1057 5019 certe
1075 4970 1108 5018 ita
1127 4972 1216 5019 tamea
1233 4969 1329 5019 durum
1347 4971 1401 5026 est.
1420 4974 1449 5019 ut
1460 4969 1521 5020 terri
1533 4969 1604 5020 nollo
1615 4972 1692 5034 pacto
1703 4971 1764 5019 sit.»

441 5047 572 5105 Benacus,
594 5045 640 5109 qul
660 5045 742 5096 verba
765 5051 787 5095 44
809 5059 895 5095 aarum
906 5071 942 5082 --
953 5045 1104 5107 eodcperant
1119 5044 1153 5095 ab
1171 5043 1256 5095 aliena
1274 5056 1354 5094 manu
1371 5042 1460 5094 addita
1477 5058 1537 5096 esse
1555 5048 1637 5109 putat.
1657 5070 1684 5080 -
1702 5058 1765 5094 coe-

440 5120 554 5184 flrmaait
571 5120 596 5169 F.
618 5145 643 5155 -
663 5120 741 5182 444444
757 5115 979 5182 cuarrrrvu:
1003 5121 1056 5170 4444
1073 5119 1241 5173 fultio.
1267 5145 1295 5157 -
1319 5119 1360 5169 30.
1379 5121 1484 5169 comitiis
1499 5117 1688 5182 wcuuvp,
1707 5132 1761 5182 mg.

442 5196 477 5251 b:
495 5209 549 5246 om.
568 5194 709 5250 444440.
729 5223 757 5233 -
779 5197 909 5245 actionem
924 5195 1002 5257 copiis
1017 5195 1153 5245 iocabatur
1168 5208 1230 5246 cum
1247 5194 1290 5245 ed.
1309 5194 1409 5245 Veneta
1426 5209 1450 5245 a.
1469 5194 1543 5246 4480.
1562 5191 1646 5247 tto.
1663 5219 1691 5229 —
1709 5194 1765 5244 iam

442 5271 487 5324 boc
503 5272 562 5335 EV,
581 5269 682 5326 schol:
700 5285 763 5325 nora
777 5271 822 5322 boc
838 5268 875 5336 ως
893 5271 939 5321 boa
955 5271 1008 5321 iam
1025 5268 1166 5326 tillio.
