4367 6109
465 558 528 626 tol
838 562 881 627 lN
902 559 1070 628 vanam
1089 558 1215 627 acmo
1237 558 1422 631 SECUNDA
1491 604 1494 628 2

463 752 556 810 resne
584 731 641 796 tibi
670 732 749 797 tanti
768 729 844 807 fuit,
872 738 909 794 ut
930 731 998 795 eius
1020 730 1188 794 libidinem
1208 731 1374 796 bominum
1395 731 1614 798 innocentium
1636 736 1791 818 sanguina

463 825 510 890 lui
538 824 661 889 vellesl
693 825 861 888 idcircone
892 826 1065 889 exercitum
1093 832 1191 908 atque
1218 825 1344 890 hostem
1374 825 1595 911 relinquebas,
1626 836 1663 892 ut
1683 837 1738 893 tua
1758 830 1791 892 vi

464 926 496 985 ct
526 919 713 984 crudelitate
739 919 833 982 istius
860 919 1001 984 hominis
1029 919 1259 1003 improbissimi
1280 919 1425 1003 pericula
1444 920 1653 986 sublevares?
1696 923 1792 998 Quod

464 1014 548 1077 enim
577 1033 649 1077 aum
678 1012 736 1076 tibi
766 1013 946 1096 quaestoris
967 1013 1001 1076 in
1023 1013 1095 1078 loco
1119 1013 1343 1089 constitueras,
1377 1014 1496 1077 idcirco
1518 1015 1576 1080 tibi
1598 1016 1736 1079 amicum
1759 1016 1792 1079 iu

438 1112 652 1190 sperpetuum
673 1104 744 1169 lore
765 1105 907 1190 putasti?
937 1107 1108 1171 Nesciebas
1129 1106 1169 1170 ab
1184 1126 1223 1171 eo
1240 1107 1296 1172 Cn,
1312 1107 1488 1173 Carbonem
1503 1108 1679 1182 consulem,
1701 1109 1792 1172 cuius

462 1220 497 1266 re
518 1219 594 1265 vera
615 1208 767 1285 quaestor
787 1200 908 1276 fuerat,
931 1220 997 1264 non
1012 1201 1108 1263 modo
1131 1200 1287 1274 relictum,
1311 1200 1367 1265 sed
1390 1202 1485 1265 etiam
1506 1201 1679 1285 spoliatum
1701 1203 1793 1265 auxi·

462 1293 532 1368 liis,
553 1294 706 1376 pecunia,
727 1294 847 1359 nefarie
870 1301 1088 1378 oppugnatum
1106 1301 1139 1358 et
1152 1294 1341 1377 proditum?
1363 1295 1523 1378 Expertus
1538 1295 1636 1377 igitur
1649 1316 1684 1360 es
1699 1296 1793 1360 istius

461 1383 625 1473 perfidiam
649 1394 731 1464 tum,
754 1408 826 1453 cum
848 1388 972 1472 ipsese
993 1389 1034 1451 ad
1055 1388 1203 1453 inimicos
1225 1395 1299 1454 tuos
1316 1389 1470 1463 contulit,
1492 1404 1564 1452 cnm
1586 1389 1620 1451 in
1642 1397 1673 1455 te
1694 1389 1793 1455 bomo

461 1480 532 1565 ipsc
548 1499 668 1544 nocens
685 1481 875 1548 acerrimum
894 1482 1114 1546 testimonium
1135 1481 1226 1556 dixit,
1249 1501 1321 1545 cum
1343 1483 1483 1546 rationes
1501 1483 1542 1546 ad
1561 1484 1718 1547 aerenum
1729 1485 1793 1548 nisi

425 1574 612 1640 todamnato
633 1581 665 1639 ta
686 1576 803 1639 resena
822 1576 936 1640 noluit
980 1576 1099 1640 lllllll.
1121 1574 1172 1639 78.
1195 1578 1356 1639 Tantaene
1378 1584 1469 1651 tuae,
1489 1578 1621 1650 Verres,
1640 1577 1790 1643 libidines

463 1675 573 1743 arunt,
600 1673 637 1731 ut
665 1688 719 1734 eas
745 1690 859 1754 capere
880 1689 917 1734 ac
938 1672 1097 1735 sustinere
1119 1688 1185 1733 non
1209 1669 1392 1752 provinciae
1414 1670 1527 1752 populi
1548 1670 1701 1744 Romani,
1728 1689 1794 1734 non

462 1766 608 1833 nationes
630 1772 758 1831 exterae
780 1763 930 1848 possint?
966 1766 1057 1827 Tune
1072 1763 1160 1849 quod
1174 1762 1309 1837 videris,
1332 1762 1420 1847 quod
1433 1763 1592 1838 audiaris,
1614 1764 1704 1847 quod
1717 1783 1795 1827 con·

463 1860 620 1943 cupieris,
652 1858 740 1945 quod
774 1857 941 1941 cogitaris,
974 1857 1036 1920 nisi
1064 1858 1099 1921 id
1126 1857 1167 1922 ad
1191 1865 1303 1921 nutum
1325 1865 1415 1921 tuum
1436 1865 1564 1940 praesto
1584 1857 1698 1932 fuerit,
1730 1857 1793 1921 nisi

463 1952 589 2019 libidini
611 1961 684 2018 tuae
707 1951 938 2036 cupiditatique
959 1952 1119 2035 paruerit,
1143 1951 1353 2016 immittentur
1370 1951 1541 2015 bominest
1563 1951 1794 2036 expugnabun-

427 2047 677 2117 retardemus?
707 2046 851 2111 civitates
879 2065 945 2110 non
968 2044 1064 2109 modo
1085 2053 1236 2129 pacatae,
1264 2063 1376 2114 rerum
1397 2046 1675 2111 etiamsociorum
1696 2055 1794 2132 atqua

462 2142 636 2209 amicorum
667 2139 708 2205 ad
735 2140 798 2204 rim
824 2148 922 2225 atque
950 2139 991 2202 ad
1012 2158 1100 2205 arma
1121 2138 1325 2222 confugient,
1353 2147 1391 2205 ut
1410 2139 1450 2203 ab
1470 2160 1505 2204 se
1526 2147 1624 2224 atque
1645 2160 1664 2204 a
1685 2140 1794 2205 liberis

464 2236 531 2304 suis
552 2235 648 2319 legati
668 2233 780 2320 populi
804 2233 938 2299 Romani
958 2234 1064 2299 scelus
1085 2254 1123 2297 ac
1145 2232 1310 2302 libidinem
1331 2233 1522 2317 propulsare
1543 2235 1688 2319 possint?
1714 2236 1794 2300 Nem

464 2349 584 2417 quaero
605 2331 663 2394 abs
684 2335 734 2404 te,
757 2329 1026 2393 circumsessusne
1049 2329 1092 2392 sis
1112 2326 1296 2411 Lampsaci3
1318 2327 1500 2410 coeperitne
1515 2330 1661 2404 domum,
1681 2332 1716 2396 in
1730 2352 1795 2417 qua

464 2423 687 2499 deversabare,
714 2423 770 2486 illa
798 2422 968 2486 multitudo
991 2421 1179 2496 incendere;
1210 2422 1414 2486 voluerintne
1435 2422 1576 2505 legatum
1597 2427 1710 2511 populi
1731 2427 1795 2489 llo-

426 2517 551 2583 ttmani
579 2517 767 2581 comburere
796 2516 904 2581 vivum
932 2517 1151 2599 Lampsaceni.
1193 2518 1316 2599 Negare
1342 2537 1409 2581 non
1430 2524 1533 2601 potes.
1574 2519 1685 2583 Habeo
1708 2521 1794 2585 enirn

464 2612 701 2687 testimonium,
724 2611 812 2697 quod
833 2610 919 2695 apud
940 2611 1099 2673 Neronem
1122 2609 1249 2673 dixisti:
1275 2610 1378 2674 habeo
1408 2631 1489 2695 quas
1517 2613 1558 2677 ad
1585 2615 1722 2678 eundem
1744 2615 1796 2679 lit·

464 2715 547 2772 teras
576 2705 700 2770 misisti.
743 2702 795 2768 79.
817 2704 928 2770 Recita
954 2704 1042 2768 hunc
1069 2706 1175 2789 ipsum
1200 2705 1307 2769 locum
1334 2707 1374 2769 de
1399 2707 1594 2772 testimonio.
1637 2710 1795 2772 Τιιιιτιιιο-

464 2820 541 2866 arva
572 2801 605 2863 C.
628 2801 747 2865 Vsaars
774 2820 808 2865 ιιι
828 2801 1079 2864 Aarnurnoaru.
1114 2802 1184 2863 Nou
1210 2819 1317 2863 usuro
1339 2818 1416 2864 rosr
1437 2819 1472 2865 ιιι
1492 2820 1605 2865 nourrr
1627 2846 1636 2864 .
1658 2845 1697 2865 ..
1724 2802 1796 2864 ltel-

464 2893 573 2959 lumne
605 2894 726 2978 populo
755 2896 898 2959 Romano
927 2894 1144 2978 Lampsacena
1165 2892 1277 2958 civitas
1304 2893 1409 2959 lacere
1430 2896 1630 2960 conabatur?
1661 2894 1795 2961 deficere

426 2989 506 3055 atab
527 2989 662 3073 imperio
684 3010 722 3053 ac
743 2989 874 3052 nomine
896 2996 1005 3053 nostro
1027 2988 1182 3052 uolebat?
1217 2989 1320 3052 Viden
1342 2989 1429 3052 enim
1450 2997 1482 3054 et
1497 3010 1538 3054 ex
1552 2990 1610 3066 iis,
1633 3012 1716 3077 qnae
1730 2992 1794 3073 legi

465 3091 498 3147 et
518 3084 641 3159 audivi,
669 3083 834 3167 intelligo:
866 3083 899 3147 in
932 3103 996 3167 qua
1024 3082 1151 3147 civitate
1172 3101 1240 3146 non
1261 3083 1357 3146 modo
1379 3083 1502 3166 legatus
1523 3085 1636 3169 populi
1660 3087 1794 3150 Romani

465 3178 709 3254 circumsessus,
730 3198 796 3241 non
818 3178 914 3241 modo
937 3177 1020 3260 igni,
1040 3176 1144 3252 ferro,
1166 3197 1281 3252 manu,
1303 3178 1404 3262 copiis
1424 3188 1644 3262 oppugnatus,
1666 3178 1723 3243 sed
1737 3179 1795 3242 ali·

465 3293 529 3357 qua
550 3291 592 3336 ex
611 3277 702 3356 parte
724 3270 862 3336 violatus
883 3272 940 3346 sit,
961 3269 1171 3355 nisipublice
1186 3271 1394 3335 satisfactum
1412 3271 1471 3345 sit,
1494 3272 1524 3335 el
1540 3271 1660 3338 civitati
1674 3271 1795 3335 bellum

463 3366 563 3432 indici
585 3374 681 3450 atque
702 3365 813 3429 inferri
835 3365 949 3429 solere.
982 3362 1033 3429 80.
1057 3364 1149 3441 Quae
1169 3364 1232 3428 luit
1253 3366 1349 3447 igitur
1370 3385 1481 3441 causa,
1503 3387 1560 3429 cur
1581 3373 1697 3431 cuncta
1718 3366 1796 3430 civi·

426 3469 512 3527 aetas
540 3461 828 3545 Lampsacenorum
856 3459 896 3524 de
925 3459 1093 3533 contione,
1122 3459 1389 3542 quamadmodum
1411 3466 1479 3522 tute
1501 3460 1630 3535 scribis,
1664 3461 1795 3523 domum

464 3563 551 3620 tuam
573 3554 788 3619 concurrerit?
822 3555 870 3616 Tu
893 3554 980 3616 enim
1001 3572 1107 3638 neque
1124 3553 1158 3614 in
1180 3552 1306 3627 litteris,
1328 3572 1409 3636 quas
1422 3554 1542 3616 Neroni
1556 3555 1667 3629 mittis,
1689 3573 1796 3636 neque

464 3649 500 3711 in
520 3649 703 3714 testimonio
725 3667 852 3712 causam
874 3647 954 3712 tanti
976 3646 1132 3710 tumultus
1154 3634 1436 3710 ostendis-ullam:
1463 3647 1629 3711 obsessum
1649 3655 1682 3711 te
1703 3646 1796 3721 dicis,

465 3743 571 3826 ignem
593 3742 741 3818 allatum,
763 3751 922 3808 ammenta
943 3741 1154 3816 circumdata,
1177 3741 1322 3804 lictorem
1343 3749 1434 3805 tuum
1449 3742 1589 3804 occisum
1612 3761 1682 3806 esse
1704 3742 1796 3817 dicis,

464 3837 644 3920 prodeundi
666 3837 723 3900 tibi
745 3837 780 3900 in
800 3836 964 3921 publicum
986 3841 1179 3920 potestatam
1193 3835 1309 3899 factam
1323 3854 1441 3918 negas:
1463 3855 1592 3899 causam
1604 3835 1701 3898 buius
1715 3836 1796 3899 tanti

427 3930 595 3995 mterroris
624 3932 775 3995 occultes.
817 3933 897 3995 Nam
927 3931 954 3994 si
984 3949 1081 4014 quam
1107 3929 1245 3992 Rubrius
1267 3929 1417 3992 iniuriam
1438 3949 1499 3993 suo
1520 3929 1650 3993 nomine
1671 3948 1709 3992 ac
1730 3948 1796 3991 non

465 4024 606 4109 impulsu
633 4033 689 4089 tuo
718 4033 750 4089 et
777 4033 831 4088 tua
860 4025 1033 4108 cupiditate
1053 4022 1200 4098 lecisset,
1227 4023 1268 4086 de
1289 4023 1337 4087 tui
1359 4023 1484 4087 comitis
1506 4023 1796 4107 iniuriaquesturn

466 4120 506 4185 ad
534 4128 566 4183 tc
595 4121 700 4204 potius
734 4139 830 4204 quam
851 4125 883 4182 te
906 4125 1126 4202 oppugnatum
1147 4116 1302 4180 venirent
1347 4116 1425 4181 Cum
1447 4117 1561 4201 igitur,
1595 4138 1678 4203 quae
1700 4138 1796 4182 causa

465 4213 553 4279 illius
568 4211 722 4277 tumultus
736 4213 850 4287 fuerit,
873 4219 968 4276 testes
985 4212 1112 4276 anobis
1126 4210 1274 4296 producti
1290 4210 1440 4285 dixerint,
1455 4210 1525 4295 ipse
1540 4211 1665 4276 celarit:
1687 4232 1795 4276 nonne

466 4328 595 4372 causam
612 4308 711 4383 hanc,
733 4328 831 4394 quam
844 4328 905 4373 nos
919 4307 1157 4392 proposuimus,
1179 4326 1252 4369 cum
1267 4306 1395 4369 illorum
1410 4305 1604 4382 testimonia,
1619 4313 1686 4369 tum
1701 4304 1795 4369 istius

532 4609 557 4661 4.
583 4609 740 4660 morentiae
760 4609 794 4660 Gt
816 4608 854 4672 (ut
870 4608 912 4659 lV.
931 4609 955 4672 s.
975 4607 1033 4659 446.
1053 4609 1080 4659 et
1095 4619 1177 4672 saepe
1194 4604 1279 4668 alibi).
1303 4630 1331 4643 -
1357 4602 1383 4655 4.
1406 4604 1433 4655 to
1453 4603 1507 4655 loco
1523 4603 1586 4667 ⁶³5
1601 4605 1664 4668 lag.
1682 4617 1795 4657 omnes:

466 4685 494 4734 lo
510 4684 591 4735 baem
607 4682 641 4735 al.
660 4683 690 4734 Ο.
711 4710 738 4720 -
757 4685 782 4734 a.
800 4683 855 4746 fore
870 4685 976 4747 moeso
992 4683 1039 4735 Ld.
1060 4710 1087 4718 —
1107 4682 1131 4732 6.
1148 4683 1234 4745 [caat
1250 4683 1282 4732 Gt
1294 4682 1310 4731 4
1322 4679 1433 4743 clm:
1451 4679 1501 4742 suit
1516 4679 1566 4730 dtt.
1584 4680 1615 4730 0.
1635 4705 1663 4716 *
1681 4680 1706 4731 7.
1722 4694 1798 4742 pacas-

466 4760 513 4811 olo
528 4771 581 4809 om.
600 4759 628 4809 L.
649 4785 676 4793 -
695 4758 720 4809 8.
738 4759 791 4820 ipse
806 4769 832 4808 se
848 4759 880 4808 Gt
894 4758 952 4819 25:
970 4771 996 4809 se
1013 4758 1061 4809 dtt.
1074 4758 1104 4808 0.
1119 4784 1146 4794 -
1165 4757 1206 4806 44.
1224 4757 1291 4819 quod
1304 4769 1385 4816 conc,
1403 4756 1470 4818 quod
1485 4756 1545 4806 oud.
1558 4755 1605 4805 Gt.
1620 4780 1646 4793 -
1667 4755 1707 4807 46.
1721 4761 1798 4818 atquo

467 4848 487 4885 c
502 4834 543 4885 ao.
561 4833 594 4885 Gt
607 4849 625 4896 ς
640 4831 716 4885 multi
732 4833 800 4885 dtt.:
818 4838 893 4896 atquc
904 4833 946 4883 444.
960 4835 997 4883 Gt
1006 4834 1089 4898 1,th
1108 4837 1184 4893 atque
1199 4831 1231 4881 ab
1248 4831 1290 4883 444.
1309 4830 1357 4881 (144.
1370 4832 1399 4882 0.
1415 4858 1442 4868 -
1456 4832 1498 4880 44.
1510 4831 1676 4881 ostimentum
1691 4831 1725 4881 Gt
1738 4831 1794 4891 25:

466 4911 520 4960 tart.
538 4912 608 4959 tam
625 4907 673 4958 dtt.
692 4910 726 4969 03
745 4909 911 4960 testimonium
924 4907 1052 4971 publicam
1068 4913 1139 4958 turm
1155 4909 1186 4957 Α.
1205 4933 1233 4943 -
1252 4907 1293 4956 44.
1311 4906 1550 4956 ναίω-(40444444
1566 4919 1620 4956 om.
1638 4908 1670 4956 Gl
1684 4905 1710 4956 2.
1734 4907 1799 4956 Post

466 4984 650 5035 Arteroldornm
673 4984 708 5036 de
730 4986 789 5036 llot.
809 4985 877 5036 coni.
895 4985 924 5035 L.
943 4986 971 5034 et
991 4997 1068 5049 seqq.
1086 4984 1273 5034 inseruerunt:
1300 4982 1386 5033 Recito
1406 4993 1439 5030 ac
1457 4981 1541 5032 Verris
1560 4980 1649 5031 littera
1663 4983 1699 5032 cd
1713 4981 1798 5032 Nero-

466 5072 531 5110 nem.
553 5060 592 5110 llr
609 5071 721 5113 rumam
738 5061 765 5112 G.
781 5061 872 5111 Veners
887 5071 920 5109 an
937 5059 963 5110 C.
977 5060 1111 5110 Naeouru.
1126 5085 1153 5094 -
1172 5057 1214 5109 44.
1227 5059 1399 5120 lemanem
1410 5055 1442 5106 Gt
1455 5055 1535 5116 icc.
1547 5056 1626 5106 Arna.
1638 5055 1672 5106 ll.
1685 5069 1713 5119 p.
1725 5052 1796 5105 atla

466 5134 600 5195 imeae·
616 5137 662 5185 aut
672 5136 836 5198 Locnpsacom'
853 5134 901 5186 dtt.
916 5161 944 5170 —
963 5135 1004 5184 44.
1022 5133 1138 5184 caueant
1148 5135 1227 5185 Arus.
1240 5134 1275 5183 N.
1287 5145 1314 5197 p.
1327 5131 1384 5183 444.
1400 5157 1428 5168 -
1448 5129 1490 5180 34.
1507 5135 1578 5181 wora
1594 5143 1649 5182 om.
1662 5131 1695 5181 Gt
1706 5130 1757 5191 26·
1768 5157 1795 5168 -

468 5206 510 5258 34.
527 5211 682 5261 coensem
698 5210 883 5276 carcerae:
902 5209 1158 5274 musurgam
1177 5205 1454 5260 marmeno.
1468 5229 1498 5246 ··
1516 5204 1559 5259 49.
1574 5203 1794 5269 cuosdtclglll:
1900 5253 1902 5256 Α

467 5287 522 5336 tam
537 5284 570 5335 Gl
591 5283 640 5336 dtt.
658 5286 689 5342 0.
