4367 6109
468 569 530 639 444
763 525 767 532 ’
837 578 880 642 1u
901 577 1068 645 manau
1087 579 1211 647 aeno
1234 581 1419 650 securos

467 756 535 813 tota
556 746 665 811 Sicilia
686 747 789 810 clarus
811 754 845 810 et
864 748 989 812 nobilis.
1031 751 1069 814 ln
1100 772 1165 836 quo
1200 754 1330 818 bomine
1356 759 1478 818 tantum
1499 754 1597 820 enimi
1617 755 1700 833 suit,
1729 777 1796 823 nos

466 843 569 907 solum
596 849 631 905 ut
658 842 754 904 istum
780 839 878 904 libere
901 842 1041 908 laederet
1069 839 1154 927 (nam
1175 846 1208 909 id
1231 848 1378 931 quidem,
1413 849 1565 931 quoniam
1588 851 1795 915 moriundum

464 936 600 1010 ridebat,
622 934 691 998 sine
712 934 855 1016 periculo
870 955 904 998 se
924 936 1028 1000 iacere
1042 937 1260 1022 intelligebat),
1281 961 1390 1004 verum
1406 949 1507 1006 morte
1522 947 1698 1027 proposita,
1721 966 1795 1010 cum

464 1033 631 1097 lacrimans
653 1029 686 1091 in
707 1048 832 1092 carcere
854 1038 953 1095 mater
973 1039 1083 1096 noctes
1106 1032 1239 1118 diesque
1252 1034 1417 1110 assideret,
1438 1035 1659 1101 defensionem
1675 1057 1794 1103 musae

426 1139 442 1185 e
464 1145 541 1190 suae
563 1121 704 1206 scripsit:
726 1141 822 1206 quam
843 1144 928 1187 nunc
949 1145 1043 1189 nemo
1066 1133 1115 1189 est
1136 1126 1169 1188 in
1191 1126 1316 1202 Sicilia,
1339 1128 1417 1212 quin
1438 1129 1571 1206 babeat,
1594 1133 1674 1216 quin
1696 1132 1793 1216 legat,

463 1221 542 1304 quin
564 1217 609 1281 tui
632 1215 761 1280 sceleris
785 1224 816 1281 et
838 1217 1034 1282 crudelitatis
1064 1239 1105 1282 ex
1135 1219 1189 1282 illa
1219 1221 1363 1285 oratione
1392 1221 1623 1287 commonebat.
1665 1225 1705 1289 ln
1726 1246 1794 1309 qne

461 1314 568 1387 docet,
598 1318 678 1396 quot
698 1331 718 1373 a
738 1310 867 1375 civitate
894 1332 952 1376 sua
981 1322 1093 1376 nautas
1122 1313 1297 1397 acceperit,
1326 1323 1405 1398 quot
1432 1323 1464 1380 et
1492 1317 1603 1401 quanti
1626 1337 1793 1404 quemque

461 1406 624 1481 dimiserit,
647 1411 727 1489 quot
747 1424 854 1467 secum
875 1404 1038 1482 habuerit:
1062 1407 1138 1470 item
1161 1407 1201 1468 de
1223 1409 1336 1471 ceteris
1351 1410 1485 1473 navibus
1500 1411 1593 1475 dicit:
1615 1432 1791 1496 quaecum

460 1502 546 1586 apud
569 1509 601 1565 te
622 1500 758 1574 diceret,
783 1499 880 1582 virqis
903 1500 987 1562 oculi
1009 1500 1265 1564 verberabantur.
1308 1502 1365 1566 Ille
1387 1513 1487 1568 morte
1508 1504 1672 1588 proposita
1694 1505 1791 1570 facile

425 1607 452 1657 to
460 1594 603 1659 dolorem
617 1595 761 1678 corporis
775 1594 968 1677 patiebatur:
991 1593 1156 1669 clamabat,
1177 1593 1210 1657 id
1225 1596 1313 1678 quod
1329 1596 1481 1679 scriptum
1501 1599 1647 1683 reliquit,
1663 1601 1792 1682 [acinus

459 1711 520 1755 esse
544 1691 717 1772 indiqnum,
740 1689 812 1770 pius
838 1689 1090 1770 impudicissimae
1119 1690 1257 1752 mulieris
1283 1691 1363 1771 apud
1389 1700 1416 1754 te
1436 1692 1472 1754 de
1493 1693 1656 1756 Cleomenis
1676 1695 1788 1768 miste,

458 1805 549 1869 qnam
568 1786 603 1848 de
624 1805 680 1847 sua
699 1785 763 1846 cito
784 1783 927 1845 iacrirm
946 1785 1056 1844 matris
1075 1784 1183 1845 calere.
1229 1777 1300 1845 ll3.
1324 1784 1446 1848 Deinde
1469 1787 1564 1849 etiam
1586 1787 1666 1851 illud
1689 1788 1787 1853 video

459 1899 529 1943 esse
551 1878 688 1951 dictum,
716 1876 821 1960 quod,
844 1878 977 1940 sirecte
999 1896 1056 1940 vos
1077 1876 1215 1961 populus
1236 1878 1398 1941 Romanus
1420 1880 1585 1962 cognovit,
1615 1900 1681 1943 non
1702 1879 1787 1946 falso

458 1973 513 2036 ille
542 1973 581 2035 de
602 1970 694 2034 uobis
724 1973 786 2033 iam
817 1970 850 2032 in
879 1978 980 2033 morte
1008 1970 1078 2053 ipsa
1105 1970 1313 2053 praedicavit:
1341 1973 1408 2035 It'on
1434 1993 1521 2054 posse
1552 1975 1670 2038 Verrem
1698 1985 1788 2038 tester

420 2066 656 2149 etinterficiendo
676 2084 731 2127 nos
752 2065 956 2144 exstinquere:
985 2066 1156 2145 crassiorem
1183 2066 1264 2146 apud
1290 2067 1435 2147 sapiemm
1461 2069 1573 2130 iudices
1598 2090 1630 2132 se
1654 2070 1726 2150 [ore
1746 2070 1787 2132 ab

455 2161 562 2244 inseris
583 2169 694 2232 testem,
717 2177 807 2240 pram
827 2159 855 2220 si
874 2159 960 2220 oium
980 2158 1015 2219 in
1028 2158 1173 2220 iudicium
1181 2159 1414 2240 produceretur:
1435 2170 1499 2223 tum
1512 2164 1661 2226 amritiae
1673 2164 1785 2237 roim,

455 2256 485 2317 si
504 2254 624 2326 moeret,
647 2272 734 2323 nunc,
757 2270 824 2314 cum
844 2253 890 2313 ito
911 2260 983 2314 esset
1002 2260 1133 2325 matur,
1155 2253 1282 2324 sceleris,
1305 2254 1459 2328 Muciae
1480 2255 1666 2319 crudelitatis
1681 2266 1787 2321 testem

451 2351 527 2432 fore.
571 2348 637 2410 lam
654 2346 710 2411 ills
728 2345 904 2429 praeclara:
927 2345 994 2408 Non
1011 2346 1129 2408 testium
1143 2347 1230 2409 modo
1247 2356 1391 2420 cateruas,
1413 2368 1482 2411 cum
1497 2358 1551 2412 tuo
1566 2360 1785 2433 recuperetur,

454 2445 504 2508 sed
524 2443 561 2507 ab
581 2442 629 2506 dis
648 2441 785 2504 manitus
805 2440 1005 2502 innocentium
1025 2440 1141 2502 Poenas
1153 2442 1352 2522 scelerumque
1364 2443 1477 2504 Furias
1489 2444 1524 2506 in
1537 2451 1622 2506 tunes
1634 2445 1786 2508 iudicium

416 2549 515 2602 messe
535 2545 693 2600 venturas:
714 2553 775 2597 sese
796 2533 861 2596 ideo
883 2533 1024 2596 osorem
1046 2553 1133 2596 snum
1154 2553 1257 2596 casum
1274 2536 1394 2617 pinque,
1415 2536 1494 2618 quod
1512 2538 1576 2599 iam
1596 2547 1665 2601 arete
1685 2539 1785 2602 aciem

453 2631 603 2696 securium
623 2639 745 2693 tuanen
765 2627 936 2708 Scatiiqne,
965 2628 1010 2689 tui
1031 2629 1198 2709 carnificis,
1224 2629 1338 2692 ouium
1358 2638 1386 2692 et
1406 2648 1529 2692 manum
1548 2632 1689 2708 uidisset,
1712 2653 1785 2696 cum

452 2727 486 2789 in
515 2734 658 2788 concentu
684 2723 795 2785 civium
815 2724 1020 2784 Romanorum
1047 2723 1134 2784 iussu
1162 2730 1212 2784 tuo
1233 2725 1332 2787 securi
1352 2725 1430 2786 cives
1450 2726 1581 2788 Romani
1600 2728 1782 2809 ferirentur.

453 2816 524 2883 lli.
546 2821 592 2883 Ne
615 2818 734 2895 multa,
754 2815 895 2890 iudices,
917 2815 1077 2889 libertate,
1100 2835 1194 2899 mam
1217 2835 1274 2880 vos
1296 2817 1392 2881 sociis
1413 2817 1564 2894 dedistis,
1585 2820 1645 2884 bac
1666 2820 1723 2885 ille
1746 2822 1782 2885 in

451 2913 654 2978 acerbissimo
669 2910 826 2994 supplicio
841 2909 1034 2972 miserrimae
1049 2908 1210 2972 servitutis
1224 2910 1342 2975 abusus
1357 2918 1415 2974 est.
1447 2911 1556 2975 XLIV.
1579 2914 1784 2978 condemnat

412 3016 562 3073 nomnen
578 3008 618 3070 de
639 3003 765 3068 consilii
780 3002 953 3066 sententia:
975 3010 1080 3066 tamen
1095 3022 1199 3086 neque
1213 3004 1274 3069 iste
1289 3005 1321 3067 in
1336 3010 1423 3067 tanta
1437 3024 1472 3067 re
1486 3012 1534 3068 tot
1547 3005 1715 3071 hominum
1739 3010 1779 3072 T.

449 3104 591 3167 Vettium
612 3099 652 3162 ad
673 3117 708 3161 se
729 3096 869 3170 arcessit,
891 3103 1092 3181 quaestorem
1114 3115 1218 3173 suum,
1238 3097 1329 3162 cuius
1343 3097 1479 3161 consilio
1492 3106 1647 3175 uteretur,
1668 3122 1779 3187 neque

449 3199 482 3261 Ρ.
506 3195 667 3267 Ceruium,
696 3191 791 3254 talem
811 3190 931 3265 sirum,
960 3190 1115 3273 legatum,
1145 3190 1218 3274 qui,
1247 3191 1324 3274 quia
1344 3191 1467 3273 legatus
1488 3194 1550 3257 isto
1571 3203 1718 3277 praetore
1740 3195 1777 3258 in

450 3290 557 3354 Sicilia
577 3287 648 3362 luit,
668 3286 787 3372 primus
808 3283 848 3346 ab
869 3284 931 3347 isto
953 3283 1050 3347 iudex
1072 3285 1209 3347 reiectus
1230 3291 1294 3348 est:
1316 3284 1373 3348 sed
1395 3286 1435 3349 de
1449 3286 1618 3362 latronum,
1638 3286 1776 3364 bocest,

449 3384 489 3447 de
512 3382 662 3447 comitum
684 3398 814 3443 suorum
835 3378 993 3442 sententia
1014 3377 1205 3441 condemnat
1226 3398 1345 3442 omnes.
1375 3372 1446 3440 ll5.
1469 3379 1528 3443 llic
1543 3380 1647 3444 cuncti
1664 3380 1776 3456 Siculi,

411 3475 623 3542 infidelissimi
644 3483 739 3558 atque
761 3472 974 3558 antiquissimi
997 3471 1087 3545 socii,
1109 3472 1254 3555 plurimis
1275 3473 1378 3535 affecti
1392 3470 1555 3537 beneficiis
1569 3493 1588 3536 a
1602 3474 1777 3539 maioribus

448 3571 580 3646 nostris,
607 3569 746 3655 graviter
767 3573 1005 3631 commoventur
1026 3572 1059 3628 et
1080 3565 1121 3628 dc
1143 3565 1209 3629 suis
1231 3565 1383 3647 periculis
1403 3565 1603 3652 fortunisque
1626 3568 1775 3632 omnibus

512 3800 536 3851 4.
554 3803 608 3850 toto
623 3807 676 3846 om.
690 3792 735 3854 443,
753 3789 832 3842 codd.
844 3789 937 3842 bamb.
952 3815 980 3825 -
994 3788 1107 3841 Siciliam
1117 3787 1153 3838 443
1165 3786 1245 3840 codd.
1257 3786 1362 3848 bamba
1376 3792 1434 3851 post
1447 3793 1553 3840 monem
1564 3789 1690 3841 insiciiie
1700 3791 1771 3843 conl.

446 3877 549 3943 Zumpt.
570 3902 596 3912 -
615 3873 640 3923 4.
657 3868 817 3920 momundun
833 3867 853 3916 44
871 3865 917 3916 bd.
937 3864 1016 3929 434οε
1039 3864 1196 3915 munimus
1211 3860 1268 3915 rell.
1287 3863 1317 3914 0.
1337 3890 1365 3901 -
1384 3862 1410 3914 3.
1426 3875 1453 3914 se
1469 3876 1523 3916 om.
1541 3865 1578 3917 440
1596 3866 1673 3930 4340.
1700 3868 1773 3930 [lint

446 3954 504 4008 lort.
523 3952 549 4002 ln
566 3947 712 4010 archetypo
727 3957 753 3995 se
769 3946 830 3994 ante
847 3940 918 4006 sine.]
931 3967 960 3977 -
973 3954 1032 3991 cren
1046 3944 1128 3990 muter
1142 3939 1170 3988 in
1185 3950 1287 3988 carcere
1304 3939 1365 4002 tom.
1378 3937 1455 4003 lucr.)
1471 3939 1549 4003 4349.
1564 3966 1592 3978 -
1604 3939 1630 3992 l.
1647 3942 1773 3993 amm

444 4029 475 4081 44.
495 4057 522 4067 -
542 4026 582 4077 40.
600 4022 666 4086 quod
680 4020 801 4082 scriptum
817 4022 851 4069 ert
866 4017 985 4079 relinquit
1000 4016 1045 4067 440.
1066 4042 1094 4052 -
1114 4017 1154 4066 44.
1172 4015 1259 4078 inpud.
1277 4016 1307 4066 44.
1327 4039 1355 4051 ν-
1374 4020 1438 4078 aput
1453 4017 1482 4066 44.
1503 4040 1530 4052 -
1550 4015 1591 4066 44.
1609 4014 1673 4065 iilud
1693 4017 1772 4068 444444

445 4104 482 4155 Gi
499 4103 527 4153 l..
543 4127 570 4137 -
583 4097 623 4148 43.
641 4096 701 4160 non]
716 4108 777 4145 nom
793 4094 824 4144 R.
839 4120 865 4130 -
883 4091 923 4144 44.
942 4092 995 4141 ium
1011 4093 1038 4140 in
1053 4091 1110 4154 ipsa
1125 4095 1205 4141 morie
1220 4089 1250 4140 de
1265 4088 1334 4140 vobis
1349 4089 1415 4140 dett.
1428 4089 1458 4140 0.
1478 4087 1572 4152 wisa,
1591 4087 1674 4141 habet
1687 4091 1771 4142 etiam

444 4177 522 4244 4340,
541 4173 589 4227 sed
607 4171 695 4223 addito
711 4184 759 4222 cua
775 4171 836 4236 post
850 4167 925 4231 ipsa.)
939 4195 967 4205 -
980 4167 1046 4217 testis
1060 4166 1090 4217 44.
1104 4192 1132 4202 -
1147 4167 1187 4217 ts.
1205 4178 1251 4216 nos
1266 4165 1285 4216 a
1298 4165 1335 4216 04
1351 4164 1414 4216 Ld.:
1431 4176 1476 4214 uos
1492 4165 1524 4215 ot
1546 4165 1574 4214 44
1589 4165 1629 4215 sic
1645 4164 1680 4216 de
1697 4168 1768 4219 conl.

443 4250 531 4306 lladv.
550 4250 577 4299 in
593 4247 670 4313 episi.
689 4259 715 4310 p.
732 4242 790 4303 40.;
816 4243 949 4293 omninum
971 4254 1055 4292 nocero
1071 4241 1140 4291 coni.
1161 4241 1223 4291 Bali.
1242 4253 1269 4306 p.
1287 4239 1344 4301 40.,
1364 4253 1447 4290 socos
1463 4237 1540 4291 Orelli
1557 4240 1586 4301 4;
1610 4253 1682 4292 oocss
1697 4242 1768 4293 cont.

443 4326 530 4380 lladv.
550 4325 596 4388 Op.
614 4323 634 4372 l.
652 4334 679 4386 p.
699 4319 771 4378 070.;
797 4330 839 4368 eos
854 4315 942 4375 Halm:
969 4315 1041 4367 delet
1056 4329 1102 4366 nos
1116 4316 1294 4380 Wesenberg.
1312 4313 1329 4366 l.
1348 4313 1366 4365 l.
1384 4328 1411 4380 p.
1429 4315 1487 4375 40.;
1513 4315 1622 4366 crim
1636 4330 1683 4367 stra
1700 4317 1767 4369 dett.
1844 4342 1851 4359 ·

443 4403 473 4455 0.
492 4427 520 4438 -
539 4398 685 4462 celinquere
700 4396 729 4446 44.
748 4420 778 4432 -
795 4392 914 4455 sapiemic
934 4392 964 4442 44.
984 4418 1012 4428 -
1035 4403 1060 4442 se
1079 4391 1138 4454 soro
1153 4391 1183 4440 44.
1203 4418 1231 4429 -
1250 4390 1291 4441 46.
1312 4392 1386 4440 uiuos
1407 4390 1437 4440 44.
1455 4402 1498 4453 pr.
1516 4402 1553 4441 ns.
1573 4415 1602 4428 ·-
1620 4391 1661 4441 tl.
1684 4397 1770 4443 imas
1809 4384 1815 4395 ’

443 4490 497 4528 om.
515 4477 594 4538 4433.
613 4472 719 4536 practer
734 4467 776 4520 40.
797 4494 824 4505 -
844 4467 883 4517 49.
901 4465 951 4530 sed]
968 4466 1079 4517 sedtum
1096 4467 1111 4516 6
1128 4467 1213 4529 lagg:
1235 4465 1277 4516 sed
1292 4477 1349 4516 nm
1365 4464 1443 4528 4349.
1464 4490 1491 4500 -
1509 4464 1543 4515 ab
1558 4465 1595 4516 ll3
1611 4463 1629 4516 4
1644 4466 1728 4530 434οι
1751 4480 1770 4518 a

443 4552 508 4604 dett.
527 4551 556 4601 0.
577 4576 604 4586 -
623 4548 661 4596 dir
676 4547 709 4596 n:
732 4544 779 4594 diis
795 4544 824 4594 0.
843 4569 872 4581 -
889 4541 1056 4605 scebmmquc
1072 4541 1230 4593 Lambinus:
1253 4541 1486 4603 euenucnnuae
1501 4542 1522 4591 44
1539 4539 1576 4591 Gi
1593 4540 1639 4591 Ld.
1665 4540 1723 4604 (sad
1739 4541 1768 4592 bl

442 4626 496 4680 duo
513 4638 560 4688 quc
576 4636 625 4689 pro
642 4619 730 4686 quael:
747 4618 836 4670 scebro
851 4630 977 4679 quamque
992 4618 1031 4667 oei
1046 4630 1093 4680 quc
1104 4618 1154 4677 Gt:
1172 4616 1348 4667 narrum
1359 4614 1440 4676 4349ς
1458 4614 1684 4676 :cuneumque
1699 4614 1765 4667 deu

442 4702 471 4753 0.
489 4700 608 4752 cerinum
623 4702 699 4759 mque
717 4695 806 4746 nescio
826 4695 901 4744 cuius
918 4693 986 4742 coni.
1005 4705 1047 4756 ap.
1066 4690 1224 4742 Lambinum
1241 4688 1317 4754 prob.
1336 4687 1423 4740 Madv.
1442 4701 1468 4753 p.
1483 4688 1540 4739 440.
1558 4688 1598 4739 04.
1611 4689 1689 4740 etiem
1701 4690 1765 4741 Bnk.

440 4790 469 4843 p.
481 4775 537 4837 l7.;
556 4776 611 4825 nnn
628 4774 659 4823 ll.
677 4784 704 4837 p.
718 4770 773 4821 440.
791 4767 957 4829 uacunque
971 4766 1064 4816 Furias
1080 4766 1160 4817 delei.
1175 4790 1202 4800 -
1215 4763 1257 4815 40.
1274 4775 1361 4813 carun
1376 4776 1450 4814 suum
1467 4763 1531 4813 dett.
1543 4764 1574 4814 0.
1589 4789 1616 4799 -
1630 4764 1671 4815 44.
1683 4765 1768 4816 Secti-

441 4867 488 4917 que
504 4851 540 4903 443
558 4853 585 4903 44
601 4851 679 4913 4433.
698 4856 800 4896 omnes.
814 4869 843 4880 -
855 4842 952 4892 nobum
962 4841 992 4891 44.
1003 4867 1031 4878 -
1043 4841 1084 4891 43.
1103 4838 1271 4891 4404444444ηῆ
1288 4836 1345 4900 (sed
1361 4851 1389 4886 m
1404 4839 1547 4903 punctata),
1564 4834 1623 4898 40,
1641 4838 1721 4903 4433.
1735 4864 1764 4878 ι-

439 4927 572 4988 mneos,
597 4923 676 4975 codd.
695 4918 822 4972 Lambini.
852 4918 891 4971 04.
910 4918 997 4968 Garat.
1017 4917 1050 4967 ad
1067 4914 1132 4968 Phil.
1151 4915 1181 4967 x.
1206 4926 1233 4980 p.
1251 4911 1308 4964 304.
1333 4913 1459 4964 Wernsd.
1480 4941 1508 4951 -
1526 4913 1567 4964 44.
1586 4914 1666 4964 mnis
1684 4915 1714 4966 ll.
1734 4940 1763 4952 -

440 5008 476 5056 tot
490 5004 617 5054 morinum
634 5005 661 5052 .t.
678 4997 789 5048 uecnurn
808 4995 829 5045 44
846 5007 885 5059 pr.
904 5006 955 5053 m.;
982 4997 1026 5045 tot.
1043 4992 1109 5043 bom.
1127 4997 1193 5042 ictuc
1208 4988 1338 5040 4444444414
1356 5001 1425 5038 corr.
1443 5001 1480 5039 m.
1498 4989 1528 5049 4;
1555 4993 1599 5038 tot.
1616 4988 1682 5039 ion.
1699 4993 1766 5042 meua

437 5077 517 5144 {nme
531 5076 590 5139 44..
608 5075 653 5138 ol)
674 5072 766 5124 mium
781 5071 808 5121 P.
828 5069 933 5122 Vettium
950 5067 1001 5128 (4ος
1025 5072 1061 5118 4ο4
1074 5067 1203 5118 ment
1217 5074 1297 5115 cuuto
1311 5064 1338 5113 P.
1360 5064 1468 5114 Vennum
1483 5064 1562 5128 4433.
1584 5062 1642 5128 (sed
1657 5063 1690 5115 40
1706 5076 1762 5117 om.

438 5154 490 5219 Pi:
516 5157 552 5204 4ο4
566 5151 632 5202 ion.
650 5153 715 5200 totve
730 5147 823 5198 simunt
838 5157 916 5196 causa
932 5145 959 5194 P.
979 5142 1084 5194 Vettium
1100 5142 1129 5192 0.
1159 5138 1198 5192 Cl.
1215 5136 1303 5191 lladv.
1322 5138 1370 5203 Op.
1388 5138 1408 5188 l.
1431 5150 1457 5202 p.
1475 5135 1533 5188 044.
1553 5164 1581 5176 -
1599 5138 1641 5189 40.
1658 5139 1766 5190 accersit

438 5227 517 5291 4433.
535 5228 643 5291 praeter
657 5224 742 5277 444-
759 5221 800 5272 :a
818 5221 928 5287 44344444
943 5231 997 5270 om.
1015 5216 1094 5281 4340.
1108 5241 1137 5254 -
1149 5214 1197 5266 isio
1210 5217 1328 5277 prome
1338 5236 1377 5251 ·-
1387 5211 1551 5264 mmor
1566 5213 1592 5278 5.
1604 5212 1661 5264 444.
1678 5225 1705 5264 r.
1718 5212 1762 5266 44.

439 5300 568 5355 babetll.
588 5326 616 5340 -
633 5295 842 5353 ansuinus.
862 5320 888 5337 -
908 5290 1093 5346 4044444444.
1113 5314 1142 5329 -
1159 5288 1201 5343 ³⁰.
1218 5287 1309 5354 emen
1324 5285 1485 5344 lim-il.
1501 5287 1664 5340 monem
1680 5286 1761 5353 4344.
