4367 6109
462 564 526 628 576
859 567 1010 634 ORATIO
1032 569 1111 634 PRO
1132 569 1170 634 A.
1192 570 1392 639 CLUENTIO

463 760 599 813 sumam,
625 744 778 822 quantum
799 734 867 798 sine
888 736 983 799 huius
1004 737 1145 821 periculo
1172 741 1343 822 praeterire
1365 760 1428 803 non
1451 739 1595 823 possim.
1634 738 1666 800 A
1689 755 1743 800 ane
1764 744 1804 801 ta·

461 854 549 908 men,
570 840 605 895 ut
626 850 764 913 aequum
785 835 849 903 est,
877 831 983 893 omnia
1004 838 1096 893 caute
1117 832 1406 918 pedetemptimque
1428 836 1605 907 dicentur,
1640 839 1680 895 ut
1702 851 1802 916 neque

460 926 540 990 lidos
567 924 663 987 buius
688 922 883 985 defensionis
910 923 1016 986 relicta
1045 944 1149 1007 neque
1179 929 1365 1012 cuiusquam
1387 936 1442 991 ant
1463 928 1613 1012 dignitas
1639 925 1731 991 laesa
1752 934 1801 990 ant

461 1018 598 1083 amicitia
619 1017 737 1080 violata
759 1036 829 1079 esse
850 1015 1003 1079 videatur.

436 1134 452 1177 4
545 1107 616 1173 449.
638 1109 737 1173 Video
759 1110 872 1192 igitur,
894 1109 1030 1185 iudices,
1052 1113 1312 1179 animadvertisse
1334 1137 1480 1181 censores
1500 1117 1535 1181 in
1552 1113 1692 1179 iudices
1708 1133 1799 1197 quos·

460 1210 531 1271 dam
552 1206 639 1268 illius
659 1204 782 1267 consilii
804 1203 944 1277 Iuniani,
967 1225 1038 1267 cum
1059 1207 1153 1269 istam
1174 1209 1274 1292 ipsam
1296 1230 1422 1275 causam
1445 1210 1711 1275 subscriberent.
1745 1208 1798 1271 Hir

459 1300 538 1364 illud
560 1299 697 1382 primum
719 1317 884 1360 commune
906 1318 1099 1380 proponam,
1126 1323 1299 1387 numquam
1321 1304 1664 1369 animadversionibus
1689 1322 1798 1365 censo·

458 1400 513 1461 riis
533 1396 615 1458 hanc
636 1393 794 1456 civitatem
815 1392 859 1454 ita
873 1399 1052 1456 contentam
1070 1404 1107 1458 ut
1127 1395 1221 1459 rebus
1243 1397 1389 1461 iudicatis
1412 1399 1522 1463 luisse.
1558 1400 1684 1482 Neque
1709 1395 1742 1459 in
1764 1416 1795 1459 re

458 1498 531 1554 nota
554 1505 736 1552 consumam
758 1494 899 1566 tempus3
931 1487 1067 1571 exempli
1098 1509 1190 1553 causa
1211 1510 1328 1572 ponam
1350 1492 1428 1554 illud
1450 1512 1576 1556 unum:
1610 1491 1645 1555 C.
1673 1490 1795 1564 Getam,

421 1599 527 1648 locum
556 1603 575 1645 a
601 1581 636 1644 L.
657 1578 785 1644 Metello
816 1587 846 1641 et
874 1578 930 1641 Cn.
952 1581 1090 1644 Domitio
1121 1585 1303 1648 censoribus
1332 1605 1371 1649 ex
1402 1595 1514 1650 senatu
1546 1586 1679 1649 eiectus
1704 1590 1793 1658 esset,

457 1698 621 1743 censorem
643 1694 712 1738 esse
734 1675 836 1757 ipsum
857 1680 967 1756 postea
988 1674 1123 1750 factum,
1146 1684 1194 1751 et,
1216 1678 1306 1740 cuius
1328 1699 1432 1744 mores
1454 1688 1547 1743 erant
1562 1700 1584 1743 a
1600 1676 1792 1741 censoribus

456 1771 655 1858 reprehensi,
676 1769 761 1831 hunc
782 1774 893 1849 postea
915 1775 947 1830 et
967 1769 1078 1851 populi
1100 1771 1233 1833 Romani
1253 1781 1425 1849 eteorum,
1447 1773 1503 1858 qni
1527 1774 1564 1836 in
1589 1773 1706 1854 ipsum
1728 1768 1791 1831 ani-

456 1868 703 1936 madverterant,
725 1860 865 1925 moribus
887 1860 1070 1943 praefuisse.
1106 1863 1199 1939 Quod
1222 1865 1249 1926 si
1271 1866 1350 1928 illud
1369 1867 1520 1930 iudicium
1543 1870 1737 1949 putaretur,
1758 1870 1791 1926 ut

458 1960 554 2025 ceteri
575 1957 660 2039 turpi
682 1955 798 2019 iudicio
821 1955 959 2017 damnati
981 1955 1013 2017 in
1037 1964 1224 2039 perpetuum
1247 1959 1332 2021 omni
1355 1958 1477 2023 bonore
1492 1979 1529 2023 ac
1546 1959 1715 2041 dignitate
1727 1957 1789 2038 pri·

418 2062 582 2127 cavantur,
604 2051 650 2115 sic
670 2048 852 2113 hominibus
873 2049 1046 2131 ignominia
1067 2052 1184 2114 notatis
1202 2071 1308 2135 neque
1326 2052 1366 2115 ad
1380 2053 1535 2116 bonorem
1551 2052 1666 2115 aditus
1683 2069 1788 2134 neque

455 2150 487 2212 in
516 2146 636 2211 curiam
665 2142 785 2205 reditus
814 2150 906 2205 esset.
950 2137 1021 2203 l20.
1042 2145 1133 2206 Nunc
1155 2145 1181 2206 si
1204 2165 1299 2228 quem
1322 2146 1378 2209 Cn.
1401 2146 1526 2209 Lentuli
1547 2153 1607 2209 aut
1629 2146 1671 2207 L.
1696 2144 1785 2208 Gellii

453 2243 583 2306 libertus
615 2237 690 2301 lurti
722 2234 953 2310 condemnarit,
986 2237 1012 2298 is
1045 2237 1192 2299 omnibns
1227 2240 1420 2302 ornamentis
1447 2240 1574 2303 amissis
1604 2258 1784 2323 numquam

453 2335 550 2399 ullam
570 2331 745 2396 honestatis
766 2347 842 2392 suae
864 2337 984 2411 partem
1006 2330 1223 2412 recuperabit:
1247 2352 1327 2415 quos
1349 2340 1453 2395 autem
1473 2334 1540 2416 ipse
1557 2334 1594 2397 L.
1610 2332 1741 2397 Gellius
1755 2341 1786 2396 et

454 2431 509 2494 Cn.
532 2425 701 2499 Lentulus,
735 2422 798 2485 duo
828 2441 992 2497 censores,
1026 2422 1190 2487 clarissimi
1218 2425 1277 2488 viri
1306 2425 1599 2512 sapientissimique
1622 2425 1784 2499 homines,

414 2524 528 2587 44444444
549 2529 581 2584 44
602 2526 762 2601 captarum
783 2516 986 2600 pecuniarum
1009 2519 1138 2580 nomine
1153 2526 1358 2593 notaverunt,
1380 2521 1489 2582 iinon
1511 2519 1608 2584 modo
1631 2521 1670 2582 in
1693 2539 1784 2583 sena-

452 2629 520 2682 tum
540 2615 719 2686 redierunt,
746 2609 803 2674 sed
824 2610 919 2672 etiam
945 2611 1071 2674 illarum
1092 2612 1232 2695 ipsarum
1253 2633 1357 2675 rerum
1382 2614 1509 2677 iudiciis
1530 2614 1676 2677 absoluti
1699 2623 1783 2678 sunt.

451 2712 562 2776 XLIII.
591 2707 754 2770 Neminem
780 2703 949 2767 voluerunt
978 2706 1113 2767 maiores
1141 2705 1240 2768 nostri
1275 2726 1339 2769 non
1362 2707 1455 2770 modo
1477 2707 1517 2770 de
1538 2707 1783 2771 existimatione

451 2806 654 2887 cuiusquam,
682 2800 737 2862 sed
759 2818 799 2860 ne
821 2797 1002 2881 pecuniaria
1025 2798 1154 2881 quidem
1176 2798 1215 2861 de
1237 2820 1271 2862 re
1294 2800 1422 2864 minima
1443 2821 1513 2865 csse
1534 2801 1697 2876 iudicem,
1717 2801 1781 2865 nisi

450 2899 506 2984 qui
528 2899 611 2960 inter
631 2893 827 2957 adversarios
849 2893 1060 2954 convenisset.
1098 2892 1301 2975 Quapropter
1320 2895 1354 2956 in
1370 2895 1516 2957 omnibus
1538 2893 1686 2977 legibus,
1708 2898 1782 2978 qui·

412 2994 509 3056 robus
530 2997 698 3072 exceptum
720 2993 784 3060 444,
812 2985 851 3048 de
873 2985 987 3069 quibus
1009 2986 1114 3049 causis
1136 2995 1189 3050 aut
1219 2988 1434 3070 magistratum
1456 3007 1570 3070 capere
1592 3007 1661 3051 non
1684 2987 1780 3052 444444

449 3095 504 3153 444
525 3083 663 3149 iudicem
685 3081 746 3162 legi
768 3086 823 3142 aut
847 3080 978 3142 alterum
1001 3098 1165 3154 accusare,
1195 3080 1274 3144 baec
1297 3081 1491 3164 ignominiae
1513 3101 1610 3145 causa
1633 3091 1779 3165 praeter-

449 3184 542 3247 missa
572 3186 628 3241 cst.
665 3173 801 3237 Timoris
833 3174 918 3236 enim
946 3192 1089 3247 causam,
1124 3193 1189 3235 non
1219 3175 1302 3238 vitae
1324 3194 1459 3257 poenam
1480 3176 1514 3237 in
1534 3174 1592 3237 illa
1613 3183 1778 3258 potestate

449 3297 519 3341 esse
533 3274 710 3337 voluerunt.
746 3262 818 3328 494.
834 3268 944 3350 ltaque
964 3287 1028 3329 non
1043 3268 1146 3330 solum
1161 3267 1240 3331 illud
1256 3267 1438 3341 ostendam,
1461 3269 1547 3351 quod
1564 3268 1629 3331 iam
1647 3268 1778 3343 videtis,

448 3368 560 3453 populi
582 3363 715 3428 Romani
737 3361 894 3444 suffragiis
916 3381 1157 3443 saepenumero
1173 3363 1331 3425 censorias
1347 3361 1596 3443 subscriptiones
1611 3382 1686 3426 esse
1702 3362 1778 3426 snb-

410 3465 542 3536 solatas,
564 3478 674 3523 verum
696 3456 790 3518 etiam
811 3455 935 3517 iudiciis
957 3475 1084 3529 eorum,
1107 3456 1163 3539 qui
1185 3457 1277 3518 iurati
1301 3463 1439 3519 statuere
1462 3455 1582 3518 maiore
1603 3476 1681 3518 cum
1703 3455 1778 3519 reli-

448 3560 542 3641 gione
575 3562 607 3616 et
639 3549 800 3631 diligentia
833 3548 1018 3611 debuerunt.
1053 3550 1191 3612 Primum
1223 3549 1361 3622 iudices,
1394 3557 1556 3643 senatores
1578 3550 1777 3660 equitesque

447 3649 598 3721 Romani,
620 3646 653 3707 in
675 3642 919 3725 compluribus
909 3663 972 3704 ram
994 3644 1073 3716 reis,
1097 3660 1179 3726 quos
1200 3650 1311 3706 contra
1333 3642 1418 3725 leges
1439 3635 1589 3727 pecunias
1610 3644 1776 3728 accepisse

448 3742 659 3823 subscriptum
688 3742 755 3809 est,
784 3755 860 3798 suae
886 3737 991 3816 potius
1012 3734 1159 3818 religioni
1182 3756 1278 3819 quam
1299 3755 1466 3799 censorum
1488 3738 1633 3820 opinioni
1656 3758 1776 3821 parue·

447 3845 530 3901 runt.
566 3831 688 3897 Deinde
710 3838 870 3912 praetores
892 3829 1019 3903 urbani,
1046 3831 1100 3912 qui
1122 3830 1214 3892 iurati
1237 3829 1354 3892 debent
1375 3831 1529 3913 optimum
1551 3851 1719 3916 quemque
1740 3833 1775 3895 in

409 3932 547 3996 44444444
568 3927 689 3990 iudices
709 3923 842 3998 referre,
864 3921 924 3984 sibi
946 3943 1118 4006 numquam
1140 3923 1180 3986 ad
1203 3942 1273 3986 eam
1290 3942 1357 3985 rem
1372 3923 1545 3986 censoriam
1561 3925 1773 4006 ignominiam

447 4022 674 4108 impedimento
696 4038 766 4080 esse
788 4027 934 4097 oportere
953 4014 1119 4079 duxerunt.
1156 4011 1227 4079 444.
1250 4016 1404 4081 Censores
1427 4017 1564 4101 denique
1585 4019 1650 4101 ipsi
1672 4039 1772 4103 saepe

447 4137 577 4186 numero
606 4114 804 4196 superiorum
832 4129 997 4172 censorum
1026 4109 1170 4184 iudiciis,
1200 4111 1227 4173 44
1250 4111 1312 4173 ista
1334 4110 1451 4173 iudicia
1473 4112 1633 4194 appellare
1655 4113 1771 4187 vultis,

446 4234 512 4279 non
534 4214 696 4276 steterunt.
725 4206 829 4287 Atque
850 4203 944 4265 etiam
965 4202 1024 4284 ipsi
1046 4202 1129 4265 inter
1150 4224 1184 4266 se
1206 4223 1353 4267 censores
1374 4223 1432 4266 sua
1453 4203 1571 4268 iudicia
1592 4208 1674 4270 tanti
1698 4227 1770 4271 4444

446 4300 653 4367 arbitrantur,
674 4298 711 4353 ut
731 4289 810 4353 alter
830 4287 959 4351 alterius
980 4286 1132 4350 iudicium
1153 4308 1218 4350 non
1240 4287 1574 4371 modoreprebendat,
1596 4291 1769 4356 sedetiam

510 4466 534 4514 4
550 4458 716 4527 possimST:
738 4452 1042 4518 possumaacto.-
1063 4453 1087 4504 3
1106 4454 1274 4504 44445Τ-
1300 4455 1324 4504 6.
1343 4453 1639 4519 consitiqiuditiiFa-
1660 4457 1685 4507 7.
1705 4457 1769 4508 4444444

441 4538 553 4605 primam
570 4537 627 4586 ST:
643 4532 756 4595 44444444
771 4530 833 4579 illud
849 4531 927 4580 44444.
936 4527 1032 4580 40.-
1006 4531 1298 4592 -praeponomT-
1271 4531 1595 4580 -8Mcoatemtams-
1568 4530 1767 4595 3-.temp.sr

442 4613 549 4677 exempli
564 4623 642 4661 44444
657 4620 749 4672 ponam
765 4607 822 4657 ST:
840 4611 935 4668 tempus
950 4600 1391 4668 444444444444444444440-
1408 4604 1653 4655 4444441448.-
1673 4607 1718 4657 40.
1736 4607 1768 4657 ab

443 4691 472 4741 L
489 4690 560 4738 Τ.-
579 4685 620 4734 44.
638 4683 959 4745 essclpsampostcaST:
977 4676 1423 4744 ipsomposteaesscnatto.-
1440 4680 1766 4733 crorctacensonbusST:

443 4754 905 4816 444444444444444444444440.-
925 4757 964 4807 44
982 4755 1228 4822 ethcepS
1249 4757 1288 4806 45
1307 4756 1504 4817 4444484
1477 4756 1564 4806 46
1583 4755 1765 4807 GolltTF

444 4841 484 4890 44.
503 4836 645 4888 libertatus
660 4849 702 4901 pr.
716 4847 794 4885 m.
814 4834 854 4883 48.
872 4833 1028 4896 recuperavit
1043 4834 1121 4883 44.-
1139 4833 1181 4882 20.
1199 4836 1332 4894 captorum
1348 4831 1640 4894 44444444444444444444
1656 4831 1729 4882 Τ.-
1748 4832 1768 4881 ti

443 4908 1258 4973 4444444.-444444444444444444-444444444444444444
1273 4905 1764 4957 4444444444.-44.444444444444.

443 4991 472 5040 Τ.
487 5017 514 5026 -
526 4986 602 5038 vestri
612 4987 646 5038 bi.
659 5010 686 5023 -
704 4985 744 5035 ΞΤ.
757 4995 923 5034 commotu.
937 4983 994 5041 ST:
1012 4984 1064 5033 cim
1080 4985 1149 5034 coni.
1162 4981 1287 5033 Halmius.
1297 5010 1324 5020 -
1343 4983 1383 5032 48.
1396 4983 1474 5033 solam
1489 4982 1551 5032 illud
1567 4983 1612 5033 ST
1622 4980 1666 5031 bl:
1684 4982 1767 5032 4444444

441 5064 534 5114 iudices
549 5056 815 5113 4444444440.-
837 5058 879 5108 ts.
896 5057 1178 5120 competentem„-
1201 5057 1384 5108 sablotatST:
1409 5058 1504 5107 4444444
1519 5058 1558 5116 44;
1577 5055 1669 5105 deletos
1687 5057 1765 5108 Fal.

442 5136 539 5189 to—
559 5136 599 5187 34.
617 5130 837 5200 4444444448Τ4τ
864 5134 1134 5196 4444444444.ομ-
1159 5133 1199 5183 35.
1220 5133 1366 5183 lectosST:
1392 5130 1765 5184 elementato-soa·

459 5225 579 5275 am
600 5212 657 5261 ST
683 5226 701 5261 44
700 5206 1096 5271 omqecmriotssnto-
1122 5207 1163 5258 36.
1181 5208 1498 5271 impedimentaque·
1474 5206 1761 5258 4444444444.-

443 5279 484 5330 44
459 5226 703 5343 wencrest
700 5222 1004 5341 4444444444
