4367 6109
335 677 339 692 ¹
458 580 520 650 iia
827 584 870 648 lit
889 583 1057 649 VERREM
1077 581 1201 647 Actio
1224 581 1408 648 SECUNDA

456 755 592 819 fuerant
625 753 689 831 Qui
710 773 751 816 ex
772 752 828 816 iiio
850 773 982 817 numero
1004 753 1119 837 reliqui
1137 753 1307 836 Syracusas
1329 752 1430 815 classe
1451 750 1568 815 amissa
1588 751 1784 836 refugerant,

459 849 620 923 dicebant,
643 852 721 931 quot
743 867 784 911 ex
805 867 862 910 sua
884 849 1020 932 quisque
1041 868 1121 911 nave
1153 848 1267 909 missos
1289 847 1384 908 sciret
1404 864 1484 908 esse.
1527 847 1589 910 Res
1610 854 1679 910 erat
1699 848 1787 910 clara

457 962 563 1026 neque
585 942 687 1004 solum
709 941 918 1025 argumentis,
947 941 1002 1004 sed
1025 945 1118 1004 etiam
1141 941 1235 1005 certis
1257 939 1389 1002 testibus
1420 939 1513 1002 istius
1539 941 1672 1004 audacia
1694 950 1787 1005 tene·

457 1036 558 1100 batur.
601 1035 750 1098 XXXIX.
771 1034 876 1098 Homo
899 1036 1016 1098 certior
1035 1035 1071 1098 iit
1092 1036 1142 1119 agi
1166 1033 1245 1097 nihil
1267 1034 1299 1095 in
1322 1031 1392 1095 ioro
1414 1039 1448 1096 et
1468 1043 1624 1097 conventu
1647 1041 1716 1098 toto
1730 1034 1785 1097 die

434 1129 519 1196 anisi
540 1130 602 1193 hoc
624 1129 732 1212 quaeri
756 1149 796 1192 ex
817 1128 1003 1204 navarcbis,
1026 1149 1121 1213 quem
1143 1130 1183 1193 ad
1205 1127 1333 1191 modum
1355 1128 1463 1191 classis
1486 1128 1526 1190 sii
1546 1129 1679 1204 amissa:
1709 1129 1786 1192 illos

456 1224 648 1309 respondere
671 1233 703 1287 et
725 1224 840 1287 docere
862 1243 959 1286 unum
979 1244 1155 1309 quemque,
1177 1224 1328 1286 missione
1349 1223 1517 1305 remigum,
1537 1221 1621 1286 fame
1643 1221 1786 1306 reliquo·
1897 1237 1901 1252 ·

456 1336 543 1393 rum,
566 1318 745 1381 Cleomenis
767 1317 879 1380 timore
901 1325 934 1379 et
953 1315 1039 1400 iuga.
1083 1316 1177 1394 Quod
1198 1324 1407 1400 posteaquam
1428 1318 1488 1381 iste
1510 1316 1674 1400 cognovit,
1700 1316 1787 1379 hanc

456 1412 612 1477 rationem
633 1411 749 1475 habere
772 1410 887 1492 coepit.
921 1411 1054 1474 Causam
1078 1412 1139 1473 sibi
1161 1411 1326 1474 dicendam
1348 1430 1418 1474 esse
1440 1417 1593 1474 statuerat
1612 1413 1676 1476 iam
1698 1418 1785 1486 4444,

458 1524 554 1589 qnam
575 1506 636 1569 hoc
657 1526 718 1569 usu
739 1505 843 1578 venit,
865 1505 910 1567 ita
929 1513 965 1568 ut
985 1506 1088 1589 ipsum
1112 1506 1217 1587 priore
1238 1505 1363 1569 actione
1384 1503 1488 1568 dicere
1509 1504 1652 1568 audistis.
1686 1504 1786 1567 Vide·

416 1612 448 1664 44
456 1600 511 1665 bat
539 1599 601 1664 iilis
630 1598 795 1664 nauarchis
818 1598 949 1662 testibus
971 1606 1093 1663 tantum
1115 1598 1177 1661 hoc
1199 1599 1318 1662 crimen
1340 1599 1496 1663 sustinere
1518 1619 1553 1664 se
1574 1599 1663 1662 nullo
1685 1597 1784 1662 modo

457 1713 561 1778 posse.
606 1693 780 1758 Consilium
803 1694 888 1776 capit
910 1695 1012 1780 primo
1035 1693 1181 1767 stultum,
1203 1711 1313 1756 verum
1327 1699 1432 1757 444444
1447 1693 1597 1757 clemens.
1633 1689 1706 1757 ⁴02.
1720 1695 1785 1757 iia·

456 1786 590 1852 varchos
612 1786 652 1851 ad
674 1807 708 1851 se
730 1788 835 1851 vocari
857 1787 954 1851 iubet.
990 1788 1140 1852 Veniunt.
1176 1788 1312 1850 Accusat
1333 1806 1406 1863 eos,
1434 1789 1520 1872 quod
1543 1788 1719 1853 eiusmodi
1741 1787 1782 1851 de

457 1901 492 1945 so
514 1901 674 1946 sermones
695 1881 881 1944 habuerint:
910 1890 1015 1966 rogat,
1044 1889 1081 1946 ut
1109 1883 1142 1945 in
1165 1901 1222 1944 sua
1244 1882 1382 1965 quisque
1404 1883 1489 1946 dicat
1509 1885 1582 1947 nari
1603 1902 1638 1946 se
1659 1889 1782 1947 tantum

456 1975 605 2041 habuisse
626 1983 812 2053 nautarum,
842 1985 994 2060 quamtun
1017 1975 1209 2060 oportuerit,
1239 1994 1344 2058 neque
1366 1996 1558 2061 quemquam
1580 1998 1650 2042 esse
1672 1977 1783 2041 dimis-

420 2083 449 2133 44
457 2090 537 2135 sum.
574 2070 624 2133 llli
645 2071 729 2133 enim
751 2090 826 2134 vero
849 2090 883 2134 se
904 2070 1084 2144 ostendunt,
1107 2068 1193 2153 quod
1214 2069 1325 2143 vellet,
1347 2087 1418 2133 esse
1438 2070 1588 2134 facturos.
1630 2072 1693 2134 lste
1714 2090 1782 2134 non

455 2164 678 2248 procrastinat:
713 2164 844 2228 advocat
876 2165 995 2229 amicos
1028 2165 1151 2228 statim:
1185 2163 1311 2246 quaerit
1338 2182 1379 2226 ex
1405 2165 1445 2228 iis
1466 2165 1667 2248 singillatim,
1701 2174 1783 2250 quoi

456 2255 592 2342 quisque
613 2265 724 2321 nautas
745 2258 901 2322 habuerit
944 2258 1127 2342 Respondet
1148 2275 1231 2320 unns
1252 2257 1399 2340 quisque,
1420 2266 1457 2321 nl
1478 2266 1545 2322 erat
1564 2268 1781 2344 praeceptum.

455 2349 519 2415 Iste
549 2350 582 2412 in
611 2350 735 2415 tabulas
762 2350 875 2416 refert:
907 2352 1054 2437 obsignat
1081 2352 1180 2435 signis
1207 2353 1380 2414 amicorum
1408 2353 1578 2437 providens
1599 2355 1712 2430 homo,
1744 2362 1784 2419 ut

456 2452 567 2508 contra
594 2444 655 2507 hoc
683 2446 819 2521 odmen,
853 2445 879 2509 si
909 2446 1036 2530 quando
1062 2466 1144 2530 opus
1173 2452 1275 2520 esset,
1307 2445 1366 2507 hac
1387 2445 1537 2510 videlicet
1560 2446 1782 2514 testificatione

418 2545 608 2603 moeretur.
651 2534 723 2602 103.
744 2541 890 2604 Berisum
912 2559 982 2605 esse
1004 2541 1099 2604 credo
1121 2540 1281 2604 hominem
1305 2547 1462 2603 amentem
1476 2560 1496 2603 a
1510 2541 1577 2604 suis
1591 2543 1781 2607 consiliariis

456 2641 488 2698 et
516 2632 711 2699 admonitum
740 2635 835 2698 hasce
865 2637 896 2699 ei
925 2635 1047 2699 tabulas
1076 2633 1156 2698 nihil
1176 2632 1377 2718 profuturas:
1411 2635 1504 2699 etiam
1527 2637 1599 2719 plus
1621 2656 1662 2699 ex
1683 2639 1783 2700 nimia

456 2728 610 2816 praetoris
633 2727 797 2811 diligentia
818 2728 1008 2813 suspicionis
1030 2729 1064 2792 in
1086 2749 1125 2793 eo
1148 2729 1278 2792 crimine
1299 2727 1451 2811 futurum.
1484 2729 1550 2793 lam
1564 2731 1625 2793 iste
1639 2737 1706 2795 erat
1719 2729 1782 2796 bac

456 2821 589 2887 stultitia
610 2821 718 2885 multis
740 2822 772 2884 in
795 2823 889 2885 rebus
911 2841 1004 2897 usus,
1030 2830 1066 2886 ut
1086 2823 1213 2908 publice
1235 2842 1382 2906 quoque,
1405 2843 1488 2907 quae
1508 2823 1620 2902 vellet,
1641 2827 1675 2889 in
1696 2825 1782 2890 litte·

455 2935 505 2980 ras
528 2914 691 2979 civitatum
715 2911 759 3000 [et
779 2916 847 2980 tolli
870 2910 913 2998 et]
936 2916 1045 2980 reterri
1066 2917 1206 2979 iuberet:
1228 2936 1310 3001 quae
1333 2919 1439 2980 omnia
1453 2938 1539 2981 nunc
1557 2918 1705 3003 intelligit
1719 2920 1781 2984 sibi

417 3011 535 3076 anihil
558 3011 725 3095 prodesse,
746 3019 954 3095 posteaquam
977 3011 1071 3074 certis
1086 3011 1215 3083 litteris,
1237 3010 1372 3073 testibus
1387 3012 1688 3098 auctoritatibusque
1702 3034 1781 3077 con·

454 3105 601 3169 vincitur.
633 3103 701 3168 XL.
716 3104 775 3168 Ubi
794 3104 856 3168 hoc
871 3104 973 3179 videt,
995 3104 1121 3168 illorum
1137 3105 1386 3180 confessionem,
1409 3107 1664 3171 testificationem
1678 3126 1781 3183 suam,

453 3198 586 3266 tabellas
608 3199 667 3262 sibi
689 3198 779 3263 nullo
801 3198 983 3263 adiumento
1003 3200 1142 3276 futuras,
1172 3201 1232 3264 init
1252 3200 1421 3263 consilium
1442 3219 1507 3263 non
1529 3200 1665 3286 improbi
1687 3220 1781 3284 prae-

454 3294 547 3368 toris,
577 3289 659 3375 (nam
688 3293 720 3356 id
751 3294 880 3377 quidem
910 3301 996 3358 esset
1022 3292 1215 3374 serendum)
1245 3294 1301 3358 sed
1330 3293 1503 3377 importuni
1525 3301 1621 3378 atque
1642 3296 1780 3360 amentis

454 3386 589 3476 tyranni.
624 3388 759 3462 Statuit,
781 3389 809 3452 si
830 3387 892 3451 hoc
907 3389 1026 3452 crimen
1041 3389 1206 3452 extenuari
1221 3386 1333 3462 vellet,
1357 3385 1440 3469 (nam
1455 3389 1586 3451 omnino
1601 3387 1669 3451 tolli
1684 3407 1779 3472 posse

416 3498 520 3549 eonon
547 3479 781 3563 arbitrabatur‚)
810 3484 985 3547 navarchus
1014 3502 1141 3557 omnes,
1170 3490 1267 3545 testes
1290 3482 1338 3544 sui
1361 3480 1507 3555 sceleris,
1534 3482 1601 3544 rita
1622 3500 1692 3545 esse
1713 3483 1781 3566 pri-

453 3576 584 3640 vandos.
628 3570 700 3638 ilii.
722 3576 914 3640 Occurrebat
935 3577 990 3640 illa
1010 3577 1109 3640 ratio:
1137 3576 1214 3662 quid
1238 3575 1407 3639 Cleomene
1428 3572 1503 3638 fiett
1532 3583 1684 3660 poterone
1706 3577 1778 3640 ani·

454 3672 649 3735 madvertere
671 3671 705 3734 in
727 3690 798 3747 eos,
820 3692 901 3757 quos
923 3672 1007 3736 dicto
1029 3671 1194 3735 audientes
1216 3689 1285 3733 esse
1305 3670 1401 3744 inssi,
1423 3671 1553 3733 missum
1574 3667 1678 3733 iacere
1693 3691 1779 3744 eum,

520 3942 544 3992 i.
561 3940 675 4005 want:
697 3940 952 4005 444--4444444444,
978 3940 1099 3992 1144414444
1117 3954 1177 4006 sqq.
1204 3941 1246 3990 Sic
1264 3940 1381 3991 distinxit
1397 3940 1425 3990 0.
1452 3942 1485 3990 41
1500 3939 1533 3991 41.
1552 3939 1638 3991 114414.
1656 3954 1683 4006 p.
1696 3940 1737 3992 ilii.
1748 3968 1777 3979 -

453 4019 478 4070 Ξ.
497 4022 556 4081 quoi
572 4017 591 4066 L
610 4015 651 4078 (ci.
670 4015 693 4078 5.
713 4015 795 4079 toni:
820 4017 952 4078 44444113,
978 4016 1119 4078 4144441444.
1139 4043 1167 4052 -
1185 4029 1250 4065 nooe
1266 4016 1319 4066 iit:
1342 4015 1403 4064 44444
1420 4014 1484 4066 dett.
1503 4016 1533 4065 0.
1554 4043 1582 4052 -
1599 4017 1724 4079 44444411,
1748 4018 1780 4068 nt

453 4104 536 4157 supra
552 4091 634 4140 4444141
650 4103 691 4155 pr.
710 4103 746 4140 m.
767 4117 794 4127 -
819 4103 869 4142 4444
885 4092 958 4142 sciret
974 4092 1050 4156 Lgtt.
1071 4116 1100 4129 -
1124 4090 1149 4142 3.
1169 4092 1274 4141 cadmia
1290 4092 1324 4150 a:
1347 4092 1459 4141 ooorllin
1475 4090 1506 4153 0,
1524 4091 1554 4141 ui
1569 4093 1696 4144 Graevius
1713 4094 1739 4143 in
1756 4094 1779 4144 11

454 4180 514 4218 4444
537 4164 602 4216 44144
622 4165 774 4217 tradiderat.
796 4165 992 4217 -1.4444444
1015 4167 1047 4217 64
1061 4167 1089 4228 2,
1113 4167 1223 4230 agaso.
1255 4166 1292 4231 [ln
1309 4168 1328 4217 11
1346 4169 1388 4217 est
1404 4171 1466 4227 tolo,
1489 4170 1518 4218 nl
1533 4180 1604 4217 nunc
1620 4169 1693 4218 certo
1708 4159 1794 4219 liur-¹

453 4241 519 4292 sioni
537 4241 686 4292 testimonio
703 4240 889 4293 confirmatum
906 4243 965 4307 est]
985 4266 1012 4279 ··
1031 4245 1056 4294 3.
1074 4257 1108 4294 eo:
1124 4242 1205 4294 11314
1224 4257 1241 4293 4
1257 4243 1322 4292 deii.
1342 4243 1370 4295 0.
1385 4268 1413 4279 -
1431 4242 1530 4293 attilii:
1549 4242 1689 4294 4444111441.
1708 4243 1776 4294 0.-

454 4315 478 4366 9.
496 4314 641 4366 4444411131
659 4317 753 4378 (liade.
771 4329 798 4382 p.
818 4318 899 4381 itti:
924 4318 1019 4369 ueniret
1034 4318 1103 4383 Lgia
1115 4320 1148 4379 0:
1165 4319 1260 4369 4444444
1276 4317 1342 4368 (1414.
1361 4316 1454 4382 pleriq.
1475 4344 1503 4354 -
1521 4317 1602 4368 dicere
1617 4319 1714 4368 4414114444
1729 4319 1776 4370 13.

454 4418 482 4428 -
502 4392 542 4442 10.
561 4391 618 4457 illis]
635 4393 713 4442 441444
730 4394 763 4451 ii:
780 4393 973 4444 1344414613.
994 4419 1020 4429 -
1040 4394 1080 4444 41.
1099 4394 1249 4445 Cleomenem
1264 4397 1288 4443 el
1302 4393 1444 4443 nauarchos
1455 4391 1520 4442 deit,
1534 4419 1562 4428 -
1581 4395 1620 4445 42.
1638 4395 1779 4445 4414444434

454 4467 518 4518 dell.
532 4468 561 4518 0.
582 4495 610 4504 -
630 4467 669 4517 43.
687 4469 855 4520 4444444444
870 4466 979 4519 44631.
995 4494 1022 4504 -
1040 4469 1111 4518 ulln
1127 4468 1238 4519 4441134
1256 4474 1284 4518 ai
1299 4469 1425 4532 ldsocere
1440 4467 1557 4518 mmmm
1572 4474 1595 4519 ei
1611 4469 1776 4522 lnsuadeti.

454 4543 484 4593 0.
503 4569 531 4578 -
549 4543 610 4592 nool
626 4543 693 4594 111441
710 4542 774 4594 deti.
793 4544 822 4594 0.
843 4570 871 4582 -
896 4545 937 4594 46.
956 4542 1043 4609 44144]
1061 4557 1094 4594 en:
1109 4544 1147 4593 444
1163 4546 1182 4594 11
1195 4546 1224 4606 S,
1249 4543 1321 4607 quod
1337 4543 1443 4594 tolerari
1460 4554 1512 4593 non
1529 4546 1631 4608 potest,
1658 4556 1720 4595 cum
1737 4545 1778 4595 sic

453 4618 487 4669 ad
504 4619 598 4668 4441444
613 4617 783 4670 referendum
800 4619 846 4679 sit:
864 4619 963 4669 4444444
978 4635 995 4682 ς
1012 4620 1037 4682 ii.
1056 4633 1080 4669 e.
1101 4619 1160 4670 cod.
1180 4621 1241 4684 Reg.
1255 4619 1326 4685 apud
1344 4619 1444 4684 steph.)
1460 4617 1561 4669 hahere
1578 4618 1685 4683 dicitur,
1704 4619 1779 4685 qnod

453 4695 561 4759 quidem
579 4694 621 4744 est
636 4695 803 4759 aptissimum
819 4694 882 4745 hoio
897 4693 964 4745 ioco.
985 4722 1011 4733 -
1037 4697 1148 4758 444411,
1169 4723 1196 4730 -
1222 4697 1261 4746 41.
1279 4694 1409 4760 respondet
1425 4694 1478 4745 aa:
1499 4695 1662 4758 remanebit
1678 4708 1718 4760 pr.
1737 4708 1776 4747 m.

453 4782 522 4821 corr.
536 4770 562 4818 in
578 4771 703 4833 respondit
714 4783 794 4821 manu
806 4769 910 4821 eadem.
926 4798 953 4807 -
967 4771 1007 4821 2⁰.
1026 4773 1099 4821 credo
1116 4784 1166 4821 4444
1182 4771 1245 4821 dell.
1259 4771 1287 4821 0.
1301 4798 1328 4808 -
1342 4772 1383 4821 14.
1402 4771 1539 4820 amentiam
1555 4771 1584 4820 11.
1598 4795 1625 4805 -
1639 4782 1672 4819 ec
1687 4770 1777 4837 nimio]

452 4845 547 4895 4444414
564 4845 592 4894 41.
614 4871 640 4880 -
659 4845 700 4896 23.
719 4845 745 4894 in
761 4845 856 4895 litteras
871 4845 1001 4895 4444144444
1017 4847 1070 4897 113;
1090 4847 1223 4897 4414114444
1239 4848 1286 4897 civ.
1305 4846 1387 4909 Lgi93
1405 4847 1433 4895 in
1448 4846 1494 4894 clo.
1514 4843 1601 4894 litteris
1618 4843 1682 4893 dett.
1701 4844 1731 4895 0.
1746 4872 1776 4884 -

452 4919 494 4972 ti.
512 4925 535 4969 41
551 4919 604 4968 44144
620 4918 699 4977 deli.;
724 4919 776 4969 lolli
792 4919 828 4969 413
846 4919 903 4982 (sed
920 4921 940 4970 11
957 4921 1018 4982 4411).
1046 4923 1117 4973 11444
1134 4936 1187 4973 non
1205 4922 1336 4974 immerito
1350 4921 1470 4985 Zumptio
1487 4921 1611 4985 suspecta
1628 4922 1703 4979 sunt:
1722 4919 1775 4971 del.

453 4994 538 5048 Halm.
560 5019 587 5030 -
610 4996 651 5046 25.
670 4994 859 5058 auctoribusque
875 4996 903 5045 11.
932 5021 958 5030 -
981 4995 1022 5045 ai.
1040 4995 1141 5046 4444444
1161 4997 1181 5046 0
1199 4999 1290 5047 conire
1308 4993 1387 5051 nond.
1409 5023 1435 5031 -
1460 4996 1513 5045 inid
1533 4996 1611 5061 ltpr.
1630 5008 1666 5045 m.
1686 5020 1715 5033 -
1733 4995 1778 5044 le-

450 5071 523 5135 probi
540 5073 560 5123 11
578 5072 605 5121 44
621 5069 717 5121 deinde
734 5071 825 5133 lepori.
845 5096 873 5107 -
892 5069 933 5121 29.
952 5071 1084 5120 eclmuorl
1101 5071 1150 5130 113,
1169 5070 1249 5133 ngas:
1274 5075 1411 5120 4444444444
1427 5069 1491 5121 deit.
1511 5070 1539 5120 0.
1560 5096 1588 5107 -
1605 5069 1686 5131 444444]
1699 5068 1778 5118 444444

453 5147 474 5197 11
491 5158 529 5210 pr.
550 5157 604 5204 m..
622 5146 651 5194 ui
667 5146 709 5196 iv.
728 5144 753 5209 g.
773 5146 829 5204 io:
846 5145 975 5196 4444444411
993 5157 1061 5196 corr.
1080 5157 1117 5195 m.
1136 5146 1160 5195 2.
1180 5147 1206 5194 ei
1223 5144 1268 5196 G3.
1287 5170 1314 5181 -
1333 5145 1373 5196 30.
1392 5145 1471 5195 onmis
1487 5145 1515 5194 11.
1529 5169 1557 5179 -·
1576 5145 1677 5194 44441441
1696 5143 1774 5206 1:329.

455 5246 483 5256 -
502 5219 543 5271 31.
562 5220 688 5271 Cleomene
703 5217 751 5270 at
773 5219 867 5284 iliada.
886 5221 933 5285 0p.
951 5222 971 5271 1.
991 5234 1017 5286 p.
1036 5220 1115 5282 alai:
1137 5220 1167 5271 de
1179 5219 1303 5271 Cleomene
1319 5221 1371 5279 G3,
1395 5219 1515 5271 Cleomeni
1530 5217 1594 5269 dett.
1610 5243 1637 5257 ·-
1656 5216 1697 5268 32.
1715 5217 1778 5267 anl-

454 5308 523 5346 mam
538 5295 668 5350 4144444444
682 5295 764 5360 lilii:
781 5295 895 5349 44144444
911 5295 1033 5348 adducere
1049 5295 1086 5346 02
1103 5294 1149 5346 hd.
1169 5293 1204 5359 (ln
1219 5307 1261 5346 444
1275 5295 1402 5346 menneo.
1420 5292 1508 5360 1429.)
