4367 6109
461 585 524 654 tuo
831 592 873 656 IN
893 590 1061 658 VERREM
1080 590 1204 657 acmo
1226 590 1411 658 SECUNBA

461 761 615 845 supplicio
644 759 747 823 allecti
777 779 813 823 ac
834 761 936 824 necati
958 768 1041 825 sunt
1083 761 1192 824 LVIII.
1215 756 1286 825 tto.
1309 762 1341 825 Si
1364 762 1420 847 qui
1441 780 1515 836 rex,
1538 763 1653 847 siqua
1675 759 1789 824 civitas

460 863 638 919 exterarum
665 856 818 937 gentium,
846 855 872 917 si
894 874 959 938 qua
978 855 1064 917 natio
1086 853 1214 918 fecisset
1233 854 1352 940 aliquid
1373 857 1406 919 in
1428 857 1512 920 circs
1532 856 1694 920 Romanos
1716 855 1788 918 eius

460 949 561 1020 modi,
582 966 690 1010 nonne
711 948 836 1031 publice
857 948 1111 1012 vindicaremus?
1132 969 1238 1012 nonne
1259 950 1344 1013 bello
1366 952 1652 1035 persequeremur!
1674 968 1788 1033 posse·

459 1063 528 1105 mus
549 1040 631 1104 hanc
646 1041 791 1105 iniuriam
806 1042 1073 1127 ignominiamque
1087 1043 1224 1105 nominis
1239 1043 1372 1106 Romani
1387 1043 1518 1107 inultam
1531 1044 1785 1128 impunitamque

435 1135 640 1198 Idimitteref
674 1133 760 1210 Quot
779 1135 863 1198 bella
885 1138 1018 1200 maiores
1040 1143 1164 1200 nostros
1187 1143 1220 1199 et
1242 1145 1359 1220 quanta
1380 1140 1558 1220 suscepisse
1578 1138 1784 1212 arbitramini,

458 1228 545 1313 quod
569 1229 651 1292 cives
673 1228 806 1293 Romani
829 1229 943 1293 iniuria
965 1230 1082 1303 affecti,
1110 1230 1194 1313 quod
1224 1230 1409 1293 navicularii
1430 1233 1561 1307 retenti,
1588 1231 1678 1316 quod
1700 1250 1784 1295 mer·

457 1330 580 1386 catores
602 1322 730 1406 spoliati
753 1322 955 1387 dicerentur?
993 1326 1033 1386 at
1054 1343 1112 1405 ego
1133 1323 1196 1386 iam
1217 1330 1359 1387 retentos
1379 1344 1446 1387 non
1469 1342 1605 1410 queror:
1627 1325 1783 1409 spoliatos

456 1414 621 1481 ferendum
643 1425 741 1500 puto:
763 1419 913 1492 navibus,
936 1418 1117 1502 mancipiis,
1143 1418 1300 1482 mercibus
1321 1419 1476 1502 ademptis
1497 1419 1530 1482 in
1551 1420 1679 1483 vincula
1701 1438 1784 1482 mer-

456 1518 578 1575 catores
600 1532 670 1575 esse
692 1512 850 1575 coniectos
875 1520 907 1575 et
927 1513 960 1574 in
980 1512 1118 1575 'vinculis
1141 1513 1227 1576 cives
1247 1513 1405 1576 Romanos
1425 1521 1556 1578 necatos
1579 1533 1650 1578 esse
1671 1533 1782 1597 urguo.

417 1600 528 1668 solco.
551 1606 583 1667 Si
606 1605 685 1668 haec
706 1606 792 1688 apud
816 1605 946 1689 Scythas
968 1605 1120 1679 dicerem,
1143 1626 1207 1668 non
1227 1605 1279 1669 hic
1302 1607 1335 1668 in
1350 1613 1438 1668 tanta
1451 1607 1651 1671 multitudine
1665 1608 1783 1671 civium

454 1701 684 1773 Romanorum,
707 1718 771 1761 non
793 1698 877 1783 apud
899 1707 1062 1762 senatores
1077 1700 1265 1763 lectissimos
1281 1700 1433 1774 civitatis,
1455 1719 1520 1763 non
1534 1701 1568 1763 in
1581 1700 1652 1765 foro
1667 1702 1782 1785 populi

453 1793 586 1858 Romani
608 1793 648 1857 dc
671 1801 717 1857 tot
739 1801 854 1856 ettam
876 1793 997 1856 acerbis
1019 1793 1182 1876 suppliciis
1205 1794 1319 1855 civium
1334 1793 1564 1869 Romanorum,
1585 1803 1691 1859 umen
1713 1795 1783 1858 ani·

454 1907 523 1951 mos
546 1888 640 1951 etiam
660 1886 864 1950 barbarorum
885 1886 1050 1948 hominum
1071 1906 1299 1969 permoverem.
1330 1887 1430 1948 Tanta
1445 1887 1529 1949 enirn
1543 1888 1639 1952 huius
1653 1888 1782 1973 imperii

454 1981 647 2064 amplitudo,
669 1988 756 2043 tanta
776 1980 912 2043 nominis
933 1979 1068 2042 Romani
1090 1979 1227 2063 dignitas
1248 1987 1297 2043 est
1318 1980 1403 2062 apud
1426 2000 1535 2044 omnes
1556 1984 1721 2058 nationes,
1745 1989 1784 2046 ut

415 2075 514 2138 'scissa
537 2077 568 2138 in
590 2082 717 2138 nostros
738 2073 883 2136 homines
905 2073 1074 2137 crudelitas
1096 2075 1216 2137 nemini
1237 2093 1388 2137 concessa
1409 2094 1480 2138 esse
1501 2075 1654 2141 videatur.
1690 2079 1784 2141 Nunc

453 2167 510 2231 tibi
533 2187 591 2250 ego
613 2168 712 2231 ullam
734 2167 884 2241 salutem,
905 2166 1006 2228 ullum
1028 2167 1207 2252 perfugium
1228 2175 1355 2251 putem,
1378 2188 1447 2231 cum
1469 2176 1500 2233 te
1519 2170 1715 2254 implicatum
1730 2190 1783 2234 sc·

452 2263 583 2326 veritate
604 2262 758 2335 iudicum,
781 2261 1027 2323 circumretitum
1049 2260 1231 2345 frequentia
1252 2261 1362 2344 populi
1378 2263 1511 2325 Ilomani
1534 2280 1605 2326 esse
1626 2264 1781 2327 videam?

454 2350 525 2418 l5l.
549 2355 800 2429 sineremus,
828 2354 860 2416 id
884 2354 969 2437 quod
991 2352 1058 2418 lieri
1080 2374 1145 2418 non
1167 2375 1262 2437 posse
1286 2354 1445 2437 intelligo,
1468 2376 1509 2419 ex
1528 2355 1579 2420 his
1601 2365 1633 2420 te
1653 2357 1782 2441 laqueis

453 2451 579 2513 exueris
602 2470 638 2512 ac
659 2457 690 2512 te
712 2449 889 2532 aliquavis
911 2468 947 2511 ac
969 2449 1091 2511 ratione
1115 2448 1298 2531 explicatis,
1325 2448 1358 2509 in
1378 2448 1451 2512 illas
1472 2450 1530 2513 tibi
1552 2451 1689 2514 maiores
1711 2452 1782 2534 pla·

414 2550 507 2628 togas
529 2543 733 2608 incidendum
755 2551 819 2618 est,
840 2543 874 2605 in
897 2542 1012 2626 quihus
1033 2550 1065 2606 te
1087 2542 1127 2605 ab
1149 2543 1260 2606 eodem
1279 2562 1329 2605 me
1345 2544 1509 2626 superiore
1525 2566 1566 2609 ex
1580 2544 1652 2609 loco
1666 2542 1782 2608 confici

452 2648 484 2702 et
506 2636 626 2702 concidi
647 2657 777 2701 necesse
800 2644 856 2700 est.
886 2636 943 2698 Cui
966 2638 992 2699 si
1016 2635 1176 2710 etiamid,
1200 2635 1286 2720 qood
1303 2635 1460 2712 defendit,
1482 2640 1576 2702 velim
1590 2638 1781 2712 concedere,

451 2739 557 2797 tamen
585 2732 655 2815 ipsa
683 2731 739 2793 illa
764 2730 845 2793 falsa
866 2729 1010 2793 defensio
1032 2749 1098 2792 non
1119 2731 1222 2793 minus
1245 2748 1315 2792 esse
1338 2731 1367 2792 ei
1389 2732 1568 2812 perniciosa
1590 2752 1686 2817 quam
1707 2751 1782 2796 mea

450 2844 526 2891 vera
546 2826 705 2890 accusatio
728 2825 850 2888 debeat.

534 2918 620 2997 Quid
642 2919 728 2982 enim
747 2917 913 2982 defendit?
940 2918 989 2979 Ex
1003 2916 1156 3000 Hispania
1169 2917 1327 3000 firgn‘entes
1343 2941 1377 2983 se
1393 2920 1557 3002 excepisse
1572 2928 1605 2984 et
1618 2921 1780 3004 supplicio

413 3019 442 3070 ²⁸
451 3016 592 3079 affecisse
614 3013 699 3078 dicit.
733 3013 811 3090 Quis
832 3013 889 3075 tibi
913 3010 944 3073 id
966 3011 1132 3093 permisit?
1154 3031 1218 3095 quo
1240 3012 1309 3074 iure
1330 3010 1454 3076 fecistis
1476 3014 1549 3096 quis
1571 3014 1656 3076 idem
1678 3014 1779 3078 fecitt

452 3110 508 3194 qui
529 3107 586 3172 tibi
608 3107 713 3172 fucere
735 3108 850 3170 licuit‘t
887 3101 958 3167 ⁴52.
980 3105 1098 3167 Forum
1115 3105 1245 3188 plenum
1260 3114 1291 3169 et
1303 3106 1451 3170 basilicas
1465 3106 1598 3170 istorum
1612 3107 1778 3170 hominum

450 3203 593 3268 ridemus
615 3208 647 3264 ct
668 3202 773 3264 animo
795 3219 901 3284 aequo
915 3196 1070 3262 videmus.
1105 3198 1213 3262 Civilis
1229 3200 1313 3263 enirn
1329 3201 1535 3265 dissensionis
1551 3208 1583 3264 et
1597 3220 1654 3264 seu
1668 3220 1779 3265 amen·

449 3299 511 3361 tiae
534 3316 590 3360 seu
612 3295 667 3358 fati
689 3316 745 3358 seu
769 3287 956 3358 calamitatis
978 3313 1042 3355 non
1057 3298 1105 3355 est
1119 3293 1179 3356 istc
1195 3292 1347 3357 molestus
1362 3295 1483 3369 exitus,
1506 3295 1538 3357 in
1554 3315 1619 3379 quo
1633 3295 1777 3379 reliquos

448 3390 560 3454 saltem
583 3389 668 3453 cives
689 3389 864 3451 incolumes
886 3387 961 3449 licet
982 3406 1179 3450 conservare.
1212 3387 1344 3461 Verres,
1365 3387 1420 3449 ille
1435 3395 1525 3450 retus
1542 3387 1686 3470 proditor
1699 3398 1778 3451 con·

411 3485 544 3557 rosulis,
566 3483 735 3547 translator
756 3488 962 3566 quaesturae,
985 3498 1115 3544 aversor
1135 3480 1289 3564 pecuniae
1308 3481 1471 3563 puItlicae,
1493 3488 1615 3544 tantum
1636 3480 1697 3543 sibi
1719 3494 1776 3544 au·

448 3579 603 3643 ctoritatis
624 3578 658 3640 in
680 3596 714 3640 re
736 3575 863 3660 publica
885 3575 1041 3658 suscepit,
1062 3582 1115 3649 ut,
1137 3574 1252 3659 quibus
1267 3572 1448 3637 hominibus
1464 3594 1521 3657 per
1535 3583 1694 3650 senatum,
1715 3595 1776 3660 per

447 3674 603 3757 populum
623 3674 814 3745 Romanum,
837 3691 895 3754 per
916 3688 1025 3733 omnes
1047 3667 1247 3752 magistratus
1265 3667 1300 3730 in
1312 3666 1399 3743 foro,
1420 3669 1456 3731 in
1470 3669 1644 3753 sutfrains,
1664 3671 1699 3734 in
1713 3669 1774 3733 hac

513 4009 537 4059 4.
556 4007 646 4072 adfecti
661 4008 697 4067 44;
716 4020 769 4057 om.
788 4006 866 4069 tgto.
886 4033 913 4042 -
932 4006 953 4055 si
970 4005 1012 4068 qut
1029 4006 1097 4056 4494
1109 4005 1156 4055 Ld.
1169 4003 1250 4068 ngas:
1272 4005 1294 4054 at
1311 4003 1366 4068 quta
1381 4003 1446 4054 dett,
1459 4005 1488 4055 0.
1503 4032 1530 4042 —
1549 4006 1574 4056 4.
1593 4007 1684 4070 «44494444
1699 4008 1730 4058 u.
1742 4032 1769 4043 -

445 4080 512 4134 euos
528 4085 597 4134 Itom.
616 4078 759 4145 44344349
777 4081 845 4144 [mois
862 4082 904 4143 Ill:
930 4081 1008 4130 cium
1025 4081 1052 4130 44.
1071 4080 1136 4130 dett.
1154 4080 1184 4132 0.
1208 4107 1235 4116 -
1260 4079 1284 4130 3.
1302 4092 1384 4129 nouus
1404 4079 1465 4128 bello
1484 4079 1520 4129 443
1532 4081 1617 4144 tgso:
1643 4096 1694 4132 sos
1710 4082 1773 4133 osto

447 4157 511 4209 dett.
530 4160 560 4209 0.
579 4184 606 4193 -
626 4158 650 4209 I.
669 4156 784 4221 inultum]
800 4158 908 4206 Inuitum
924 4158 956 4213 44;
975 4156 1095 4205 locutam
1111 4155 1156 4205 (43.
1177 4181 1204 4191 -
1222 4155 1312 4217 tepor.
1330 4156 1359 4205 44.
1381 4180 1408 4191 -
1426 4155 1451 4203 o.
1468 4152 1630 4205 muamus
1645 4156 1682 4207 (43
1693 4154 1710 4207 λ
1722 4158 1772 4208 hs·

446 4231 512 4283 bont
527 4235 587 4283 onte
603 4233 720 4282 maiores.
739 4230 778 4282 Cf.
797 4230 882 4281 Itadv.
901 4230 948 4294 Op,
967 4231 986 4279 I.
1005 4244 1032 4295 p.
1050 4229 1107 4280 354.
1128 4257 1155 4267 -
1178 4230 1202 4279 6.
1220 4229 1310 4292 adfecti
1326 4230 1356 4278 44.
1375 4253 1403 4263 -
1421 4228 1564 4277 socinum
1579 4230 1609 4279 R.
1629 4256 1657 4266 -
1674 4232 1698 4281 4.
1718 4233 1772 4282 icen

446 4320 499 4359 om.
518 4307 583 4358 dett.
603 4333 630 4343 -
649 4307 673 4359 8.
691 4307 825 4370 [morsm
840 4307 918 4368 chg.
936 4317 1040 4355 omncs.
1061 4329 1088 4339 -
1106 4302 1247 4367 mancipiis]
1263 4303 1363 4367 moguir
1378 4301 1423 4352 443.
1436 4328 1467 4340 -
1485 4304 1580 4364 adeptis
1596 4304 1625 4353 u.
1641 4329 1668 4339 -
1685 4305 1773 4355 ouda

444 4386 497 4444 om
513 4385 619 4435 conus
634 4384 712 4447 ngas.
726 4409 754 4420 —
766 4383 791 4433 9.
809 4383 874 4431 cosi.
891 4394 942 4431 csse
956 4394 1032 4430 orere.
1045 4381 1123 4443 Lagg.
1136 4382 1243 4444 praeter
1253 4380 1299 4440 49,
1318 4379 1347 4428 0.
1361 4404 1388 4414 -
1402 4379 1490 4427 clectis
1506 4380 1535 4429 u.
1554 4376 1585 4427 ct.
1600 4379 1634 4428 ad
1646 4378 1670 4442 5.
1683 4380 1726 4432 tr.
1741 4406 1769 4416 -

445 4451 1769 4522 tropicon-ta.permoveretureorr.01pmnovmt.-vmpersn.-rt.noetustopccrgss.

446 4560 474 4571 -
484 4536 526 4586 44.
544 4547 594 4585 esse
609 4545 662 4583 orn.
682 4534 759 4596 lagg.
773 4535 880 4597 praeter
891 4531 932 4589 tr,
950 4532 980 4582 0.
994 4556 1021 4566 -
1034 4544 1102 4580 succ
1118 4530 1161 4579 soc
1178 4543 1222 4593 eqo
1240 4530 1275 4580 443
1293 4529 1387 4591 (Madv.
1399 4541 1426 4593 p.
1440 4529 1522 4591 449.)ι
1539 4541 1601 4578 urso
1616 4528 1660 4577 4444
1674 4541 1722 4592 eqo
1738 4528 1769 4591 λ;

443 4623 505 4660 nom
520 4624 565 4674 ego
583 4609 626 4659 titi
642 4608 707 4658 dett.
727 4610 755 4658 0.
777 4635 804 4644 -
824 4608 864 4656 46.
882 4606 943 4668 tnpt.
962 4607 991 4657 44.
1013 4634 1039 4643 -
1059 4608 1099 4657 ts.
1117 4606 1266 4656 nummulos
1281 4605 1346 4655 dett.
1367 4630 1394 4640 -
1412 4605 1521 4668 tutcdtqo
1537 4618 1587 4654 uos
1599 4618 1671 4668 posse
1687 4607 1768 4670 Lagg.

445 4709 475 4723 -
492 4685 530 4734 444
546 4684 597 4746 tuq.
616 4690 638 4733 te
655 4682 719 4733 dett.
739 4683 767 4733 0.
787 4709 814 4717 -
835 4683 875 4732 49.
894 4683 1012 4732 excusis
1028 4683 1113 4745 L329;
1131 4683 1243 4732 moeris
1259 4682 1289 4732 44.
1310 4708 1337 4717 -
1353 4681 1398 4728 oto
1415 4676 1506 4729 44464
1522 4694 1528 4728 :
1546 4680 1727 4742 om.oatc.;
1743 4684 1772 4732 os·

444 4768 510 4821 ceu.
533 4795 560 4803 -
588 4770 629 4819 ss.
648 4773 671 4818 o
686 4767 781 4817 conum
798 4768 827 4816 n,
851 4792 878 4801 -
905 4767 946 4817 m.
964 4766 1020 4828 spu
1034 4767 1080 4816 sca
1095 4750 1255 4830 traduat:
1278 4766 1324 4815 cu
1339 4766 1396 4827 usa
1413 4766 1475 4828 (om.
1494 4764 1569 4829 saon)
1587 4765 1651 4815 uest.
1670 4766 1700 4815 o.
1728 4765 1769 4817 cr.

443 4843 529 4896 IIadv.
547 4854 575 4909 p.
594 4842 650 4893 too.
670 4868 697 4877 —
716 4842 747 4907 et]
765 4850 788 4891 cc
804 4842 833 4890 44.
854 4868 881 4876 -
900 4839 941 4890 Il.
959 4840 1057 4902 Quoto
1073 4842 1093 4891 44
1111 4853 1152 4907 pr.
1165 4851 1201 4890 m.
1218 4866 1245 4877 -
1263 4840 1413 4901 supprimam
1429 4838 1482 4901 cdl.
1496 4841 1524 4890 44.
1541 4867 1568 4877 -
1587 4841 1628 4890 95.
1648 4851 1697 4901 quo
1713 4840 1772 4890 tm

442 4918 479 4972 443
491 4917 521 4972 l:
541 4932 589 4983 quo
605 4919 632 4967 td
647 4918 703 4967 turs
719 4916 783 4965 dett.
802 4916 831 4965 0.
853 4940 880 4952 -
899 4915 941 4966 26.
960 4915 1003 4965 4444
1020 4917 1098 4978 Lugg.
1117 4926 1228 4965 omnes:
1251 4914 1294 4963 4444
1310 4915 1337 4963 td
1353 4914 1389 4965 (43
1402 4915 1434 4972 03
1453 4916 1479 4964 in
1497 4916 1515 4965 44
1531 4915 1560 4965 s'd
1575 4927 1634 4979 sup.
1652 4912 1695 4964 lin.
1716 4916 1767 4976 est,

441 4993 492 5047 scd
509 5007 544 5044 m.
563 5006 615 5058 pr..
633 4994 662 5041 ut
680 4991 792 5040 testatur
808 4991 959 5041 Bursianus.
980 5016 1007 5025 -
1026 4993 1066 5042 st.
1085 4995 1109 5041 ct
1125 4992 1209 5040 asmo
1225 5002 1305 5053 usquo
1321 4989 1432 5038 uidemus
1447 4996 1500 5038 om.
1519 4989 1566 5040 443.
1579 5016 1607 5027 -
1625 4989 1713 5054 cuias]
1730 4989 1770 5039 cd-

440 5068 601 5120 usquam
617 5065 677 5128 Ld.;
698 5067 841 5116 ciolwffit.
856 5093 882 5100 -
902 5065 1104 5128 defenstcutstld.
1119 5091 1147 5100 -
1167 5069 1190 5115 ct
1205 5063 1256 5128 scs]
1273 5062 1379 5119 ο444443;
1397 5067 1421 5113 οι
1436 5063 1487 5112 uve
1503 5062 1568 5113 dett.
1581 5063 1610 5114 0.
1624 5089 1652 5099 —
1670 5064 1712 5114 98.
1725 5075 1770 5113 scu

482 5145 492 5211 ’A
504 5143 540 5195 449
552 5140 568 5192 λ
580 5141 705 5207 4344491
724 5142 774 5192 sius
789 5142 808 5205 s.
827 5141 894 5191 dett.
910 5142 940 5192 0.
955 5167 982 5177 -
1001 5140 1089 5190 soltm
1105 5141 1214 5202 rsttqvos
1228 5138 1309 5203 4.349;
1326 5138 1527 5199 rettquosotutcm
1543 5138 1563 5188 44
1576 5138 1627 5199 (Im
1645 5138 1708 5189 inde
1723 5151 1769 5188 re·

439 5148 712 5282 mmmmm.
735 5241 763 5253 -
785 5216 828 5267 49.
850 5215 1060 5266 coctum
1083 5213 1199 5277 angra
1222 5238 1250 5250 -
1273 5211 1769 5278 commossem-asans·

439 5294 568 5361 trama,
