4367 6109
726 549 857 644 nau
887 577 961 643 cn».
982 577 1185 643 ιιι-ιιι.
1212 574 1269 661 ss.
1291 572 1440 641 ιιι-ιι.
1684 565 1745 637 ιιι

426 747 459 811 C.
481 748 505 809 F
507 747 634 812 ulicium
656 747 727 812 duci
748 749 839 812 iussit
857 751 1038 832 petitorem,
1060 750 1096 812 L.
1118 749 1332 841 Suetiumt.
1353 748 1516 812 Racilium.
1551 745 1669 810 Iudicia
1688 738 1748 805 bu·

426 842 579 906 iusmodi:
609 842 671 919 Qui
694 844 778 906 cives
798 844 930 906 Romani
952 852 1055 919 erant,
1085 846 1111 907 si
1135 845 1230 907 Siculi
1252 850 1371 917 essent,
1401 863 1472 905 cum
1494 839 1616 906 Siculos
1638 854 1747 902 eorum

426 936 547 1018 legibus
570 935 636 999 dari
658 944 829 1020 oporteret:
859 938 913 1021 qui
935 938 1046 1012 Siculi,
1075 940 1102 1000 si
1130 939 1215 1001 cives
1235 937 1367 1001 Romani
1388 942 1504 999 essent.
1547 932 1598 997 32.
1619 936 1747 1005 Verum,

426 1038 460 1092 ut
481 1037 579 1093 totum
601 1049 701 1110 genus
723 1030 952 1113 amplectamini
973 1032 1175 1106 iudiciorum,
1203 1033 1289 1115 prius
1319 1033 1386 1094 iura
1409 1031 1602 1103 Siculorum,
1631 1023 1747 1089 deinde

427 1124 514 1186 istius
537 1124 676 1186 instituta
697 1126 884 1206 cognoscite.
921 1126 1006 1187 lllll.
1030 1125 1126 1188 Siculi
1147 1125 1208 1189 boc
1221 1127 1288 1189 iure
1304 1132 1392 1200 sunt,
1414 1134 1462 1198 ut,
1485 1124 1570 1209 quod
1586 1123 1662 1186 civis
1677 1132 1772 1183 cume

427 1218 494 1280 cive
516 1224 604 1299 agat,
627 1215 712 1281 domi
734 1227 833 1281 certet
853 1219 918 1282 suis
940 1220 1078 1301 legibus;
1104 1218 1190 1303 quod
1217 1219 1339 1282 Siculus
1361 1240 1430 1282 cum
1454 1219 1559 1282 Siculo
1580 1238 1644 1282 non
1666 1218 1749 1281 eius·

427 1312 499 1375 dem
520 1312 667 1385 civitatis,
696 1320 732 1375 ut
761 1312 801 1376 de
824 1334 862 1377 eo
883 1321 1007 1397 praetor
1027 1313 1147 1377 iudices
1170 1333 1210 1377 ex
1231 1316 1264 1376 P.
1286 1315 1403 1399 Rupilii
1431 1314 1573 1387 decreto,
1603 1311 1688 1396 quod
1721 1311 1749 1374 is

426 1406 466 1470 de
489 1404 599 1470 decem
620 1406 792 1489 legatorum
814 1409 968 1472 sententia
989 1409 1110 1482 statuit,
1142 1428 1235 1491 quam
1258 1408 1303 1470 illi
1325 1408 1427 1490 legem
1448 1409 1605 1492 Rupiliam
1628 1413 1750 1480 vocant,

426 1502 580 1565 sortiatur.
624 1501 717 1578 Quod
745 1503 883 1585 privatus
910 1523 929 1566 a
954 1502 1069 1585 populo
1091 1504 1168 1586 petit
1190 1510 1243 1566 aut
1263 1503 1397 1587 populus
1419 1523 1437 1566 a
1457 1499 1595 1585 privato,
1622 1506 1750 1564 senatus

426 1594 593 1678 exaliqua
615 1596 737 1658 civitate
761 1597 815 1679 qui
837 1596 954 1659 iudicet
974 1596 1079 1670 datur,
1103 1616 1174 1660 cum
1195 1598 1335 1661 alternae
1350 1597 1491 1660 civitates
1511 1598 1645 1659 reiectae
1667 1600 1788 1664 sunto

427 1689 519 1766 Quod
542 1690 617 1752 civis
638 1690 797 1753 Romanus
819 1709 838 1752 a
860 1690 964 1754 Siculo
986 1692 1077 1775 petil,
1101 1691 1225 1755 Siculus
1247 1691 1344 1755 iudex
1366 1690 1471 1754 datur:
1494 1691 1578 1773 quod
1594 1688 1752 1752 Siculusa

427 1785 484 1847 civi
506 1784 662 1856 Romano,
691 1784 767 1847 civis
798 1785 957 1848 Romanus
979 1784 1087 1848 datur:
1118 1793 1290 1848 ceterarum
1312 1805 1416 1849 rerum
1438 1785 1547 1847 selecti
1566 1783 1687 1847 iudices
1709 1801 1751 1845 ex

426 1885 582 1942 conventu
604 1879 718 1942 civium
739 1879 950 1942 Romanorum
971 1882 1103 1962 proponi
1132 1880 1244 1943 solent.
1288 1881 1373 1942 luter
1392 1886 1530 1943 aratores
1552 1885 1584 1941 et
1604 1877 1751 1939 decuma·

426 1993 483 2035 nos
505 1972 575 2055 lege
589 1972 806 2045 frumentaria,
829 1992 923 2057 quam
938 1973 1137 2037 Hieronicam
1150 1974 1324 2057 appellant,
1349 1973 1463 2037 iudicia
1478 1969 1565 2036 liunt.
1597 1966 1649 2032 33.
1663 1969 1750 2032 Haec

426 2068 531 2131 omnia
552 2068 612 2131 isto
634 2074 777 2151 praetore
799 2086 863 2130 uon
885 2067 979 2130 modo
1001 2068 1195 2153 perturbata,
1216 2067 1273 2131 sed
1296 2068 1389 2151 plane
1412 2074 1444 2131 et
1459 2066 1570 2131 Siculis
1585 2072 1617 2127 et
1630 2064 1750 2128 civibus
1759 2083 1787 2131 lt

424 2162 573 2225 Romanis
603 2168 710 2244 erepta
739 2169 826 2235 sunt3
856 2162 989 2244 primum
1017 2182 1092 2225 suae
1119 2161 1227 2243 leges:
1258 2161 1342 2245 quod
1364 2163 1441 2226 civis
1461 2182 1532 2224 cum
1553 2158 1613 2222 civi
1634 2162 1750 2240 ageret,

425 2262 478 2319 aut
499 2276 572 2318 cum
593 2255 745 2330 iudicem,
774 2277 868 2339 quem
891 2256 1087 2320 commodum
1111 2263 1191 2330 erat,
1221 2275 1424 2339 praeconem,
1445 2253 1662 2337 haruspicem,
1684 2270 1751 2314 mc·

425 2348 528 2411 dicum
550 2369 641 2412 suum
663 2349 772 2424 dabat,
795 2356 862 2424 aut,
885 2352 912 2414 si
933 2350 1056 2433 legibus
1078 2358 1144 2413 erat
1164 2350 1313 2413 iudicium
1331 2350 1534 2412 constitutum
1548 2346 1634 2411 etad
1649 2347 1750 2410 civem

425 2464 516 2505 suum
539 2441 673 2507 iudicem
694 2452 860 2520 venerant,
889 2445 987 2508 libere
1009 2447 1069 2509 civi
1093 2445 1230 2508 iudicare
1252 2464 1315 2507 uon
1337 2443 1460 2507 licebat.
1500 2442 1645 2506 Edictum
1665 2440 1750 2503 enim

425 2537 560 2600 bominis
583 2540 778 2620 cognoscite,
802 2559 866 2622 quo
888 2539 991 2603 edicto
1012 2539 1120 2602 omnia
1140 2538 1254 2603 iudicia
1274 2538 1439 2621 redegerat
1458 2537 1594 2601 insuam
1615 2540 1788 2620 potesta-m

425 2639 506 2696 tem:
529 2652 558 2694 ιι
580 2651 635 2705 ovr
655 2653 822 2697 remanare
844 2653 1040 2709 rvurcsssnr,
1068 2653 1104 2698 sn
1128 2652 1343 2697 cocurrvnru:
1372 2652 1435 2696 cvra
1462 2651 1653 2704 coouossnr,
1682 2647 1750 2692 ιιι-

426 2744 669 2791 ιιιιιιιιινιιιι.
712 2728 812 2812 ldque
840 2749 911 2792 cum
938 2728 1087 2804 faciebat,
1117 2748 1210 2793 nemo
1232 2728 1408 2802 dubitabat,
1437 2729 1531 2811 quin,
1560 2746 1631 2789 cum
1652 2720 1751 2786 index

426 2821 521 2884 alium
547 2820 588 2884 de
616 2842 674 2886 suo
695 2821 811 2886 indicio
833 2829 956 2906 putaret
979 2823 1187 2887 iudicaturum
1208 2843 1307 2906 seque
1328 2823 1363 2884 iu
1384 2843 1422 2886 eo
1444 2823 1555 2907 capitis
1576 2816 1750 2902 periculum

426 2915 597 2988 aditurum,
619 2916 811 2980 voluntatem
834 2925 991 3000 spectaret
1012 2918 1094 2992 eius,
1124 2938 1218 3001 quem
1240 2917 1343 2981 statim
1365 2917 1527 3000 decapite
1549 2934 1606 2978 suo
1627 2914 1751 2995 putaret

426 3008 644 3089 iudicaturum.
688 3007 739 3073 34.
763 3012 877 3075 Selecti
899 3031 940 3074 ex
962 3021 1119 3076 conventu
1140 3019 1195 3075 aut
1213 3014 1363 3097 propositi
1385 3032 1426 3076 ex
1447 3007 1690 3093 negotiatoribus
1703 3005 1789 3075 ἰιι-ιι

428 3103 512 3166 dices
534 3103 624 3166 nulli.
655 3104 743 3167 Haec
764 3106 870 3188 copia,
892 3126 986 3189 quam
1009 3106 1095 3182 dico,
1117 3107 1271 3180 iudicum,
1293 3107 1406 3171 cobors
1428 3126 1492 3169 nou
1515 3105 1554 3182 Q.
1570 3096 1750 3176 Scaevolae,

427 3199 482 3283 qui
504 3204 608 3261 tamen
631 3197 671 3261 de
693 3199 821 3262 cohorte
844 3199 997 3263 suadere
1019 3221 1083 3264 non
1106 3202 1243 3276 solebat,
1265 3201 1322 3264 sed
1345 3201 1379 3264 C.
1401 3201 1517 3263 Verris.
1551 3199 1647 3264 Cuius
1665 3195 1750 3262 modi

427 3292 585 3356 cohortem
613 3292 728 3375 putatis
756 3292 817 3356 boo
838 3293 979 3377 principe
1000 3293 1121 3359 luisset
1148 3296 1171 3376 †
1194 3296 1284 3358 siculi
1306 3295 1417 3359 videtis
1439 3295 1591 3358 edictum:
1625 3313 1653 3355 ιι
1675 3311 1750 3365 ovio

426 3406 591 3450 runrnnsu
619 3406 780 3451 mulcetur
801 3407 946 3452 snuarvs.
989 3390 1068 3452 Eum
1091 3410 1219 3474 quoque
1237 3388 1415 3463 ostendam,
1437 3388 1465 3451 si
1488 3387 1614 3472 quando
1635 3387 1675 3450 sit
1696 3384 1752 3447 da·

425 3488 491 3555 tus,
514 3490 623 3546 coactu
645 3483 734 3546 istius
757 3483 843 3567 quod
865 3504 928 3547 non
951 3485 1084 3547 senserit
1107 3484 1275 3548 iudicasse.
1317 3484 1367 3546 Ex
1388 3484 1458 3566 lego
1480 3482 1605 3567 llupilia
1626 3479 1787 3545 sortitioeo

492 3723 515 3773 4.
535 3724 665 3789 Sufficiam
682 3723 750 3788 4344
767 3738 793 3789 p.
808 3738 844 3776 m.
857 3727 887 3776 4.
908 3753 935 3763 -
954 3727 982 3776 I..
994 3727 1115 3778 Accilium
1126 3725 1193 3791 4344
1211 3741 1237 3791 p.
1252 3739 1302 3786 m.;
1320 3728 1349 3777 I..
1361 3726 1468 3777 Aciliam
1478 3741 1510 3788 φ.
1534 3723 1652 3776 'Iurbant
1668 3722 1748 3775 codd.

425 3802 498 3851 nario
515 3801 541 3851 in
558 3800 600 3850 his
617 3799 777 3851 nominibus.
794 3824 826 3839 -α
839 3801 864 3850 4.
882 3814 939 3850 cam
950 3803 1128 3867 --oporleretl
1146 3803 1185 3853 sic
1201 3803 1293 3853 Lamb.
1312 3816 1345 3854 ex
1361 3804 1455 3853 Donat.
1473 3801 1508 3852 ad
1524 3802 1583 3852 Ter.
1596 3802 1704 3852 Pborm.
1717 3799 1748 3849 ll.

427 3876 451 3935 t,
469 3875 521 3936 36..
546 3877 591 3939 qui
612 3874 694 3925 babet
709 3881 762 3924 tum
782 3875 832 3925 Sic.
846 3901 883 3914 --
894 3883 1029 3939 oporteret,
1048 3876 1125 3942 prob.
1144 3879 1229 3929 blusso
1247 3877 1264 3928 l.
1282 3877 1299 3928 1.
1318 3891 1344 3942 p.
1364 3879 1404 3928 64.
1417 3891 1424 3926 r
1451 3883 1504 3928 tren
1519 3878 1541 3926 ιιΙ
1556 3890 1643 3928 mrim
1658 3877 1752 3940 lepibor

426 3954 488 4002 dere
504 3952 535 4014 ts.
549 3950 617 4015 dari)
635 3956 758 4012 oporteret
774 3949 853 4001 codd.
872 3954 900 4002 et
917 3955 976 4003 Asc.
996 3953 1079 4014 (cuius
1097 3952 1159 4002 edd.
1173 3966 1214 4017 pr.
1227 3957 1255 4004 el
1271 3952 1372 4004 Berald.
1386 3958 1481 4015 oportet
1491 3952 1640 4017 praebent.)
1657 3954 1748 4018 steph.

426 4029 464 4080 sic
481 4025 579 4077 edidit:
607 4027 869 4088 occidederunt,
893 4027 971 4077 stcolt
985 4034 1075 4090 essert,
1102 4043 1158 4078 cum
1175 4029 1267 4089 Siculi,
1294 4043 1380 4078 ecrmm
1396 4029 1489 4092 4434343
1504 4029 1562 4078 deri
1578 4034 1701 4091 oporteret
1717 4041 1751 4080 ex

425 4102 485 4153 cod.
503 4105 546 4162 N„
565 4100 591 4151 id
609 4100 680 4165 quod
697 4100 803 4151 vidntur
819 4100 903 4165 colligi
920 4115 1000 4167 posse
1018 4117 1050 4153 cx
1067 4102 1143 4151 Varr.
1157 4104 1238 4153 lectt.
1258 4116 1283 4166 p.
1297 4104 1365 4164 686,
1382 4102 1429 4154 ubi
1446 4106 1584 4167 praeterea
1601 4105 1752 4169 suspicetur

425 4177 567 4240 legendum
589 4189 664 4228 esse:
688 4189 746 4226 cren
767 4177 908 4227 Sicolomrm
930 4178 1023 4242 lapibus
1038 4190 1099 4242 sqq.
1118 4177 1274 4228 Addcilan.
1293 4179 1324 4228 ll.
1343 4192 1369 4243 p.
1388 4179 1456 4240 444,
1480 4180 1525 4243 qui
1541 4177 1625 4229 verba
1641 4184 1695 4229 tam
1709 4203 1751 4216 ·-

424 4258 548 4316 oporteret
563 4251 597 4303 ab
615 4256 760 4316 interprete
777 4253 895 4317 prolecta
907 4266 966 4304 esse
979 4254 1077 4305 statuit.
1093 4279 1121 4291 -
1135 4254 1160 4305 4.
1173 4255 1359 4316 amplectemini
1369 4253 1465 4306 codd:
1483 4254 1678 4317 complectamini
1689 4253 1750 4304 Asc.

425 4329 454 4379 0.
473 4326 506 4378 cl.
525 4328 544 4376 l.
564 4326 588 4390 5.
603 4327 658 4377 tot.
673 4328 729 4377 440.
750 4356 777 4366 -
797 4330 821 4378 b.
840 4342 896 4378 cum
913 4331 961 4379 ciui
978 4331 1005 4380 L.
1027 4358 1053 4367 —
1073 4331 1099 4380 8.
1117 4331 1153 4379 illi
1170 4331 1247 4393 lepem
1263 4329 1331 4392 4344
1343 4344 1384 4392 rp:
1402 4330 1480 4394 lepem
1496 4330 1574 4380 Siculi
1591 4329 1639 4380 dlt.
1657 4330 1694 4384 L:
1712 4329 1752 4378 Si·

424 4403 474 4452 cali
490 4402 567 4465 lepem
584 4403 720 4465 4343444.
747 4431 774 4440 -
798 4405 838 4454 44.
857 4404 905 4454 ciui
926 4404 994 4468 4344
1011 4419 1038 4468 p.
1056 4419 1093 4456 m.
1113 4406 1194 4456 Prisc.
1213 4407 1232 4455 I.
1251 4420 1277 4470 p.
1296 4405 1364 4467 337..
1383 4419 1465 4470 quem
1481 4404 1559 4455 vide:
1585 4404 1637 4453 cive
1654 4405 1700 4452 etl.
1721 4430 1749 4439 —

426 4491 543 4528 ..mono
559 4479 636 4526 datar
651 4478 682 4527 V.
698 4505 725 4515 -
743 4491 828 4528 rernm
846 4492 900 4529 om.
918 4479 985 4542 4344
1003 4493 1029 4544 p.
1043 4493 1079 4530 m.
1099 4480 1130 4530 V.
1150 4508 1178 4517 -
1197 4479 1237 4530 43.
1255 4481 1347 4530 eiciam
1363 4482 1392 4530 Ii.
1411 4494 1444 4530 ee
1459 4484 1580 4532 concentu
1596 4478 1665 4529 coni.
1684 4478 1751 4526 Gro-

424 4566 484 4604 nov.
503 4553 632 4604 Observv.
651 4555 693 4604 444.
706 4554 747 4604 44.
773 4556 807 4604 bt
823 4554 857 4604 cl.
870 4556 956 4604 Garat.
976 4557 1003 4604 el
1019 4553 1104 4605 Halm.
1122 4554 1156 4605 ad
1168 4556 1252 4606 Vatin.
1271 4570 1297 4621 p.
1310 4557 1352 4607 48.
1368 4583 1393 4595 -
1415 4557 1455 4607 lb.
1473 4569 1534 4606 moe
1549 4552 1628 4606 codd.
1644 4555 1750 4618 praeter

423 4630 466 4689 N..
484 4629 509 4678 in
527 4642 581 4693 quo
597 4631 671 4679 miae.
693 4657 721 4667 -
739 4630 787 4679 civi
804 4629 873 4691 4344
890 4644 916 4694 p.
930 4643 966 4680 m.
983 4630 1109 4679 NPrisc.:
1127 4631 1180 4680 cioe
1196 4634 1241 4681 ctt.
1264 4632 1293 4682 lu
1304 4631 1335 4680 V.
1351 4631 1481 4682 incertum
1497 4631 1551 4681 cive
1567 4643 1601 4681 an
1617 4631 1666 4679 ciui
1682 4628 1751 4692 legs-

424 4706 474 4754 lur.
490 4727 517 4739 -
538 4704 578 4754 43.
597 4706 631 4753 ad
647 4718 719 4754 mem
736 4705 813 4754 mrem
830 4705 878 4754 eV.
894 4731 921 4741 -
940 4704 980 4754 40.
1000 4705 1066 4766 qaod
1081 4706 1160 4755 edicto
1175 4706 1207 4755 V.
1227 4731 1255 4744 -
1274 4707 1315 4757 44.
1334 4708 1355 4756 ιι·
1371 4708 1416 4768 pai
1432 4706 1494 4758 lu:
1513 4707 1535 4756 si
1550 4707 1606 4768 paris
1622 4701 1655 4754 al.
1671 4716 1752 4753 -eo·

423 4783 549 4842 proiceret
565 4777 633 4843 4344
651 4793 677 4844 p.
696 4793 749 4839 m.;
772 4780 923 4844 copomisset
939 4780 969 4829 V.
990 4807 1017 4816 —
1035 4779 1077 4829 44.
1096 4781 1125 4830 ln
1142 4781 1164 4830 V
1181 4780 1264 4832 verba
1286 4795 1343 4832 com
1363 4781 1473 4847 faciebat
1488 4785 1515 4832 et
1531 4780 1659 4831 eumeces
1675 4777 1751 4829 oblil-

425 4858 621 4906 lamissone·
636 4855 676 4905 43.
687 4861 789 4917 putaret
799 4882 814 4893 ·
822 4882 836 4893 ·
847 4860 968 4919 spectaret
975 4881 990 4892 ·
998 4881 1012 4893 -
1018 4860 1121 4918 pateret
1131 4856 1200 4918 4344
1208 4870 1248 4917 φτ
1265 4862 1367 4919 poteret
1376 4884 1391 4895 -
1399 4884 1415 4897 ·
1425 4862 1513 4920 eportet
1521 4858 1550 4920 (4)
1561 4882 1596 4893 --
1605 4857 1706 4917 palleret
1716 4853 1747 4912 V;

420 4933 538 4992 polein
549 4935 638 4992 spectet
649 4955 685 4967 ·-
695 4935 764 4992 putet
788 4933 833 4981 cll.
860 4957 887 4967 -
915 4929 996 4980 «Cod.
1017 4928 1158 4980 videbatur
1182 4931 1283 4982 babere
1306 4933 1418 4982 otiien
1428 4933 1610 4981 iudicatarum
1634 4930 1693 4980 4444.
1719 4954 1747 4965 -

424 5004 465 5053 43.
483 5017 517 5054 ee
534 5011 656 5056 ammento
671 5004 740 5067 4344
752 5007 781 5054 ut
797 5019 876 5070 supra
889 5004 913 5067 5.
927 5005 981 5055 32:
1000 5017 1013 5055 e
1029 5018 1099 5055 cono.
1113 5009 1158 5055 ctt.
1172 5007 1201 5057 0.
1220 5009 1347 5058 Ceterum
1358 5007 1391 5058 cl.
1405 5006 1439 5057 de
1450 5008 1477 5057 b.
1490 5005 1507 5056 l.
1520 5005 1606 5057 bladv.
1620 5007 1639 5055 l.
1652 5017 1679 5068 p.
1689 5005 1747 5056 3444.

426 5107 451 5119 -
472 5085 518 5130 aot
534 5095 567 5131 ec
585 5119 590 5131 .
607 5119 613 5132 .
629 5082 722 5144 positi
740 5118 747 5130 .
762 5119 768 5131 .
786 5087 867 5146 nepot.
886 5082 916 5133 V.
930 5108 957 5118 -
976 5082 1016 5132 48.
1035 5082 1296 5148 mutatoriorum]
1315 5085 1399 5133 Locus
1416 5081 1546 5133 obscuros
1558 5080 1673 5132 necdum
1690 5093 1751 5145 per-

424 5158 541 5207 sonatus.
560 5156 660 5207 Tbeod.
683 5158 888 5218 Mommsenius,
912 5169 993 5220 quem
1011 5155 1129 5217 llalmius
1146 5158 1291 5222 consuluit,
1316 5160 1355 5210 sic
1371 5157 1514 5222 legendum
1532 5169 1592 5207 esse
1609 5158 1749 5222 proponitt

423 5231 507 5296 (niem
524 5231 546 5281 ei
561 5232 599 5280 uti
609 5232 696 5281 videtis
706 5232 812 5282 edictam
822 5237 871 5292 est,
889 5232 921 5282 sl
931 5233 986 5294 QVI
999 5233 1086 5282 Ptilll’.
1105 5232 1284 5284 IVDICARIT?
1305 5234 1426 5285 διιαιιιιιι
1436 5245 1533 5299 euenor
1549 5233 1676 5287 ciendam
1686 5243 1748 5299 sqq.

427 5331 454 5345 -
472 5307 494 5357 ri
510 5307 554 5370 pel
570 5306 639 5371 4344
655 5319 682 5371 p.
695 5319 732 5358 m.
753 5333 780 5342 —
799 5307 841 5358 49.
859 5311 894 5359 ιιι
909 5308 985 5358 dolus
1000 5307 1069 5358 coni.
1088 5304 1174 5358 llslm.
