<?xml version="1.0" encoding="UTF-8"?>
<!DOCTYPE html PUBLIC "-//W3C//DTD XHTML 1.0 Transitional//EN"
    "http://www.w3.org/TR/xhtml1/DTD/xhtml1-transitional.dtd">
<html xmlns="http://www.w3.org/1999/xhtml" xml:lang="en" lang="en">
 <head>
  <title>
</title>
<meta http-equiv="Content-Type" content="text/html;charset=utf-8" />
  <meta name='ocr-system' content='tesseract 3.04.00' />
  <meta name='ocr-capabilities' content='ocr_page ocr_carea ocr_par ocr_line ocrx_word'/>
</head>
<body>
  <div class='ocr_page' id='page_1' title='image "./operaquaesupers02halmgoog_0193.png"; bbox 0 0 4367 6109; ppageno 0'>
   <div class='ocr_carea' id='block_1_1' title="bbox 803 592 1763 686">
    <p class='ocr_par' dir='ltr' id='par_1_1' title="bbox 803 592 1763 686">
     <span class='ocr_line' id='line_1_1' title="bbox 803 592 1763 686; baseline -0.007 -19"><span class='ocrx_word' id='word_1_1' title='bbox 803 604 872 668; x_wconf 71' lang='lat' dir='ltr'><strong>n..</strong></span> <span class='ocrx_word' id='word_1_2' title='bbox 893 602 934 666; x_wconf 91' lang='lat' dir='ltr'><strong>n.</strong></span> <span class='ocrx_word' id='word_1_3' title='bbox 965 601 1039 667; x_wconf 75' lang='lat' dir='ltr'><strong>cn».</strong></span> <span class='ocrx_word' id='word_1_4' title='bbox 1061 602 1185 666; x_wconf 87' lang='lat' dir='ltr'><strong>1-1n.</strong></span> <span class='ocrx_word' id='word_1_5' title='bbox 1211 597 1268 686; x_wconf 67' lang='lat'><strong>55.</strong></span> <span class='ocrx_word' id='word_1_6' title='bbox 1290 597 1396 666; x_wconf 78' lang='lat' dir='ltr'><strong>t-r.</strong></span> <span class='ocrx_word' id='word_1_7' title='bbox 1700 592 1763 660; x_wconf 85' lang='grc'><strong>00</strong></span> 
     </span>
    </p>
   </div>
   <div class='ocr_carea' id='block_1_2' title="bbox 414 768 1820 4239">
    <p class='ocr_par' dir='ltr' id='par_1_2' title="bbox 414 768 1820 4239">
     <span class='ocr_line' id='line_1_2' title="bbox 438 768 1765 856; baseline 0 -21"><span class='ocrx_word' id='word_1_8' title='bbox 438 772 592 837; x_wconf 85' lang='lat' dir='ltr'><strong>classibus</strong></span> <span class='ocrx_word' id='word_1_9' title='bbox 620 772 735 836; x_wconf 90' lang='lat' dir='ltr'><strong>nostris</strong></span> <span class='ocrx_word' id='word_1_10' title='bbox 763 778 896 856; x_wconf 91' lang='lat' dir='ltr'><strong>pateret.</strong></span> <span class='ocrx_word' id='word_1_11' title='bbox 940 772 979 835; x_wconf 92' lang='lat'><strong>11.</strong></span> <span class='ocrx_word' id='word_1_12' title='bbox 1003 773 1108 849; x_wconf 82' lang='lat' dir='ltr'><strong>Quare</strong></span> <span class='ocrx_word' id='word_1_13' title='bbox 1129 775 1162 837; x_wconf 90' lang='lat' dir='ltr'><strong>P.</strong></span> <span class='ocrx_word' id='word_1_14' title='bbox 1184 772 1350 837; x_wconf 78' lang='lat' dir='ltr'><strong>Africanus</strong></span> <span class='ocrx_word' id='word_1_15' title='bbox 1373 770 1566 855; x_wconf 77' lang='lat' dir='ltr'><strong>Karthagine</strong></span> <span class='ocrx_word' id='word_1_16' title='bbox 1587 768 1693 835; x_wconf 85' lang='lat' dir='ltr'><strong>deleta</strong></span> <span class='ocrx_word' id='word_1_17' title='bbox 1714 771 1765 835; x_wconf 89' lang='lat' dir='ltr'><strong>Si·</strong></span> 
     </span>
     <span class='ocr_line' id='line_1_3' title="bbox 438 865 1763 952; baseline 0.002 -24"><span class='ocrx_word' id='word_1_18' title='bbox 438 866 581 929; x_wconf 91' lang='lat' dir='ltr'><strong>culorum</strong></span> <span class='ocrx_word' id='word_1_19' title='bbox 601 868 696 930; x_wconf 88' lang='lat' dir='ltr'><strong>urbes</strong></span> <span class='ocrx_word' id='word_1_20' title='bbox 724 867 822 951; x_wconf 90' lang='lat' dir='ltr'><strong>signis</strong></span> <span class='ocrx_word' id='word_1_21' title='bbox 844 868 1120 950; x_wconf 84' lang='lat' dir='ltr'><strong>monumentisque</strong></span> <span class='ocrx_word' id='word_1_22' title='bbox 1148 866 1368 950; x_wconf 82' lang='lat' dir='ltr'><strong>pulcherrimis</strong></span> <span class='ocrx_word' id='word_1_23' title='bbox 1390 865 1572 943; x_wconf 82' lang='lat' dir='ltr'><strong>exornavit,</strong></span> <span class='ocrx_word' id='word_1_24' title='bbox 1601 874 1653 943; x_wconf 93' lang='lat' dir='ltr'><strong>ut,</strong></span> <span class='ocrx_word' id='word_1_25' title='bbox 1681 885 1763 952; x_wconf 89' lang='lat' dir='ltr'><strong>quos</strong></span> 
     </span>
     <span class='ocr_line' id='line_1_4' title="bbox 437 959 1765 1045; baseline 0.002 -23"><span class='ocrx_word' id='word_1_26' title='bbox 437 960 568 1023; x_wconf 81' lang='lat' dir='ltr'><strong>victoria</strong></span> <span class='ocrx_word' id='word_1_27' title='bbox 588 960 700 1045; x_wconf 93' lang='lat' dir='ltr'><strong>populi</strong></span> <span class='ocrx_word' id='word_1_28' title='bbox 721 961 854 1025; x_wconf 82' lang='lat' dir='ltr'><strong>Romani</strong></span> <span class='ocrx_word' id='word_1_29' title='bbox 870 959 1005 1023; x_wconf 83' lang='lat' dir='ltr'><strong>maxime</strong></span> <span class='ocrx_word' id='word_1_30' title='bbox 1022 960 1131 1023; x_wconf 89' lang='lat' dir='ltr'><strong>laetari</strong></span> <span class='ocrx_word' id='word_1_31' title='bbox 1146 960 1369 1035; x_wconf 83' lang='lat' dir='ltr'><strong>arbitrabatur,</strong></span> <span class='ocrx_word' id='word_1_32' title='bbox 1392 960 1476 1044; x_wconf 92' lang='lat' dir='ltr'><strong>apud</strong></span> <span class='ocrx_word' id='word_1_33' title='bbox 1492 980 1546 1023; x_wconf 88' lang='lat' dir='ltr'><strong>eos</strong></span> <span class='ocrx_word' id='word_1_34' title='bbox 1560 968 1765 1026; x_wconf 87' lang='lat' dir='ltr'><strong>monumenta</strong></span> 
     </span>
     <span class='ocr_line' id='line_1_5' title="bbox 438 1049 1764 1138; baseline 0.001 -23"><span class='ocrx_word' id='word_1_35' title='bbox 438 1054 587 1117; x_wconf 85' lang='lat' dir='ltr'><strong>victoriae</strong></span> <span class='ocrx_word' id='word_1_36' title='bbox 608 1054 746 1137; x_wconf 88' lang='lat' dir='ltr'><strong>plurima</strong></span> <span class='ocrx_word' id='word_1_37' title='bbox 767 1054 944 1117; x_wconf 83' lang='lat' dir='ltr'><strong>collocaret.</strong></span> <span class='ocrx_word' id='word_1_38' title='bbox 985 1049 1014 1116; x_wconf 83' lang='grc'><strong>4.</strong></span> <span class='ocrx_word' id='word_1_39' title='bbox 1036 1055 1181 1138; x_wconf 87' lang='lat' dir='ltr'><strong>Denique</strong></span> <span class='ocrx_word' id='word_1_40' title='bbox 1203 1053 1257 1116; x_wconf 89' lang='lat' dir='ltr'><strong>ille</strong></span> <span class='ocrx_word' id='word_1_41' title='bbox 1279 1054 1348 1136; x_wconf 93' lang='lat' dir='ltr'><strong>ipse</strong></span> <span class='ocrx_word' id='word_1_42' title='bbox 1363 1056 1404 1117; x_wconf 89' lang='grc' dir='ltr'><strong>Μ.</strong></span> <span class='ocrx_word' id='word_1_43' title='bbox 1420 1053 1604 1128; x_wconf 80' lang='lat' dir='ltr'><strong>Marcellus,</strong></span> <span class='ocrx_word' id='word_1_44' title='bbox 1627 1056 1716 1118; x_wconf 85' lang='lat' dir='ltr'><strong>cuius</strong></span> <span class='ocrx_word' id='word_1_45' title='bbox 1729 1054 1764 1118; x_wconf 94' lang='lat' dir='ltr'><strong>in</strong></span> 
     </span>
     <span class='ocr_line' id='line_1_6' title="bbox 439 1143 1788 1232; baseline 0.001 -23"><span class='ocrx_word' id='word_1_46' title='bbox 439 1146 544 1211; x_wconf 86' lang='lat' dir='ltr'><strong>Sicilia</strong></span> <span class='ocrx_word' id='word_1_47' title='bbox 564 1147 712 1211; x_wconf 83' lang='lat' dir='ltr'><strong>virtutem</strong></span> <span class='ocrx_word' id='word_1_48' title='bbox 733 1148 858 1224; x_wconf 91' lang='lat' dir='ltr'><strong>hostes,</strong></span> <span class='ocrx_word' id='word_1_49' title='bbox 887 1147 1135 1212; x_wconf 87' lang='lat' dir='ltr'><strong>misericordiam</strong></span> <span class='ocrx_word' id='word_1_50' title='bbox 1157 1148 1245 1221; x_wconf 82' lang='lat' dir='ltr'><strong>victi,</strong></span> <span class='ocrx_word' id='word_1_51' title='bbox 1275 1143 1367 1210; x_wconf 85' lang='lat' dir='ltr'><strong>fidem</strong></span> <span class='ocrx_word' id='word_1_52' title='bbox 1398 1148 1493 1211; x_wconf 92' lang='lat' dir='ltr'><strong>ceteri</strong></span> <span class='ocrx_word' id='word_1_53' title='bbox 1516 1147 1612 1210; x_wconf 90' lang='lat' dir='ltr'><strong>Siculi</strong></span> <span class='ocrx_word' id='word_1_54' title='bbox 1634 1163 1788 1232; x_wconf 65' lang='lat' dir='ltr'><strong>perspos</strong></span> 
     </span>
     <span class='ocr_line' id='line_1_7' title="bbox 437 1239 1764 1326; baseline 0.002 -23"><span class='ocrx_word' id='word_1_55' title='bbox 437 1249 569 1316; x_wconf 89' lang='lat' dir='ltr'><strong>xerunt,</strong></span> <span class='ocrx_word' id='word_1_56' title='bbox 598 1261 662 1304; x_wconf 91' lang='lat' dir='ltr'><strong>non</strong></span> <span class='ocrx_word' id='word_1_57' title='bbox 685 1243 788 1305; x_wconf 90' lang='lat' dir='ltr'><strong>solum</strong></span> <span class='ocrx_word' id='word_1_58' title='bbox 811 1242 905 1305; x_wconf 91' lang='lat' dir='ltr'><strong>sociis</strong></span> <span class='ocrx_word' id='word_1_59' title='bbox 925 1243 959 1304; x_wconf 91' lang='lat' dir='ltr'><strong>in</strong></span> <span class='ocrx_word' id='word_1_60' title='bbox 981 1261 1019 1305; x_wconf 85' lang='lat' dir='ltr'><strong>sa</strong></span> <span class='ocrx_word' id='word_1_61' title='bbox 1041 1240 1126 1305; x_wconf 93' lang='lat' dir='ltr'><strong>bello</strong></span> <span class='ocrx_word' id='word_1_62' title='bbox 1149 1239 1323 1314; x_wconf 91' lang='lat' dir='ltr'><strong>consuluit,</strong></span> <span class='ocrx_word' id='word_1_63' title='bbox 1350 1258 1460 1302; x_wconf 82' lang='lat' dir='ltr'><strong>verum</strong></span> <span class='ocrx_word' id='word_1_64' title='bbox 1491 1241 1585 1304; x_wconf 88' lang='lat' dir='ltr'><strong>etiam</strong></span> <span class='ocrx_word' id='word_1_65' title='bbox 1608 1241 1764 1326; x_wconf 89' lang='lat' dir='ltr'><strong>superatis</strong></span> 
     </span>
     <span class='ocr_line' id='line_1_8' title="bbox 437 1333 1764 1419; baseline 0.002 -22"><span class='ocrx_word' id='word_1_66' title='bbox 437 1334 582 1399; x_wconf 89' lang='lat' dir='ltr'><strong>hostibus</strong></span> <span class='ocrx_word' id='word_1_67' title='bbox 605 1336 800 1418; x_wconf 82' lang='lat' dir='ltr'><strong>temperavit.</strong></span> <span class='ocrx_word' id='word_1_68' title='bbox 844 1335 958 1400; x_wconf 91' lang='lat' dir='ltr'><strong>Urbem</strong></span> <span class='ocrx_word' id='word_1_69' title='bbox 980 1334 1242 1419; x_wconf 85' lang='lat' dir='ltr'><strong>pulcherrimam,</strong></span> <span class='ocrx_word' id='word_1_70' title='bbox 1266 1333 1454 1416; x_wconf 83' lang='lat' dir='ltr'><strong>Syracusas,</strong></span> <span class='ocrx_word' id='word_1_71' title='bbox 1478 1354 1559 1416; x_wconf 92' lang='lat' dir='ltr'><strong>quae</strong></span> <span class='ocrx_word' id='word_1_72' title='bbox 1582 1357 1654 1400; x_wconf 90' lang='lat' dir='ltr'><strong>cum</strong></span> <span class='ocrx_word' id='word_1_73' title='bbox 1668 1356 1764 1401; x_wconf 92' lang='lat' dir='ltr'><strong>manu</strong></span> 
     </span>
     <span class='ocr_line' id='line_1_9' title="bbox 438 1425 1764 1505; baseline 0.003 -15"><span class='ocrx_word' id='word_1_74' title='bbox 438 1427 647 1493; x_wconf 89' lang='lat' dir='ltr'><strong>munitissima</strong></span> <span class='ocrx_word' id='word_1_75' title='bbox 679 1435 780 1504; x_wconf 88' lang='lat' dir='ltr'><strong>esset,</strong></span> <span class='ocrx_word' id='word_1_76' title='bbox 810 1437 877 1493; x_wconf 93' lang='lat' dir='ltr'><strong>tum</strong></span> <span class='ocrx_word' id='word_1_77' title='bbox 907 1430 968 1493; x_wconf 92' lang='lat' dir='ltr'><strong>loci</strong></span> <span class='ocrx_word' id='word_1_78' title='bbox 990 1436 1103 1492; x_wconf 90' lang='lat' dir='ltr'><strong>natura</strong></span> <span class='ocrx_word' id='word_1_79' title='bbox 1127 1435 1210 1489; x_wconf 92' lang='lat' dir='ltr'><strong>terra</strong></span> <span class='ocrx_word' id='word_1_80' title='bbox 1231 1446 1268 1489; x_wconf 91' lang='lat' dir='ltr'><strong>ac</strong></span> <span class='ocrx_word' id='word_1_81' title='bbox 1289 1427 1368 1489; x_wconf 92' lang='lat' dir='ltr'><strong>mari</strong></span> <span class='ocrx_word' id='word_1_82' title='bbox 1390 1425 1605 1505; x_wconf 89' lang='lat' dir='ltr'><strong>clauderetur,</strong></span> <span class='ocrx_word' id='word_1_83' title='bbox 1640 1452 1711 1494; x_wconf 92' lang='lat' dir='ltr'><strong>cum</strong></span> <span class='ocrx_word' id='word_1_84' title='bbox 1733 1430 1764 1494; x_wconf 80' lang='lat' dir='ltr'><strong>vi</strong></span> 
     </span>
     <span class='ocr_line' id='line_1_10' title="bbox 438 1520 1765 1607; baseline 0.003 -23"><span class='ocrx_word' id='word_1_85' title='bbox 438 1522 636 1606; x_wconf 89' lang='lat' dir='ltr'><strong>consilioque</strong></span> <span class='ocrx_word' id='word_1_86' title='bbox 658 1523 812 1607; x_wconf 86' lang='lat' dir='ltr'><strong>cepisset,</strong></span> <span class='ocrx_word' id='word_1_87' title='bbox 834 1542 899 1586; x_wconf 87' lang='lat' dir='ltr'><strong>non</strong></span> <span class='ocrx_word' id='word_1_88' title='bbox 922 1523 1025 1587; x_wconf 90' lang='lat' dir='ltr'><strong>solum</strong></span> <span class='ocrx_word' id='word_1_89' title='bbox 1047 1520 1238 1584; x_wconf 89' lang='lat' dir='ltr'><strong>incolumem</strong></span> <span class='ocrx_word' id='word_1_90' title='bbox 1259 1539 1371 1604; x_wconf 90' lang='lat' dir='ltr'><strong>passus</strong></span> <span class='ocrx_word' id='word_1_91' title='bbox 1387 1528 1435 1583; x_wconf 91' lang='lat' dir='ltr'><strong>est</strong></span> <span class='ocrx_word' id='word_1_92' title='bbox 1453 1539 1540 1596; x_wconf 90' lang='lat' dir='ltr'><strong>esse,</strong></span> <span class='ocrx_word' id='word_1_93' title='bbox 1564 1522 1619 1586; x_wconf 91' lang='lat' dir='ltr'><strong>sed</strong></span> <span class='ocrx_word' id='word_1_94' title='bbox 1634 1525 1678 1587; x_wconf 91' lang='lat' dir='ltr'><strong>ita</strong></span> <span class='ocrx_word' id='word_1_95' title='bbox 1690 1522 1765 1588; x_wconf 89' lang='lat' dir='ltr'><strong>reli-</strong></span> 
     </span>
     <span class='ocr_line' id='line_1_11' title="bbox 438 1614 1802 1698; baseline 0.004 -21"><span class='ocrx_word' id='word_1_96' title='bbox 438 1615 508 1698; x_wconf 92' lang='lat' dir='ltr'><strong>quit</strong></span> <span class='ocrx_word' id='word_1_97' title='bbox 529 1624 688 1691; x_wconf 87' lang='lat' dir='ltr'><strong>ornatam,</strong></span> <span class='ocrx_word' id='word_1_98' title='bbox 710 1624 747 1680; x_wconf 93' lang='lat' dir='ltr'><strong>ut</strong></span> <span class='ocrx_word' id='word_1_99' title='bbox 762 1625 845 1680; x_wconf 90' lang='lat' dir='ltr'><strong>esset</strong></span> <span class='ocrx_word' id='word_1_100' title='bbox 858 1617 942 1680; x_wconf 90' lang='lat' dir='ltr'><strong>idem</strong></span> <span class='ocrx_word' id='word_1_101' title='bbox 958 1623 1196 1679; x_wconf 92' lang='lat' dir='ltr'><strong>monumentum</strong></span> <span class='ocrx_word' id='word_1_102' title='bbox 1212 1614 1378 1689; x_wconf 79' lang='lat' dir='ltr'><strong>victoriae,</strong></span> <span class='ocrx_word' id='word_1_103' title='bbox 1400 1615 1666 1692; x_wconf 88' lang='lat' dir='ltr'><strong>mausuetudinis,</strong></span> <span class='ocrx_word' id='word_1_104' title='bbox 1689 1632 1802 1682; x_wconf 83' lang='lat' dir='ltr'><strong>con-to</strong></span> 
     </span>
     <span class='ocr_line' id='line_1_12' title="bbox 437 1707 1765 1795; baseline 0.002 -23"><span class='ocrx_word' id='word_1_105' title='bbox 437 1710 601 1785; x_wconf 91' lang='lat' dir='ltr'><strong>tinentiae,</strong></span> <span class='ocrx_word' id='word_1_106' title='bbox 625 1730 695 1774; x_wconf 92' lang='lat' dir='ltr'><strong>cum</strong></span> <span class='ocrx_word' id='word_1_107' title='bbox 717 1710 863 1774; x_wconf 88' lang='lat' dir='ltr'><strong>homines</strong></span> <span class='ocrx_word' id='word_1_108' title='bbox 887 1711 1047 1785; x_wconf 82' lang='lat' dir='ltr'><strong>uiderent,</strong></span> <span class='ocrx_word' id='word_1_109' title='bbox 1075 1717 1107 1773; x_wconf 94' lang='lat' dir='ltr'><strong>et</strong></span> <span class='ocrx_word' id='word_1_110' title='bbox 1129 1707 1205 1792; x_wconf 94' lang='lat' dir='ltr'><strong>quid</strong></span> <span class='ocrx_word' id='word_1_111' title='bbox 1228 1714 1441 1792; x_wconf 75' lang='lat' dir='ltr'><strong>expugnasset</strong></span> <span class='ocrx_word' id='word_1_112' title='bbox 1462 1714 1494 1771; x_wconf 95' lang='lat' dir='ltr'><strong>et</strong></span> <span class='ocrx_word' id='word_1_113' title='bbox 1515 1709 1630 1792; x_wconf 90' lang='lat' dir='ltr'><strong>quibus</strong></span> <span class='ocrx_word' id='word_1_114' title='bbox 1651 1731 1765 1795; x_wconf 88' lang='lat' dir='ltr'><strong>peper-</strong></span> 
     </span>
     <span class='ocr_line' id='line_1_13' title="bbox 438 1803 1764 1890; baseline 0.002 -23"><span class='ocrx_word' id='word_1_115' title='bbox 438 1805 530 1868; x_wconf 88' lang='lat' dir='ltr'><strong>cisset</strong></span> <span class='ocrx_word' id='word_1_116' title='bbox 553 1812 585 1868; x_wconf 92' lang='lat' dir='ltr'><strong>et</strong></span> <span class='ocrx_word' id='word_1_117' title='bbox 606 1824 691 1888; x_wconf 91' lang='lat' dir='ltr'><strong>quae</strong></span> <span class='ocrx_word' id='word_1_118' title='bbox 713 1805 904 1890; x_wconf 89' lang='lat' dir='ltr'><strong>reliquisset.</strong></span> <span class='ocrx_word' id='word_1_119' title='bbox 944 1807 1080 1871; x_wconf 87' lang='lat' dir='ltr'><strong>Tantum</strong></span> <span class='ocrx_word' id='word_1_120' title='bbox 1102 1804 1156 1866; x_wconf 90' lang='lat' dir='ltr'><strong>ille</strong></span> <span class='ocrx_word' id='word_1_121' title='bbox 1178 1803 1332 1867; x_wconf 92' lang='lat' dir='ltr'><strong>honorem</strong></span> <span class='ocrx_word' id='word_1_122' title='bbox 1355 1803 1481 1867; x_wconf 88' lang='lat' dir='ltr'><strong>Siciliae</strong></span> <span class='ocrx_word' id='word_1_123' title='bbox 1502 1803 1683 1868; x_wconf 88' lang='lat' dir='ltr'><strong>habendum</strong></span> <span class='ocrx_word' id='word_1_124' title='bbox 1704 1825 1764 1890; x_wconf 92' lang='lat' dir='ltr'><strong>pu-</strong></span> 
     </span>
     <span class='ocr_line' id='line_1_14' title="bbox 437 1897 1765 1983; baseline 0.003 -24"><span class='ocrx_word' id='word_1_125' title='bbox 437 1898 529 1973; x_wconf 86' lang='lat' dir='ltr'><strong>tavit,</strong></span> <span class='ocrx_word' id='word_1_126' title='bbox 550 1906 588 1960; x_wconf 91' lang='lat' dir='ltr'><strong>nt</strong></span> <span class='ocrx_word' id='word_1_127' title='bbox 608 1919 650 1962; x_wconf 89' lang='lat' dir='ltr'><strong>ne</strong></span> <span class='ocrx_word' id='word_1_128' title='bbox 671 1900 811 1963; x_wconf 92' lang='lat' dir='ltr'><strong>hostium</strong></span> <span class='ocrx_word' id='word_1_129' title='bbox 833 1899 964 1983; x_wconf 91' lang='lat' dir='ltr'><strong>quidem</strong></span> <span class='ocrx_word' id='word_1_130' title='bbox 985 1899 1096 1963; x_wconf 91' lang='lat' dir='ltr'><strong>urbem</strong></span> <span class='ocrx_word' id='word_1_131' title='bbox 1119 1919 1159 1962; x_wconf 85' lang='lat' dir='ltr'><strong>ex</strong></span> <span class='ocrx_word' id='word_1_132' title='bbox 1182 1899 1340 1962; x_wconf 91' lang='lat' dir='ltr'><strong>sociorum</strong></span> <span class='ocrx_word' id='word_1_133' title='bbox 1360 1898 1465 1961; x_wconf 91' lang='lat' dir='ltr'><strong>insula</strong></span> <span class='ocrx_word' id='word_1_134' title='bbox 1487 1897 1659 1962; x_wconf 90' lang='lat' dir='ltr'><strong>tollendam</strong></span> <span class='ocrx_word' id='word_1_135' title='bbox 1682 1900 1765 1963; x_wconf 92' lang='lat' dir='ltr'><strong>arhi-</strong></span> 
     </span>
     <span class='ocr_line' id='line_1_15' title="bbox 437 1990 1764 2076; baseline 0.003 -24"><span class='ocrx_word' id='word_1_136' title='bbox 437 1999 580 2056; x_wconf 92' lang='lat' dir='ltr'><strong>traretur.</strong></span> <span class='ocrx_word' id='word_1_137' title='bbox 631 1990 661 2055; x_wconf 83' lang='lat'><strong>5.</strong></span> <span class='ocrx_word' id='word_1_138' title='bbox 689 1994 801 2076; x_wconf 89' lang='lat' dir='ltr'><strong>ltaque</strong></span> <span class='ocrx_word' id='word_1_139' title='bbox 832 1992 872 2057; x_wconf 92' lang='lat' dir='ltr'><strong>ad</strong></span> <span class='ocrx_word' id='word_1_140' title='bbox 901 2011 1010 2056; x_wconf 88' lang='lat' dir='ltr'><strong>omnes</strong></span> <span class='ocrx_word' id='word_1_141' title='bbox 1038 2013 1089 2056; x_wconf 91' lang='lat' dir='ltr'><strong>res</strong></span> <span class='ocrx_word' id='word_1_142' title='bbox 1119 1993 1225 2055; x_wconf 88' lang='lat' dir='ltr'><strong>Sicilia</strong></span> <span class='ocrx_word' id='word_1_143' title='bbox 1246 1992 1406 2076; x_wconf 80' lang='lat' dir='ltr'><strong>provincia</strong></span> <span class='ocrx_word' id='word_1_144' title='bbox 1428 2011 1554 2075; x_wconf 90' lang='lat' dir='ltr'><strong>semper</strong></span> <span class='ocrx_word' id='word_1_145' title='bbox 1573 1992 1623 2055; x_wconf 92' lang='lat' dir='ltr'><strong>usi</strong></span> <span class='ocrx_word' id='word_1_146' title='bbox 1645 2012 1764 2068; x_wconf 90' lang='lat' dir='ltr'><strong>sumus,</strong></span> 
     </span>
     <span class='ocr_line' id='line_1_16' title="bbox 414 2083 1802 2172; baseline 0.004 -25"><span class='ocrx_word' id='word_1_147' title='bbox 414 2092 488 2172; x_wconf 33' lang='lat' dir='ltr'><strong>‘ut,</strong></span> <span class='ocrx_word' id='word_1_148' title='bbox 511 2086 668 2171; x_wconf 92' lang='lat' dir='ltr'><strong>quidquid</strong></span> <span class='ocrx_word' id='word_1_149' title='bbox 691 2106 731 2150; x_wconf 83' lang='lat' dir='ltr'><strong>ex</strong></span> <span class='ocrx_word' id='word_1_150' title='bbox 754 2106 823 2150; x_wconf 88' lang='lat' dir='ltr'><strong>sese</strong></span> <span class='ocrx_word' id='word_1_151' title='bbox 851 2094 962 2169; x_wconf 88' lang='lat' dir='ltr'><strong>posset</strong></span> <span class='ocrx_word' id='word_1_152' title='bbox 984 2088 1113 2162; x_wconf 80' lang='lat' dir='ltr'><strong>ett&#39;erre,</strong></span> <span class='ocrx_word' id='word_1_153' title='bbox 1142 2085 1174 2149; x_wconf 94' lang='lat' dir='ltr'><strong>id</strong></span> <span class='ocrx_word' id='word_1_154' title='bbox 1195 2106 1260 2149; x_wconf 94' lang='lat' dir='ltr'><strong>non</strong></span> <span class='ocrx_word' id='word_1_155' title='bbox 1282 2087 1367 2170; x_wconf 91' lang='lat' dir='ltr'><strong>apud</strong></span> <span class='ocrx_word' id='word_1_156' title='bbox 1390 2106 1444 2149; x_wconf 91' lang='lat' dir='ltr'><strong>eos</strong></span> <span class='ocrx_word' id='word_1_157' title='bbox 1465 2085 1569 2161; x_wconf 91' lang='lat' dir='ltr'><strong>nasci,</strong></span> <span class='ocrx_word' id='word_1_158' title='bbox 1598 2085 1654 2149; x_wconf 88' lang='lat' dir='ltr'><strong>sed</strong></span> <span class='ocrx_word' id='word_1_159' title='bbox 1678 2083 1764 2148; x_wconf 93' lang='lat' dir='ltr'><strong>domi</strong></span> <span class='ocrx_word' id='word_1_160' title='bbox 1773 2105 1802 2152; x_wconf 82' lang='lat' dir='ltr'><strong>ta</strong></span> 
     </span>
     <span class='ocr_line' id='line_1_17' title="bbox 437 2178 1765 2265; baseline 0.001 -24"><span class='ocrx_word' id='word_1_161' title='bbox 437 2188 563 2243; x_wconf 87' lang='lat' dir='ltr'><strong>nostrae</strong></span> <span class='ocrx_word' id='word_1_162' title='bbox 585 2180 748 2244; x_wconf 90' lang='lat' dir='ltr'><strong>canditum</strong></span> <span class='ocrx_word' id='word_1_163' title='bbox 770 2182 832 2244; x_wconf 91' lang='lat' dir='ltr'><strong>iam</strong></span> <span class='ocrx_word' id='word_1_164' title='bbox 855 2189 1047 2265; x_wconf 90' lang='lat' dir='ltr'><strong>putaremus.</strong></span> <span class='ocrx_word' id='word_1_165' title='bbox 1085 2180 1222 2257; x_wconf 87' lang='lat' dir='ltr'><strong>Quando</strong></span> <span class='ocrx_word' id='word_1_166' title='bbox 1244 2181 1300 2244; x_wconf 92' lang='lat' dir='ltr'><strong>illa</strong></span> <span class='ocrx_word' id='word_1_167' title='bbox 1320 2179 1513 2244; x_wconf 83' lang='lat' dir='ltr'><strong>frumentum</strong></span> <span class='ocrx_word' id='word_1_168' title='bbox 1528 2178 1615 2265; x_wconf 92' lang='lat' dir='ltr'><strong>quod</strong></span> <span class='ocrx_word' id='word_1_169' title='bbox 1636 2178 1765 2242; x_wconf 85' lang='lat' dir='ltr'><strong>deberet</strong></span> 
     </span>
     <span class='ocr_line' id='line_1_18' title="bbox 436 2271 1764 2359; baseline 0.001 -24"><span class='ocrx_word' id='word_1_170' title='bbox 436 2293 500 2336; x_wconf 91' lang='lat' dir='ltr'><strong>non</strong></span> <span class='ocrx_word' id='word_1_171' title='bbox 523 2273 563 2336; x_wconf 90' lang='lat' dir='ltr'><strong>ad</strong></span> <span class='ocrx_word' id='word_1_172' title='bbox 586 2274 670 2338; x_wconf 91' lang='lat' dir='ltr'><strong>diem</strong></span> <span class='ocrx_word' id='word_1_173' title='bbox 693 2274 802 2338; x_wconf 78' lang='lat' dir='ltr'><strong>dedit?</strong></span> <span class='ocrx_word' id='word_1_174' title='bbox 824 2274 1023 2358; x_wconf 92' lang='lat' dir='ltr'><strong>quandoid,</strong></span> <span class='ocrx_word' id='word_1_175' title='bbox 1048 2275 1135 2359; x_wconf 91' lang='lat' dir='ltr'><strong>quod</strong></span> <span class='ocrx_word' id='word_1_176' title='bbox 1158 2296 1239 2357; x_wconf 92' lang='lat' dir='ltr'><strong>opus</strong></span> <span class='ocrx_word' id='word_1_177' title='bbox 1261 2294 1332 2339; x_wconf 87' lang='lat' dir='ltr'><strong>esse</strong></span> <span class='ocrx_word' id='word_1_178' title='bbox 1354 2281 1495 2358; x_wconf 90' lang='lat' dir='ltr'><strong>putaret,</strong></span> <span class='ocrx_word' id='word_1_179' title='bbox 1517 2296 1582 2338; x_wconf 93' lang='lat' dir='ltr'><strong>non</strong></span> <span class='ocrx_word' id='word_1_180' title='bbox 1598 2274 1680 2337; x_wconf 92' lang='lat' dir='ltr'><strong>ultro</strong></span> <span class='ocrx_word' id='word_1_181' title='bbox 1695 2271 1764 2359; x_wconf 90' lang='lat' dir='ltr'><strong>pol-</strong></span> 
     </span>
     <span class='ocr_line' id='line_1_19' title="bbox 437 2367 1763 2454; baseline 0.002 -26"><span class='ocrx_word' id='word_1_182' title='bbox 437 2367 522 2431; x_wconf 90' lang='lat' dir='ltr'><strong>licita</strong></span> <span class='ocrx_word' id='word_1_183' title='bbox 542 2371 615 2432; x_wconf 87' lang='grc'><strong>0044</strong></span> <span class='ocrx_word' id='word_1_184' title='bbox 639 2369 768 2453; x_wconf 92' lang='lat' dir='ltr'><strong>quando</strong></span> <span class='ocrx_word' id='word_1_185' title='bbox 790 2369 840 2444; x_wconf 90' lang='lat' dir='ltr'><strong>id,</strong></span> <span class='ocrx_word' id='word_1_186' title='bbox 863 2368 950 2454; x_wconf 93' lang='lat' dir='ltr'><strong>quod</strong></span> <span class='ocrx_word' id='word_1_187' title='bbox 971 2370 1198 2453; x_wconf 88' lang='lat' dir='ltr'><strong>imperaretur,</strong></span> <span class='ocrx_word' id='word_1_188' title='bbox 1219 2370 1401 2433; x_wconf 70' lang='lat' dir='ltr'><strong>recusarit?</strong></span> <span class='ocrx_word' id='word_1_189' title='bbox 1433 2368 1545 2454; x_wconf 89' lang='lat' dir='ltr'><strong>Itaque</strong></span> <span class='ocrx_word' id='word_1_190' title='bbox 1559 2368 1614 2432; x_wconf 87' lang='lat' dir='ltr'><strong>ille</strong></span> <span class='ocrx_word' id='word_1_191' title='bbox 1628 2371 1670 2433; x_wconf 86' lang='lat' dir='ltr'><strong>hl.</strong></span> <span class='ocrx_word' id='word_1_192' title='bbox 1687 2368 1763 2431; x_wconf 86' lang='lat' dir='ltr'><strong>Cato</strong></span> 
     </span>
     <span class='ocr_line' id='line_1_20' title="bbox 437 2461 1764 2548; baseline 0.002 -26"><span class='ocrx_word' id='word_1_193' title='bbox 437 2461 571 2545; x_wconf 88' lang='lat' dir='ltr'><strong>Sapiens</strong></span> <span class='ocrx_word' id='word_1_194' title='bbox 593 2461 705 2525; x_wconf 90' lang='lat' dir='ltr'><strong>cellam</strong></span> <span class='ocrx_word' id='word_1_195' title='bbox 727 2465 890 2546; x_wconf 88' lang='lat' dir='ltr'><strong>penariam</strong></span> <span class='ocrx_word' id='word_1_196' title='bbox 913 2462 959 2526; x_wconf 89' lang='lat' dir='ltr'><strong>rei</strong></span> <span class='ocrx_word' id='word_1_197' title='bbox 980 2463 1127 2548; x_wconf 90' lang='lat' dir='ltr'><strong>publicae</strong></span> <span class='ocrx_word' id='word_1_198' title='bbox 1149 2471 1289 2538; x_wconf 90' lang='lat' dir='ltr'><strong>nostrae,</strong></span> <span class='ocrx_word' id='word_1_199' title='bbox 1312 2463 1465 2526; x_wconf 87' lang='lat' dir='ltr'><strong>nutricem</strong></span> <span class='ocrx_word' id='word_1_200' title='bbox 1486 2462 1590 2546; x_wconf 88' lang='lat' dir='ltr'><strong>plebis</strong></span> <span class='ocrx_word' id='word_1_201' title='bbox 1603 2462 1764 2527; x_wconf 81' lang='lat' dir='ltr'><strong>Romanae</strong></span> 
     </span>
     <span class='ocr_line' id='line_1_21' title="bbox 437 2554 1801 2641; baseline 0.004 -24"><span class='ocrx_word' id='word_1_202' title='bbox 437 2554 575 2619; x_wconf 91' lang='lat' dir='ltr'><strong>Siciliam</strong></span> <span class='ocrx_word' id='word_1_203' title='bbox 595 2557 788 2620; x_wconf 91' lang='lat' dir='ltr'><strong>nominabat.</strong></span> <span class='ocrx_word' id='word_1_204' title='bbox 821 2558 886 2621; x_wconf 90' lang='lat' dir='ltr'><strong>Nos</strong></span> <span class='ocrx_word' id='word_1_205' title='bbox 908 2577 984 2621; x_wconf 85' lang='lat' dir='ltr'><strong>vero</strong></span> <span class='ocrx_word' id='word_1_206' title='bbox 1008 2558 1130 2641; x_wconf 86' lang='lat' dir='ltr'><strong>experti</strong></span> <span class='ocrx_word' id='word_1_207' title='bbox 1153 2578 1261 2621; x_wconf 90' lang='lat' dir='ltr'><strong>sumus</strong></span> <span class='ocrx_word' id='word_1_208' title='bbox 1283 2557 1393 2620; x_wconf 93' lang='lat' dir='ltr'><strong>ltalico</strong></span> <span class='ocrx_word' id='word_1_209' title='bbox 1408 2557 1545 2620; x_wconf 87' lang='lat' dir='ltr'><strong>maximo</strong></span> <span class='ocrx_word' id='word_1_210' title='bbox 1561 2555 1801 2623; x_wconf 77' lang='lat' dir='ltr'><strong>difficillimo-ta</strong></span> 
     </span>
     <span class='ocr_line' id='line_1_22' title="bbox 436 2649 1763 2735; baseline 0.002 -23"><span class='ocrx_word' id='word_1_211' title='bbox 436 2669 499 2734; x_wconf 88' lang='lat' dir='ltr'><strong>que</strong></span> <span class='ocrx_word' id='word_1_212' title='bbox 527 2649 613 2714; x_wconf 93' lang='lat' dir='ltr'><strong>hello</strong></span> <span class='ocrx_word' id='word_1_213' title='bbox 644 2651 782 2715; x_wconf 90' lang='lat' dir='ltr'><strong>Siciliam</strong></span> <span class='ocrx_word' id='word_1_214' title='bbox 809 2652 900 2716; x_wconf 90' lang='lat' dir='ltr'><strong>nobis</strong></span> <span class='ocrx_word' id='word_1_215' title='bbox 928 2672 995 2716; x_wconf 90' lang='lat' dir='ltr'><strong>non</strong></span> <span class='ocrx_word' id='word_1_216' title='bbox 1022 2671 1080 2735; x_wconf 89' lang='lat' dir='ltr'><strong>pro</strong></span> <span class='ocrx_word' id='word_1_217' title='bbox 1108 2652 1241 2735; x_wconf 90' lang='lat' dir='ltr'><strong>penaria</strong></span> <span class='ocrx_word' id='word_1_218' title='bbox 1269 2650 1364 2727; x_wconf 88' lang='lat' dir='ltr'><strong>cella,</strong></span> <span class='ocrx_word' id='word_1_219' title='bbox 1399 2651 1456 2714; x_wconf 90' lang='lat' dir='ltr'><strong>sed</strong></span> <span class='ocrx_word' id='word_1_220' title='bbox 1483 2669 1541 2734; x_wconf 92' lang='lat' dir='ltr'><strong>pro</strong></span> <span class='ocrx_word' id='word_1_221' title='bbox 1563 2651 1686 2716; x_wconf 90' lang='lat' dir='ltr'><strong>aerario</strong></span> <span class='ocrx_word' id='word_1_222' title='bbox 1707 2650 1763 2714; x_wconf 92' lang='lat' dir='ltr'><strong>illo</strong></span> 
     </span>
     <span class='ocr_line' id='line_1_23' title="bbox 437 2743 1762 2827; baseline 0.002 -23"><span class='ocrx_word' id='word_1_223' title='bbox 437 2743 593 2807; x_wconf 90' lang='lat' dir='ltr'><strong>maiorum</strong></span> <span class='ocrx_word' id='word_1_224' title='bbox 616 2754 721 2809; x_wconf 85' lang='lat' dir='ltr'><strong>vetere</strong></span> <span class='ocrx_word' id='word_1_225' title='bbox 744 2765 781 2809; x_wconf 91' lang='lat' dir='ltr'><strong>ac</strong></span> <span class='ocrx_word' id='word_1_226' title='bbox 802 2745 919 2809; x_wconf 81' lang='lat' dir='ltr'><strong>referto</strong></span> <span class='ocrx_word' id='word_1_227' title='bbox 941 2744 1050 2809; x_wconf 89' lang='lat' dir='ltr'><strong>luisse.</strong></span> <span class='ocrx_word' id='word_1_228' title='bbox 1093 2746 1171 2808; x_wconf 90' lang='lat' dir='ltr'><strong>Nam</strong></span> <span class='ocrx_word' id='word_1_229' title='bbox 1198 2746 1267 2808; x_wconf 92' lang='lat' dir='ltr'><strong>sine</strong></span> <span class='ocrx_word' id='word_1_230' title='bbox 1288 2745 1356 2808; x_wconf 95' lang='lat' dir='ltr'><strong>ullo</strong></span> <span class='ocrx_word' id='word_1_231' title='bbox 1378 2751 1506 2827; x_wconf 90' lang='lat' dir='ltr'><strong>sumptu</strong></span> <span class='ocrx_word' id='word_1_232' title='bbox 1527 2754 1636 2809; x_wconf 90' lang='lat' dir='ltr'><strong>nostro</strong></span> <span class='ocrx_word' id='word_1_233' title='bbox 1658 2744 1762 2821; x_wconf 86' lang='lat' dir='ltr'><strong>coriis,</strong></span> 
     </span>
     <span class='ocr_line' id='line_1_24' title="bbox 434 2836 1763 2923; baseline 0.004 -25"><span class='ocrx_word' id='word_1_234' title='bbox 434 2836 550 2900; x_wconf 90' lang='lat' dir='ltr'><strong>tunicis</strong></span> <span class='ocrx_word' id='word_1_235' title='bbox 566 2836 791 2923; x_wconf 80' lang='lat' dir='ltr'><strong>frumentoque</strong></span> <span class='ocrx_word' id='word_1_236' title='bbox 811 2838 1013 2922; x_wconf 88' lang='lat' dir='ltr'><strong>suppeditato</strong></span> <span class='ocrx_word' id='word_1_237' title='bbox 1029 2840 1183 2903; x_wconf 86' lang='lat' dir='ltr'><strong>maximos</strong></span> <span class='ocrx_word' id='word_1_238' title='bbox 1199 2839 1358 2903; x_wconf 88' lang='lat' dir='ltr'><strong>exercitus</strong></span> <span class='ocrx_word' id='word_1_239' title='bbox 1372 2847 1498 2903; x_wconf 88' lang='lat' dir='ltr'><strong>nostros</strong></span> <span class='ocrx_word' id='word_1_240' title='bbox 1513 2839 1654 2915; x_wconf 83' lang='lat' dir='ltr'><strong>vestivit,</strong></span> <span class='ocrx_word' id='word_1_241' title='bbox 1676 2838 1763 2912; x_wconf 89' lang='lat' dir='ltr'><strong>aluit,</strong></span> 
     </span>
     <span class='ocr_line' id='line_1_25' title="bbox 436 2930 1764 3018; baseline 0.003 -26"><span class='ocrx_word' id='word_1_242' title='bbox 436 2931 577 2994; x_wconf 79' lang='lat' dir='ltr'><strong>armauit.</strong></span> <span class='ocrx_word' id='word_1_243' title='bbox 621 2931 729 2996; x_wconf 84' lang='lat'><strong>111.6.</strong></span> <span class='ocrx_word' id='word_1_244' title='bbox 753 2932 860 3009; x_wconf 72' lang='lat' dir='ltr'><strong>Quid?</strong></span> <span class='ocrx_word' id='word_1_245' title='bbox 888 2933 957 3008; x_wconf 92' lang='lat' dir='ltr'><strong>illa,</strong></span> <span class='ocrx_word' id='word_1_246' title='bbox 986 2953 1068 3018; x_wconf 89' lang='lat' dir='ltr'><strong>quae</strong></span> <span class='ocrx_word' id='word_1_247' title='bbox 1096 2933 1230 2997; x_wconf 81' lang='lat' dir='ltr'><strong>forsitan</strong></span> <span class='ocrx_word' id='word_1_248' title='bbox 1252 2953 1292 2997; x_wconf 93' lang='lat' dir='ltr'><strong>ne</strong></span> <span class='ocrx_word' id='word_1_249' title='bbox 1314 2933 1486 2997; x_wconf 87' lang='lat' dir='ltr'><strong>sentiamus</strong></span> <span class='ocrx_word' id='word_1_250' title='bbox 1508 2933 1653 3017; x_wconf 90' lang='lat' dir='ltr'><strong>quidem,</strong></span> <span class='ocrx_word' id='word_1_251' title='bbox 1681 2930 1764 2996; x_wconf 90' lang='lat' dir='ltr'><strong>iudi-</strong></span> 
     </span>
     <span class='ocr_line' id='line_1_26' title="bbox 436 3025 1800 3111; baseline 0.005 -26"><span class='ocrx_word' id='word_1_252' title='bbox 436 3042 503 3099; x_wconf 89' lang='lat' dir='ltr'><strong>ces,</strong></span> <span class='ocrx_word' id='word_1_253' title='bbox 526 3034 645 3107; x_wconf 91' lang='lat' dir='ltr'><strong>quanta</strong></span> <span class='ocrx_word' id='word_1_254' title='bbox 666 3026 756 3090; x_wconf 90' lang='lat' dir='ltr'><strong>suntl</strong></span> <span class='ocrx_word' id='word_1_255' title='bbox 786 3025 871 3110; x_wconf 96' lang='lat' dir='ltr'><strong>quod</strong></span> <span class='ocrx_word' id='word_1_256' title='bbox 894 3026 1001 3091; x_wconf 90' lang='lat' dir='ltr'><strong>multis</strong></span> <span class='ocrx_word' id='word_1_257' title='bbox 1024 3026 1282 3111; x_wconf 86' lang='lat' dir='ltr'><strong>locupletioribus</strong></span> <span class='ocrx_word' id='word_1_258' title='bbox 1298 3028 1419 3091; x_wconf 83' lang='lat' dir='ltr'><strong>civibus</strong></span> <span class='ocrx_word' id='word_1_259' title='bbox 1441 3027 1576 3102; x_wconf 91' lang='lat' dir='ltr'><strong>utimur,</strong></span> <span class='ocrx_word' id='word_1_260' title='bbox 1599 3025 1685 3111; x_wconf 92' lang='lat' dir='ltr'><strong>quod</strong></span> <span class='ocrx_word' id='word_1_261' title='bbox 1706 3025 1800 3092; x_wconf 67' lang='lat' dir='ltr'><strong>hats</strong></span> 
     </span>
     <span class='ocr_line' id='line_1_27' title="bbox 434 3116 1763 3206; baseline 0.005 -27"><span class='ocrx_word' id='word_1_262' title='bbox 434 3116 512 3181; x_wconf 88' lang='lat' dir='ltr'><strong>beat</strong></span> <span class='ocrx_word' id='word_1_263' title='bbox 531 3120 764 3204; x_wconf 85' lang='lat' dir='ltr'><strong>propinquam,</strong></span> <span class='ocrx_word' id='word_1_264' title='bbox 786 3118 913 3185; x_wconf 88' lang='lat' dir='ltr'><strong>fidelem</strong></span> <span class='ocrx_word' id='word_1_265' title='bbox 935 3120 1196 3205; x_wconf 82' lang='lat' dir='ltr'><strong>fructuosamque</strong></span> <span class='ocrx_word' id='word_1_266' title='bbox 1217 3121 1427 3206; x_wconf 88' lang='lat' dir='ltr'><strong>provinciam,</strong></span> <span class='ocrx_word' id='word_1_267' title='bbox 1450 3140 1515 3206; x_wconf 94' lang='lat' dir='ltr'><strong>quo</strong></span> <span class='ocrx_word' id='word_1_268' title='bbox 1535 3119 1629 3184; x_wconf 81' lang='lat' dir='ltr'><strong>facila</strong></span> <span class='ocrx_word' id='word_1_269' title='bbox 1651 3140 1763 3185; x_wconf 89' lang='lat' dir='ltr'><strong>excur-</strong></span> 
     </span>
     <span class='ocr_line' id='line_1_28' title="bbox 435 3207 1763 3299; baseline 0.005 -26"><span class='ocrx_word' id='word_1_270' title='bbox 435 3218 521 3287; x_wconf 90' lang='lat' dir='ltr'><strong>rant,</strong></span> <span class='ocrx_word' id='word_1_271' title='bbox 542 3213 598 3276; x_wconf 92' lang='lat' dir='ltr'><strong>uhi</strong></span> <span class='ocrx_word' id='word_1_272' title='bbox 619 3213 755 3279; x_wconf 91' lang='lat' dir='ltr'><strong>libenter</strong></span> <span class='ocrx_word' id='word_1_273' title='bbox 775 3207 939 3298; x_wconf 78' lang='lat' dir='ltr'><strong>negotium</strong></span> <span class='ocrx_word' id='word_1_274' title='bbox 961 3224 1088 3298; x_wconf 77' lang='lat' dir='ltr'><strong>gerant3</strong></span> <span class='ocrx_word' id='word_1_275' title='bbox 1118 3236 1200 3298; x_wconf 91' lang='lat' dir='ltr'><strong>quos</strong></span> <span class='ocrx_word' id='word_1_276' title='bbox 1221 3215 1277 3280; x_wconf 91' lang='lat' dir='ltr'><strong>illa</strong></span> <span class='ocrx_word' id='word_1_277' title='bbox 1298 3215 1413 3299; x_wconf 90' lang='lat' dir='ltr'><strong>partim</strong></span> <span class='ocrx_word' id='word_1_278' title='bbox 1434 3215 1591 3279; x_wconf 90' lang='lat' dir='ltr'><strong>mercibus</strong></span> <span class='ocrx_word' id='word_1_279' title='bbox 1613 3212 1763 3298; x_wconf 87' lang='lat' dir='ltr'><strong>suppedi-</strong></span> 
     </span>
     <span class='ocr_line' id='line_1_29' title="bbox 436 3305 1763 3394; baseline 0.003 -26"><span class='ocrx_word' id='word_1_280' title='bbox 436 3305 540 3369; x_wconf 86' lang='lat' dir='ltr'><strong>tandis</strong></span> <span class='ocrx_word' id='word_1_281' title='bbox 562 3325 633 3370; x_wconf 92' lang='lat' dir='ltr'><strong>cum</strong></span> <span class='ocrx_word' id='word_1_282' title='bbox 655 3316 791 3392; x_wconf 90' lang='lat' dir='ltr'><strong>quaestu</strong></span> <span class='ocrx_word' id='word_1_283' title='bbox 814 3309 1068 3394; x_wconf 81' lang='lat' dir='ltr'><strong>compendioque</strong></span> <span class='ocrx_word' id='word_1_284' title='bbox 1092 3310 1235 3386; x_wconf 93' lang='lat' dir='ltr'><strong>dimittit,</strong></span> <span class='ocrx_word' id='word_1_285' title='bbox 1257 3309 1371 3393; x_wconf 91' lang='lat' dir='ltr'><strong>partim</strong></span> <span class='ocrx_word' id='word_1_286' title='bbox 1391 3310 1522 3385; x_wconf 88' lang='lat' dir='ltr'><strong>retinet,</strong></span> <span class='ocrx_word' id='word_1_287' title='bbox 1544 3316 1581 3372; x_wconf 89' lang='lat' dir='ltr'><strong>ut</strong></span> <span class='ocrx_word' id='word_1_288' title='bbox 1601 3328 1705 3385; x_wconf 74' lang='lat' dir='ltr'><strong>mare,</strong></span> <span class='ocrx_word' id='word_1_289' title='bbox 1727 3315 1763 3372; x_wconf 94' lang='lat' dir='ltr'><strong>ut</strong></span> 
     </span>
     <span class='ocr_line' id='line_1_30' title="bbox 434 3401 1762 3487; baseline 0.002 -25"><span class='ocrx_word' id='word_1_290' title='bbox 434 3419 581 3481; x_wconf 88' lang='lat' dir='ltr'><strong>pascere,</strong></span> <span class='ocrx_word' id='word_1_291' title='bbox 610 3408 647 3464; x_wconf 95' lang='lat' dir='ltr'><strong>ut</strong></span> <span class='ocrx_word' id='word_1_292' title='bbox 668 3403 822 3486; x_wconf 87' lang='lat' dir='ltr'><strong>negotiari</strong></span> <span class='ocrx_word' id='word_1_293' title='bbox 844 3402 956 3479; x_wconf 89' lang='lat' dir='ltr'><strong>libeat,</strong></span> <span class='ocrx_word' id='word_1_294' title='bbox 984 3410 1020 3466; x_wconf 95' lang='lat' dir='ltr'><strong>ut</strong></span> <span class='ocrx_word' id='word_1_295' title='bbox 1047 3404 1186 3487; x_wconf 88' lang='lat' dir='ltr'><strong>denique</strong></span> <span class='ocrx_word' id='word_1_296' title='bbox 1209 3401 1301 3468; x_wconf 88' lang='lat' dir='ltr'><strong>sedes</strong></span> <span class='ocrx_word' id='word_1_297' title='bbox 1322 3423 1359 3466; x_wconf 88' lang='lat' dir='ltr'><strong>ac</strong></span> <span class='ocrx_word' id='word_1_298' title='bbox 1380 3402 1572 3467; x_wconf 91' lang='lat' dir='ltr'><strong>domicilium</strong></span> <span class='ocrx_word' id='word_1_299' title='bbox 1595 3402 1762 3466; x_wconf 87' lang='lat' dir='ltr'><strong>collocare.</strong></span> 
     </span>
     <span class='ocr_line' id='line_1_31' title="bbox 436 3494 1799 3581; baseline 0.006 -25"><span class='ocrx_word' id='word_1_300' title='bbox 436 3494 530 3570; x_wconf 91' lang='lat' dir='ltr'><strong>Quod</strong></span> <span class='ocrx_word' id='word_1_301' title='bbox 552 3496 753 3559; x_wconf 90' lang='lat' dir='ltr'><strong>commodum</strong></span> <span class='ocrx_word' id='word_1_302' title='bbox 775 3516 840 3560; x_wconf 91' lang='lat' dir='ltr'><strong>non</strong></span> <span class='ocrx_word' id='word_1_303' title='bbox 862 3496 1020 3562; x_wconf 89' lang='lat' dir='ltr'><strong>mediocre</strong></span> <span class='ocrx_word' id='word_1_304' title='bbox 1043 3497 1089 3561; x_wconf 88' lang='lat' dir='ltr'><strong>rei</strong></span> <span class='ocrx_word' id='word_1_305' title='bbox 1111 3499 1260 3581; x_wconf 92' lang='lat' dir='ltr'><strong>publicae</strong></span> <span class='ocrx_word' id='word_1_306' title='bbox 1282 3504 1347 3574; x_wconf 89' lang='lat' dir='ltr'><strong>est,</strong></span> <span class='ocrx_word' id='word_1_307' title='bbox 1368 3504 1491 3562; x_wconf 91' lang='lat' dir='ltr'><strong>tantum</strong></span> <span class='ocrx_word' id='word_1_308' title='bbox 1512 3497 1630 3561; x_wconf 80' lang='lat' dir='ltr'><strong>civium</strong></span> <span class='ocrx_word' id='word_1_309' title='bbox 1651 3513 1799 3564; x_wconf 67' lang='lat' dir='ltr'><strong>numer)</strong></span> 
     </span>
     <span class='ocr_line' id='line_1_32' title="bbox 434 3584 1762 3676; baseline 0.002 -25"><span class='ocrx_word' id='word_1_310' title='bbox 434 3608 504 3651; x_wconf 89' lang='lat' dir='ltr'><strong>rum</strong></span> <span class='ocrx_word' id='word_1_311' title='bbox 527 3595 591 3652; x_wconf 92' lang='lat' dir='ltr'><strong>tam</strong></span> <span class='ocrx_word' id='word_1_312' title='bbox 612 3611 713 3674; x_wconf 92' lang='lat' dir='ltr'><strong>prope</strong></span> <span class='ocrx_word' id='word_1_313' title='bbox 734 3591 774 3654; x_wconf 91' lang='lat' dir='ltr'><strong>ab</strong></span> <span class='ocrx_word' id='word_1_314' title='bbox 797 3592 912 3667; x_wconf 91' lang='lat' dir='ltr'><strong>domo,</strong></span> <span class='ocrx_word' id='word_1_315' title='bbox 934 3599 998 3655; x_wconf 92' lang='lat' dir='ltr'><strong>tam</strong></span> <span class='ocrx_word' id='word_1_316' title='bbox 1019 3592 1112 3656; x_wconf 90' lang='lat' dir='ltr'><strong>bonis</strong></span> <span class='ocrx_word' id='word_1_317' title='bbox 1134 3584 1368 3676; x_wconf 80' lang='lat' dir='ltr'><strong>fructuosisque</strong></span> <span class='ocrx_word' id='word_1_318' title='bbox 1391 3591 1486 3656; x_wconf 89' lang='lat' dir='ltr'><strong>rebus</strong></span> <span class='ocrx_word' id='word_1_319' title='bbox 1501 3590 1644 3654; x_wconf 90' lang='lat' dir='ltr'><strong>detineri.</strong></span> <span class='ocrx_word' id='word_1_320' title='bbox 1677 3586 1708 3653; x_wconf 91' lang='lat'><strong>7.</strong></span> <span class='ocrx_word' id='word_1_321' title='bbox 1722 3588 1762 3654; x_wconf 81' lang='lat' dir='ltr'><strong>lit</strong></span> 
     </span>
     <span class='ocr_line' id='line_1_33' title="bbox 435 3683 1762 3770; baseline 0.003 -25"><span class='ocrx_word' id='word_1_322' title='bbox 435 3683 585 3765; x_wconf 91' lang='lat' dir='ltr'><strong>quoniam</strong></span> <span class='ocrx_word' id='word_1_323' title='bbox 619 3686 709 3768; x_wconf 91' lang='lat' dir='ltr'><strong>quasi</strong></span> <span class='ocrx_word' id='word_1_324' title='bbox 738 3685 896 3770; x_wconf 89' lang='lat' dir='ltr'><strong>quaedam</strong></span> <span class='ocrx_word' id='word_1_325' title='bbox 921 3685 1053 3770; x_wconf 88' lang='lat' dir='ltr'><strong>praedia</strong></span> <span class='ocrx_word' id='word_1_326' title='bbox 1078 3687 1189 3770; x_wconf 94' lang='lat' dir='ltr'><strong>populi</strong></span> <span class='ocrx_word' id='word_1_327' title='bbox 1217 3686 1350 3750; x_wconf 82' lang='lat' dir='ltr'><strong>Romani</strong></span> <span class='ocrx_word' id='word_1_328' title='bbox 1372 3691 1448 3749; x_wconf 91' lang='lat' dir='ltr'><strong>sunt</strong></span> <span class='ocrx_word' id='word_1_329' title='bbox 1467 3683 1633 3769; x_wconf 84' lang='lat' dir='ltr'><strong>vectigalia</strong></span> <span class='ocrx_word' id='word_1_330' title='bbox 1653 3690 1762 3749; x_wconf 89' lang='lat' dir='ltr'><strong>nostra</strong></span> 
     </span>
     <span class='ocr_line' id='line_1_34' title="bbox 434 3777 1762 3864; baseline 0.002 -26"><span class='ocrx_word' id='word_1_331' title='bbox 434 3782 530 3860; x_wconf 90' lang='lat' dir='ltr'><strong>atque</strong></span> <span class='ocrx_word' id='word_1_332' title='bbox 552 3778 748 3861; x_wconf 80' lang='lat' dir='ltr'><strong>provinciae,</strong></span> <span class='ocrx_word' id='word_1_333' title='bbox 771 3779 1037 3864; x_wconf 91' lang='lat' dir='ltr'><strong>quemadmodum</strong></span> <span class='ocrx_word' id='word_1_334' title='bbox 1058 3799 1116 3843; x_wconf 90' lang='lat' dir='ltr'><strong>vos</strong></span> <span class='ocrx_word' id='word_1_335' title='bbox 1139 3780 1327 3864; x_wconf 89' lang='lat' dir='ltr'><strong>propinquis</strong></span> <span class='ocrx_word' id='word_1_336' title='bbox 1344 3780 1458 3844; x_wconf 85' lang='lat' dir='ltr'><strong>vestris</strong></span> <span class='ocrx_word' id='word_1_337' title='bbox 1472 3777 1610 3863; x_wconf 90' lang='lat' dir='ltr'><strong>praediis</strong></span> <span class='ocrx_word' id='word_1_338' title='bbox 1624 3778 1762 3842; x_wconf 86' lang='lat' dir='ltr'><strong>maxime</strong></span> 
     </span>
     <span class='ocr_line' id='line_1_35' title="bbox 434 3868 1761 3957; baseline 0 -24"><span class='ocrx_word' id='word_1_339' title='bbox 434 3868 652 3946; x_wconf 83' lang='lat' dir='ltr'><strong>delectamini,</strong></span> <span class='ocrx_word' id='word_1_340' title='bbox 682 3873 728 3937; x_wconf 89' lang='lat' dir='ltr'><strong>sic</strong></span> <span class='ocrx_word' id='word_1_341' title='bbox 744 3868 871 3957; x_wconf 77' lang='lat' dir='ltr'><strong>&#39;populo</strong></span> <span class='ocrx_word' id='word_1_342' title='bbox 894 3872 1036 3938; x_wconf 85' lang='lat' dir='ltr'><strong>lldmano</strong></span> <span class='ocrx_word' id='word_1_343' title='bbox 1058 3874 1198 3938; x_wconf 91' lang='lat' dir='ltr'><strong>iucunda</strong></span> <span class='ocrx_word' id='word_1_344' title='bbox 1220 3873 1441 3938; x_wconf 87' lang='lat' dir='ltr'><strong>suburbanitas</strong></span> <span class='ocrx_word' id='word_1_345' title='bbox 1464 3878 1513 3937; x_wconf 92' lang='lat' dir='ltr'><strong>est</strong></span> <span class='ocrx_word' id='word_1_346' title='bbox 1532 3871 1666 3936; x_wconf 88' lang='lat' dir='ltr'><strong>huiusce</strong></span> <span class='ocrx_word' id='word_1_347' title='bbox 1685 3890 1761 3953; x_wconf 91' lang='lat' dir='ltr'><strong>pro·</strong></span> 
     </span>
     <span class='ocr_line' id='line_1_36' title="bbox 433 3962 1820 4052; baseline 0 -25"><span class='ocrx_word' id='word_1_348' title='bbox 433 3965 567 4029; x_wconf 79' lang='lat' dir='ltr'><strong>vinctae.</strong></span> <span class='ocrx_word' id='word_1_349' title='bbox 610 3965 676 4029; x_wconf 89' lang='lat' dir='ltr'><strong>lam</strong></span> <span class='ocrx_word' id='word_1_350' title='bbox 697 3988 773 4031; x_wconf 82' lang='lat' dir='ltr'><strong>vero</strong></span> <span class='ocrx_word' id='word_1_351' title='bbox 794 3968 961 4032; x_wconf 94' lang='lat' dir='ltr'><strong>hominum</strong></span> <span class='ocrx_word' id='word_1_352' title='bbox 981 3969 1139 4052; x_wconf 90' lang='lat' dir='ltr'><strong>ipsorum,</strong></span> <span class='ocrx_word' id='word_1_353' title='bbox 1167 3969 1303 4044; x_wconf 89' lang='lat' dir='ltr'><strong>iudices,</strong></span> <span class='ocrx_word' id='word_1_354' title='bbox 1327 3987 1365 4031; x_wconf 89' lang='lat' dir='ltr'><strong>ea</strong></span> <span class='ocrx_word' id='word_1_355' title='bbox 1386 3967 1555 4051; x_wconf 85' lang='lat' dir='ltr'><strong>patientia,</strong></span> <span class='ocrx_word' id='word_1_356' title='bbox 1576 3965 1675 4029; x_wconf 86' lang='lat' dir='ltr'><strong>virtus</strong></span> <span class='ocrx_word' id='word_1_357' title='bbox 1694 3962 1820 4034; x_wconf 83' lang='lat' dir='ltr'><strong>ira-as.</strong></span> 
     </span>
     <span class='ocr_line' id='line_1_37' title="bbox 435 4058 1760 4146; baseline 0.002 -26"><span class='ocrx_word' id='word_1_358' title='bbox 435 4058 611 4145; x_wconf 89' lang='lat' dir='ltr'><strong>galitasque</strong></span> <span class='ocrx_word' id='word_1_359' title='bbox 633 4070 697 4137; x_wconf 86' lang='lat' dir='ltr'><strong>est,</strong></span> <span class='ocrx_word' id='word_1_360' title='bbox 725 4069 761 4124; x_wconf 91' lang='lat' dir='ltr'><strong>ut</strong></span> <span class='ocrx_word' id='word_1_361' title='bbox 789 4063 934 4146; x_wconf 85' lang='lat' dir='ltr'><strong>proxime</strong></span> <span class='ocrx_word' id='word_1_362' title='bbox 956 4061 996 4125; x_wconf 94' lang='lat' dir='ltr'><strong>ad</strong></span> <span class='ocrx_word' id='word_1_363' title='bbox 1018 4070 1160 4126; x_wconf 89' lang='lat' dir='ltr'><strong>nostram</strong></span> <span class='ocrx_word' id='word_1_364' title='bbox 1182 4062 1379 4145; x_wconf 88' lang='lat' dir='ltr'><strong>disciplinam</strong></span> <span class='ocrx_word' id='word_1_365' title='bbox 1401 4061 1488 4124; x_wconf 93' lang='lat' dir='ltr'><strong>illam</strong></span> <span class='ocrx_word' id='word_1_366' title='bbox 1510 4067 1667 4135; x_wconf 76' lang='lat' dir='ltr'><strong>veterem,</strong></span> <span class='ocrx_word' id='word_1_367' title='bbox 1693 4078 1760 4123; x_wconf 92' lang='lat' dir='ltr'><strong>non</strong></span> 
     </span>
     <span class='ocr_line' id='line_1_38' title="bbox 433 4152 1759 4239; baseline 0.001 -24"><span class='ocrx_word' id='word_1_368' title='bbox 433 4153 474 4216; x_wconf 95' lang='lat' dir='ltr'><strong>ad</strong></span> <span class='ocrx_word' id='word_1_369' title='bbox 499 4152 600 4232; x_wconf 87' lang='lat' dir='ltr'><strong>hanc,</strong></span> <span class='ocrx_word' id='word_1_370' title='bbox 634 4175 716 4239; x_wconf 90' lang='lat' dir='ltr'><strong>quae</strong></span> <span class='ocrx_word' id='word_1_371' title='bbox 744 4177 830 4220; x_wconf 93' lang='lat' dir='ltr'><strong>nunc</strong></span> <span class='ocrx_word' id='word_1_372' title='bbox 858 4155 1048 4232; x_wconf 89' lang='lat' dir='ltr'><strong>increbruit,</strong></span> <span class='ocrx_word' id='word_1_373' title='bbox 1080 4156 1248 4220; x_wconf 88' lang='lat' dir='ltr'><strong>videantur</strong></span> <span class='ocrx_word' id='word_1_374' title='bbox 1272 4154 1432 4219; x_wconf 88' lang='lat' dir='ltr'><strong>accedere.</strong></span> <span class='ocrx_word' id='word_1_375' title='bbox 1475 4153 1561 4218; x_wconf 87' lang='lat' dir='ltr'><strong>Nihil</strong></span> <span class='ocrx_word' id='word_1_376' title='bbox 1582 4160 1759 4218; x_wconf 89' lang='lat' dir='ltr'><strong>ceterorum</strong></span> 
     </span>
    </p>
   </div>
   <div class='ocr_carea' id='block_1_3' title="bbox 429 4415 1759 5311">
    <p class='ocr_par' dir='ltr' id='par_1_3' title="bbox 429 4415 1759 5311">
     <span class='ocr_line' id='line_1_39' title="bbox 498 4415 1757 4484; baseline -0.004 -14"><span class='ocrx_word' id='word_1_377' title='bbox 498 4417 523 4470; x_wconf 85' lang='grc'><strong>44.</strong></span> <span class='ocrx_word' id='word_1_378' title='bbox 540 4415 623 4484; x_wconf 75' lang='grc'><strong>44000]</strong></span> <span class='ocrx_word' id='word_1_379' title='bbox 640 4419 679 4471; x_wconf 90' lang='grc'><strong>040</strong></span> <span class='ocrx_word' id='word_1_380' title='bbox 696 4431 790 4471; x_wconf 89' lang='lat' dir='ltr'><strong>omnes</strong></span> <span class='ocrx_word' id='word_1_381' title='bbox 810 4417 899 4474; x_wconf 83' lang='lat' dir='ltr'><strong>codd:</strong></span> <span class='ocrx_word' id='word_1_382' title='bbox 924 4420 1046 4484; x_wconf 72' lang='lat' dir='ltr'><strong>fidenque</strong></span> <span class='ocrx_word' id='word_1_383' title='bbox 1066 4420 1160 4470; x_wconf 87' lang='lat' dir='ltr'><strong>Graev.</strong></span> <span class='ocrx_word' id='word_1_384' title='bbox 1185 4445 1212 4454; x_wconf 97' lang='lat'><em>-</em></span> <span class='ocrx_word' id='word_1_385' title='bbox 1239 4417 1263 4468; x_wconf 80' lang='lat'><strong>8.</strong></span> <span class='ocrx_word' id='word_1_386' title='bbox 1285 4416 1444 4467; x_wconf 69' lang='lat' dir='ltr'><strong>etaudostur</strong></span> <span class='ocrx_word' id='word_1_387' title='bbox 1463 4415 1531 4481; x_wconf 81' lang='grc'><strong>4329</strong></span> <span class='ocrx_word' id='word_1_388' title='bbox 1542 4415 1573 4468; x_wconf 89' lang='grc'><strong>42</strong></span> <span class='ocrx_word' id='word_1_389' title='bbox 1590 4429 1617 4481; x_wconf 91' lang='lat' dir='ltr'><strong>p.</strong></span> <span class='ocrx_word' id='word_1_390' title='bbox 1638 4428 1675 4466; x_wconf 89' lang='lat' dir='ltr'><strong>m.</strong></span> <span class='ocrx_word' id='word_1_391' title='bbox 1701 4415 1757 4477; x_wconf 79' lang='grc' dir='ltr'><strong>φΔ</strong></span> 
     </span>
     <span class='ocr_line' id='line_1_40' title="bbox 432 4488 1758 4560; baseline -0.005 -14"><span class='ocrx_word' id='word_1_392' title='bbox 432 4491 510 4560; x_wconf 85' lang='lat' dir='ltr'><strong>prob.</strong></span> <span class='ocrx_word' id='word_1_393' title='bbox 529 4495 616 4546; x_wconf 87' lang='lat' dir='ltr'><strong>Garat.</strong></span> <span class='ocrx_word' id='word_1_394' title='bbox 635 4496 681 4545; x_wconf 94' lang='lat' dir='ltr'><strong>ll.:</strong></span> <span class='ocrx_word' id='word_1_395' title='bbox 707 4494 871 4546; x_wconf 80' lang='lat' dir='ltr'><strong>claudebatur</strong></span> <span class='ocrx_word' id='word_1_396' title='bbox 887 4497 932 4546; x_wconf 91' lang='lat' dir='ltr'><strong>ctt.</strong></span> <span class='ocrx_word' id='word_1_397' title='bbox 947 4496 976 4546; x_wconf 91' lang='lat'><strong>0.</strong></span> <span class='ocrx_word' id='word_1_398' title='bbox 998 4523 1026 4532; x_wconf 98' lang='lat'>-</span> <span class='ocrx_word' id='word_1_399' title='bbox 1053 4496 1094 4545; x_wconf 89' lang='grc'><strong>42.</strong></span> <span class='ocrx_word' id='word_1_400' title='bbox 1112 4493 1251 4546; x_wconf 72' lang='lat' dir='ltr'><strong>habendum</strong></span> <span class='ocrx_word' id='word_1_401' title='bbox 1271 4493 1321 4544; x_wconf 86' lang='lat' dir='ltr'><strong>Stc.</strong></span> <span class='ocrx_word' id='word_1_402' title='bbox 1340 4492 1482 4556; x_wconf 75' lang='grc'><strong>432940.</strong></span> <span class='ocrx_word' id='word_1_403' title='bbox 1506 4519 1533 4530; x_wconf 96' lang='grc'><strong>-</strong></span> <span class='ocrx_word' id='word_1_404' title='bbox 1561 4490 1601 4541; x_wconf 83' lang='lat' dir='ltr'><strong>ts.</strong></span> <span class='ocrx_word' id='word_1_405' title='bbox 1619 4490 1673 4540; x_wconf 83' lang='lat' dir='ltr'><strong>tam</strong></span> <span class='ocrx_word' id='word_1_406' title='bbox 1689 4488 1758 4553; x_wconf 87' lang='grc'><strong>4342</strong></span> 
     </span>
     <span class='ocr_line' id='line_1_41' title="bbox 429 4564 1758 4634; baseline -0.006 -13"><span class='ocrx_word' id='word_1_407' title='bbox 429 4582 459 4634; x_wconf 87' lang='lat' dir='ltr'><strong>p.</strong></span> <span class='ocrx_word' id='word_1_408' title='bbox 476 4582 513 4621; x_wconf 90' lang='lat' dir='ltr'><strong>ur.</strong></span> <span class='ocrx_word' id='word_1_409' title='bbox 531 4571 600 4632; x_wconf 75' lang='lat' dir='ltr'><strong>Ncp:</strong></span> <span class='ocrx_word' id='word_1_410' title='bbox 628 4582 682 4621; x_wconf 89' lang='lat' dir='ltr'><strong>am.</strong></span> <span class='ocrx_word' id='word_1_411' title='bbox 707 4573 752 4622; x_wconf 89' lang='lat' dir='ltr'><strong>ctt.</strong></span> <span class='ocrx_word' id='word_1_412' title='bbox 775 4572 804 4622; x_wconf 92' lang='lat'><strong>0.</strong></span> <span class='ocrx_word' id='word_1_413' title='bbox 828 4598 855 4608; x_wconf 85' lang='lat'>—</span> <span class='ocrx_word' id='word_1_414' title='bbox 878 4571 919 4621; x_wconf 83' lang='grc'><strong>24.</strong></span> <span class='ocrx_word' id='word_1_415' title='bbox 937 4568 1082 4621; x_wconf 70' lang='lat' dir='ltr'><strong>ominatos</strong></span> <span class='ocrx_word' id='word_1_416' title='bbox 1099 4568 1165 4630; x_wconf 80' lang='lat' dir='ltr'><strong>irp:</strong></span> <span class='ocrx_word' id='word_1_417' title='bbox 1189 4569 1327 4619; x_wconf 79' lang='lat' dir='ltr'><strong>noatnaott</strong></span> <span class='ocrx_word' id='word_1_418' title='bbox 1343 4569 1391 4619; x_wconf 90' lang='lat' dir='ltr'><strong>dtt.</strong></span> <span class='ocrx_word' id='word_1_419' title='bbox 1412 4569 1441 4619; x_wconf 91' lang='lat'><strong>0.</strong></span> <span class='ocrx_word' id='word_1_420' title='bbox 1459 4594 1489 4606; x_wconf 89' lang='lat'>-</span> <span class='ocrx_word' id='word_1_421' title='bbox 1515 4566 1556 4620; x_wconf 85' lang='grc'><strong>23.</strong></span> <span class='ocrx_word' id='word_1_422' title='bbox 1579 4564 1758 4628; x_wconf 74' lang='grc' dir='ltr'><strong>0400004400οο</strong></span> 
     </span>
     <span class='ocr_line' id='line_1_42' title="bbox 431 4641 1759 4710; baseline -0.003 -17"><span class='ocrx_word' id='word_1_423' title='bbox 431 4642 501 4707; x_wconf 86' lang='grc'><strong>4342</strong></span> <span class='ocrx_word' id='word_1_424' title='bbox 521 4656 548 4708; x_wconf 91' lang='lat' dir='ltr'><strong>p.</strong></span> <span class='ocrx_word' id='word_1_425' title='bbox 566 4657 614 4705; x_wconf 79' lang='lat' dir='ltr'><strong>m..</strong></span> <span class='ocrx_word' id='word_1_426' title='bbox 639 4645 711 4710; x_wconf 92' lang='lat' dir='ltr'><strong>quod</strong></span> <span class='ocrx_word' id='word_1_427' title='bbox 732 4658 782 4710; x_wconf 90' lang='lat' dir='ltr'><strong>per</strong></span> <span class='ocrx_word' id='word_1_428' title='bbox 802 4659 832 4697; x_wconf 92' lang='lat' dir='ltr'><strong>se</strong></span> <span class='ocrx_word' id='word_1_429' title='bbox 854 4646 1016 4697; x_wconf 84' lang='lat' dir='ltr'><strong>conminus</strong></span> <span class='ocrx_word' id='word_1_430' title='bbox 1038 4647 1111 4696; x_wconf 84' lang='lat' dir='ltr'><strong>recte</strong></span> <span class='ocrx_word' id='word_1_431' title='bbox 1136 4644 1189 4694; x_wconf 87' lang='lat' dir='ltr'><strong>dici</strong></span> <span class='ocrx_word' id='word_1_432' title='bbox 1207 4645 1235 4695; x_wconf 91' lang='lat' dir='ltr'><strong>h.</strong></span> <span class='ocrx_word' id='word_1_433' title='bbox 1258 4642 1275 4695; x_wconf 93' lang='lat' dir='ltr'><strong>l.</strong></span> <span class='ocrx_word' id='word_1_434' title='bbox 1299 4646 1402 4708; x_wconf 78' lang='lat' dir='ltr'><strong>potest3</strong></span> <span class='ocrx_word' id='word_1_435' title='bbox 1428 4642 1477 4695; x_wconf 92' lang='lat' dir='ltr'><strong>sed</strong></span> <span class='ocrx_word' id='word_1_436' title='bbox 1499 4641 1630 4706; x_wconf 73' lang='lat' dir='ltr'><strong>vulgatam</strong></span> <span class='ocrx_word' id='word_1_437' title='bbox 1650 4641 1759 4705; x_wconf 83' lang='lat' dir='ltr'><strong>praeter</strong></span> 
     </span>
     <span class='ocr_line' id='line_1_43' title="bbox 432 4714 1756 4782; baseline -0.002 -15"><span class='ocrx_word' id='word_1_438' title='bbox 432 4720 538 4771; x_wconf 85' lang='lat' dir='ltr'><strong>ceteros</strong></span> <span class='ocrx_word' id='word_1_439' title='bbox 559 4718 638 4771; x_wconf 89' lang='lat' dir='ltr'><strong>codd.</strong></span> <span class='ocrx_word' id='word_1_440' title='bbox 662 4722 749 4772; x_wconf 86' lang='lat' dir='ltr'><strong>tuetur</strong></span> <span class='ocrx_word' id='word_1_441' title='bbox 773 4722 854 4773; x_wconf 88' lang='lat' dir='ltr'><strong>etiam</strong></span> <span class='ocrx_word' id='word_1_442' title='bbox 876 4721 1017 4771; x_wconf 88' lang='lat' dir='ltr'><strong>auctoritas</strong></span> <span class='ocrx_word' id='word_1_443' title='bbox 1035 4719 1117 4770; x_wconf 86' lang='lat' dir='ltr'><strong>Servii</strong></span> <span class='ocrx_word' id='word_1_444' title='bbox 1140 4718 1174 4769; x_wconf 89' lang='lat' dir='ltr'><strong>ad</strong></span> <span class='ocrx_word' id='word_1_445' title='bbox 1195 4722 1261 4770; x_wconf 77' lang='grc'><strong>400.</strong></span> <span class='ocrx_word' id='word_1_446' title='bbox 1285 4719 1304 4769; x_wconf 92' lang='lat' dir='ltr'><strong>l.</strong></span> <span class='ocrx_word' id='word_1_447' title='bbox 1324 4719 1359 4779; x_wconf 89' lang='grc'><strong>4.;</strong></span> <span class='ocrx_word' id='word_1_448' title='bbox 1385 4716 1558 4782; x_wconf 73' lang='lat' dir='ltr'><strong>suppeditabat</strong></span> <span class='ocrx_word' id='word_1_449' title='bbox 1577 4718 1654 4766; x_wconf 77' lang='grc'><strong>4000.</strong></span> <span class='ocrx_word' id='word_1_450' title='bbox 1672 4714 1708 4765; x_wconf 85' lang='grc'><strong>44.</strong></span> <span class='ocrx_word' id='word_1_451' title='bbox 1728 4726 1756 4780; x_wconf 90' lang='lat' dir='ltr'><strong>p.</strong></span> 
     </span>
     <span class='ocr_line' id='line_1_44' title="bbox 431 4788 1755 4861; baseline -0.002 -18"><span class='ocrx_word' id='word_1_452' title='bbox 431 4793 489 4844; x_wconf 85' lang='grc'><strong>264.</strong></span> <span class='ocrx_word' id='word_1_453' title='bbox 515 4818 544 4833; x_wconf 95' lang='grc'><strong>-</strong></span> <span class='ocrx_word' id='word_1_454' title='bbox 570 4793 612 4846; x_wconf 91' lang='grc'><strong>24.</strong></span> <span class='ocrx_word' id='word_1_455' title='bbox 633 4796 768 4847; x_wconf 72' lang='lat' dir='ltr'><strong>sortiamur</strong></span> <span class='ocrx_word' id='word_1_456' title='bbox 788 4794 857 4860; x_wconf 89' lang='grc'><strong>4342</strong></span> <span class='ocrx_word' id='word_1_457' title='bbox 878 4809 905 4861; x_wconf 94' lang='lat' dir='ltr'><strong>p.</strong></span> <span class='ocrx_word' id='word_1_458' title='bbox 925 4809 961 4846; x_wconf 91' lang='lat' dir='ltr'><strong>m.</strong></span> <span class='ocrx_word' id='word_1_459' title='bbox 979 4796 1057 4846; x_wconf 77' lang='lat' dir='ltr'><strong>Asc:</strong></span> <span class='ocrx_word' id='word_1_460' title='bbox 1083 4793 1201 4845; x_wconf 79' lang='grc'><strong>00040000</strong></span> <span class='ocrx_word' id='word_1_461' title='bbox 1222 4796 1267 4844; x_wconf 90' lang='grc'><strong>044.</strong></span> <span class='ocrx_word' id='word_1_462' title='bbox 1289 4794 1318 4844; x_wconf 91' lang='lat'><strong>0.</strong></span> <span class='ocrx_word' id='word_1_463' title='bbox 1344 4793 1378 4844; x_wconf 91' lang='grc'><strong>04.</strong></span> <span class='ocrx_word' id='word_1_464' title='bbox 1398 4793 1483 4844; x_wconf 86' lang='grc'><strong>44000.</strong></span> <span class='ocrx_word' id='word_1_465' title='bbox 1504 4793 1579 4844; x_wconf 85' lang='lat' dir='ltr'><strong>Turs.</strong></span> <span class='ocrx_word' id='word_1_466' title='bbox 1600 4790 1632 4841; x_wconf 91' lang='lat' dir='ltr'><strong>ll.</strong></span> <span class='ocrx_word' id='word_1_467' title='bbox 1650 4801 1678 4853; x_wconf 91' lang='lat' dir='ltr'><strong>p.</strong></span> <span class='ocrx_word' id='word_1_468' title='bbox 1698 4788 1755 4840; x_wconf 85' lang='grc'><strong>4444.</strong></span> 
     </span>
     <span class='ocr_line' id='line_1_45' title="bbox 434 4861 1758 4936; baseline -0.007 -17"><span class='ocrx_word' id='word_1_469' title='bbox 434 4895 461 4904; x_wconf 97' lang='grc'>-</span> <span class='ocrx_word' id='word_1_470' title='bbox 479 4868 522 4919; x_wconf 76' lang='lat' dir='ltr'><strong>aa.</strong></span> <span class='ocrx_word' id='word_1_471' title='bbox 539 4868 618 4920; x_wconf 82' lang='lat' dir='ltr'><strong>mutto</strong></span> <span class='ocrx_word' id='word_1_472' title='bbox 635 4882 650 4921; x_wconf 89' lang='lat' dir='ltr'><strong>e</strong></span> <span class='ocrx_word' id='word_1_473' title='bbox 667 4872 760 4922; x_wconf 83' lang='lat' dir='ltr'><strong>Nannii</strong></span> <span class='ocrx_word' id='word_1_474' title='bbox 776 4883 850 4936; x_wconf 88' lang='lat' dir='ltr'><strong>susp.</strong></span> <span class='ocrx_word' id='word_1_475' title='bbox 870 4872 898 4921; x_wconf 91' lang='grc'><strong>4.</strong></span> <span class='ocrx_word' id='word_1_476' title='bbox 918 4897 946 4906; x_wconf 94' lang='lat'><strong>—-</strong></span> <span class='ocrx_word' id='word_1_477' title='bbox 965 4869 1005 4921; x_wconf 84' lang='lat'><strong>³0.</strong></span> <span class='ocrx_word' id='word_1_478' title='bbox 1026 4868 1193 4932; x_wconf 77' lang='lat' dir='ltr'><strong>reipublicae</strong></span> <span class='ocrx_word' id='word_1_479' title='bbox 1208 4867 1238 4931; x_wconf 88' lang='grc'><strong>4,</strong></span> <span class='ocrx_word' id='word_1_480' title='bbox 1258 4869 1327 4920; x_wconf 82' lang='lat' dir='ltr'><strong>ru:</strong></span> <span class='ocrx_word' id='word_1_481' title='bbox 1350 4867 1439 4931; x_wconf 81' lang='lat' dir='ltr'><strong>papuli</strong></span> <span class='ocrx_word' id='word_1_482' title='bbox 1455 4868 1483 4917; x_wconf 86' lang='lat' dir='ltr'><strong>lt.</strong></span> <span class='ocrx_word' id='word_1_483' title='bbox 1503 4865 1551 4917; x_wconf 89' lang='lat' dir='ltr'><strong>dtt.</strong></span> <span class='ocrx_word' id='word_1_484' title='bbox 1570 4865 1600 4915; x_wconf 94' lang='lat'><strong>0.</strong></span> <span class='ocrx_word' id='word_1_485' title='bbox 1620 4890 1647 4898; x_wconf 96' lang='lat'>-</span> <span class='ocrx_word' id='word_1_486' title='bbox 1666 4861 1758 4928; x_wconf 77' lang='grc'><strong>0404004</strong></span> 
     </span>
     <span class='ocr_line' id='line_1_46' title="bbox 432 4936 1755 5007; baseline -0.005 -12"><span class='ocrx_word' id='word_1_487' title='bbox 432 4941 501 5007; x_wconf 74' lang='lat' dir='ltr'><strong>ugia</strong></span> <span class='ocrx_word' id='word_1_488' title='bbox 518 4943 588 4999; x_wconf 64' lang='lat' dir='ltr'><strong>FU:</strong></span> <span class='ocrx_word' id='word_1_489' title='bbox 606 4945 698 4997; x_wconf 80' lang='lat' dir='ltr'><strong>cirrium</strong></span> <span class='ocrx_word' id='word_1_490' title='bbox 714 4948 884 4998; x_wconf 78' lang='grc'><strong>4400400000</strong></span> <span class='ocrx_word' id='word_1_491' title='bbox 900 4947 945 4997; x_wconf 85' lang='lat' dir='ltr'><strong>ott.</strong></span> <span class='ocrx_word' id='word_1_492' title='bbox 958 4946 987 4995; x_wconf 91' lang='lat'><strong>0.</strong></span> <span class='ocrx_word' id='word_1_493' title='bbox 1012 4946 1055 4995; x_wconf 88' lang='lat' dir='ltr'><strong>Sic</strong></span> <span class='ocrx_word' id='word_1_494' title='bbox 1070 4942 1134 4995; x_wconf 86' lang='lat' dir='ltr'><strong>alibi</strong></span> <span class='ocrx_word' id='word_1_495' title='bbox 1149 4945 1309 4996; x_wconf 85' lang='lat' dir='ltr'><strong>adiectivam</strong></span> <span class='ocrx_word' id='word_1_496' title='bbox 1326 4943 1353 4994; x_wconf 98' lang='grc'><strong>40</strong></span> <span class='ocrx_word' id='word_1_497' title='bbox 1369 4941 1418 4994; x_wconf 88' lang='grc'><strong>044.</strong></span> <span class='ocrx_word' id='word_1_498' title='bbox 1437 4941 1550 4992; x_wconf 88' lang='lat' dir='ltr'><strong>additur.</strong></span> <span class='ocrx_word' id='word_1_499' title='bbox 1569 4937 1604 4990; x_wconf 90' lang='lat' dir='ltr'><strong>cl.</strong></span> <span class='ocrx_word' id='word_1_500' title='bbox 1616 4938 1647 4987; x_wconf 90' lang='lat' dir='ltr'><strong>V.</strong></span> <span class='ocrx_word' id='word_1_501' title='bbox 1660 4936 1685 5000; x_wconf 68' lang='grc' dir='ltr'><strong>ἕ.</strong></span> <span class='ocrx_word' id='word_1_502' title='bbox 1699 4937 1755 4989; x_wconf 74' lang='grc'><strong>454.</strong></span> 
     </span>
     <span class='ocr_line' id='line_1_47' title="bbox 435 5011 1757 5085; baseline -0.005 -16"><span class='ocrx_word' id='word_1_503' title='bbox 435 5043 462 5053; x_wconf 84' lang='lat'><em>-</em></span> <span class='ocrx_word' id='word_1_504' title='bbox 481 5018 522 5071; x_wconf 81' lang='grc'><strong>34.</strong></span> <span class='ocrx_word' id='word_1_505' title='bbox 540 5020 649 5073; x_wconf 64' lang='lat' dir='ltr'><strong>dathus</strong></span> <span class='ocrx_word' id='word_1_506' title='bbox 665 5019 698 5084; x_wconf 89' lang='grc'><strong>4,</strong></span> <span class='ocrx_word' id='word_1_507' title='bbox 717 5020 777 5072; x_wconf 78' lang='lat' dir='ltr'><strong>Fu.</strong></span> <span class='ocrx_word' id='word_1_508' title='bbox 792 5048 819 5059; x_wconf 88' lang='lat'><em>-</em></span> <span class='ocrx_word' id='word_1_509' title='bbox 838 5019 878 5072; x_wconf 82' lang='lat'><strong>³3.</strong></span> <span class='ocrx_word' id='word_1_510' title='bbox 895 5033 940 5072; x_wconf 84' lang='lat' dir='ltr'><strong>oar</strong></span> <span class='ocrx_word' id='word_1_511' title='bbox 951 5021 1070 5083; x_wconf 78' lang='lat' dir='ltr'><strong>propinq.</strong></span> <span class='ocrx_word' id='word_1_512' title='bbox 1090 5018 1158 5084; x_wconf 87' lang='grc'><strong>4342</strong></span> <span class='ocrx_word' id='word_1_513' title='bbox 1175 5033 1201 5085; x_wconf 93' lang='lat' dir='ltr'><strong>p.</strong></span> <span class='ocrx_word' id='word_1_514' title='bbox 1215 5032 1264 5071; x_wconf 86' lang='lat' dir='ltr'><strong>m:</strong></span> <span class='ocrx_word' id='word_1_515' title='bbox 1286 5033 1360 5083; x_wconf 85' lang='lat' dir='ltr'><strong>prop.</strong></span> <span class='ocrx_word' id='word_1_516' title='bbox 1377 5030 1422 5069; x_wconf 81' lang='lat' dir='ltr'><strong>vor</strong></span> <span class='ocrx_word' id='word_1_517' title='bbox 1438 5018 1482 5067; x_wconf 85' lang='lat' dir='ltr'><strong>ott.</strong></span> <span class='ocrx_word' id='word_1_518' title='bbox 1501 5016 1531 5066; x_wconf 89' lang='lat'><strong>0.</strong></span> <span class='ocrx_word' id='word_1_519' title='bbox 1546 5043 1573 5053; x_wconf 87' lang='lat'><em>-</em></span> <span class='ocrx_word' id='word_1_520' title='bbox 1587 5011 1628 5064; x_wconf 78' lang='grc'><strong>34.</strong></span> <span class='ocrx_word' id='word_1_521' title='bbox 1647 5018 1682 5064; x_wconf 80' lang='lat' dir='ltr'><strong>ert</strong></span> <span class='ocrx_word' id='word_1_522' title='bbox 1697 5011 1757 5062; x_wconf 81' lang='lat' dir='ltr'><strong>rut-</strong></span> 
     </span>
     <span class='ocr_line' id='line_1_48' title="bbox 431 5088 1755 5162; baseline -0.003 -18"><span class='ocrx_word' id='word_1_523' title='bbox 431 5090 487 5143; x_wconf 88' lang='lat' dir='ltr'><strong>urb.</strong></span> <span class='ocrx_word' id='word_1_524' title='bbox 506 5092 576 5158; x_wconf 79' lang='grc'><strong>4324</strong></span> <span class='ocrx_word' id='word_1_525' title='bbox 593 5107 630 5146; x_wconf 92' lang='lat' dir='ltr'><strong>m.</strong></span> <span class='ocrx_word' id='word_1_526' title='bbox 645 5109 673 5162; x_wconf 90' lang='lat' dir='ltr'><strong>p.</strong></span> <span class='ocrx_word' id='word_1_527' title='bbox 690 5094 723 5148; x_wconf 91' lang='grc'><strong>42</strong></span> <span class='ocrx_word' id='word_1_528' title='bbox 740 5109 773 5147; x_wconf 89' lang='lat' dir='ltr'><strong>ex</strong></span> <span class='ocrx_word' id='word_1_529' title='bbox 787 5107 856 5147; x_wconf 86' lang='lat' dir='ltr'><strong>corr.</strong></span> <span class='ocrx_word' id='word_1_530' title='bbox 877 5123 904 5133; x_wconf 94' lang='lat'>-</span> <span class='ocrx_word' id='word_1_531' title='bbox 927 5095 969 5147; x_wconf 82' lang='grc'><strong>34.</strong></span> <span class='ocrx_word' id='word_1_532' title='bbox 989 5096 1023 5144; x_wconf 88' lang='grc'><strong>00</strong></span> <span class='ocrx_word' id='word_1_533' title='bbox 1038 5095 1104 5146; x_wconf 83' lang='lat' dir='ltr'><strong>banc</strong></span> <span class='ocrx_word' id='word_1_534' title='bbox 1123 5093 1348 5158; x_wconf 74' lang='lat' dir='ltr'><strong>1glscvindob.</strong></span> <span class='ocrx_word' id='word_1_535' title='bbox 1366 5096 1389 5145; x_wconf 78' lang='grc' dir='ltr'><strong>Δ</strong></span> <span class='ocrx_word' id='word_1_536' title='bbox 1405 5105 1448 5156; x_wconf 91' lang='lat' dir='ltr'><strong>ap.</strong></span> <span class='ocrx_word' id='word_1_537' title='bbox 1461 5091 1577 5154; x_wconf 83' lang='lat' dir='ltr'><strong>Zumpt:</strong></span> <span class='ocrx_word' id='word_1_538' title='bbox 1595 5088 1660 5138; x_wconf 83' lang='lat' dir='ltr'><strong>hane</strong></span> <span class='ocrx_word' id='word_1_539' title='bbox 1676 5088 1755 5152; x_wconf 87' lang='grc'><strong>4033.</strong></span> 
     </span>
     <span class='ocr_line' id='line_1_49' title="bbox 433 5161 1756 5231; baseline -0.005 -14"><span class='ocrx_word' id='word_1_540' title='bbox 433 5164 490 5218; x_wconf 88' lang='lat' dir='ltr'><strong>rell.</strong></span> <span class='ocrx_word' id='word_1_541' title='bbox 502 5168 585 5231; x_wconf 83' lang='grc' dir='ltr'><strong>ΑΒφ</strong></span> <span class='ocrx_word' id='word_1_542' title='bbox 595 5172 657 5223; x_wconf 77' lang='lat' dir='ltr'><strong>Asc.</strong></span> <span class='ocrx_word' id='word_1_543' title='bbox 675 5171 709 5221; x_wconf 79' lang='lat' dir='ltr'><strong>st</strong></span> <span class='ocrx_word' id='word_1_544' title='bbox 724 5171 750 5221; x_wconf 93' lang='grc'><strong>40</strong></span> <span class='ocrx_word' id='word_1_545' title='bbox 767 5170 897 5224; x_wconf 87' lang='lat' dir='ltr'><strong>membris</strong></span> <span class='ocrx_word' id='word_1_546' title='bbox 914 5171 1038 5223; x_wconf 89' lang='lat' dir='ltr'><strong>orationis</strong></span> <span class='ocrx_word' id='word_1_547' title='bbox 1056 5172 1194 5221; x_wconf 85' lang='lat' dir='ltr'><strong>contrariis</strong></span> <span class='ocrx_word' id='word_1_548' title='bbox 1212 5171 1239 5219; x_wconf 90' lang='lat' dir='ltr'><strong>et</strong></span> <span class='ocrx_word' id='word_1_549' title='bbox 1254 5169 1321 5220; x_wconf 87' lang='lat' dir='ltr'><strong>ratio</strong></span> <span class='ocrx_word' id='word_1_550' title='bbox 1332 5170 1359 5220; x_wconf 90' lang='lat' dir='ltr'><strong>et</strong></span> <span class='ocrx_word' id='word_1_551' title='bbox 1371 5165 1535 5218; x_wconf 86' lang='grc'><strong>0000004000</strong></span> <span class='ocrx_word' id='word_1_552' title='bbox 1546 5161 1662 5214; x_wconf 86' lang='lat' dir='ltr'><strong>Tulliana</strong></span> <span class='ocrx_word' id='word_1_553' title='bbox 1680 5175 1756 5227; x_wconf 83' lang='lat' dir='ltr'><strong>pras-</strong></span> 
     </span>
     <span class='ocr_line' id='line_1_50' title="bbox 434 5236 1755 5311; baseline -0.001 -21"><span class='ocrx_word' id='word_1_554' title='bbox 434 5241 592 5304; x_wconf 90' lang='lat' dir='ltr'><strong>positionem</strong></span> <span class='ocrx_word' id='word_1_555' title='bbox 608 5246 694 5311; x_wconf 87' lang='lat' dir='ltr'><strong>repeti</strong></span> <span class='ocrx_word' id='word_1_556' title='bbox 711 5245 797 5307; x_wconf 88' lang='lat' dir='ltr'><strong>iubet;</strong></span> <span class='ocrx_word' id='word_1_557' title='bbox 815 5245 848 5298; x_wconf 90' lang='lat' dir='ltr'><strong>ct.</strong></span> <span class='ocrx_word' id='word_1_558' title='bbox 867 5245 902 5297; x_wconf 88' lang='grc'><strong>00</strong></span> <span class='ocrx_word' id='word_1_559' title='bbox 913 5246 955 5297; x_wconf 86' lang='lat' dir='ltr'><strong>lV.</strong></span> <span class='ocrx_word' id='word_1_560' title='bbox 974 5245 998 5310; x_wconf 74' lang='grc'><strong>5.</strong></span> <span class='ocrx_word' id='word_1_561' title='bbox 1013 5245 1053 5295; x_wconf 88' lang='grc'><strong>644.</strong></span> <span class='ocrx_word' id='word_1_562' title='bbox 1071 5243 1152 5296; x_wconf 88' lang='lat' dir='ltr'><strong>Paulo</strong></span> <span class='ocrx_word' id='word_1_563' title='bbox 1163 5243 1269 5295; x_wconf 85' lang='lat' dir='ltr'><strong>diversa</strong></span> <span class='ocrx_word' id='word_1_564' title='bbox 1281 5246 1323 5294; x_wconf 89' lang='lat' dir='ltr'><strong>est</strong></span> <span class='ocrx_word' id='word_1_565' title='bbox 1337 5243 1403 5293; x_wconf 91' lang='lat' dir='ltr'><strong>ratio</strong></span> <span class='ocrx_word' id='word_1_566' title='bbox 1414 5241 1457 5292; x_wconf 84' lang='lat' dir='ltr'><strong>lV.</strong></span> <span class='ocrx_word' id='word_1_567' title='bbox 1470 5239 1495 5306; x_wconf 73' lang='grc'><strong>5.</strong></span> <span class='ocrx_word' id='word_1_568' title='bbox 1509 5238 1576 5303; x_wconf 79' lang='grc'><strong>4244,</strong></span> <span class='ocrx_word' id='word_1_569' title='bbox 1593 5236 1640 5290; x_wconf 88' lang='lat' dir='ltr'><strong>ubi</strong></span> <span class='ocrx_word' id='word_1_570' title='bbox 1657 5237 1755 5289; x_wconf 82' lang='grc'><strong>0044000</strong></span> 
     </span>
    </p>
   </div>
   <div class='ocr_carea' id='block_1_4' title="bbox 434 5318 1403 5388">
    <p class='ocr_par' dir='ltr' id='par_1_4' title="bbox 434 5318 1403 5388">
     <span class='ocr_line' id='line_1_51' title="bbox 434 5318 1403 5388; baseline 0.001 -21"><span class='ocrx_word' id='word_1_571' title='bbox 434 5318 477 5368; x_wconf 84' lang='grc'><strong>004</strong></span> <span class='ocrx_word' id='word_1_572' title='bbox 492 5320 661 5386; x_wconf 85' lang='lat' dir='ltr'><strong>praepositio.</strong></span> <span class='ocrx_word' id='word_1_573' title='bbox 682 5347 710 5360; x_wconf 89' lang='lat'>-</span> <span class='ocrx_word' id='word_1_574' title='bbox 727 5321 864 5377; x_wconf 71' lang='grc'><strong>4000000044</strong></span> <span class='ocrx_word' id='word_1_575' title='bbox 879 5320 990 5388; x_wconf 83' lang='grc'><strong>43229;</strong></span> <span class='ocrx_word' id='word_1_576' title='bbox 1008 5318 1129 5372; x_wconf 69' lang='grc'><strong>40004044</strong></span> <span class='ocrx_word' id='word_1_577' title='bbox 1144 5320 1174 5371; x_wconf 88' lang='grc'><strong>0.</strong></span> <span class='ocrx_word' id='word_1_578' title='bbox 1195 5347 1221 5359; x_wconf 96' lang='grc'>-</span> <span class='ocrx_word' id='word_1_579' title='bbox 1240 5319 1356 5371; x_wconf 70' lang='lat' dir='ltr'><strong>oraretur</strong></span> <span class='ocrx_word' id='word_1_580' title='bbox 1371 5333 1403 5381; x_wconf 89' lang='grc' dir='ltr'><strong>φ.</strong></span> 
     </span>
    </p>
   </div>
   <div class='ocr_carea' id='block_1_5' title="bbox 0 0 2188 6101">
    <p class='ocr_par' dir='ltr' id='par_1_5' title="bbox 0 0 2188 6101">
     <span class='ocr_line' id='line_1_52' title="bbox 0 0 2188 6101; baseline 0 0"><span class='ocrx_word' id='word_1_581' title='bbox 0 0 2188 6101; x_wconf 95' lang='lat' dir='ltr'><strong> </strong></span> 
     </span>
    </p>
   </div>
  </div>
 </body>
</html>
