4367 6109
445 549 509 619 Μ
562 553 605 620 IN
626 553 794 621 VERREM
813 552 936 619 ACTIO
959 551 1144 619 SECUNDA
1166 555 1234 620 Ius.
1249 554 1289 618 11.
1311 554 1386 620 Cas.
1400 553 1573 622 LXXVIII.
1593 550 1714 638 §.lib

446 724 541 799 tonii,
571 725 659 809 quod
688 722 820 786 crimina
840 722 963 786 diluere
986 721 1142 799 dilucide,
1170 725 1258 809 quod
1284 725 1415 809 copiose
1437 744 1564 788 reorum
1585 745 1699 790 causas
1720 726 1776 791 de-

444 818 576 895 fendere
597 817 746 880 solerent.
777 815 932 879 Nimirum
954 816 1089 880 illinon
1111 818 1239 901 ingenio
1262 818 1365 883 solnm
1380 818 1430 882 bis
1452 821 1612 901 patronis,
1634 820 1691 884 sed
1711 820 1776 883 ior-

446 918 524 977 tnna
544 912 639 975 etiarn
660 910 895 993 praestiterunt.
938 911 1038 974 Nemo
1068 910 1153 974 enim
1176 918 1243 975 tum
1269 913 1313 976 ita
1340 913 1507 995 peccabat,
1538 921 1575 976 ut
1595 913 1775 978 defensioni

374 1081 379 1088 Ι
445 1004 552 1068 locum
566 1024 632 1068 non
645 1003 856 1088 relinqueret:
878 1023 973 1067 nemo
988 1004 1032 1067 ita
1046 1004 1188 1080 vivebat,
1212 1014 1248 1069 ut
1262 1007 1350 1069 nulla
1364 1006 1433 1069 eius
1448 1007 1531 1070 vitae
1545 1026 1619 1090 pars
1634 1028 1776 1072 summae

421 1097 651 1181 ttnrpitudinis
674 1104 759 1162 esset
780 1117 912 1180 expers:
934 1117 1028 1162 nemo
1050 1097 1095 1162 ita
1116 1098 1150 1160 in
1172 1098 1339 1164 manifesto
1361 1107 1494 1183 peccatu
1516 1101 1694 1177 tenebatur,
1722 1108 1774 1177 ut,

444 1210 517 1256 cum
539 1191 710 1274 impudens
738 1190 852 1255 fuisset
873 1192 906 1255 in
928 1186 1033 1266 iacto,
1057 1198 1124 1256 tum
1146 1193 1363 1275 impudentior
1383 1193 1562 1269 videretur,
1583 1197 1610 1259 si
1634 1203 1775 1278 negaret.

529 1279 601 1347 itia.
623 1287 714 1348 Nunc
735 1305 810 1348 vero
834 1285 913 1371 quid
933 1284 1030 1349 iaciat
1048 1285 1265 1350 Hortensius?
1294 1288 1495 1353 Avaritiaene
1517 1289 1651 1353 crimina
1670 1289 1777 1372 fruga-

444 1379 543 1444 litatis
563 1378 711 1443 laudibus
735 1379 948 1462 deprecetur?
982 1377 1207 1443 binominem
1228 1380 1531 1464 flagitiosissimum,
1552 1381 1777 1448 libidinosissi-

444 1493 531 1536 mum
553 1473 851 1558 nequissimumque
873 1473 1026 1538 defendit.
1068 1474 1120 1536 An
1141 1473 1181 1537 ab
1202 1473 1262 1538 bac
1283 1473 1371 1538 illius
1393 1474 1541 1551 iniamIa,
1562 1477 1708 1562 nequitia
1721 1496 1776 1540 ve-

405 1573 527 1631 tostros
549 1566 672 1630 animoa
695 1567 728 1630 in
749 1567 845 1631 aliam
866 1574 989 1651 partem
1009 1565 1209 1632 fortitudinis
1230 1568 1532 1634 commemoratione
1547 1571 1714 1635 uadncati
1736 1571 1779 1634 At

442 1662 539 1726 bomo
561 1662 711 1734 inertior,
740 1661 901 1744 ignavior,
930 1659 1030 1744 magis
1056 1660 1108 1725 vir
1135 1662 1218 1725 inter
1239 1661 1408 1738 mulieres,
1438 1663 1564 1747 impura
1583 1665 1669 1728 inter
1689 1664 1777 1728 vitos

443 1755 630 1821 muliercula
651 1754 785 1838 proferri
807 1775 873 1818 non
895 1761 1012 1838 potest
1029 1789 1066 1803 -
1081 1756 1125 1818 At
1144 1774 1250 1819 mores
1266 1756 1434 1820 commodi.
1449 1791 1491 1803 -
1513 1757 1593 1836 Quis
1614 1763 1778 1820 contuma-

445 1851 537 1914 ciori
568 1850 641 1933 quis
670 1849 898 1914 inhumanior?
928 1850 1000 1933 quis
1029 1850 1218 1932 superbior?
1246 1885 1288 1898 -
1313 1852 1355 1914 at
1381 1851 1461 1915 baec
1489 1852 1558 1916 sine
1586 1852 1778 1936 cuiusquam

443 1944 538 2009 malo.
559 1976 601 1992 -
627 1943 709 2019 Quis
731 1942 896 2007 acerbiori
918 1943 991 2029 quis
1013 1943 1221 2008 insidIosior‘i
1243 1947 1316 2029 quis
1339 1945 1499 2008 crudelior
1518 1949 1671 2029 u'mquam
1693 1945 1777 2008 initi

406 2041 481 2104 talu
502 2039 563 2101 boc
585 2037 716 2102 homine
738 2044 835 2122 atque
850 2037 885 2100 in
900 2037 969 2101 eius
988 2036 1075 2100 modi
1099 2056 1194 2101 causa
1217 2039 1295 2120 quid
1317 2038 1459 2103 iacerent
1479 2059 1591 2102 omnes
1615 2039 1720 2102 Crassi
1746 2048 1779 2102 et

443 2133 604 2198 Antonii?
638 2134 789 2206 Tantum,
812 2131 942 2215 opinor,
964 2132 1133 2195 Hortensi:
1161 2131 1202 2194 ad
1226 2152 1353 2196 causm
1375 2152 1439 2196 non
1460 2133 1649 2197 accederent
1671 2151 1777 2216 neque

445 2227 479 2291 in
514 2227 644 2291 alterius
677 2226 877 2308 impudentia
909 2225 959 2289 sui
987 2224 1120 2307 pudoris
1149 2224 1416 2289 existimationem
1438 2226 1629 2291 amitterent.
1669 2226 1778 2290 Liberi

446 2323 531 2387 enim
552 2322 593 2387 ad
616 2339 728 2385 causas
750 2321 913 2403 solutique
935 2318 1107 2384 veniebant
1127 2337 1232 2401 neque
1256 2319 1512 2393 committebant,
1541 2326 1591 2396 ut,
1621 2321 1647 2384 si
1673 2323 1778 2405 impu-

447 2416 558 2480 dentes
573 2417 607 2481 in
622 2412 823 2478 defendendo
840 2433 909 2477 esse
924 2413 1118 2489 noluissent,
1140 2412 1256 2497 ingrati
1269 2413 1304 2475 in
1319 2412 1495 2477 deserendo
1510 2413 1778 2478 existimarentur.

508 2681 533 2731 2.
552 2680 657 2730 rolerm
673 2676 825 2742 agitare:
852 2677 962 2727 sotebant
978 2678 1023 2728 011.
1045 2704 1072 2713 -
1100 2676 1124 2726 3.
1143 2680 1196 2724 tran
1212 2674 1250 2724 ita
1266 2673 1378 2738 tgcau:
1405 2674 1443 2723 ita
1459 2679 1543 2725 1001011
1559 2673 1646 2740 usim
1672 2676 1711 2726 tto
1726 2681 1780 2726 tam

443 2753 516 2808 iilotz
533 2753 628 2819 [recte3
647 2767 672 2804 v.
692 2750 824 2818 supplem.
843 2752 933 2803 adnot.
946 2751 981 2802 ad
997 2764 1023 2816 p.
1038 2749 1095 2813 iot,
1108 2749 1170 2814 ³²·Ii
1189 2754 1247 2799 tanc
1263 2749 1301 2798 ito
1318 2748 1406 2799 0110.
1422 2776 1448 2784 —
1468 2749 1492 2799 t.
1508 2755 1614 2812 pomata
1630 2749 1700 2815 Lgii
1714 2750 1777 2803 Geli.

443 2831 508 2883 iiiii.
521 2831 577 2880 aa:
592 2832 697 2892 peccato
714 2825 747 2878 al.
768 2853 795 2864 -
814 2827 839 2877 1.
857 2826 1001 2877 Hortensius
1014 2830 1140 2888 patronas
1155 2822 1224 2889 Lgli
1241 2837 1267 2888 p.
1283 2837 1319 2875 m.
1347 2825 1502 2888 interpretis
1519 2834 1630 2875 manum
1645 2827 1781 2876 convincit

444 2905 525 2955 etiam
542 2901 607 2954 Geli.
628 2903 670 2953 VI.
684 2902 725 2952 16.
740 2928 768 2938 -
786 2902 811 2953 8.
829 2915 913 2952 00--
925 2899 1061 2966 defendat?
1078 2897 1142 2951 Gell.
1160 2900 1202 2949 Vi.
1222 2900 1273 2961 ⁴6..
1291 2898 1339 2949 ubi
1356 2901 1447 2949 tamam
1464 2897 1548 2950 Gueii.
1566 2903 1602 2951 at.
1622 2900 1694 2951 -11,
1712 2901 1780 2952 iliius

443 2978 513 3043 igit
531 2991 557 3043 p.
576 2990 627 3028 m.:
645 2977 699 3028 etate
715 2978 760 3027 011.
779 2977 809 3028 0.
829 3004 857 3013 -
875 2976 983 3040 infamio
998 2975 1150 3039 aequarem
1166 2977 1200 3033 Α;
1224 2975 1332 3038 insontia
1347 2975 1473 3037 1100011100
1489 2974 1609 3033 1101οω.;
1627 2974 1718 3039 tatano
1733 2990 1779 3027 na-

445 3055 526 3118 piritio
541 3049 708 3112 Gulielmius;
735 3052 762 3102 at
778 3064 804 3101 v.
824 3053 928 3115 Zumpt.
946 3049 981 3101 ad
999 3050 1025 3101 h.
1044 3049 1061 3100 1.
1082 3076 1111 3086 -
1133 3054 1231 3099 corbos
1254 3047 1381 3113 14011.-
1409 3049 1451 3101 11.
1477 3049 1579 3112 mpura
1603 3050 1665 3114 ng.
1684 3064 1779 3103 omnes

444 3131 494 3181 ΑΒ
504 3130 523 3181 C
533 3130 559 3181 11
575 3125 638 3179 Pali.
658 3127 764 3178 Frena:
789 3138 866 3187 qaam
882 3126 920 3182 N;
946 3138 1069 3188 acquam,
1091 3125 1194 3186 impuro
1209 3125 1237 3175 L.
1257 3123 1330 3176 irai.
1358 3125 1460 3188 «Legat
1485 3125 1569 3190 magis
1583 3126 1624 3175 vir
1639 3126 1705 3177 inter
1720 3140 1780 3177 mu·

445 3206 530 3267 item,
555 3204 621 3254 inter
641 3204 710 3253 viror
730 3201 894 3260 moeream
919 3203 1009 3250 cetera
1027 3201 1084 3251 sine
1105 3198 1269 3251 dubitatione
1290 3197 1404 3250 librariis
1420 3197 1554 3249 adscribo.
1579 3201 1662 3252 Iliror
1678 3204 1779 3254 etenim

445 3282 516 3333 viros
538 3281 631 3331 doctos
651 3277 772 3329 nondum
792 3277 902 3335 vidisse,
931 3274 1032 3327 nullom
1055 3288 1117 3327 esse
1136 3276 1180 3326 hic
1202 3276 1336 3338 nequitiae
1357 3277 1437 3339 atque
1454 3275 1599 3353 impuritati
1615 3274 1716 3338 iocum,
1743 3278 1778 3329 de

446 3355 544 3420 quibus
561 3356 614 3404 iam
632 3353 875 3404 commemoratum
892 3351 991 3412 iuerat,
1009 3349 1057 3402 sed
1075 3352 1100 3402 ei
1117 3353 1233 3410 tantum,
1252 3363 1321 3414 quae
1338 3348 1482 3402 fortitudini
1495 3351 1649 3415 opponitur,
1668 3353 1778 3403 inertiae

447 3437 527 3498 atque
545 3431 673 3496 ignaviae.
700 3431 738 3480 ita
760 3428 795 3479 da
812 3427 904 3479 Clodio
921 3441 948 3492 p.
967 3425 1062 3479 iiiioue
1079 3440 1104 3478 c.
1123 3427 1163 3476 11.
1184 3427 1292 3476 amatior
1314 3425 1437 3475 inciderat
1457 3426 1485 3475 10
1499 3426 1592 3475 viros.»
1617 3426 1716 3476 EnnIus
1733 3441 1777 3493 ap.

448 3509 503 3558 Cic.
521 3506 569 3558 011.
589 3507 608 3555 1.
628 3505 668 3555 la.
688 3503 772 3555 Plaut.
790 3503 888 3553 Bacch.
907 3502 949 3553 111.
968 3503 993 3563 8,
1011 3499 1036 3551 I.
1054 3514 1081 3565 p.
1101 3502 1202 3552 iiuren.
1221 3515 1245 3551 c.
1266 3499 1305 3551 ti.
1335 3498 1402 3550 illud
1423 3500 1503 3549 etiam
1523 3502 1564 3549 vir
1582 3499 1649 3550 inter
1663 3502 1780 3551 mutieres

447 3580 543 3633 eodem
561 3579 678 3644 pertinet
692 3581 804 3641 tamque
821 3578 946 3641 ignavum
964 3579 992 3626 et
1007 3573 1116 3626 mollem
1133 3574 1262 3639 significat
1279 3586 1339 3625 esse
1350 3574 1475 3633 Verrem,
1493 3574 1581 3624 utviri
1594 3587 1693 3626 nomen
1709 3576 1780 3626 inter

448 3653 573 3706 mulieres
591 3654 775 3705 tantummodo
793 3655 910 3712 tueatur,
932 3665 994 3702 cum
1011 3652 1081 3702 inter
1097 3653 1168 3701 viros
1185 3648 1339 3702 muliercula
1355 3651 1513 3714 reperiatur.
1538 3652 1631 3714 Neque
1647 3652 1719 3702 enim
1736 3654 1779 3702 te-

448 3741 522 3780 mere
539 3729 621 3792 mago
637 3726 722 3780 semei
739 3729 781 3778 est
796 3728 922 3794 positum.
949 3726 1025 3791 Apud
1042 3728 1075 3779 bi.
1095 3729 1225 3777 Senecam
1242 3726 1268 3776 in
1286 3737 1406 3791 prooem.
1425 3724 1485 3775 iibri
1501 3727 1521 3776 i.
1542 3725 1666 3776 Controv.
1685 3724 1779 3777 adole·

447 3803 580 3855 acontium
597 3800 720 3854 mollities
737 3802 906 3866 obiurgaiur,
924 3814 994 3867 quos
1010 3800 1074 3852 dicit
1088 3815 1214 3864 nmquam
1229 3801 1278 3851 nisi
1294 3801 1321 3850 ia
1334 3799 1435 3850 libidine
1443 3801 1519 3850 circs.
1536 3798 1612 3850 Adde
1627 3814 1655 3866 p.
1669 3801 1775 3851 Caecin.

447 3891 472 3929 c.
490 3880 532 3929 5.»
551 3879 645 3928 Giasr.
664 3880 694 3929 11.
729 3879 784 3929 Etsi
800 3876 885 3929 omitti
902 3879 1006 3943 poterat
1022 3878 1136 3939 impero,
1157 3878 1248 3927 tamen
1264 3876 1386 3940 speciosa
1403 3874 1471 3925 baec
1487 3874 1628 3939 disputatio
1645 3876 1777 3927 Garatonii

448 3965 502 4004 uon
527 3953 591 4002 tanti
614 3954 666 4014 est,
692 3956 722 4004 ut
744 3953 796 4004 boc
813 3952 986 4014 adieciivum,
1012 3951 1085 4016 quod
1101 3952 1155 4003 vim
1173 3948 1350 4003 contumeliae
1368 3953 1459 4014 auget,
1485 3948 1630 4001 delendum
1645 3950 1776 4002 videatur.

447 4028 637 4092 110011001οω
655 4030 734 4080 etiam
752 4028 786 4078 ad
803 4029 905 4091 impuro
921 4027 1093 4079 referendum
1108 4039 1169 4078 esse
1186 4027 1240 4078 iam
1257 4026 1349 4077 docuit
1359 4028 1501 4091 Zumptius.
1518 4053 1545 4062 —
1564 4027 1605 4076 16.
1624 4029 1778 4077 0110οω010

446 4102 516 4168 Lgli
533 4106 662 4168 pmii:
688 4106 723 4154 ad
738 4105 803 4155 isac
819 4118 922 4155 causam
939 4105 985 4153 ott.
1003 4102 1033 4153 0.
1053 4129 1081 4140 -
1099 4115 1178 4164 osque
1197 4100 1276 4153 codd.
1295 4102 1351 4153 iero
1368 4114 1472 4162 omnes,
1490 4101 1571 4151 etiam
1588 4102 1622 4152 F:
1648 4114 1680 4153 aa
1696 4103 1726 4152 0.
1746 4129 1774 4140 -

448 4178 488 4233 19.
506 4179 639 4231 uoluissent
655 4180 724 4246 agae
735 4177 768 4232 tr
779 4194 804 4242 φ
814 4189 851 4242 ψ.
