4367 6109
456 590 519 658 448
819 593 864 660 ΙΝ
883 593 1053 661 vllam
1071 590 1198 661 acmo
1219 595 1405 664 saeuum
1434 627 1436 630 ⁴

455 764 645 848 reliquerat,
667 763 856 847 asportavit:
886 764 1012 848 reliqua
1032 764 1194 842 vendidit,
1215 767 1385 851 pecuniam
1406 765 1523 849 exegit.
1565 761 1618 828 94.
1641 765 1720 830 Cum
1740 769 1781 831 ad

455 858 516 924 HS
538 858 635 923 vicies
658 855 831 941 quinquies
851 858 1014 941 redegisse
1036 866 1213 935 constaret,
1242 867 1279 925 ut
1299 862 1432 924 Romam
1452 859 1566 935 rediit,
1588 860 1710 925 nullam
1730 863 1782 926 lit-

454 960 553 1017 teram
574 951 716 1037 pupillo,
738 949 860 1014 nullam
880 952 973 1015 matri
995 953 1082 1028 eins,
1104 953 1225 1016 nullam
1245 954 1405 1018 tutoribus
1425 952 1583 1017 reddidit:
1604 973 1713 1018 servos
1732 975 1782 1019 ar·

453 1044 552 1111 tiliees
574 1045 690 1131 pupilli
712 1065 785 1109 cum
805 1045 938 1110 haberet
958 1047 1063 1121 domi,
1085 1047 1204 1110 circum
1226 1048 1325 1131 pedes
1339 1054 1446 1111 autem
1465 1046 1612 1112 homines
1624 1046 1781 1113 formosos

429 1150 486 1207 cet
505 1142 679 1214 litteratos,
701 1158 778 1203 suos
800 1159 871 1203 esse
893 1140 1034 1216 dicebat,
1057 1160 1092 1204 se
1115 1141 1241 1205 emisse.
1286 1141 1365 1204 Cum
1387 1141 1515 1225 saepius
1537 1148 1638 1205 mater
1658 1147 1692 1205 et
1712 1143 1783 1205 aria

452 1235 544 1319 pueri
570 1234 784 1318 postularent,
812 1234 877 1310 uti,
904 1235 932 1298 si
961 1254 1027 1299 non
1054 1235 1204 1299 redderet
1226 1235 1397 1319 pecuniam
1417 1254 1477 1298 nec
1498 1234 1656 1299 rationem
1677 1235 1782 1311 daret,

452 1328 573 1393 diceret
600 1329 728 1404 saltem,
757 1335 912 1414 quantum
934 1329 1089 1412 pecuniae
1110 1328 1252 1393 Malleoli
1275 1329 1493 1413 deportasset,
1522 1348 1542 1392 a
1563 1328 1674 1392 multis
1696 1327 1783 1391 effla·

452 1422 568 1508 gitatus
589 1423 764 1507 aliquando
787 1423 870 1487 dixit
890 1423 951 1489 HS
973 1424 1090 1487 decies.
1132 1423 1256 1488 Deinde
1277 1424 1312 1487 iu
1334 1423 1455 1487 codicis
1477 1431 1619 1487 extrema
1637 1440 1711 1485 cera
1724 1441 1782 1484 no·

451 1537 527 1581 men
554 1513 698 1580 intimum
727 1517 761 1580 in
790 1516 950 1600 flagitiosa
970 1518 1066 1583 litura
1085 1516 1182 1581 tecit:
1211 1536 1354 1601 expensa
1375 1517 1582 1601 Chrysogono
1604 1537 1698 1583 servo
1721 1517 1781 1581 HS

413 1628 443 1679 44
452 1617 603 1677 sexcenta
624 1611 714 1674 milia
735 1618 865 1695 accepta
884 1612 1010 1695 pupillo
1024 1611 1174 1675 llalleolo
1195 1610 1326 1675 rettulit.
1356 1611 1527 1688 Quomodo
1542 1632 1584 1675 cx
1599 1610 1706 1675 decies
1721 1610 1781 1674 HS

451 1713 602 1770 sexcenta
621 1705 687 1769 sint
705 1704 805 1779 iacta3
827 1704 991 1789 quomodo
1013 1725 1053 1769 nc
1075 1706 1189 1770 eodem
1203 1705 1300 1770 modo
1316 1705 1519 1789 quadrarint,
1540 1712 1578 1769 ut
1599 1704 1709 1770 illude
1725 1704 1781 1768 Cn.

452 1799 606 1864 Carbonis
628 1799 765 1883 pecnnia
785 1800 911 1883 reliqua
932 1799 994 1864 HS
1015 1807 1170 1864 sexcenta
1189 1800 1273 1864 facta
1291 1799 1371 1876 sinta
1392 1800 1556 1884 quomodo
1573 1799 1780 1884 Chrysogono

451 1913 594 1978 expensa
613 1894 678 1958 lata
698 1893 778 1969 sint3
801 1913 858 1956 our
878 1893 912 1957 id
934 1913 1052 1957 nomen
1073 1891 1217 1957 infimum
1238 1893 1273 1957 in
1291 1894 1452 1978 lituraque
1465 1893 1525 1969 sit,
1545 1914 1604 1958 vos
1618 1893 1781 1957 existima·

449 1987 536 2052 bitis.
572 1985 624 2051 93.
646 1990 765 2052 Tamen
787 1987 848 2052 HJS
871 1996 1022 2052 sexcenta
1043 1987 1133 2051 milla
1155 2009 1227 2052 cum
1249 1994 1379 2072 accepta
1392 1987 1587 2064 rettulisset,
1609 1988 1670 2053 HJS
1685 1988 1780 2072 quin-

412 2082 604 2167 taquaginta
624 2082 714 2145 milia
734 2081 841 2146 soluta
860 2101 926 2146 non
948 2091 1033 2147 suut.
1075 2083 1245 2158 Homines,
1269 2089 1480 2167 posteaquam
1501 2102 1576 2146 reus
1595 2081 1700 2147 factus
1721 2089 1779 2156 ost,

450 2177 507 2242 alii
527 2175 660 2251 redditi,
681 2176 736 2240 alii
759 2176 854 2240 etiam
874 2197 961 2241 nunc
981 2175 1181 2241 retinentur:
1202 2176 1329 2260 peculia
1350 2175 1493 2240 omnium
1507 2175 1683 2260 vicariique
1703 2176 1779 2239 reti·

450 2277 576 2334 nentur.
618 2260 780 2333 xxxvn.
802 2271 888 2335 llaec
910 2278 959 2335 est
981 2270 1074 2334 istius
1096 2269 1260 2354 praeclara
1280 2269 1390 2334 tutela.
1418 2269 1484 2344 En,
1507 2269 1558 2333 cui
1573 2276 1647 2333 tuos
1660 2268 1778 2332 liberos

356 2360 361 2372 “
450 2364 649 2429 committas:
671 2381 711 2426 en
733 2364 919 2428 memoriam
940 2363 1058 2427 mortui
1080 2364 1222 2440 sodalis,
1247 2384 1289 2428 eu
1309 2371 1429 2428 metum
1450 2363 1596 2428 visorum
1618 2363 1780 2429 existima·

451 2457 567 2523 tionisl
601 2456 680 2520 Cum
702 2457 761 2521 tihi
784 2479 818 2523 sc
839 2465 907 2523 tota
920 2457 997 2523 Asia
1011 2456 1213 2540 spoliandam
1226 2479 1265 2523 ac
1278 2457 1456 2522 vexandam
1469 2457 1685 2541 praebuisset,
1705 2477 1778 2521 oum

412 2551 510 2622 sotibi
532 2551 680 2635 exposita
699 2559 785 2617 esset
804 2552 908 2616 omnis
929 2551 970 2616 ad
991 2550 1209 2636 praedandum
1230 2551 1436 2636 Pamphylia,
1458 2558 1627 2616 contentas
1649 2551 1700 2616 his
1714 2559 1778 2616 tam

450 2647 566 2731 opimis
594 2645 690 2709 rebus
716 2665 782 2709 non
811 2645 929 2709 fuistit
962 2666 1075 2710 manus
1096 2665 1117 2710 a
1136 2645 1252 2720 tutela,
1281 2666 1394 2709 manus
1415 2666 1435 2709 a
1455 2644 1598 2729 pupillo,
1626 2664 1779 2710 manusc

450 2741 570 2805 sodalis
591 2737 658 2803 lilio
679 2740 840 2804 abstinere
861 2760 928 2803 non
951 2739 1112 2822 potuisti?
1155 2739 1222 2803 lam
1251 2748 1284 2804 te
1305 2759 1370 2803 nou
1392 2739 1510 2815 Siculi,
1538 2758 1606 2804 uon
1626 2747 1778 2815 aratores,

449 2841 486 2899 ut
512 2834 659 2910 dictitas,
691 2834 961 2909 circumveniunt;
995 2853 1061 2897 nou
1090 2834 1130 2909 ii,
1163 2835 1220 2918 qui
1247 2834 1384 2899 decretis
1406 2834 1584 2919 edictisque
1604 2833 1668 2898 tuis
1690 2833 1724 2897 in
1746 2840 1779 2897 te

449 2927 600 2992 concitati
627 2926 802 3012 inlusique
830 2935 920 2992 sunt:
949 2927 1118 2992 Malleolus
1144 2947 1163 2993 a
1191 2947 1243 2992 me
1267 2929 1442 3013 productus
1464 2937 1514 2994 est
1534 2937 1567 2992 et
1587 2937 1688 2993 mater
1708 2929 1778 2993 eius

411 3030 547 3107 matque
568 3021 656 3097 avia,
678 3041 761 3107 quae
785 3021 919 3086 miserae
939 3022 1052 3086 llentes
1073 3043 1220 3086 eversum
1233 3042 1254 3086 a
1268 3030 1299 3088 te
1320 3043 1456 3107 puerum
1472 3023 1585 3107 patriis
1598 3021 1691 3086 bonis
1706 3041 1777 3086 csse

449 3117 609 3182 dixerunt.
653 3112 707 3179 sl.
729 3115 816 3192 Quid
837 3119 1028 3200 exspectas?
1057 3137 1099 3181 an
1121 3117 1196 3181 dum
1219 3116 1259 3180 alr
1280 3116 1391 3180 inferis
1412 3117 1482 3201 ipsc
1503 3114 1670 3181 llalleolus
1692 3115 1778 3179 exsi-

448 3219 511 3276 stat
541 3218 640 3295 atque
670 3210 728 3274 abs
756 3217 789 3274 te
817 3206 922 3274 officia
952 3208 1086 3286 tutelae,
1120 3209 1299 3275 sodalitatis
1319 3208 1609 3293 familiaritatisque
1630 3205 1777 3292 flagitati

448 3305 557 3390 lpsum
584 3311 696 3387 putato
721 3303 844 3370 adesse.
895 3305 1001 3369 Homo
1035 3303 1221 3368 avarissime
1247 3311 1281 3368 et
1310 3303 1533 3387 spurcissime,
1564 3303 1663 3368 reddo
1691 3303 1777 3367 bona

448 3397 567 3464 sodalis
592 3394 679 3461 lilio:
706 3398 735 3462 si
761 3418 828 3463 non
856 3417 941 3482 qnae
964 3398 1124 3463 abstulisti
1130 3444 1141 3475 ,
1168 3405 1201 3463 at
1222 3417 1305 3483 quae
1326 3397 1492 3462 confessus
1514 3416 1567 3467 44.
1604 3396 1668 3462 Cur
1689 3396 1777 3479 cogis

409 3490 569 3561 sosodalis
598 3487 700 3554 filium
725 3491 809 3555 hanc
837 3492 972 3576 primam
998 3493 1033 3558 in
1058 3491 1130 3556 foro
1157 3512 1267 3557 vocem
1296 3491 1501 3556 cumdolore
1524 3489 1778 3576 etquerimonia

448 3587 619 3652 emitteret
650 3605 708 3648 cur
728 3585 849 3656 sodalis
870 3606 1023 3662 uxorem,
1051 3587 1170 3651 sodalis
1192 3606 1335 3661 socrum,
1364 3584 1495 3649 domum
1516 3584 1656 3668 deniqne
1678 3590 1778 3647 totam

448 3681 568 3770 sodalis
590 3678 705 3743 mortui
728 3687 838 3744 contra
857 3687 890 3744 tc
912 3680 1131 3744 testimonium
1145 3679 1273 3743 diceret
1296 3697 1353 3742 eur
1373 3677 1621 3760 pudentissimas
1642 3676 1778 3741 lectissi-

449 3793 585 3857 masque
605 3771 739 3837 feminas
760 3772 796 3836 in
816 3779 940 3838 tantum
955 3775 1097 3839 virorum
1120 3779 1311 3839 conventum
1332 3770 1479 3835 insolitas
1499 3771 1681 3856 invitusque
1701 3789 1777 3853 pro·

449 3867 518 3933 dire
539 3866 654 3951 cogist
696 3866 806 3931 Recita
827 3867 971 3932 omnium
991 3866 1185 3932 testimonia.
1227 3868 1450 3931 Tusrmomsx
1470 3885 1586 3930 uanis
1605 3885 1649 3931 rm
1668 3883 1776 3930 arus.

514 4100 538 4149 4.
557 4100 581 4150 44
591 4097 727 4161 pecuum
743 4098 789 4148 64.
815 4099 848 4150 At
865 4095 898 4149 cl.
917 4097 1005 4150 Madv.
1024 4099 1044 4149 1.
1061 4113 1089 4165 p.
1102 4098 1159 4150 394.
1177 4096 1258 4162 seyr.
1277 4097 1325 4161 Ep.
1343 4098 1402 4148 crit.
1420 4096 1454 4148 ad
1471 4095 1557 4149 llalm.
1575 4109 1602 4162 p.
1615 4097 1657 4150 44.
1671 4124 1700 4134 -
1718 4110 1776 4150 osus

447 4175 572 4228 othtz
589 4186 647 4224 mm
662 4172 770 4224 444444
785 4172 833 4224 444.
848 4174 877 4237 tt)
894 4174 924 4225 0.
940 4200 968 4211 -
986 4173 1384 4236 s.s18.xxst.us.xxnus;
1405 4173 1594 4225 4444444464
1610 4175 1637 4225 44
1653 4175 1693 4226 sle
1709 4173 1775 4226 lull-e

445 4263 578 4304 maenaa
593 4262 642 4314 pro
656 4247 708 4300 HS.
733 4246 783 4300 Alii
799 4246 874 4300 aliter
891 4247 1008 4301 turbant.
1023 4277 1051 4287 -
1068 4250 1166 4302 4444444
1181 4248 1289 4299 libellam
1305 4249 1374 4299 coni.
1391 4249 1498 4301 schiltz.
1517 4246 1577 4300 coll.
1594 4248 1627 4300 11.
1645 4262 1669 4301 c.
1689 4249 1730 4300 40.
1745 4276 1773 4286 -

446 4326 473 4381 4.
493 4325 570 4390 (mm.
592 4323 702 4374 44444444
718 4323 764 4374 04.
789 4350 817 4360 -
843 4325 869 4375 d.
891 4338 950 4375 mor
969 4338 1032 4388 csse,
1054 4338 1079 4376 ss
1101 4325 1187 4377 4444444
1202 4323 1299 4374 4444444
1314 4325 1342 4375 4..
1363 4349 1392 4362 -
1417 4325 1441 4377 0.
1455 4338 1513 4388 pcc.
1530 4338 1581 4374 aaa
1596 4324 1711 4375 redderet
1726 4325 1774 4376 64.

450 4427 478 4441 ·-
492 4400 518 4452 7.
536 4412 554 4449 4
569 4397 654 4448 multis
670 4398 703 4449 Gt
715 4397 850 4462 ingidz
867 4399 954 4450 mattis
968 4399 1016 4452 444.
1028 4399 1058 4450 0.
1079 4425 1108 4438 -
1126 4400 1151 4451 8.
1168 4398 1475 4450 aemmorrousae.
1495 4425 1522 4434 —
1541 4399 1566 4449 9.
1583 4398 1612 4449 ta
1628 4410 1683 4450 om.
1702 4399 1735 4448 Gt
1747 4397 1774 4448 4.

449 4503 477 4514 -
496 4474 536 4525 44.
554 4471 624 4537 lactu
639 4472 689 4522 slat
705 4471 759 4522 di:
776 4472 847 4537 44444
862 4479 921 4525 aaut
936 4474 965 4525 0.
993 4472 1032 4525 cl.
1051 4476 1191 4539 praeterea
1208 4472 1242 4524 de
1259 4473 1287 4524 h.
1305 4471 1323 4524 l.
1340 4474 1397 4525 llau
1413 4474 1444 4525 ll.
1463 4485 1490 4538 p.
1506 4473 1555 4524 474
1565 4484 1627 4537 sqq.
1644 4470 1734 4522 lleller
1748 4471 1775 4522 ln

446 4548 506 4602 Sell.
524 4546 624 4598 444444.
643 4548 667 4597 4.
687 4548 715 4597 ll.
734 4548 762 4598 ll.
782 4549 801 4599 l.
819 4550 844 4599 4.
863 4562 890 4614 p.
903 4549 951 4600 403
968 4561 1028 4613 sqq.
1049 4576 1076 4585 -
1096 4548 1136 4600 tl.
1155 4549 1341 4614 44444444444
1357 4550 1389 4600 64
1402 4547 1537 4613 seems:
1556 4547 1666 4611 4444444
1681 4545 1730 4596 (444.
1744 4571 1773 4582 ·-

446 4625 487 4678 40.
506 4624 552 4675 4444
566 4621 666 4687 4444444]
683 4622 729 4673 4444
745 4635 799 4673 om.
817 4623 853 4674 63
863 4638 888 4685 ς.
909 4651 936 4660 -
955 4624 1041 4674 emolu
1058 4625 1135 4687 4449.
1148 4650 1175 4660 -
1187 4624 1279 4675 4444444
1292 4625 1398 4676 retinent
1409 4625 1455 4676 64.
1469 4651 1497 4662 -
1517 4623 1557 4674 l'l.
1571 4620 1775 4674 eo--eoomtit-

446 4706 486 4753 tar
501 4699 596 4750 Donat.
609 4696 643 4747 ad
656 4696 762 4749 Terent.
777 4697 874 4761 lleeyr.
892 4698 924 4747 Il.
937 4699 962 4757 4,
975 4700 1015 4749 44.
1027 4725 1055 4735 -
1074 4700 1115 4752 48.
1132 4701 1283 4752 monum
1294 4702 1326 4751 64
1340 4698 1382 4764 λς
1397 4698 1506 4752 44444.
1519 4696 1581 4749 Lbi:
1599 4696 1722 4748 mensoria
1738 4695 1774 4746 64

446 4774 495 4828 (444.
513 4773 543 4826 0.
562 4797 590 4808 -
613 4775 707 4822 morsm
723 4772 756 4822 64
769 4769 836 4834 44ς
859 4772 875 4822 4
893 4771 972 4824 codd.
991 4772 1052 4836 Lbl,
1070 4776 1157 4841 Lgt9:
1183 4781 1263 4828 444444
1280 4774 1327 4826 444.
1346 4777 1376 4826 0.
1396 4802 1424 4813 -
1444 4774 1484 4826 49.
1500 4771 1653 4838 mactatast
1669 4770 1701 4821 (44
1714 4771 1773 4832 4ςι

444 4847 586 4903 4444444444
601 4844 651 4898 444.
670 4848 701 4898 0.
721 4873 749 4884 -
773 4846 814 4897 40.
833 4845 878 4897 titt
897 4859 952 4898 om.
971 4849 1024 4912 64,
1049 4850 1100 4902 444
1120 4853 1211 4902 tuetur
1226 4853 1294 4902 Non.
1311 4863 1339 4916 p.
1356 4850 1427 4913 499,
1453 4849 1500 4914 qul
1516 4851 1617 4914 transp.
1635 4847 1671 4898 44
1683 4846 1773 4910 praed

444 4925 525 4979 444444
539 4925 567 4976 Ρ.
587 4949 615 4960 -
633 4920 675 4973 44.
693 4923 793 4987 44444444
808 4923 841 4974 64
854 4923 972 4988 444349
990 4922 1038 4975 444.
1060 4926 1103 4977 Sic
1120 4925 1145 4990 5.
1159 4925 1216 4978 484.
1234 4927 1355 4989 optim
1371 4936 1421 4990 pro
1438 4924 1549 4988 opimam
1565 4924 1609 4974 est
1622 4922 1651 4974 in
1667 4918 1727 4972 cod.
1741 4920 1773 4974 ll.

447 5028 476 5040 -
493 4999 536 5052 43.
553 4998 573 5048 44
588 4997 637 5048 st:
654 4997 681 5048 44
696 4998 727 5050 0.
742 5024 769 5034 -·
787 4998 830 5049 44.
847 4998 936 5049 mttere
952 4998 990 5048 64
1007 4999 1067 5051 444.
1085 4999 1148 5061 Lbi,
1166 4999 1220 5051 duo
1236 5002 1346 5053 Franco.
1374 4999 1444 5051 «Sed
1459 4998 1558 5052 lulllus
1574 4998 1602 5050 h.
1620 4996 1638 5048 l.
1656 4997 1774 5050 imitatis

445 5077 489 5129 est
504 5071 618 5126 cracem
633 5069 715 5124 lllnd:
731 5077 870 5124 4444444444
884 5077 913 5122 at
928 5073 1047 5125 miseram
1060 5074 1239 5126 lamestanter
1253 5074 1353 5125 4444444
1363 5077 1415 5126 oet
1428 5087 1454 5124 v.
1467 5073 1501 5126 44
1512 5075 1584 5126 Orat.
1596 5074 1639 5125 444.
1658 5072 1684 5138 5.
1698 5073 1772 5124 444.·

444 5149 570 5202 044444.
591 5173 619 5186 -
633 5149 718 5210 psas
733 5149 771 5201 64
787 5147 836 5199 444.
851 5171 879 5184 -
898 5147 940 5201 40.
957 5147 1010 5211 ipso
1024 5149 1446 5215 sl.o3;1,gso:tttou.utt.0.
1466 5176 1493 5185 -
1512 5147 1623 5214 mittat]
1640 5147 1772 5201 mutos

447 5249 476 5261 -·
494 5223 536 5275 44.
553 5219 599 5273 uls
614 5225 638 5274 44
653 5236 708 5277 om.
726 5223 822 5288 ⁰⁴25·
842 5248 869 5260 -
887 5223 930 5276 48.
943 5227 1011 5287 patto
1026 5223 1074 5275 64.
1088 5246 1116 5261 -·
1134 5223 1177 5277 49.
1195 5227 1293 5276 ‹st-om.
1312 5222 1384 5287 Gir.
1398 5249 1427 5262 ·-
1444 5221 1486 5277 84.
1503 5222 1709 5285 anamiim
1727 5220 1772 5273 ad·
