4367 6109
462 566 525 633 400
833 571 877 636 lli
897 571 1064 639 VERREM
1082 571 1206 639 ACTIO
1229 573 1413 640 SECUNDA

461 761 480 804 a
501 740 603 805 classe
623 747 732 802 nostra
751 758 817 802 non
840 748 931 822 capta
953 749 1017 815 444,
1041 740 1098 806 sed
1120 744 1248 808 iuventa
1268 743 1309 807 ad
1330 743 1541 827 Megaridem,
1563 745 1621 828 qui
1637 743 1733 809 locus
1747 752 1797 809 444

459 854 525 898 non
553 834 648 914 longe
675 853 694 896 a
724 833 897 917 Syracusis.
942 835 1036 910 Quod
1057 837 1113 899 ubi
1140 837 1194 900 isti
1215 838 1396 901 nuntiatum
1420 845 1482 913 cst,
1514 840 1642 904 44444444
1664 839 1701 903 in
1724 847 1796 904 acta

461 946 532 991 eum
554 924 748 990 mulierculis
770 927 891 990 iacebat
912 927 1034 1004 ebrius,
1069 932 1172 994 erexit
1193 952 1227 995 sc
1249 939 1355 995 tamen
1377 940 1409 996 et
1430 932 1536 996 statim
1558 934 1728 1017 quaestori
1750 933 1795 998 le-

460 1028 598 1104 gatoque
620 1040 677 1085 suo
701 1019 847 1083 custodes
870 1021 958 1085 misit
980 1024 1178 1106 complures,
1200 1032 1236 1088 ut
1258 1027 1365 1089 omnia
1386 1026 1446 1089 sibi
1468 1027 1589 1110 integra
1604 1047 1703 1111 quam
1726 1027 1794 1111 pri·

435 1134 545 1181 amum
567 1114 802 1201 exhiberentur.
832 1111 883 1177 64.
905 1117 1082 1200 appellitur
1096 1119 1186 1182 navis
1204 1119 1391 1203 Syracusas:
1415 1126 1616 1202 exspectatur
1630 1122 1671 1184 ab
1686 1121 1794 1185 omni-

457 1206 517 1272 bus
538 1207 738 1293 supplicium.
781 1210 843 1272 4444
865 1212 956 1292 quasi
978 1210 1097 1294 praeda
1119 1211 1179 1274 sibi
1201 1213 1343 1288 advecta,
1365 1235 1429 1278 non
1445 1213 1661 1298 praedonibus
1675 1214 1793 1297 captis,

457 1304 484 1367 si
509 1302 566 1387 qui
587 1322 679 1366 senes
701 1322 737 1365 ac
759 1301 916 1366 deformes
939 1312 1045 1379 erant,
1068 1325 1124 1369 eos
1145 1307 1178 1369 iu
1199 1306 1340 1369 hostiurn
1363 1327 1497 1371 numero
1520 1307 1625 1371 ducit:
1648 1308 1708 1394 qui
1733 1308 1793 1371 ali-

457 1397 534 1481 quid
561 1395 697 1469 lormac,
727 1397 840 1460 aetatis
869 1394 1059 1482 artificiiquc
1088 1397 1262 1474 habebant,
1295 1401 1424 1465 abducit
1454 1421 1579 1476 omues,
1613 1401 1792 1465 nonnullos

456 1491 585 1566 scribis,
612 1491 680 1554 lilio
708 1490 896 1574 cohortique
926 1491 1103 1555 distribuit:
1134 1492 1380 1577 symphoniacos
1408 1495 1556 1559 homines
1578 1516 1636 1559 sex
1658 1494 1791 1559 cuidam

419 1606 447 1653 44
455 1588 558 1649 amico
580 1605 639 1648 suo
654 1586 785 1648 Romam
807 1585 932 1647 muneri
955 1585 1049 1648 misit.
1082 1588 1154 1650 Nox
1175 1586 1231 1650 illa
1252 1595 1317 1651 tota
1332 1588 1366 1650 in
1381 1589 1598 1652 exinaniunda
1611 1608 1695 1652 nave
1712 1608 1793 1651 con·

455 1678 600 1744 sumitur.
633 1677 863 1760 archipiratam
885 1679 990 1761 ipsum
1004 1679 1091 1742 videt
1112 1700 1224 1754 nemo,
1247 1681 1286 1743 de
1302 1701 1367 1764 quo
1382 1680 1573 1765 supplicium
1592 1682 1677 1746 sumi
1693 1702 1792 1764 opor·

455 1774 526 1839 tuit.
547 1772 653 1836 Ilodie
673 1791 783 1836 omnes
797 1771 842 1835 sic
856 1771 1031 1835 hahent-
1045 1773 1123 1856 quid
1146 1774 1215 1837 eius
1237 1775 1294 1847 sit,
1315 1794 1372 1837 vos
1387 1773 1570 1838 coniectura
1584 1774 1716 1858 assequi
1732 1774 1792 1837 de-

453 1868 550 1942 betis,
568 1899 609 1914 -
623 1866 718 1930 istum
731 1866 812 1930 clam
824 1885 843 1928 a
855 1867 966 1950 piratis
982 1868 1023 1929 ob
1038 1866 1124 1930 hunc
1139 1867 1359 1950 archipiratam
1375 1867 1542 1951 pecuniam
1556 1868 1733 1953 accepisse.
1743 1900 1790 1915 -

454 1964 569 2028 xxvi.
591 1958 642 2023 65.
662 1960 850 2024 Coniectura
871 1968 929 2023 est.
951 1993 992 2005 -
1015 1959 1114 2024 ludex
1137 1982 1207 2026 esse
1229 1962 1332 2025 honus
1347 1980 1441 2025 nemo
1456 1969 1581 2044 potest,
1604 1964 1660 2045 qui
1676 1961 1789 2045 suspi-

417 2075 445 2124 44
454 2059 545 2122 cione
567 2061 652 2119 certa
672 2075 737 2118 non
759 2060 912 2117 movetur.
955 2053 1125 2117 Hominem
1147 2056 1265 2130 nostis;
1287 2055 1550 2118 consuetudinem
1572 2055 1715 2119 omnium
1737 2064 1789 2119 te-

452 2151 551 2227 netis,
580 2149 636 2234 qui
663 2147 774 2211 ducem
795 2144 990 2231 praedonum
1013 2158 1068 2211 aut
1087 2148 1227 2212 hostium
1256 2148 1392 2231 ceperit,
1424 2168 1519 2232 quam
1547 2148 1685 2212 libenter
1710 2168 1788 2212 eum

452 2246 557 2329 palam
584 2251 658 2307 aute
686 2242 796 2305 oculos
817 2242 960 2306 omnium
983 2262 1053 2305 esse
1074 2242 1223 2324 patiatur.
1266 2242 1434 2306 Hominem
1455 2243 1488 2306 in
1511 2248 1598 2306 tanto
1621 2251 1787 2307 conventu

453 2339 618 2423 Syracusis
640 2336 705 2400 vidi
727 2337 902 2411 neminem,
938 2336 1078 2411 iudices,
1101 2335 1157 2419 qui
1178 2334 1398 2419 archipiratam
1421 2343 1546 2420 captum
1567 2358 1639 2401 sese
1661 2336 1788 2401 vidisse

453 2434 589 2506 diceret,
613 2450 685 2494 oum
702 2450 829 2502 omnes,
850 2437 886 2494 ut
899 2450 970 2493 mos
985 2437 1049 2505 est,
1071 2438 1106 2493 ut
1124 2430 1206 2493 solet
1220 2424 1304 2502 ficri,
1321 2437 1563 2505 concurrerent,
1579 2439 1788 2514 quaererent,

414 2525 559 2598 arridere
581 2533 744 2607 cuperent.
788 2523 874 2601 Quid
895 2523 1025 2598 accidit,
1056 2531 1223 2588 curtante
1245 2542 1340 2606 opere
1362 2523 1423 2587 iste
1442 2523 1538 2588 homo
1560 2525 1788 2599 occultaretur,

451 2629 487 2686 ut
508 2640 581 2685 eum
602 2639 643 2683 ne
666 2638 741 2681 casu
764 2616 894 2702 quidem
916 2616 1085 2700 quisquam
1106 2617 1270 2701 adspicere
1293 2620 1429 2700 possett
1456 2619 1610 2684 Homines
1631 2618 1787 2682 maritimi

451 2715 633 2799 Syracusis,
667 2712 721 2795 qui
750 2731 846 2794 saepe
875 2711 968 2773 istius
998 2711 1089 2775 ducis
1114 2730 1232 2773 nomen
1254 2711 1436 2785 audissent,
1468 2731 1565 2795 saepe
1586 2711 1786 2788 timuissent,

450 2829 523 2872 cum
546 2809 613 2871 eius
635 2806 776 2869 cruciatu
797 2812 893 2887 atque
915 2804 1072 2889 supplicio
1096 2823 1226 2887 pascere
1247 2803 1358 2867 oculos
1375 2804 1579 2889 animumque
1593 2811 1785 2868 exsaturare

449 2902 582 2976 vellent,
605 2909 743 2984 potestas
764 2897 959 2981 adspiciendi
982 2898 1102 2961 nemini
1123 2897 1205 2961 lacta
1230 2905 1288 2960 est.
1331 2895 1382 2960 66.
1405 2898 1492 2962 Unus
1514 2897 1622 2982 plures
1643 2896 1784 2982 praedo-

410 3017 525 3069 csnum
547 2997 644 3058 duces
665 2995 755 3059 vivos
776 2992 860 3076 cepit
874 2993 907 3055 P.
924 2991 1095 3065 Seruilius,
1118 3011 1215 3076 quam
1228 3011 1337 3055 omnes
1354 2999 1457 3056 autea.
1491 2992 1666 3078 Ecquando
1682 2991 1783 3074 igitur

449 3091 511 3154 isto
533 3089 638 3152 fructu
660 3088 828 3172 quisquam
851 3086 969 3160 caruit,
991 3093 1026 3149 ut
1045 3086 1155 3149 videre
1177 3085 1310 3167 piratam
1332 3093 1458 3168 captum
1481 3105 1545 3149 nou
1567 3084 1704 3149 liceret?
1737 3085 1782 3147 At

449 3193 575 3258 contra,
603 3200 803 3267 quacumque
825 3181 885 3243 iter
903 3179 994 3255 feeit,
1024 3181 1084 3253 hoc
1106 3177 1369 3248 iucundissimum
1391 3179 1604 3263 spectaculum
1628 3177 1779 3242 omnibus

448 3280 625 3343 vinctorum
654 3285 881 3361 captorumque
910 3274 1051 3339 hostium
1077 3272 1258 3358 praebebat.
1300 3274 1413 3356 ltaque
1435 3273 1465 3337 ei
1488 3291 1661 3337 concursus
1682 3267 1781 3334 debat

447 3373 608 3457 undique,
636 3381 671 3434 ut
699 3390 764 3434 nou
787 3370 880 3433 modo
903 3390 943 3433 cx
965 3367 1004 3434 iis
1027 3369 1173 3453 oppidis,
1207 3387 1269 3452 qua
1299 3367 1510 3442 ducebantur,
1538 3366 1595 3431 sed
1617 3367 1713 3430 etiam
1735 3385 1778 3429 ex

409 3464 589 3535 solunitimis
611 3465 737 3530 visendi
759 3483 856 3530 causa
876 3463 1093 3527 convenirent.
1126 3462 1199 3544 lpse
1220 3466 1325 3523 autem
1348 3459 1527 3544 triumphus
1542 3480 1638 3543 quam
1651 3459 1694 3523 ob
1708 3479 1778 3523 rem

448 3563 589 3626 omnium
611 3558 841 3644 triumphorum
864 3557 1060 3642 gratissimus
1081 3553 1203 3639 populo
1218 3554 1361 3617 Romano
1383 3552 1443 3617 luit
1459 3561 1490 3617 et
1504 3552 1776 3616 iucundissimust

447 3656 532 3733 Quia
553 3654 634 3719 nihil
655 3663 704 3719 est
725 3652 855 3717 victoria
877 3650 1022 3725 dulcius,
1045 3650 1168 3713 nullum
1190 3656 1238 3712 est
1259 3655 1365 3711 autem
1386 3647 1603 3711 testimouium
1624 3645 1776 3711 victumae

447 3750 582 3826 certius,
604 3769 716 3833 quam,
739 3767 820 3832 quos
842 3765 936 3830 saepe
959 3745 1128 3820 metueris,
1150 3762 1206 3807 eos
1230 3750 1260 3805 te
1274 3741 1399 3805 vinctos
1420 3742 1460 3804 ad
1482 3739 1676 3825 supplicium
1699 3739 1775 3803 duci

503 4016 527 4065 4.
539 4013 565 4080 4]
577 4014 698 4075 444444.
709 4035 737 4047 -·
750 4011 775 4060 4.
787 4010 815 4058 tu
826 4007 1069 4070 4444]44444444444.
1082 4005 1280 4070 praeteriit·
1294 4004 1318 4056 4.
1331 4004 1483 4054 custodiam
1496 4002 1631 4066 4444444444
1645 4003 1720 4067 ltpr.
1733 4015 1770 4054 m.

446 4114 474 4128 ·-
493 4093 517 4141 44.
537 4089 627 4152 4444444.
645 4089 675 4138 u.
689 4112 716 4123 -
730 4086 755 4136 6.
772 4083 920 4146 4444444444
930 4081 980 4132 4434
998 4081 1147 4144 4444444444
1162 4082 1227 4131 rami
1243 4081 1273 4131 444
1289 4080 1393 4143 captiuis
1405 4084 1514 4142 4444444444·
1528 4077 1595 4129 dett.
1615 4104 1643 4114 -
1661 4077 1773 4126 adducto

445 4166 523 4232 4449.
538 4190 565 4201 -
585 4165 610 4214 4.
623 4160 746 4212 44444444
765 4163 811 4208 cut
827 4158 863 4207 64
875 4157 921 4207 bd.
935 4156 1000 4207 dett.
1012 4157 1078 4207 0.-
1099 4157 1158 4206 dicit
1174 4156 1220 4208 443.
1235 4155 1305 4223 -,8.
1318 4154 1439 4205 44444444.
1453 4179 1482 4190 -
1500 4152 1525 4203 9.
1541 4150 1688 4203 essens:
1706 4151 1773 4200 4444-

444 4243 481 4293 otc
495 4242 547 4291 44444
562 4239 627 4289 dett.
640 4237 670 4286 0.
685 4263 711 4270 -
730 4233 909 4296 syupbouiocos
925 4231 955 4281 44.
975 4257 1002 4267 -
1021 4231 1130 4282 homines
1146 4244 1200 4282 om.
1218 4230 1264 4281 (43.
1283 4229 1322 4281 ct.
1340 4228 1427 4281 htadv.
1446 4229 1494 4293 Op.
1511 4229 1531 4278 4.
1549 4241 1576 4292 p.
1589 4225 1647 4276 368.
1665 4227 1721 4276 not.
1741 4249 1769 4261 -

443 4319 561 4383 quoidam
578 4315 598 4365 44
614 4326 655 4378 pr.
674 4323 710 4361 m.
730 4334 758 4344 —
778 4308 818 4357 49.
835 4306 863 4356 iu
879 4306 1053 4356 444444αηί4444
1068 4319 1134 4356 saue
1150 4306 1200 4356 ua:
1227 4306 1397 4356 44444444ηά4
1413 4305 1516 4367 4-4444444
1532 4303 1562 4365 0)
1578 4301 1638 4351 aaut
1655 4299 1721 4350 dett
1739 4300 1770 4351 0.

445 4393 484 4445 Cl.
503 4389 589 4442 44444.
609 4401 635 4451 p.
654 4387 710 4435 444.
731 4407 757 4418 ψ
778 4383 819 4433 44.
836 4381 907 4431 hodic
923 4380 973 4431 443ε
996 4381 1115 4441 hodieque
1131 4380 1195 4431 dett.
1214 4382 1244 4432 0.
1265 4408 1293 4419 -
1316 4382 1351 4431 444
1373 4393 1457 4432 macer
1472 4380 1549 4442 4449.
1571 4404 1599 4415 -
1616 4375 1707 4426 babent
1723 4375 1770 4438 443,

445 4466 523 4519 codd.
541 4462 645 4522 humb,
664 4463 736 4511 Parc.
755 4455 832 4508 hall:
850 4455 939 4506 4444444
952 4469 1102 4518 4444444444
1117 4454 1183 4505 dett.
1201 4456 1231 4506 0.
1250 4481 1277 4491 -
1296 4457 1440 4506 contectura
1457 4453 1493 4504 443
1504 4451 1533 4502 l:
1551 4451 1694 4502 maiorm
1710 4463 1773 4512 4444-

444 4557 491 4606 quc
507 4542 573 4592 dett.
585 4539 614 4588 0.
629 4562 657 4573 -
676 4533 779 4596 44444444
795 4533 825 4582 lt.
841 4558 867 4568 -
887 4530 927 4581 44.
946 4531 1027 4581 444443
1039 4531 1124 4594 4449;
1144 4529 1209 4580 bono
1224 4535 1259 4581 444
1275 4530 1340 4580 dett.
1354 4531 1383 4580 0.
1402 4557 1430 4566 -
1448 4530 1525 4579 4444444
1540 4532 1576 4578 444
1591 4526 1680 4587 4444444,
1697 4538 1771 4576 neruo

444 4622 479 4669 444
494 4618 537 4679 qut
550 4614 626 4678 4449.
641 4639 669 4650 -
687 4608 820 4671 ospitium
831 4607 859 4656 44.
875 4631 901 4641 -
922 4607 961 4656 44.
980 4605 1227 4666 consuetudinemque
1236 4605 1300 4656 dett
1312 4606 1342 4655 0.
1357 4632 1384 4642 —
1404 4605 1444 4656 ⁴7.
1462 4604 1560 4667 potitur
1570 4603 1616 4654 443.
1632 4628 1660 4639 -
1678 4600 1719 4652 48.
1732 4602 1774 4651 444-

443 4695 494 4744 des
509 4692 578 4742 1th
595 4689 641 4740 hd.
661 4714 689 4724 -
707 4696 757 4734 4444
771 4683 860 4733 4444444
875 4681 1024 4746 Zumptius:
1047 4693 1099 4731 4444
1113 4681 1202 4731 44444444
1216 4679 1253 4730 443
1265 4677 1295 4742 λ,
1313 4679 1346 4730 44.
1365 4679 1399 4731 ad
1417 4680 1441 4743 5.
1456 4679 1528 4740 444.;
1546 4692 1597 4729 4444
1612 4690 1666 4728 om.
1684 4675 1769 4739 44494

442 4768 531 4817 4444444
547 4779 572 4815 44
589 4763 654 4814 dett.
673 4762 702 4811 0.
723 4783 751 4795 -
770 4758 810 4807 49.
828 4762 857 4807 ut
872 4757 931 4806 44444
946 4757 1003 4820 44444
1019 4758 1144 4819 suspecta
1160 4755 1312 4805 Burmanno
1329 4757 1357 4804 et
1372 4754 1478 4823 Beckio.
1499 4780 1526 4789 -
1550 4753 1592 4804 49.
1610 4756 1679 4802 taen
1695 4763 1772 4812 opere

443 4841 544 4892 habent
560 4841 594 4900 44,
613 4835 681 4901 4449
693 4834 734 4886 lb.
755 4859 781 4870 -
800 4832 841 4882 44.
859 4832 1034 4889 maritumis,
1051 4830 1198 4880 4444444444Ι
1212 4830 1291 4892 4444.
1306 4854 1333 4865 -
1351 4828 1392 4877 44.
1405 4839 1479 4888 saepe
1495 4825 1546 4876 4434
1563 4836 1771 4886 mammaeam

443 4914 508 4966 dett.
528 4941 556 4949 -
571 4912 615 4964 44.
632 4911 713 4975 plois
728 4910 757 4959 44.
772 4933 799 4944 -
817 4907 859 4956 45.
877 4920 954 4969 quasa
969 4905 1044 4957 ceteri
1059 4907 1166 4968 444444.
1184 4917 1211 4969 p.
1223 4902 1296 4953 4467.
1316 4927 1343 4938 -
1362 4903 1404 4953 48.
1421 4903 1545 4952 4444444444
1560 4898 1634 4952 tud.
1648 4925 1676 4936 -
1692 4898 1770 4964 flebat

441 4989 551 5050 4444444444
567 4986 603 5038 443
615 4983 645 5036 i:
667 4985 777 5046 4444444444
790 4980 883 5045 flebam
899 4981 964 5032 dett.
983 4981 1024 5040 0.,
1051 4979 1124 5043 quod
1141 4977 1213 5029 haud
1228 4977 1284 5028 scio
1300 4990 1335 5027 an
1352 4977 1556 5041 praeterendum
1574 4976 1616 5027 444.
1634 4974 1687 5026 Sed
1704 4987 1769 5026 cum

442 5061 580 5128 4444444444
605 5059 733 5126 exemptis
758 5057 799 5121 (cl.
817 5055 898 5107 Nizol.
917 5058 943 5107 44
960 5054 1041 5106 Klots.
1060 5068 1083 5105 4.
1101 5054 1137 5117 4.)
1160 5056 1189 5105 44
1207 5051 1308 5103 4444444
1330 5049 1419 5115 aliquo
1439 5049 1520 5100 modo
1545 5048 1652 5101 delendi
1672 5050 1767 5115 possit,

442 5137 565 5189 codicum
582 5139 647 5201 optt.
660 5136 741 5187 ddem
755 5134 881 5185 deserere
898 5129 1039 5182 noluimus.
1054 5157 1081 5166 -
1100 5129 1142 5179 49.
1160 5141 1194 5180 «c
1208 5127 1240 5177 444
1250 5123 1374 5177 Orellius:
1392 5139 1426 5177 444
1441 5126 1480 5176 bis
1491 5124 1570 5176 codd.
1585 5151 1611 5164 -
1632 5125 1674 5177 34.
1692 5129 1768 5186 etque

440 5213 542 5264 44444444.
554 5211 619 5262 dett.
633 5212 662 5262 0.
676 5235 703 5246 -
723 5202 1212 5260 34.··44444444444444444444444444444414
1225 5200 1336 5254 omas.
1351 5226 1378 5238 -
1392 5199 1434 5253 3³.
1447 5199 1765 5263 4444444444444444444.

443 5287 508 5341 dett.
528 5315 556 5326 -
574 5286 665 5338 444444·
681 5285 696 5337 d
713 5286 792 5350 4444.
809 5282 874 5335 dett.
893 5282 922 5334 44
935 5279 968 5333 49
983 5292 1021 5333 m.
1034 5290 1097 5331 444.
