4367 6109
444 583 486 653 22
842 583 992 651 ORATIO
1015 584 1094 650 PRO
1116 585 1151 650 P.
1173 582 1366 662 eumerio

446 758 550 836 Quid,
573 757 617 834 si,
637 757 756 842 inquit,
778 755 876 820 habes
898 753 1055 820 eiusmodi
1076 773 1220 828 causam,
1242 759 1280 816 ut
1299 753 1362 816 hoc
1376 752 1434 816 tibi
1447 754 1578 838 planum
1596 754 1639 819 sit
1652 753 1771 820 iacien-

447 853 537 929 dum,
559 853 716 917 neminem
738 871 826 927 esse,
858 851 915 935 qui
939 850 1042 934 possit
1061 848 1160 913 biduo
1183 856 1238 911 aut
1259 868 1416 912 summum
1438 849 1546 913 triduo
1568 851 1771 935 septingenta

447 948 534 1011 milia
554 966 703 1030 passuum
725 945 904 1020 ambulare,
938 952 1085 1008 tamenne
1114 941 1250 1017 vereris,
1278 947 1315 1005 ut
1339 944 1445 1026 possis
1473 943 1535 1007 hoc
1557 951 1669 1009 contra
1690 944 1772 1011 lior·

446 1043 582 1105 tensium
610 1039 831 1104 contendere?
852 1070 895 1086 -
918 1038 1065 1112 Minime,
1097 1037 1239 1120 inquam.
1283 1032 1334 1098 79.
1365 1036 1427 1099 Sed
1449 1037 1528 1122 quid
1559 1037 1592 1100 id
1613 1037 1655 1101 ad
1676 1042 1770 1103 remi

424 1145 488 1193 o-
509 1134 679 1208 Nimirum,
701 1132 823 1216 inquit,
845 1133 880 1196 in
902 1152 940 1196 eo
963 1151 1059 1196 causa
1080 1131 1236 1195 consistit.
1256 1163 1299 1178 -
1321 1129 1513 1215 Quomodo?
1535 1165 1577 1179 -
1597 1133 1699 1197 Docet
1718 1154 1770 1198 me

447 1224 602 1291 eiusmodi
624 1246 692 1290 rem
714 1233 746 1290 et
765 1225 885 1290 iactum
906 1226 1000 1289 simul
1021 1226 1094 1289 Sex.
1113 1225 1242 1301 Naevii,
1273 1225 1359 1310 quod
1390 1226 1417 1289 si
1439 1226 1543 1290 solum
1563 1227 1769 1310 proferretur,

447 1320 522 1384 salis
548 1339 618 1383 esse
647 1320 786 1384 deberet.
830 1319 927 1396 Quod
956 1319 1012 1381 abs
1034 1326 1080 1395 te,
1116 1320 1149 1383 C.
1170 1320 1296 1404 Aquili,
1328 1324 1360 1382 el
1381 1339 1400 1384 a
1420 1320 1529 1395 vobis,
1558 1320 1614 1404 qui
1638 1320 1715 1384 estis
1736 1321 1769 1385 in

446 1414 594 1489 consilio,
626 1433 744 1499 quaeso
772 1418 809 1476 ut
834 1412 1001 1496 diiigenter
1021 1416 1201 1479 attendatis.
1237 1414 1381 1479 Profecto
1403 1415 1604 1498 intelligetis,
1626 1415 1715 1478 illinc
1729 1415 1769 1478 ab

445 1508 537 1572 initio
567 1508 774 1591 cupiditatem
804 1527 964 1591 pugnasse
990 1515 1022 1572 et
1042 1507 1226 1584 audaciam,
1259 1507 1334 1570 binc
1356 1508 1520 1571 veritatem
1543 1515 1575 1572 et
1596 1508 1767 1592 pudorem,

410 1617 438 1664 ro
446 1601 553 1689 quoad
575 1603 730 1685 potuerit,
752 1601 918 1665 restitisse.
948 1603 1035 1666 Bona
1057 1602 1209 1686 postulas,
1231 1610 1267 1665 ut
1288 1622 1328 1665 ex
1350 1602 1456 1665 edicto
1478 1603 1643 1686 possidere
1665 1603 1768 1668 liceat.

448 1698 519 1774 Quo
544 1697 619 1761 diei
649 1698 693 1761 Te
715 1697 838 1779 ipsum,
861 1697 973 1772 Naevi,
994 1697 1068 1760 volo
1084 1696 1213 1773 audire;
1234 1696 1307 1760 volo
1323 1696 1502 1760 inauditum
1516 1697 1639 1760 lacinus
1654 1697 1767 1781 ipsios,

447 1793 503 1876 qui
526 1792 559 1855 id
581 1792 753 1867 commisit,
776 1811 854 1855 voce
877 1790 1032 1855 convinci.
1063 1790 1139 1865 Ilio,
1160 1791 1274 1866 Naevi,
1298 1790 1392 1854 diem.
1408 1824 1450 1838 -
1470 1794 1551 1855 Ante
1569 1792 1654 1856 diem
1670 1814 1692 1856 v
1706 1794 1768 1857 lia·

446 1885 531 1949 leod.
554 1886 766 1949 intercalares.
781 1918 824 1933 -
846 1888 931 1949 bene
953 1885 1009 1948 ais.
1043 1884 1147 1961 Quam
1169 1883 1263 1967 longe
1285 1891 1334 1947 est
1353 1883 1428 1948 hinc
1450 1887 1484 1948 in
1498 1886 1614 1950 saltum
1628 1894 1767 1950 vestmm

447 1979 670 2043 Gallicanum?
692 1979 805 2054 Naevi,
828 1986 860 2043 te
881 1997 970 2062 rogo.
987 2012 1029 2026 -
1050 1997 1109 2042 nec
1132 1977 1220 2041 milia
1233 1999 1394 2062 passuum.
1409 2012 1451 2026 -
1466 1980 1602 2064 Optime.
1624 1982 1672 2045 De
1687 1981 1768 2045 saltu

411 2074 596 2138 rodeiicitur
628 2074 807 2150 Quinctius.
851 2074 922 2150 Quo
956 2073 1031 2137 diet
1063 2075 1234 2137 Possumus
1262 2072 1324 2136 hoc
1351 2095 1480 2158 quoque
1507 2095 1548 2139 ex
1576 2082 1607 2138 te
1635 2075 1767 2140 audirel

448 2168 534 2245 Quid
555 2170 666 2232 taces?
707 2169 782 2241 Dic,
811 2168 961 2252 inquam,
988 2166 1082 2231 diem.
1125 2166 1228 2229 Pudet
1249 2165 1365 2229 dicere.
1409 2168 1575 2252 intelligo;
1604 2177 1768 2234 serumst

448 2284 519 2329 sero
542 2272 574 2328 et
595 2263 790 2347 nequiquam
812 2261 920 2345 pudet.
952 2262 1108 2326 Deiieitur
1129 2261 1169 2324 de
1191 2261 1293 2337 saltu,
1316 2261 1350 2324 C.
1370 2263 1494 2347 Aquili,
1517 2263 1619 2346 pridie
1634 2263 1766 2327 Kalend.

447 2360 660 2424 intercalares.
702 2357 804 2421 Biduo
826 2365 900 2442 post
920 2365 991 2432 aul,
1013 2357 1176 2419 utstatim
1199 2354 1238 2418 de
1260 2357 1330 2418 iure
1353 2356 1469 2441 aliquis
1491 2359 1680 2435 cucurrerit,
1701 2380 1766 2423 non

449 2461 516 2517 toto
538 2454 643 2517 triduo
667 2468 728 2515 ncc
750 2451 838 2513 milia
859 2471 1010 2534 passuum
1031 2447 1249 2514 coniiciuntur.
1287 2447 1337 2512 80.
1360 2450 1469 2514 Orem
1489 2452 1724 2517 incredibilem!
1746 2474 1764 2517 o

411 2545 655 2630 aocupidilatem
684 2545 966 2611 inconsideratam!
994 2564 1012 2608 o
1035 2546 1182 2609 nuntium
1204 2545 1381 2608 volucreml
1414 2545 1599 2609 administri
1622 2554 1654 2611 et
1675 2547 1767 2612 satel-

448 2642 521 2706 lites
544 2642 616 2704 Sex.
638 2640 749 2703 Naevii
772 2641 871 2704 Roma
892 2649 978 2704 tram
1000 2640 1096 2724 Alpes
1118 2643 1152 2703 in
1174 2640 1364 2722 Segusiavos
1386 2639 1484 2703 biduo
1499 2642 1641 2705 veniunt.
1669 2642 1768 2707 Obo-

448 2735 566 2799 minem
597 2733 809 2811 fortunatum,
842 2736 898 2819 qui
930 2735 1085 2799 eiusmodi
1111 2735 1241 2797 nuntios
1273 2754 1328 2797 seu
1350 2735 1457 2817 potius
1479 2738 1614 2819 Pegasos
1634 2737 1766 2802 habeatl

448 2830 564 2893 XXVI.
586 2830 645 2893 llic
667 2848 744 2912 ego,
768 2830 794 2892 si
818 2830 921 2893 Crassi
944 2849 1054 2894 omnes
1078 2849 1149 2892 cum
1163 2829 1311 2891 Antoniis
1334 2829 1502 2905 exsistant,
1525 2832 1551 2893 si
1574 2841 1624 2907 tu,
1646 2834 1682 2896 L.
1695 2833 1767 2896 Pbi·

448 2925 551 3008 lippe,
574 2924 630 3008 qui
651 2924 735 2987 inter
756 2923 828 2987 illos
843 2913 1001 3000 llorebas,
1022 2923 1105 2987 hanc
1127 2942 1254 2987 causam
1276 2921 1363 2985 voles
1378 2944 1448 2986 cum
1465 2925 1635 2990 Hortensio
1651 2927 1766 3004 dicere,

410 3028 554 3084 wmmen
586 3019 733 3101 superior
764 3019 824 3082 sim
856 3038 986 3083 neeesse
1015 3025 1072 3082 est.
1115 3017 1186 3080 Non
1215 3017 1314 3091 enim,
1346 3018 1610 3100 quemadmodum
1632 3022 1766 3104 putatis,

448 3115 555 3178 omnia
577 3113 705 3177 suntin
728 3113 928 3197 eloquentior
951 3122 999 3177 est
1021 3111 1177 3198 quaedam
1202 3119 1305 3174 mmen
1327 3111 1372 3174 ita
1392 3114 1559 3196 perspicua
1577 3116 1709 3190 veritas,
1730 3125 1767 3182 ut

447 3228 517 3272 eam
539 3205 696 3272 inlirmare
719 3209 807 3272 nulla
827 3228 878 3271 res
900 3208 1011 3290 possit.
1054 3201 1106 3268 84.
1128 3208 1177 3269 An
1199 3211 1273 3268 ante
1295 3226 1390 3289 quam
1413 3208 1597 3288 postulasti,
1626 3218 1662 3273 ut
1683 3212 1767 3275 bona

445 3305 642 3386 possideres,
665 3305 796 3379 misisti,
819 3305 874 3389 qui
898 3309 1039 3377 curaret,
1061 3309 1097 3364 ut
1119 3301 1266 3363 dominus
1289 3300 1328 3364 de
1351 3321 1408 3364 suo
1427 3301 1526 3365 fundo
1541 3323 1561 3365 a
1575 3303 1767 3370 suasamilia

446 3399 477 3461 vi
500 3398 714 3463 deiicereturi
758 3399 948 3463 Utrumlibet
970 3398 1071 3481 elige:
1106 3397 1238 3458 alterum
1260 3395 1446 3458 incredibile
1469 3403 1530 3471 est,
1554 3396 1689 3463 alterum
1712 3422 1766 3465 ne-

509 3639 535 3688 4.
559 3638 612 3701 004]
634 3639 669 3687 cd
690 3635 757 3688 Gal
775 3641 803 3689 et
818 3639 882 3700 AP,
909 3644 955 3688 «04
970 3635 1012 3689 vel
1030 3638 1082 3687 od»
1103 3650 1154 3700 mg.
1174 3635 1195 3697 4,
1221 3643 1266 3686 oct
1282 3639 1316 3686 od
1331 3650 1358 3687 m
1376 3638 1404 3686 et
1419 3649 1487 3687 corr.
1507 3637 1569 3701 (sec.
1590 3642 1636 3704 m.)
1655 3655 1679 3693 e.
1704 3643 1763 3696 Vid.

444 3714 595 3778 Zumptium
606 3712 638 3763 ed
653 3711 727 3762 Verr.
740 3712 765 3771 2,
780 3713 821 3771 52,
836 3714 891 3764 448.
910 3741 934 3750 -
953 3713 976 3763 3.
991 3712 1113 3773 tamenne]
1126 3708 1251 3761 ternoslrl
1262 3724 1298 3761 m.
1316 3739 1341 3748 -
1354 3713 1467 3761 04400044
1482 3713 1507 3763 ll.
1523 3741 1549 3749 -
1568 3715 1613 3766 boe
1629 3715 1764 3782 bclglrk

443 3788 492 3841 ln:
511 3787 671 3841 boccALPO.
687 3814 714 3823 -
732 3788 757 3837 b.
775 3788 965 3837 Nimicmmeo
976 3800 1054 3837 causo
1066 3790 1086 3837 A
1099 3784 1156 3848 (rel.
1169 3787 1303 3836 nimirem·
1322 3787 1346 3837 in
1360 3789 1494 3850 margine).
1510 3816 1537 3826 -
1555 3791 1580 3841 7.
1599 3794 1655 3843 estis
1670 3807 1685 3844 e
1703 3806 1765 3846 cum

444 3867 568 3930 quattuor
579 3861 770 3914 Oxonienslbus
782 3866 809 3913 et
819 3864 853 3913 A:
872 3864 961 3913 adestis
972 3875 1033 3914 cum
1045 3860 1152 3924 reliquis
1164 3860 1300 3912 codicibus
1311 3860 1394 3916 480.
1414 3863 1453 3913 Cl.
1466 3862 1490 3927 5.
1504 3862 1529 3915 i.
1543 3865 1584 3917 36.
1597 3867 1637 3918 94.
1652 3893 1678 3904 —
1698 3868 1723 3919 8.
1735 3870 1766 3920 44-

442 3939 500 4004 tion]
517 3939 588 3989 illum
604 3937 737 3990 Gbcde
756 3939 790 4002 (in
806 3941 907 4000 rasura)
926 3937 1077 4002 tglrimn
1095 3938 1169 3994 ctA‚
1187 3938 1267 3998 ipsam
1283 3935 1331 3998 kl,
1349 3938 1446 3989 iliada.
1462 3965 1489 3974 -
1508 3941 1532 3990 9.
1551 3944 1685 4004 eupiditate
1701 3943 1765 3996 ckl

443 4020 471 4068 st
483 4018 512 4066 A.
527 4042 554 4051 -
572 4015 681 4065 0040440
691 4019 722 4067 A.
737 4040 763 4051 -
782 4014 847 4079 binc]
858 4014 915 4064 loir
930 4012 1045 4077 bodil)
1058 4012 1070 4063 4
1078 4013 1114 4063 ik
1131 4015 1159 4062 et
1169 4015 1199 4073 A,
1217 4012 1313 4073 bonel,
1332 4015 1377 4077 qui
1389 4015 1516 4080 deinceps
1527 4015 1725 4072 habetnoritoic
1736 4024 1764 4072 et

438 4091 543 4154 pedore.
557 4117 584 4126 -
599 4090 638 4141 ro.
653 4089 701 4141 ·el.
715 4090 855 4153 potuerint·
867 4087 957 4152 mqi.
968 4113 993 4124 -
1009 4088 1048 4138 44.
1059 4089 1085 4137 id
1097 4101 1149 4138 om.
1161 4089 1191 4138 A.
1203 4114 1228 4125 -·
1242 4089 1306 4138 diem
1317 4093 1376 4153 post
1387 4104 1412 4140 v.
1421 4091 1483 4141 Ante
1493 4104 1546 4144 om.
1559 4093 1765 4160 Bcdeghilrl

443 4169 471 4217 et
486 4167 516 4216 A.
536 4166 642 4226 [unone
653 4165 683 4215 A.
696 4166 729 4216 D.
748 4177 829 4229 saepe
847 4168 987 4229 corruptae
1004 4167 1065 4216 sont
1083 4165 1109 4213 in
1121 4165 1155 4213 od
1170 4160 1211 4213 vel
1229 4167 1301 4224 ocis,
1319 4166 1417 4215 omisso
1429 4167 1519 4217 dienen
1534 4170 1589 4232 On.)
1605 4194 1631 4207 -
1651 4173 1765 4234 quinam

441 4242 539 4291 colores
555 4240 580 4292 k.
602 4267 628 4277 -
648 4239 687 4290 43.
707 4241 746 4289 ola
762 4241 916 4291 Garatonius
933 4238 967 4289 ad
986 4239 1058 4290 Verr.
1077 4238 1107 4297 3,
1125 4239 1165 4299 59,
1179 4239 1236 4289 438.
1255 4241 1283 4289 et
1299 4239 1323 4300 3,
1337 4240 1377 4299 62,
1397 4240 1458 4292 tib:
1477 4245 1533 4306 nqis
1549 4258 1611 4298 cum
1627 4248 1765 4301 codicibus

441 4313 554 4370 auio.
582 4315 620 4366 Ci.
639 4327 694 4365 var.
713 4314 773 4366 lect.
792 4328 818 4379 p.
837 4314 906 4365 Sulla
925 4315 948 4379 fi.
967 4316 1008 4366 44.
1028 4315 1061 4366 de
1079 4317 1145 4379 lmp.
1165 4315 1213 4365 Cn.
1232 4318 1321 4379 Pomp.
1341 4314 1365 4378 S.
1380 4318 1420 4366 54.
1440 4318 1513 4369 Catil.
1532 4320 1561 4381 4,
1579 4323 1608 4384 4,
1626 4323 1666 4374 48.
1685 4325 1763 4376 Tusc.

441 4394 466 4452 8,
484 4391 525 4452 34,
544 4391 584 4442 88.
609 4392 697 4441 Horat.
716 4391 770 4441 Sat.
791 4391 814 4450 4,
833 4391 857 4451 9,
877 4391 916 4440 60.
937 4392 1000 4456 Ερρ.
1020 4392 1044 4449 8,
1058 4391 1081 4451 4,
1095 4390 1136 4440 30.
1158 4417 1184 4427 -
1203 4389 1243 4441 44.
1261 4390 1368 4439 millibus
1383 4392 1413 4441 A.
1434 4418 1461 4427 —
1481 4395 1521 4443 ti.
1538 4403 1644 4456 praetor
1657 4400 1713 4449 lini.
1727 4401 1765 4450 io·

441 4465 605 4516 emmonius
622 4478 637 4515 c
656 4468 718 4527 (sec.
733 4466 793 4528 m),
811 4472 868 4528 port
883 4467 939 4516 Kal.
958 4467 1119 4516 irrtcrcotores
1134 4469 1164 4516 A.
1180 4493 1206 4501 —
1227 4465 1266 4517 48.
1286 4468 1440 4516 concurrerit
1452 4471 1483 4517 A.
1499 4493 1525 4505 -
1546 4471 1586 4521 49.
1605 4474 1765 4538 8000090040

440 4540 513 4590 milio
526 4553 646 4602 pmsoum
662 4539 736 4590 biduo
752 4554 828 4590 corso
838 4547 902 4590 suot.
922 4555 1000 4591 orem
1010 4569 1025 4579 -
1036 4570 1051 4581 -
1062 4544 1227 4593 -ootucrcml
1246 4542 1292 4594 lul.
1307 4544 1463 4594 Severianus
1475 4545 1590 4616 libetp.
1603 4547 1660 4598 338.
1680 4552 1762 4614 Capp.

443 4641 469 4652 -
488 4616 529 4666 80.
548 4620 575 4665 04
590 4616 699 4666 ministri
716 4615 820 4666 Bliab
834 4630 848 4667 e
862 4617 897 4666 ik
908 4614 915 4666 4
928 4629 956 4667 40
967 4630 994 4676 0,
1013 4632 1044 4667 00
1060 4619 1228 4677 ministricb,
1246 4624 1274 4668 ot
1288 4620 1396 4668 mirristrr'
1414 4620 1429 4669 i.
1445 4646 1472 4654 -·
1492 4621 1531 4670 84.
1545 4625 1616 4671 bans
1627 4623 1762 4684 alpisem.

443 4717 471 4728 -
489 4690 638 4754 8000440004
659 4704 724 4742 nos:
754 4691 906 4755 Sebopninos
926 4705 947 4742 s.
966 4692 1118 4757 Sebociunos
1137 4706 1159 4743 s.
1178 4693 1330 4756 Sebopiooos
1352 4695 1370 4744 Β
1383 4693 1427 4744 ab
1440 4694 1478 4744 ih
1491 4697 1539 4757 in,
1566 4696 1761 4761 Salaciense,

439 4765 593 4829 Seboquoios
604 4779 631 4824 c,
650 4767 799 4831 Ssboqinncs
810 4781 850 4824 m.
869 4767 1026 4831 Scdoqronoa
1038 4781 1052 4818 e
1065 4771 1092 4819 et
1105 4771 1135 4829 A,
1154 4768 1305 4832 8440900400
1316 4783 1341 4832 g,
1359 4771 1511 4835 8440004404
1522 4772 1549 4829 k.
1568 4771 1722 4836 8040040004
1738 4786 1760 4825 s.

439 4841 600 4906 Sotoqrcnos
616 4842 647 4904 d,
665 4842 811 4892 8040440004
827 4841 886 4902 La,
904 4843 1053 4906 8404040000
1070 4844 1089 4892 0
1107 4856 1169 4893 cum
1187 4842 1269 4907 mei
1287 4846 1314 4894 et
1331 4844 1388 4895 lort.
1409 4845 1430 4900 Ι.
1450 4846 1483 4896 de
1495 4860 1547 4910 quo
1563 4846 1680 4898 liellerus
1692 4848 1759 4900 silet.

438 4915 496 4967 Vid.
510 4916 663 4981 Nipperdey
675 4916 708 4966 ed
721 4917 840 4968 Caesaris
857 4918 919 4968 edit.
933 4919 994 4968 mai.
1009 4932 1034 4983 p.
1047 4918 1105 4968 792.
1125 4919 1235 4980 (Omisso
1248 4918 1336 4984 populi
1348 4922 1455 4971 nomine
1467 4923 1639 4972 Severianus:
1658 4924 1762 4973 Amnem

439 4999 511 5045 44004
525 4993 595 5056 Alpis
610 4993 684 5043 44400
699 4993 807 5043 veninat.
839 4993 859 5042 0
875 4995 996 5043 bominem
1011 4995 1179 5057 fortunatum,
1198 4995 1241 5056 qui
1256 4996 1374 5044 cinnnodi
1389 4996 1489 5045 nuntior
1504 5009 1547 5045 seo
1559 4998 1643 5058 posius
1657 4998 1762 5060 Pranor

438 5069 553 5133 4040044)
573 5095 599 5105 -
618 5070 700 5119 triduo
717 5069 742 5119 ls.
758 5095 784 5105 -
802 5066 843 5118 84.
860 5069 919 5118 celis
931 5070 957 5119 L.
974 5095 1001 5106 -
1021 5069 1061 5120 46.
1078 5074 1160 5120 tomen
1178 5072 1300 5132 00004004
1317 5074 1349 5121 Μ.
1365 5099 1392 5107 -
1412 5071 1456 5135 440]
1474 5074 1522 5121 bio
1533 5071 1558 5125 8.
1575 5101 1602 5109 -
1621 5073 1661 5122 27.
1678 5079 1762 5135 portic

439 5143 661 5206 rneqponorom
678 5155 702 5195 e.
724 5170 748 5181 -
769 5143 810 5194 88.
826 5144 963 5206 possideres
979 5143 1044 5194 bono
1060 5144 1085 5194 lr.
1106 5171 1133 5180 -
1151 5150 1252 5195 cureret
1269 5145 1669 5211 BGllabcdlghilmn:
1688 5162 1763 5199 curo·

438 5223 494 5268 4004
511 5232 525 5269 0
543 5220 569 5269 el
585 5217 704 5280 4480,
727 5225 895 5282 procurarent
912 5220 1050 5284 (expuncta
1066 5222 1269 5285 praepositione)
1287 5222 1312 5271 k.
1338 5222 1411 5273 Cooi.
1431 5221 1455 5287 5.
1474 5223 1522 5275 83:
1549 5236 1680 5276 revocarer
1694 5238 1759 5288 esen,

439 5293 731 5356 commasticans.
754 5321 776 5332 -
799 5307 886 5345 som.
904 5296 1129 5348 itemetA.-
1147 5295 1188 5346 48.
1206 5297 1375 5351 0440004044.
