4367 6109
457 598 498 670 92
876 606 1026 673 ORATIO
1048 607 1128 675 rito
1150 609 1192 676 li.
1214 609 1361 676 TULLIO

545 774 595 842 la.
618 775 774 854 Quoniam
796 777 882 861 quod
904 777 1056 841 iudicium
1078 786 1111 843 et
1129 799 1192 863 quo
1208 781 1341 844 consilio
1356 780 1562 844 constitutum
1576 783 1633 858 sit,
1655 802 1774 866 cogno-

460 873 532 948 stis,
554 892 639 935 nunc
658 891 724 934 rem
739 871 857 953 ipsam,
878 879 915 935 ut
928 879 1016 955 gesta
1031 873 1086 949 sit,
1109 874 1183 937 dum
1197 874 1334 939 breviter
1347 874 1438 937 vobis
1453 874 1651 952 demonstro,
1672 885 1775 941 atten-

460 967 535 1029 dite.
578 960 627 1026 li.
648 965 792 1027 Fundum
820 964 916 1029 hahet
942 967 975 1029 in
1001 988 1077 1052 agro
1100 969 1241 1032 Thurino
1270 971 1312 1032 Μ.
1334 968 1457 1033 Tullius
1483 978 1667 1053 paternum,
1695 971 1775 1034 reci·

383 1105 390 1118 .
459 1066 633 1144 potatores,
655 1079 750 1142 quem
773 1079 807 1123 se
828 1060 945 1125 habere
966 1083 1068 1147 usque
1090 1083 1129 1127 eo
1151 1083 1217 1126 non
1238 1064 1370 1127 moleste
1392 1063 1483 1139 tulit,
1511 1064 1613 1127 donec
1633 1064 1774 1128 vicinum

434 1154 616 1222 teiusmodi
637 1161 747 1218 nactus
770 1163 834 1232 est,
857 1157 913 1241 qui
934 1158 1001 1240 agri
1022 1153 1099 1221 fines
1121 1157 1215 1221 armis
1235 1156 1377 1239 prolerre
1399 1157 1508 1221 mallet
1522 1177 1617 1241 quam
1635 1159 1706 1222 iure
1721 1160 1775 1222 de-

456 1247 597 1312 fendere.
631 1250 710 1312 Nam
731 1251 764 1312 P.
786 1251 901 1315 Fabius
923 1271 1024 1335 nuper
1046 1251 1125 1316 emit
1144 1271 1253 1334 agrum
1276 1251 1316 1315 de
1331 1251 1364 1315 C.
1380 1251 1512 1315 Claudio
1535 1260 1701 1329 senatore,
1723 1255 1775 1316 cui

455 1340 556 1406 fundo
578 1351 645 1406 erat
665 1340 777 1408 adfinis
792 1347 833 1408 li.
848 1346 988 1421 Tullius,
1010 1366 1086 1410 sane
1108 1364 1239 1427 magno,
1262 1343 1394 1407 dimidio
1415 1343 1481 1407 iere
1503 1345 1603 1428 pluris
1619 1348 1774 1412 incultum

457 1435 577 1501 exustis
599 1436 684 1501 villis
706 1438 868 1514 omnibus,
891 1459 985 1523 quam
1008 1439 1118 1523 quanti
1140 1438 1296 1521 integmm
1317 1444 1413 1522 atque
1428 1438 1664 1503 ornatissimum
1679 1441 1775 1505 caris·

457 1531 545 1596 simis
567 1530 677 1615 pretiis
698 1532 767 1615 ipse
790 1533 939 1597 Claudius
960 1541 1081 1597 emerat.
1105 1576 1773 1599 ............................

457 1815 740 1897 circumscripsisse
761 1816 814 1880 isti
835 1836 854 1880 a
875 1818 1033 1882 consulari
1054 1815 1241 1882 Macedonia
1262 1823 1294 1879 et
1314 1817 1398 1880 Asia.
1431 1817 1534 1881 Etiam
1553 1818 1634 1882 illud
1648 1818 1772 1894 addam,

458 1908 544 1993 quod
575 1908 614 1973 ad
641 1929 708 1973 rem
735 1911 882 1993 pertinet.
923 1913 1115 1996 imperatore
1137 1919 1262 1974 mortuo
1290 1911 1458 1993 pecuniam
1482 1912 1590 1975 nescio
1612 1913 1772 1996 quommo

458 2003 649 2086 quaesitam,
671 2004 746 2068 dum
766 2006 835 2068 vult
855 2007 888 2069 in
909 2008 1040 2090 praedio
1062 2026 1198 2091 ponere,
1221 2025 1284 2068 non
1306 2006 1431 2088 posuit,
1453 2004 1509 2069 sed
1531 2006 1655 2069 abiecit.
1688 2005 1773 2068 Nihil

458 2329 1028 2354 ........................
1044 2310 1094 2353 am
1114 2290 1290 2353 calamitate
1304 2289 1481 2352 vicinorum
1496 2289 1626 2372 corrigit
1639 2296 1672 2352 et
1688 2289 1772 2374 quod

458 2381 654 2448 stomachum
675 2400 767 2445 suum
790 2382 905 2446 damno
927 2385 1023 2447 Tullii
1047 2385 1176 2468 explere
1193 2391 1324 2447 conatus
1348 2389 1405 2446 cst

542 2471 592 2538 lii.
613 2476 671 2538 Est
691 2476 724 2538 in
747 2496 785 2539 eo
807 2496 883 2559 agro
905 2479 1062 2554 centuria,
1092 2498 1173 2563 quae
1195 2477 1371 2559 Populiana
1397 2477 1594 2552 nominatur,
1618 2477 1774 2561 recipera-

421 2579 559 2645 sotores,
581 2589 664 2654 quac
685 2589 810 2653 semper
830 2573 873 2634 li.
895 2572 991 2635 Tullii
1013 2571 1090 2648 iuit,
1114 2591 1209 2655 quam
1231 2571 1325 2635 etiam
1347 2579 1437 2654 pater
1456 2573 1631 2656 possederat
1647 2617 1773 2635 ......

459 2898 709 2916 ...........
722 2880 733 2914 s
751 2899 758 2914 .
775 2900 782 2915 .
800 2898 807 2914 .
825 2899 832 2914 .
849 2900 856 2914 .
872 2854 976 2937 posita
998 2875 1067 2917 esse
1090 2862 1123 2918 st
1142 2853 1183 2915 ad
1203 2851 1337 2916 fundum
1360 2854 1428 2916 eius
1443 2854 1623 2917 convenire.
1653 2855 1698 2916 Ac
1712 2853 1775 2936 pri·

457 2969 558 3023 mum,
587 2947 674 3031 quod
701 2967 772 3011 sum
801 2947 921 3031 negotii
952 2948 1049 3010 totius
1070 2951 1105 3011 'ct
1126 2946 1296 3029 emptionis
1319 2967 1395 3010 suae
1416 2947 1614 3029 paenitebat,
1641 2946 1775 3011 fundum

420 3042 661 3127 stprcscripsit3
685 3062 757 3104 eum
779 3048 883 3106 autem
906 3049 1045 3126 emptum
1066 3040 1204 3105 habebat
1224 3061 1296 3103 cum
1318 3041 1405 3103 socio
1427 3040 1482 3103 Cn.
1496 3040 1685 3116 Acerronio,
1707 3041 1774 3103 vira

457 3137 572 3220 optimc
600 3179 1774 3200 .................................................

523 3306 546 3354 4.
564 3316 636 3355 cocu.
652 3308 725 3363 isrrs
741 3306 762 3354 A
780 3306 848 3356 teste
865 3307 999 3368 Peyrono,
1023 3317 1097 3356 coos.
1112 3341 1118 3353 .
1134 3307 1139 3362 4
1153 3315 1192 3355 ris
1208 3302 1281 3353 idem
1297 3300 1400 3353 Kellero
1418 3304 1493 3354 teste.
1513 3326 1542 3339 —
1570 3301 1593 3353 3.
1611 3303 1751 3353 Fresdsen-
1761 3328 1776 3341 -

452 3377 596 3445 paternum]
614 3379 684 3429 Haec
701 3378 783 3428 verba
801 3380 915 3430 servavit
932 3381 1011 3429 stiam
1023 3376 1195 3438 Quintilianus
1211 3378 1231 3427 1.
1245 3378 1274 3426 0.
1293 3376 1323 3437 4,
1341 3377 1370 3435 9,
1390 3376 1446 3426 434.
1462 3403 1489 3413 -
1509 3376 1614 3438 lipsiae
1627 3377 1704 3428 APB
1714 3377 1737 3428 ii
1744 3377 1774 3426 ii.

458 3481 486 3493 -
506 3454 529 3503 b.
547 3452 635 3518 sapa]
652 3457 672 3503 A
691 3453 792 3518 syllaba
808 3467 857 3505 nnn
873 3455 965 3519 incipit
980 3452 1070 3505 lolium
1087 3451 1293 3504 Ambrosianum
1309 3451 1426 3500 tertium.
1447 3477 1474 3487 -
1501 3450 1526 3500 9.
1548 3451 1653 3512 praetiis
1669 3452 1727 3501 Al’.
1742 3464 1775 3488 ·-

457 3530 558 3583 Desunt
574 3530 600 3578 in
616 3532 638 3579 A
655 3528 859 3590 eiusversiculi,
878 3531 922 3593 qui
940 3544 955 3580 a
973 3527 1082 3591 syllabis
1098 3541 1156 3579 nrrs
1173 3527 1276 3591 incipit,
1296 3529 1402 3577 ceteras
1419 3524 1521 3576 litterae
1538 3528 1565 3576 et
1581 3529 1719 3591 praeterea
1731 3525 1776 3576 de·

458 3617 518 3655 cem
535 3615 628 3653 versus
645 3603 751 3668 integri,
778 3618 840 3655 cum
862 3604 940 3656 buius
961 3603 1026 3667 44444,
1054 3603 1126 3667 quod
1145 3617 1192 3653 sex
1213 3600 1349 3653 columnas
1370 3599 1464 3660 babet,
1490 3613 1551 3664 pars
1568 3601 1676 3652 interior
1692 3599 1775 3652 cultro

457 3680 565 3731 desecta
583 3680 628 3738 sii,
651 3678 722 3729 unde
744 3680 850 3744 praeter
866 3679 935 3729 hauc
952 3681 1068 3744 quinque
1086 3678 1197 3729 lacunae
1214 3679 1287 3727 ortae
1300 3677 1370 3727 sunt.
1397 3676 1514 3727 Cicadius
1531 3675 1640 3740 [4444444.
1658 3676 1720 3742 Apri
1735 3690 1777 3726 css

454 3758 540 3821 ptdius
555 3755 629 3818 erupti
641 3754 751 3816 pretium
766 3765 821 3803 sera
838 3754 978 3817 ditipentias
993 3755 1127 3804 attendenti
1143 3766 1199 3802 cum
1215 3754 1289 3801 simis
1304 3765 1425 3816 mappam
1434 3752 1573 3813 4444444444,
1590 3752 1666 3816 sociis
1675 3757 1710 3803 est
1720 3752 1777 3802 sci-

458 3834 573 3890 stimate,
591 3833 712 3892 pacatum
728 3827 847 3877 stamactsi
861 3827 947 3891 fecerit
962 3828 1067 3892 suspicio
1082 3830 1235 3878 venditorem
1251 3829 1284 3890 se]
1301 3828 1367 3877 ciam
1383 3827 1600 3889 ctrcususcripsisse
1616 3827 1676 3888 ΒΟ,
1701 3826 1777 3877 Clau-

458 3907 513 3955 dius
531 3903 640 3968 [4444444.
669 3903 757 3952 ysam
773 3907 856 3952 tamen
872 3915 925 3952 rem
941 3903 976 3952 sic
992 3907 1044 3953 tuto
1060 3916 1162 3952 servare
1177 3903 1270 3960 votuit·
1296 3915 1329 3951 ec
1345 3916 1394 3964 quo
1410 3903 1475 3952 enim
1491 3902 1535 3951 sub
1550 3903 1578 3952 l.
1598 3901 1700 3951 Octaoio
1715 3916 1776 3963 pro·

457 3979 555 4030 4444444
570 3981 696 4028 nemost
711 3977 759 4038 sic,
776 3981 804 4025 at
820 3978 950 4040 aspendae
964 3978 1002 4027 rei
1017 3979 1165 4042 nepoticadc
1181 3990 1284 4038 operam
1301 3978 1469 4040 dampnari,
1488 3979 1540 4026 iam
1556 3977 1654 4038 saepias
1669 3978 1778 4028 44444444

456 4055 604 4107 videbantur
624 4051 656 4118 se]
681 4052 747 4101 ctam
768 4052 987 4115 circumscripsisse
1008 4053 1029 4102 H
1052 4053 1143 4115 utique
1166 4050 1337 4116 probabilius.
1359 4081 1385 4088 —
1405 4054 1444 4103 ti.
1462 4066 1520 4103 sris
1537 4055 1605 4103 teste
1622 4051 1725 4103 liellern
1741 4055 1775 4115 A,

458 4142 545 4194 nsque
562 4126 647 4178 littem
663 4139 684 4177 rs
699 4140 786 4190 neque
803 4125 897 4177 lineola
915 4126 982 4178 iilius
998 4125 1056 4177 loco
1074 4126 1171 4176 addita.
1192 4155 1219 4162 -
1240 4127 1278 4176 43.
1297 4139 1403 4177 sacrun
1420 4131 1449 4177 A.
1470 4155 1497 4166 -
1517 4128 1556 4177 444.
1575 4128 1677 4179 Desunt
1692 4129 1778 4179 versi·

458 4203 509 4256 culi
527 4204 631 4255 decem.
658 4200 715 4251 Vid.
734 4202 768 4252 ad
785 4216 811 4252 v.
829 4203 853 4252 9.
872 4203 952 4252 addae
968 4200 1128 4266 miapnapcrs
1142 4201 1236 4262 miror,
1254 4203 1319 4264 qaod
1333 4202 1438 4251 stultitia
1453 4215 1501 4251 sna
1517 4201 1661 4264 impeditas,
1680 4216 1778 4265 pssopuo

456 4281 529 4331 modo
542 4283 636 4341 posset,
654 4291 679 4327 se
695 4278 811 4340 aspecire
825 4278 910 4329 votuit.
935 4279 999 4328 iilud
1014 4291 1073 4328 cero
1084 4277 1176 4327 mirari
1186 4277 1247 4325 satis
1257 4290 1307 4325 nou
1319 4289 1392 4339 queo,
1410 4277 1472 4325 iilud
1482 4277 1610 4341 iodipucr,
1629 4277 1695 4339 qaod
1705 4290 1778 4328 suasu

457 4353 595 4418 stsdtitiaJm
611 4352 671 4413 ΒΟ,
692 4365 801 4417 «parum
818 4351 954 4403 ielioiter.s
972 4354 1047 4402 Knnn.
1062 4380 1090 4389 -
1110 4353 1149 4402 44.
1163 4355 1318 4403 4444444444
1331 4354 1361 4402 A.
1377 4378 1404 4388 -
1419 4352 1458 4401 48.
1471 4363 1618 4402 srncrscru
1628 4355 1659 4402 A.
1673 4379 1702 4390 -
1716 4352 1778 4403 aisti

458 4430 558 4493 capiere
574 4439 636 4478 cum
648 4427 714 4477 linio
731 4428 827 4478 Pilli:
845 4441 934 4479 rrncr.
950 4467 955 4479 .
971 4433 976 4488 1
990 4441 1070 4478 raras
1086 4430 1122 4489 A,
1143 4428 1204 4477 latii
1221 4426 1314 4490 (isitii)
1330 4427 1425 4489 reptare
1440 4427 1499 4475 130.
1524 4425 1562 4476 Ci.
1581 4440 1607 4492 p.
1620 4428 1698 4479 Rosa.
1717 4431 1775 4480 Am.

458 4506 499 4566 tn,
513 4505 576 4564 tbd:
595 4501 733 4552 acassam
748 4515 820 4552 asom
833 4504 941 4566 pecunia
957 4503 1064 4565 capiere.
1080 4529 1107 4537 -
1127 4502 1166 4551 49.
1184 4516 1243 4553 narr
1257 4507 1261 4562 Ι
1274 4515 1347 4554 cirus
1363 4505 1398 4560 A,
1416 4501 1547 4564 4444444444
1564 4504 1623 4565 ΡΟ,
1637 4504 1779 4567 pcpatiam

459 4580 482 4643 (a
498 4576 600 4643 planta,
627 4589 695 4640 quae
708 4577 814 4640 popotia
830 4577 934 4641 dicitur)
950 4579 1010 4628 ΒΗ.
1038 4576 1076 4627 Ci.
1095 4575 1119 4640 fi.
1138 4577 1178 4626 tr.
1197 4578 1236 4628 49.
1249 4578 1290 4628 44.
1307 4603 1336 4613 -
1362 4578 1403 4627 944.
1422 4577 1494 4639 pace]
1513 4575 1619 4628 scodex
1634 4593 1677 4640 prr
1692 4580 1778 4630 conti-

457 4667 521 4706 44444
548 4651 730 4702 dieitur:'sed
755 4649 841 4702 littera
866 4651 950 4704 linaiis
975 4666 1046 4704 nunc
1070 4654 1148 4718 plene
1174 4654 1301 4720 illegibilis
1325 4658 1377 4716 est,
1404 4656 1558 4718 incertaque
1574 4666 1586 4703 r
1601 4666 1635 4704 aa
1651 4665 1678 4704 s.
1704 4653 1777 4705 Adeo

457 4741 566 4786 vereor,
585 4725 705 4790 nequod
722 4739 770 4791 pro
787 4740 798 4777 r
813 4725 946 4792 legerunt,
969 4731 1100 4793 posterior
1122 4730 1216 4781 ductus
1233 4733 1267 4782 sit
1282 4730 1467 4796 praecedentis
1483 4728 1585 4780 litteras
1605 4742 1633 4788 r,
1660 4728 1703 4778 cui
1723 4727 1777 4778 ior-

457 4807 527 4856 tasse
547 4801 711 4854 brevissimis
731 4801 834 4853 duabus
850 4801 951 4854 lineolis
968 4805 994 4853 in
1013 4804 1135 4856 dextram
1149 4808 1278 4870 porrectis
1291 4801 1326 4856 τὸ
1341 4819 1360 4856 n
1376 4804 1561 4869 agglutinatum
1578 4803 1682 4855 luerit.»
1699 4803 1776 4854 Rasa.

460 4906 488 4917 -
505 4878 567 4929 Taciti
583 4879 603 4928 A
613 4878 660 4927 Pii
670 4877 692 4927 ll
701 4878 730 4926 K.
751 4903 778 4913 -
797 4879 950 4943 possederat]
971 4878 1120 4943 «syllabam
1135 4892 1167 4931 ss
1185 4881 1248 4930 mibi
1266 4881 1339 4932 usus
1356 4893 1416 4931 suin
1432 4881 1458 4930 in
1478 4882 1596 4930 extremo
1616 4878 1668 4929 hoc
1686 4890 1776 4940 remu,

456 4953 525 5005 ultra
536 4954 679 5004 terminum
698 4954 855 5018 proiectum,
874 4955 1037 5019 conspicere,
1056 4956 1140 5019 magis
1157 4953 1288 5020 aliquanta
1306 4956 1417 5006 caeteris
1437 4955 1601 5005 evanidam.»
1621 4955 1697 5005 Kena.
1723 4954 1778 5004 De-

457 5034 520 5082 sunt
536 5029 659 5081 undecim
678 5028 810 5080 versiculi.
838 5030 898 5080 vid.
917 5029 951 5079 ad
969 5044 994 5080 r.
1012 5031 1037 5080 9.
1052 5029 1204 5094 poslsederct
1230 5033 1282 5082 sine
1307 5032 1360 5081 otta
1383 5044 1502 5092 mquam
1526 5030 1702 5080 conbcoersic.
1730 5028 1778 5078 iste

459 5107 556 5156 44444444
578 5105 675 5155 sicinus
694 5118 772 5154 aocsss
791 5104 920 5166 improbae
937 5106 988 5166 spei
1012 5119 1040 5155 eo
1064 5107 1183 5168 44444444,
1206 5107 1272 5168 quod
1287 5109 1323 5158 44.
1343 5107 1434 5157 Tattius
1449 5106 1553 5168 4444444,
1571 5106 1650 5168 coepit
1664 5105 1775 5165 icticrs,

458 5195 515 5230 cam
530 5182 553 5231 ei
568 5180 681 5231 44444444
693 5181 832 5243 papatiam
844 5180 982 5245 (Popiliana
992 5181 1020 5244 0)
1036 5180 1160 5230 4444444444
1175 5183 1236 5231 sata
1249 5181 1381 5246 commode]
1396 5182 1479 5244 posita
1494 5182 1552 5243 ΒΟ,
1570 5181 1700 5231 sententia
1717 5193 1777 5244 pro·

458 5254 548 5306 babili.
564 5284 590 5294 -
608 5255 649 5307 ii.
663 5258 745 5321 nepoti
760 5258 905 5308 APBilii.
921 5284 947 5294 —
963 5256 1105 5320 paenitebat
1124 5258 1181 5306 AB:
1196 5255 1336 5320 poenitebat
1354 5257 1464 5306 Pollii.
1484 5253 1543 5305 vid.
1562 5255 1649 5305 Osann
1667 5253 1701 5304 ad
1719 5255 1774 5305 Cic.

460 5331 494 5386 de
514 5342 570 5398 rep.
587 5344 615 5403 p.
633 5329 689 5390 304.
704 5359 732 5370 -
752 5332 793 5392 ib.
811 5334 915 5387 Desunt
929 5331 1055 5388 undecim
1071 5329 1202 5386 versiculi.
1220 5329 1278 5383 Vid.
1296 5330 1330 5382 ad
1346 5343 1372 5382 v.
1390 5331 1414 5382 9.
1434 5332 1490 5382 ciro
1508 5328 1617 5396 optimo.
1642 5330 1667 5382 ts
1684 5330 1777 5383 ansae
