4367 6109
804 594 877 659 Cra.
899 591 1081 657 vul-lx.
1108 587 1167 675 33.
1187 587 1339 655 tt-nt.
1668 570 1730 643 667

413 767 553 841 dubitas,
581 766 608 829 si
637 765 736 828 emori
765 783 867 848 aequo
895 763 1002 826 animo
1031 782 1097 825 uon
1124 768 1233 846 potes,
1261 761 1347 825 abire
1375 760 1409 822 in
1437 758 1560 842 aliquas
1581 764 1680 819 terras
1702 760 1734 815 et

413 861 509 924 vitam
530 862 641 932 istam,
663 857 771 921 multis
793 857 955 939 suppliciis
977 858 1069 921 iustis
1091 856 1271 939 debitisque
1293 863 1450 939 ereptam,
1474 852 1568 936 lngae
1589 847 1735 914 solitudi-

413 955 509 1038 nique
532 951 706 1017 mandaret

499 1043 628 1118 alleler,
657 1045 783 1129 inquis,
815 1044 855 1107 ad
878 1051 1060 1121 senatum3r
1097 1047 1128 1108 id
1161 1049 1243 1109 enim
1270 1045 1412 1129 postulas
1442 1052 1489 1118 et,
1518 1043 1545 1105 si
1572 1040 1625 1104 hic
1656 1038 1734 1102 ordo

413 1141 538 1225 placere
560 1138 733 1202 decreverit
754 1148 785 1202 te
808 1139 854 1201 ire
875 1139 908 1202 in
924 1138 1090 1214 exsilium,
1112 1141 1399 1222 obtemperaturum
1416 1145 1446 1201 te
1460 1157 1531 1201 esse
1545 1134 1633 1197 dicis.
1664 1133 1759 1192 Nous

412 1235 564 1307 referam,
585 1233 618 1296 id
641 1232 726 1317 quod
749 1232 898 1295 abhorret
919 1252 940 1295 a
953 1231 1032 1295 meis
1047 1234 1204 1309 moribus,
1227 1242 1259 1296 et
1274 1242 1377 1296 tamen
1392 1231 1505 1295 faciam
1519 1239 1554 1295 nt
1568 1225 1736 1307 intelligas,

414 1327 491 1412 quid
510 1326 544 1390 hi
560 1326 601 1390 de
620 1335 652 1390 te
673 1328 821 1390 sentiant.
853 1326 1012 1409 Egredere
1035 1347 1075 1390 ex
1097 1327 1192 1401 urbe,
1217 1326 1360 1400 Catilina,
1383 1325 1482 1389 libera
1497 1320 1736 1405 rempublicam

414 1428 514 1496 metu,
535 1421 569 1484 in
583 1419 746 1495 exsilium,
768 1420 795 1483 si
810 1420 891 1484 hanc
905 1439 1015 1483 vocem
1031 1429 1215 1504 exspectas,
1237 1417 1444 1503 proficiscere.
1475 1418 1559 1494 Quid
1573 1424 1631 1491 est,
1653 1409 1737 1477 Cati-

413 1515 499 1578 linat
524 1513 639 1597 ecquid
660 1515 811 1588 attendis,
833 1512 947 1598 ecquid
963 1514 1187 1578 animadvertis
1208 1514 1321 1578 horum
1345 1513 1529 1577 silentium?
1562 1510 1736 1579 Patiuutur,

414 1614 527 1671 tacent
556 1606 641 1682 Quid
660 1615 825 1692 exspectas
838 1609 1057 1671 anctoritatem
1072 1608 1281 1692 loquentium,
1303 1626 1438 1690 qnorum
1453 1605 1646 1668 voluntatem
1661 1602 1774 1664 tuci-so

413 1709 517 1765 torum
531 1700 706 1783 perspicis?
739 1696 790 1764 24.
813 1703 853 1764 nt
872 1702 899 1765 si
919 1701 980 1765 lroc
1002 1702 1087 1765 idem
1109 1701 1185 1765 huic
1205 1701 1399 1765 adolescenti
1415 1701 1552 1781 optimo,
1574 1699 1607 1759 Ρ.
1623 1694 1737 1767 Sestio,

414 1796 441 1859 si
468 1794 641 1858 fortissimo
662 1794 731 1857 viro
753 1797 796 1858 ll.
817 1795 967 1858 llarcello
996 1795 1164 1870 dixissem,
1194 1798 1255 1859 iam
1284 1795 1361 1858 mihi
1384 1793 1506 1856 consuli
1528 1791 1590 1853 hoc
1613 1791 1682 1871 ipso
1704 1786 1737 1848 iu
1833 1796 1838 1810 “

414 1889 532 1972 templo
553 1893 680 1951 senatus
703 1888 773 1950 inre
796 1890 915 1972 optimo
939 1889 1004 1952 vim
1027 1897 1059 1952 et
1079 1909 1191 1952 manus
1212 1889 1380 1953 intulisset.
1412 1889 1459 1949 ne
1481 1896 1512 1950 te
1534 1892 1657 1956 autem,
1680 1880 1739 1943 Ca·

414 1982 521 2055 tilina,
542 2000 613 2043 cnm
635 1981 822 2065 quiescunt,
844 1984 996 2065 probant,
1018 2002 1090 2046 cnm
1112 1983 1293 2066 patiuntur,
1317 1983 1509 2055 decernunt,
1532 1998 1602 2042 cum
1624 1979 1738 2045 tacent,

415 2076 567 2149 clamant3
588 2093 694 2158 neque
715 2075 749 2138 hi
771 2077 892 2150 solum,
915 2096 1049 2160 quorum
1071 2076 1130 2140 tibi
1152 2077 1323 2140 auctoritas
1338 2085 1386 2139 est
1403 2075 1553 2139 videlicet
1568 2089 1653 2143 cara,
1674 2068 1776 2129 vitato

415 2168 585 2242 vilissima,
606 2169 663 2232 aed
684 2169 779 2232 etiam
800 2170 847 2233 illi
870 2172 994 2254 equites
1007 2171 1159 2245 llo-ani,
1181 2171 1394 2234 honestissimi
1416 2177 1512 2253 atque
1539 2164 1649 2249 optimi
1668 2160 1739 2234 siri,

417 2261 578 2344 ceterique
597 2261 761 2325 fortissimi
783 2264 887 2337 cives,
920 2266 975 2348 qni
997 2265 1202 2327 circumstant
1223 2273 1381 2338 senatum,
1413 2283 1547 2346 qnorum
1569 2269 1602 2323 tu
1626 2265 1658 2321 et
1677 2255 1741 2317 lre·

420 2355 579 2438 quantiam
601 2355 710 2419 videre
733 2366 765 2420 44
786 2356 890 2419 studia
914 2359 1094 2440 perspicere
1117 2364 1149 2421 et
1169 2378 1263 2421 voces
1285 2359 1381 2441 paule
1409 2365 1482 2419 ante
1510 2352 1663 2417 exaudire
1684 2368 1741 2432 po·

418 2448 516 2511 tuisti.
551 2447 694 2523 anmm
716 2468 776 2533 eqo
797 2451 852 2513 vix
874 2451 930 2514 abs
951 2459 983 2513 te
1003 2451 1065 2515 iam
1087 2452 1141 2514 diu
1164 2472 1276 2515 manus
1298 2472 1333 2514 44
1348 2450 1410 2514 4444
1426 2450 1589 2520 contineo,
1612 2446 1740 2508 eosdem

418 2540 510 2604 lacilo
531 2540 685 2605 adducam
707 2551 745 2607 ut
764 2552 797 2607 te
817 2544 912 2620 haec,
940 2565 1022 2629 quae
1044 2552 1168 2608 vastare
1188 2546 1250 2609 iam
1271 2545 1394 2630 pridem
1415 2544 1539 2618 studes,
1561 2539 1778 2621 relinquen-ro

420 2642 484 2698 tem
505 2636 668 2717 usquead
692 2645 802 2719 portas
824 2647 1067 2722 prosequantur.

501 2729 557 2791 lx.
579 2725 631 2794 22.
655 2729 855 2816 Quamquam
877 2733 954 2817 quid
975 2733 1111 2816 loquor?
1133 2742 1164 2797 te
1186 2743 1222 2797 ut
1242 2734 1309 2797 ulla
1330 2753 1380 2797 res
1400 2733 1546 2815 frangat?
1569 2738 1602 2795 tu
1622 2737 1657 2793 nt
1672 2750 1741 2792 nm·

419 2840 515 2905 quam
542 2830 573 2885 te
602 2823 761 2906 corrigas?
791 2833 825 2889 tu
849 2835 886 2890 ut
906 2827 1004 2889 nullam
1028 2825 1136 2911 lugam
1157 2829 1331 2892 meditere?
1360 2837 1394 2891 tn
1416 2836 1452 2890 nt
1472 2827 1572 2891 ullum
1594 2823 1740 2888 exsilium

419 2917 561 2999 cogitosi
594 2915 721 2980 Utinam
743 2919 800 2982 tihi
822 2920 916 2984 istam
937 2928 1074 2984 mentem
1097 2922 1129 2984 di
1150 2923 1341 2985 immortales
1364 2923 1472 2985 duintl
1494 2921 1617 2985 tametsi
1636 2916 1741 2989 video,

417 3011 443 3075 si
467 3029 537 3073 mea
557 3029 638 3074 rose
657 3015 843 3093 perterritus
865 3015 911 3077 ire
932 3015 965 3077 iu
988 3015 1138 3078 exsilium
1158 3016 1296 3078 animum
1320 3016 1498 3089 induxeris,
1525 3022 1643 3099 quauta
1662 3019 1779 3075 tem-2⁵

418 3113 524 3188 pestas
555 3102 693 3168 invidiae
723 3107 832 3181 uobis,
865 3109 891 3171 si
921 3110 1024 3171 minus
1054 3110 1087 3172 iu
1110 3129 1260 3192 praeseus
1281 3119 1420 3192 tempus,
1452 3110 1571 3172 recenti
1592 3106 1743 3171 memoria

417 3198 570 3262 scelerum
591 3205 733 3274 tuorum,
756 3209 788 3263 at
801 3201 835 3264 in
849 3204 1065 3287 posteritatem
1083 3202 1274 3286 impendeat
1305 3203 1368 3266 Sed
1384 3212 1432 3267 est
1447 3203 1534 3278 tanti,
1557 3200 1631 3263 dum
1647 3197 1741 3262 modo

417 3294 479 3357 ista
500 3292 542 3356 sit
563 3290 686 3375 privata
706 3292 867 3359 calamitas
890 3304 922 3359 et
942 3316 961 3359 a
982 3297 1029 3359 rei
1053 3297 1199 3381 publicas
1221 3297 1371 3380 periculis
1393 3297 1586 3380 seiungatur.
1623 3293 1685 3357 Sed
1707 3299 1741 3356 tu

484 3560 509 3608 4.
527 3559 549 3607 44
564 3557 605 3607 444
619 3558 718 3608 morari
733 3557 784 3607 BV
802 3557 831 3620 (44
847 3569 927 3619 eoquo
942 3557 1027 3607 444444
1043 3559 1122 3608 orori
1138 3558 1176 3621 z);
1194 3558 1216 3607 44
1231 3558 1271 3608 lic
1287 3558 1405 3608 4444444..
1425 3558 1464 3609 Cl.
1485 3558 1604 3622 Madvigii
1621 3559 1741 3620 0444441.

417 3648 443 3698 p.
463 3632 520 3683 476.
539 3634 593 3681 not.
614 3658 641 3669 —
661 3630 685 3683 l.
703 3632 785 3693 iuquit
801 3629 922 3692 allrw,
939 3631 1039 3694 4363.
1056 3634 1098 3684 dt.
1114 3659 1140 3669 —
1159 3633 1233 3696 444444]
1250 3633 1326 3684 etiam
1342 3647 1406 3682 r.-
1425 3634 1450 3683 6.
1467 3633 1566 3695 placare
1583 3646 1661 3694 ayz,
1679 3633 1742 3682 Les

420 3707 481 3759 cod.
499 3706 611 3757 llureti:
625 3706 729 3769 placare
743 3706 790 3755 4444
806 3705 837 3766 d,
859 3706 1159 3771 43.44.44.4414,ο;
1183 3707 1229 3758 4464
1245 3709 1347 3772 4444444
1363 3710 1391 3759 44.
1418 3731 1446 3744 -
1469 3721 1519 3759 4444
1534 3714 1558 3758 44
1574 3720 1590 3758 o
1608 3710 1662 3770 (est
1677 3714 1700 3758 44
1717 3710 1742 3758 tn

422 3780 502 3833 codd.
520 3780 662 3844 omuibus).
678 3807 703 3820 -
723 3780 782 3846 soa]
799 3794 861 3832 acm
877 3782 984 3832 4.-6.
1002 3788 1125 3833 ettamen
1141 3784 1225 3843 cao,
1242 3784 1288 3846 Ι.3.
1307 3783 1347 3833 dd.
1366 3783 1407 3834 43.
1425 3785 1471 3834 47τ
1495 3785 1538 3834 aad
1554 3784 1586 3844 ἀς
1604 3784 1646 3833 scd
1661 3788 1744 3833 444444

419 3856 779 3916 44.-4.44444444444,
806 3857 975 3920 Leontii,
1001 3857 1191 3908 44444444.-
1217 3857 1439 3919 Contionum.
1467 3882 1493 3894 -
1522 3859 1741 3909 4444444444.-

417 3933 595 3995 uaccam:
614 3933 797 3992 acquisieram
817 3932 1118 3995 convalesceret·
1136 3933 1397 3983 admittem-
1416 3932 1622 3998 44444444]4444;
1640 3933 1742 3995 4444444,

417 4013 441 4058 44
456 4007 569 4070 4444444444,
588 4006 649 4069 qaid
665 4006 745 4056 codd.
763 4005 820 4056 rell.
840 4032 868 4045 -
888 4008 928 4057 444.
946 4007 1062 4072 qaorum]
1079 4009 1139 4070 44444
1154 4020 1205 4070 yz.
1225 4033 1253 4044 -
1272 4009 1406 4057 4444444444
1422 4007 1450 4057 d.
1470 4035 1497 4045 -
1517 4010 1558 4058 tt.
1574 4008 1697 4072 prospicis
1712 4008 1742 4058 C.

419 4108 446 4119 —
465 4082 504 4147 ,44]
520 4095 552 4132 oc
567 4080 853 4146 abiloqrtuxyz,
872 4082 888 4135 4
905 4081 947 4133 ulti
964 4084 1041 4146 4433.
1056 4108 1083 4118 -
1104 4083 1190 4133 &ctio
1207 4083 1285 4146 4433.
1302 4082 1379 4141 dett..
1396 4083 1455 4133 LO.
1471 4108 1495 4121 -
1517 4083 1557 4134 43.
1574 4087 1674 4132 motus
1689 4082 1745 4132 44444

419 4157 511 4219 optimo
528 4158 605 4216 Bas,
623 4156 730 4219 lg.53:
749 4158 999 4219 semeptisum,
1017 4159 1196 4220 4444444444.
1216 4171 1265 4216 eo,
1284 4158 1441 4220 4.3.50.67;
1459 4159 1637 4221 incaeptam.
1655 4157 1742 4207 illo.

421 4257 448 4269 -
467 4230 508 4283 ll.
527 4232 695 4281 4444444444.
722 4257 748 4268 -
776 4234 817 4282 45.
835 4238 901 4282 unct.
918 4233 1013 4282 cuttidi
1029 4233 1056 4284 d.
1082 4260 1110 4270 —-
1137 4235 1177 4284 46.
1202 4234 1384 4296 optimisque
1404 4234 1495 4283 4444444.
1514 4247 1539 4283 4.
1561 4257 1588 4267 -
1617 4231 1656 4281 44.
1678 4233 1745 4281 stant

417 4304 731 4357 cirmmbcilstuwx
748 4304 944 4368 4.3.46.43.-
962 4311 1029 4356 44444
1044 4310 1107 4358 4.-
1127 4307 1167 4358 48.
1182 4321 1266 4370 persp.
1284 4308 1368 4356 4444444
1383 4307 1410 4357 d.
1427 4333 1450 4345 -
1472 4307 1512 4356 49.
1531 4305 1742 4356 tamdictum.

422 4409 449 4420 —
468 4381 1038 4445 noacnoeammpmmmncaeoryz,
1057 4382 1102 4445 43.
1120 4382 1168 4432 64;
1188 4384 1371 4444 4444444444.
1390 4382 1518 4432 RLO.-
1536 4381 1745 4442 4444444444-

417 4462 459 4506 4444
476 4458 495 4505 4.
510 4479 538 4491 -
558 4457 599 4506 44.
618 4456 678 4517 quid
694 4455 782 4518 4444444
799 4455 1025 4518 Cadloruya,
1042 4455 1202 4520 semaa:
1221 4458 1281 4519 quid
1296 4462 1331 4506 444
1347 4457 1414 4517 quod
1430 4456 1521 4518 mqucr
1537 4453 1587 4518 (vel
1603 4455 1742 4517 44444444,

418 4533 462 4594 lg.
480 4531 760 4593 imquidloqucrll.
781 4530 1011 4590 -44444444444ς
1037 4531 1692 4594 usdsmumaqmmtantnttsqwlloom.
1711 4528 1742 4577 V.

420 4604 657 4655 -rsassltnt—
684 4603 980 4668 communico-
1007 4605 1309 4671 4344444344444-
1334 4607 1648 4656 tunt--msdttaraom
1666 4618 1693 4670 p.
1714 4630 1741 4640 -

416 4677 694 4742 44444444414444444444
713 4678 780 4730 bis.
801 4705 828 4715 -
851 4680 1078 4744 4444444443.
1097 4683 1120 4731 4.
1138 4681 1184 4742 ss,
1211 4682 1290 4732 4444444
1306 4694 1360 4732 om.
1378 4680 1516 4744 ilatum
1534 4682 1698 4730 4444444444
1714 4682 1742 4730 L.

419 4780 447 4789 -
466 4753 570 4802 4444444444
585 4755 699 4804 misaca
714 4754 805 4816 4444444
821 4756 833 4802 4
848 4753 905 4815 (aad
921 4768 948 4803 v.
967 4756 1080 4805 4444444444
1096 4753 1165 4806 linea
1182 4756 1362 4820 subductum).
1382 4784 1411 4794 -
1430 4757 1473 4811 2l.
1491 4758 1566 4806 444444
1580 4761 1685 4805 meatur
1701 4756 1745 4804 4444

419 4839 443 4875 e.
461 4853 494 4862 —
510 4826 609 4878 dibs:
629 4829 664 4878 dii
681 4829 710 4878 0.
730 4853 757 4862 -
777 4828 849 4877 44444444
864 4827 925 4878 eod.
944 4829 1056 4880 Cuiecli:
1075 4830 1150 4880 &aaut
1166 4845 1195 4891 a;
1214 4833 1315 4882 4444444444
1331 4845 1359 4890 4;
1377 4832 1467 4881 (loom
1483 4846 1513 4892 σς
1532 4831 1621 4878 durem
1636 4828 1741 4892 44433.

419 4903 692 4959 n;o0nor0mn.ct.
712 4904 1027 4955 Tac.nnn.1V.³8.-
1051 4905 1097 4955 4444
1113 4905 1420 4972 Vbdoimqstuwx
1441 4910 1468 4956 et
1489 4904 1563 4956 44444
1580 4907 1674 4968 44334
1702 4911 1745 4954 444-

418 4978 574 5029 matricidae
590 4991 644 5029 om.
663 4992 690 5028 o.
710 5005 737 5017 -
755 4979 923 5044 44444144444
941 4978 1085 5031 btrlstn.
1104 5006 1131 5016 -
1150 4982 1431 5032 4444444444.-
1449 4981 1490 5032 27.
1509 4980 1745 5030 tuonmscctsnm

418 5055 437 5102 t.
459 5079 486 5089 -
505 5058 540 5102 444
555 5054 619 5103 tosti
636 5055 689 5104 mci
713 5066 807 5106 omnes
830 5057 858 5106 et
877 5068 910 5105 ex
932 5058 1008 5119 lagg.
1024 5056 1128 5116 ectr,
1151 5058 1192 5107 440.
1215 5057 1256 5109 43.
1277 5059 1323 5108 dl:
1348 5064 1383 5108 444
1404 5058 1464 5107 mitt
1487 5056 1552 5106 44444
1571 5052 1628 5103 rell.
1652 5055 1742 5117 4433,

421 5128 479 5179 Lo.
501 5155 528 5166 -
546 5130 588 5180 28.
605 5129 727 5193 4444444),
751 5129 811 5180 cod.
829 5128 1004 5182 Barbariana:
1026 5135 1072 5180 4444
1089 5131 1139 5181 istc
1161 5131 1435 5195 aghlmortuyz,
1458 5129 1532 5181 44444
1549 5130 1644 5191 4433.;
1666 5135 1744 5180 tuac

420 5204 449 5252 44
464 5203 510 5266 lg.
528 5203 556 5263 9;
578 5204 627 5254 ists
642 5211 687 5255 4444
704 5207 732 5256 n.
753 5228 781 5242 -
799 5205 950 5268 aitpra'uotc
967 5207 1019 5256 mei
1037 5220 1131 5258 omues
1149 5207 1206 5269 (sed
1222 5207 1254 5257 d:
1276 5208 1307 5256 ait
1328 5221 1345 5256 s
1361 5207 1429 5256 44444
1442 5206 1569 5268 priuatam
1592 5206 1697 5266 priosta
1712 5208 1744 5257 444

420 5279 469 5329 LO
486 5281 513 5329 44
529 5279 572 5330 ed.
591 5282 675 5342 Grut,
693 5280 728 5331 ad
744 5293 825 5344 quam
841 5280 1062 5346 augementum
1077 5283 1234 5333 uarietatem
1251 5282 1389 5346 exscripsit
1405 5282 1455 5333 uisi
1472 5294 1505 5332 ex
1516 5291 1544 5329 c:
1562 5282 1695 5333 4444444444
1710 5283 1743 5334 444
