4367 6109
775 587 848 651 on.
869 585 1065 649 xiv-xv.
1090 582 1148 669 ss.
1169 581 1316 648 eo-ss.
1647 563 1709 634 729

393 758 518 821 laudem
545 757 599 819 ille
628 756 733 819 Africa
764 774 914 838 oppressa
943 756 1126 837 cognomine
1155 755 1224 837 ipso
1246 775 1321 838 prae
1350 774 1383 816 se
1409 750 1547 826 terebat,
1573 748 1707 813 eandem

392 851 443 913 hic
464 849 523 913 sibi
547 870 587 911 ex
607 851 700 912 Asiae
722 849 848 912 nomine
870 851 1049 931 assumpsit.
1090 845 1142 910 32.
1174 849 1244 923 Quo
1274 848 1401 933 quidem
1428 847 1461 908 in
1490 845 1575 909 bello
1607 843 1705 906 virtus

393 943 505 1006 enituit
528 942 654 1024 egregia
674 943 714 1003 Μ.
738 943 881 1016 Catonis,
904 943 1009 1025 proavi
1032 944 1093 1005 tui:
1116 963 1179 1025 quo
1200 942 1267 1016 ille,
1289 963 1358 1005 cum
1380 949 1480 1015 esset,
1501 948 1536 1003 ut
1553 958 1611 1020 ego
1628 935 1704 1000 mibi

393 1044 516 1110 statuo,
552 1036 639 1109 talis,
668 1035 792 1118 qualem
822 1042 852 1098 te
880 1055 950 1098 esse
979 1036 1086 1108 video,
1116 1057 1286 1119 numquam
1318 1032 1400 1118 [cum
1429 1027 1589 1117 Scipione]
1623 1033 1707 1093 esset

393 1130 566 1214 profectus,
595 1130 621 1192 si
644 1149 714 1191 oum
736 1129 930 1192 mulierculis
950 1130 1132 1193 bellandum
1153 1131 1364 1192 arbitraretur.
1407 1130 1517 1212 Neque
1537 1144 1613 1189 vero
1635 1133 1731 1186 cumi

393 1226 426 1286 P.
447 1223 594 1286 Africano
617 1230 743 1285 senatus
764 1224 894 1305 egisset,
927 1230 962 1285 ut
988 1223 1109 1306 legatus
1136 1222 1223 1286 fratri
1244 1222 1510 1305 proficisceretur,
1540 1240 1610 1284 cum
1639 1217 1710 1300 ipse

393 1316 488 1401 paulo
510 1323 584 1380 ante
605 1315 780 1378 Hannibale
803 1337 844 1378 eu
874 1315 962 1378 ltalia
991 1317 1140 1397 expulso,
1170 1337 1210 1378 ex
1237 1316 1341 1379 Africa
1370 1318 1487 1390 eiecto,
1516 1311 1709 1394 Karthagine

394 1429 544 1492 oppressa
577 1409 720 1472 maximis
749 1410 897 1491 periculis
923 1429 989 1472 rem
1022 1408 1178 1491 publicam
1207 1409 1386 1483 liberasset,
1417 1411 1479 1472 nisi
1505 1409 1585 1471 illud
1613 1424 1706 1489 grave

392 1503 508 1566 bellum
531 1511 563 1565 et
583 1503 752 1566 vehemens
767 1509 937 1586 putaretur.
974 1504 1042 1565 XV.
1063 1505 1160 1586 Atqui
1178 1504 1203 1565 si
1218 1502 1399 1584 diligenter,
1421 1503 1498 1586 quid
1512 1499 1708 1565 Mithridates

393 1596 531 1680 potuerit
552 1605 584 1659 et
605 1597 683 1680 quid
705 1597 845 1660 decerit
858 1606 890 1659 et
905 1598 959 1680 qui
973 1599 1021 1659 sir
1036 1597 1148 1670 fuerit,
1170 1597 1392 1670 consideraris,
1414 1598 1557 1660 omnibus
1571 1593 1709 1677 regibus,
1717 1606 1745 1651 io

394 1690 577 1775 quibuscum
600 1691 735 1774 populus
750 1693 908 1752 Romanus
929 1690 1045 1752 bellum
1068 1691 1180 1773 gessit,
1202 1690 1285 1753 hunc
1309 1686 1438 1773 [regem]
1461 1690 1607 1752 nimirum
1620 1693 1710 1748 ante·

392 1803 507 1867 pones:
537 1804 630 1867 quem
653 1785 687 1845 L.
710 1784 813 1856 Sulla,
843 1784 979 1845 maximo
1002 1791 1033 1846 et
1053 1783 1225 1847 fortissimo
1248 1786 1405 1858 exercitu,
1436 1803 1563 1866 pugnax
1584 1789 1616 1844 et
1636 1799 1712 1842 acer

393 1886 424 1941 et
454 1898 518 1941 non
550 1878 637 1940 rudis
669 1879 852 1961 imperator,
892 1884 927 1939 ut
956 1877 1040 1940 aliud
1078 1878 1156 1940 nibil
1193 1878 1308 1951 dicam,
1339 1898 1409 1939 cum
1436 1877 1521 1940 bello
1551 1879 1707 1940 invectum

392 1979 489 2033 totam
516 1971 548 2032 iu
577 1972 700 2044 Asiam,
730 1991 801 2032 cum
832 1989 909 2052 pace
939 1970 1073 2033 dimisit:
1103 1991 1197 2053 quem
1218 1971 1253 2032 L.
1275 1973 1422 2045 Murena,
1451 1979 1540 2054 pater
1566 1970 1709 2041 huiusce,

393 2064 665 2128 vehementissime
691 2063 993 2146 vigilantissimeque
1022 2071 1186 2137 vexatum,
1212 2083 1386 2147 repressum
1416 2085 1527 2147 magna
1549 2086 1589 2128 ex
1611 2069 1746 2147 parteis

392 2178 457 2220 non
479 2178 663 2241 oppressum
686 2158 827 2240 reliquit:
862 2158 917 2240 qui
945 2177 1002 2219 rex
1032 2158 1090 2219 sibi
1113 2157 1233 2240 aliquot
1262 2157 1353 2220 annis
1382 2159 1515 2241 sumptis
1537 2156 1576 2221 ad
1598 2151 1711 2219 confir·

392 2250 521 2314 mandas
554 2252 691 2315 rationes
721 2260 753 2313 et
784 2252 890 2333 copias
917 2250 993 2313 belli
1025 2258 1145 2313 tantum
1173 2271 1229 2332 spe
1260 2260 1437 2335 conatuque
1465 2252 1581 2325 valuit,
1614 2258 1648 2313 ut
1676 2268 1711 2312 se

394 2345 554 2407 Oceanum
576 2366 647 2407 cum
669 2346 786 2418 Ponto,
820 2343 951 2406 Sertorii
981 2344 1089 2426 copias
1118 2365 1188 2407 cum
1217 2345 1282 2406 suis
1310 2346 1549 2409 coniuncturum
1577 2350 1709 2427 putaret.

393 2434 444 2498 33.
466 2437 515 2499 Ad
537 2437 623 2521 quod
645 2438 763 2501 bellum
786 2436 908 2500 duobus
930 2436 1114 2500 consulibus
1135 2439 1178 2500 ita
1199 2439 1319 2513 missis,
1345 2448 1380 2502 ut
1401 2440 1480 2502 alter
1499 2439 1709 2502 Mithridatem

393 2539 652 2615 persequeretur,
682 2531 760 2593 alter
789 2530 964 2614 Bithyniam
994 2540 1150 2606 tueretur,
1177 2533 1307 2596 alterius
1336 2553 1387 2596 res
1417 2540 1449 2595 et
1471 2542 1552 2596 terra
1579 2541 1610 2595 et
1632 2531 1747 2594 marist

393 2624 591 2687 calamitosae
625 2623 826 2687 vehementer
856 2632 888 2686 et
916 2643 993 2706 opes
1022 2625 1105 2707 regis
1127 2634 1159 2688 et
1184 2646 1300 2689 nomen
1327 2634 1500 2700 auxerunt3
1528 2627 1563 2688 L.
1585 2624 1710 2687 Luculli

393 2738 468 2781 vero
489 2738 540 2781 res
562 2725 668 2781 tantae
690 2719 893 2789 exstiterunt,
915 2725 951 2779 ut
971 2739 1077 2802 neque
1099 2720 1202 2783 maius
1221 2720 1339 2783 bellum
1361 2721 1595 2783 commemorari
1610 2717 1713 2801 possit

396 2831 500 2894 neque
523 2811 640 2873 maiore
663 2811 795 2874 consilio
817 2820 848 2873 et
867 2813 981 2874 virtute
1004 2821 1135 2895 gestum.
1171 2817 1248 2877 Nam
1270 2834 1341 2878 eum
1362 2813 1458 2877 totius
1480 2814 1613 2897 impetus
1634 2810 1709 2873 belli

393 2906 432 2968 ad
465 2905 693 2988 Cyzicenorum
726 2906 851 2968 moenia
882 2907 1091 2981 constitisset,
1124 2927 1258 2990 eamque
1286 2908 1393 2971 urbem
1427 2907 1487 2970 sihi
1515 2904 1710 2970 Mithridates

392 2999 486 3062 Asiae
508 2999 635 3063 ianuam
654 2998 723 3061 tore
737 3007 896 3081 putasset,
920 3020 982 3082 qua
996 3001 1121 3064 effracta
1136 3008 1167 3063 et
1180 3003 1304 3065 revulsa
1318 3008 1383 3065 tota
1397 3007 1519 3086 pateret
1532 2999 1691 3085 provincia
1701 3020 1709 3060 z
1718 3013 1748 3058 ss

455 3343 480 3392 2.
499 3342 635 3405 amsenpsit
651 3345 680 3392 G.
701 3369 727 3377 -
747 3343 771 3392 3.
790 3356 847 3392 uum
863 3344 919 3393 isset
935 3344 969 3394 M.
982 3372 1015 3380 —
1032 3349 1126 3408 sponset
1141 3346 1160 3395 L
1179 3345 1248 3396 coni.
1263 3371 1289 3378 —
1309 3343 1333 3394 4.
1351 3349 1433 3394 statuo
1449 3346 1486 3396 M:
1505 3350 1614 3396 statuam
1630 3344 1709 3396 codd.

392 3415 465 3475 rell..
484 3418 562 3467 etiam
580 3418 657 3481 lagg.
677 3430 778 3468 omues.
804 3445 832 3454 -
858 3432 907 3468 esse
924 3431 977 3468 om.
996 3421 1024 3468 G.
1049 3446 1074 3453 —
1100 3433 1157 3468 cum
1173 3420 1288 3481 Scipione
1302 3432 1351 3483 pro
1369 3418 1448 3481 gloss.
1468 3419 1549 3471 babet
1565 3421 1709 3478 Ernestius,

392 3505 454 3542 cum
472 3494 505 3541 M.
525 3493 589 3542 Gaio
607 3506 669 3541 cum
687 3491 726 3542 Μ’.
740 3491 879 3543 Glabrione
897 3493 931 3542 ad
948 3491 1009 3542 illud
1028 3493 1126 3543 bellum
1144 3494 1278 3556 protectus
1295 3494 1329 3543 sit
1345 3496 1372 3543 et
1388 3494 1440 3543 iem
1457 3496 1518 3545 ante
1534 3508 1613 3558 quam
1625 3494 1711 3557 Scipio

393 3580 425 3617 er
437 3569 497 3617 Asia
514 3567 674 3618 decessisset
691 3569 752 3629 (Lis.
767 3569 887 3620 xxxvii.
900 3567 939 3628 bil
958 3570 1068 3619 Romam
1083 3568 1201 3619 redierit.
1220 3570 1317 3619 Contra
1334 3567 1447 3619 Klotzius
1464 3571 1491 3620 iu
1509 3569 1551 3621 ed.
1569 3571 1594 3621 Ξ.
1612 3585 1645 3621 er
1662 3584 1710 3619 sua

393 3642 462 3692 coni.
480 3654 537 3690 usn
553 3642 687 3692 Glabrione
703 3643 816 3707 scripsit.
841 3642 913 3694 Falso
931 3642 1049 3694 Moebius
1066 3657 1123 3693 uun
1139 3644 1253 3706 &mione
1270 3643 1341 3693 idem
1359 3656 1419 3694 esse
1438 3642 1509 3707 quod
1523 3646 1621 3706 ponte
1636 3650 1713 3707 aune

393 3717 476 3780 Scipio
493 3716 639 3775 contendit;
659 3718 745 3781 potius
762 3719 784 3769 si
801 3730 864 3767 vere
882 3719 916 3768 sit
931 3716 1010 3769 lectio
1027 3717 1168 3778 librorum,
1187 3732 1263 3768 error
1278 3718 1417 3770 historicus
1434 3721 1532 3770 oratori
1543 3720 1712 3784 imputandus

393 3795 442 3844 est.
464 3820 489 3831 -
509 3794 534 3843 a.
549 3794 689 3856 profectum
704 3806 761 3842 cum
778 3793 840 3856 (om.
859 3793 890 3855 sd
908 3796 936 3842 G.
955 3821 988 3830 -
1004 3793 1144 3843 bdiandum
1161 3794 1254 3845 codd:
1273 3794 1411 3844 bellandam
1427 3807 1478 3844 esse
1493 3796 1550 3845 LO.
1571 3821 1598 3831 -
1616 3795 1641 3846 6.
1658 3797 1712 3858 ipso

393 3872 414 3919 G
422 3884 450 3929 χ.
470 3895 499 3906 -
518 3870 542 3919 7.
561 3870 707 3933 cartbopine
722 3870 791 3930 EM,
810 3870 940 3932 cartagine
956 3873 985 3920 G.
1005 3897 1032 3906 -
1052 3871 1076 3921 8.
1095 3871 1244 3922 liberrimi
1260 3872 1289 3922 E.
1304 3898 1331 3907 -
1351 3873 1391 3921 lo.
1410 3877 1433 3922 et
1449 3873 1509 3934 quid
1524 3871 1601 3935 egerit
1617 3872 1709 3922 Fruuc.

395 3973 421 3982 -
434 3943 533 4008 sepibus
548 3943 692 4006 quibuiscum
708 3946 773 4005 Mv,
792 3943 808 3994 4
825 3945 916 4008 lagg:
936 3946 1023 4006 quibus
1038 3946 1138 4009 regibus
1153 3960 1210 3996 mim
1227 3949 1262 4007 G,
1280 3947 1424 4008 quierem
1439 3946 1539 4010 reprom
1554 3947 1602 4005 Εχ
1614 3943 1709 3997 etrell.

392 4023 470 4084 Lagg.
488 4048 521 4057 -
543 4021 584 4070 it.
601 4033 685 4084 regem
701 4033 754 4071 om.
773 4022 802 4070 G.
821 4048 854 4056 -
875 4022 980 4071 nimian
997 4019 1029 4080 T,
1053 4023 1083 4069 ut
1099 4019 1206 4070 volebat
1222 4018 1383 4071 Gulielmius.
1408 4047 1435 4056 —
1460 4022 1500 4072 ii.
1518 4022 1576 4072 sitia
1592 4023 1626 4082 G,
1648 4022 1713 4084 iptio

392 4097 480 4147 EMv.
503 4124 537 4133 -
559 4101 633 4157 atque
654 4096 713 4158 sort.
733 4099 763 4145 G.
785 4123 812 4132 —
834 4109 942 4159 pugnae
962 4101 985 4145 et
1001 4109 1060 4145 acer
1076 4099 1099 4145 et
1116 4096 1273 4146 Niebuhrius
1301 4096 1344 4159 (ct.
1364 4095 1398 4146 de
1415 4097 1480 4161 tiep.
1499 4096 1592 4162 tragm.
1611 4097 1656 4148 lib.
1674 4098 1710 4147 V:

392 4171 524 4221 Marcellus
543 4175 572 4220 ut
592 4184 651 4220 acer
670 4175 693 4219 et
711 4183 831 4234 popum
854 4172 982 4221 Maximus
1003 4176 1031 4219 ut
1052 4171 1221 4220 consideratu
1241 4174 1264 4219 et
1284 4171 1385 4233 Mutuo:
1406 4185 1495 4235 pugna
1516 4178 1655 4224 euetaceret
1675 4174 1709 4233 M,

391 4248 449 4296 Par.
468 4245 497 4307 4,
516 4247 552 4296 st.
571 4246 653 4305 vict,
675 4259 764 4309 poma
779 4251 926 4295 mearet
942 4247 997 4307 Εψ
1015 4248 1042 4295 et
1058 4244 1074 4295 4
1091 4246 1184 4309 Legg.,
1206 4246 1327 4306 idern,
1346 4245 1404 4296 cod.
1422 4246 1506 4297 Vatic.
1525 4245 1603 4306 irin
1624 4261 1712 4311 pugna

391 4324 533 4369 eeoedoret
549 4321 610 4375 cs:
634 4334 723 4384 pugna
738 4326 803 4369 certe
819 4321 880 4383 Lag.
899 4321 930 4379 o;
954 4320 1032 4370 codd.
1051 4318 1144 4383 reliqui
1162 4318 1275 4369 hahent:
1297 4333 1385 4384 pugna
1400 4322 1521 4370 auara
1537 4321 1579 4372 vel
1596 4323 1713 4372 acitarit

391 4393 432 4444 vel
450 4396 612 4453 mediaret,
633 4409 720 4458 pugna
736 4396 873 4444 musanen
890 4397 937 4445 LO
955 4408 1016 4444 cum
1033 4393 1085 4444 Pal.
1106 4397 1116 4443 t
1138 4397 1165 4444 et
1181 4397 1239 4444 Par.
1259 4394 1283 4443 7.
1303 4420 1330 4429 -
1355 4395 1394 4444 it.
1413 4409 1470 4445 cuns
1486 4397 1574 4448 beilum
1590 4399 1712 4449 invectum

391 4469 596 4531 wtumcodices,
609 4472 658 4522 uisi
675 4471 747 4534 quod
764 4469 779 4522 4
796 4472 896 4521 Oxoun.
915 4471 975 4521 beiio
992 4469 1092 4520 habere
1110 4470 1245 4528 dicuutur;
1266 4482 1322 4518 eum
1338 4469 1398 4519 beda
1414 4471 1538 4522 invectim
1553 4479 1630 4523 totam
1647 4474 1709 4532 L0;

392 4543 452 4593 bello
468 4544 590 4595 invectum
606 4551 683 4596 totam
700 4547 775 4606 Ern.;
794 4560 850 4595 curn
867 4546 955 4595 betium
970 4546 1101 4594 invenisset
1112 4550 1190 4595 totum
1201 4543 1358 4594 Niebubrius
1371 4545 1467 4607 (Opurc.
1480 4547 1535 4596 bist.
1548 4547 1664 4609 etptsiioi.
1678 4549 1708 4597 ti.

392 4632 418 4682 p.
431 4619 479 4668 iti
490 4620 570 4683 sqq).
584 4648 611 4656 —
631 4623 671 4672 ib.
689 4635 722 4671 ea
737 4635 832 4685 magna
844 4627 919 4683 parte
929 4634 954 4670 v.
969 4646 996 4654 -
1011 4620 1051 4668 iii.
1070 4620 1113 4681 qui
1128 4633 1176 4668 rea
1187 4619 1225 4668 M:
1244 4619 1305 4679 quid
1320 4632 1368 4668 rea
1384 4620 1443 4680 EG,
1462 4621 1563 4680 som
1583 4623 1649 4682 quod
1663 4635 1711 4671 rea

391 4706 417 4741 v.
439 4719 465 4726 -
488 4692 540 4754 ipse
560 4695 606 4744 sibi
622 4711 647 4746 v.
670 4722 697 4731 -
723 4698 762 4745 ii.
788 4696 899 4746 nationes
914 4702 975 4758 ψν.
1000 4720 1027 4727 -
1051 4698 1149 4743 motum
1170 4707 1212 4756 spe
1232 4699 1372 4755 conmuque
1391 4694 1519 4745 Klotzius:
1544 4701 1641 4747 tantem
1660 4697 1711 4760 ipse

390 4771 529 4828 amotoque
545 4767 611 4827 EM,
635 4769 650 4817 3
667 4771 754 4828 Parc,
776 4768 791 4819 4
808 4770 887 4828 Oxx.;
913 4775 1011 4819 motum
1027 4770 1077 4831 ipse
1093 4774 1185 4818 conam
1201 4772 1271 4832 Gap,
1293 4774 1391 4819 mnium
1406 4771 1458 4833 ipse
1473 4771 1558 4833 opibus
1573 4776 1711 4834 conmuque

391 4841 475 4892 LOv.
500 4869 526 4878 -
550 4843 631 4893 caluit
647 4845 715 4904 mei,
738 4845 753 4894 3
771 4846 858 4903 Parr,
880 4846 992 4894 horr:
1015 4844 1122 4893 innotuit
1138 4845 1185 4895 LO
1202 4847 1301 4896 incerta
1325 4847 1488 4897 auctoritate.
1512 4872 1539 4881 —
1563 4847 1604 4897 i8.
1622 4848 1711 4896 seriori

390 4917 490 4979 copiam
502 4920 530 4966 G.
543 4945 577 4954 -
587 4919 627 4968 ss.
646 4919 815 4970 Mithridatem
826 4921 864 4971 M:
883 4920 1026 4970 Mithridate
1042 4933 1093 4969 non
1109 4921 1130 4969 G
1147 4923 1174 4970 et
1190 4924 1248 4972 Par.
1267 4920 1283 4970 4
1300 4921 1325 4982 (ἰ.
1339 4935 1363 4971 e.
1375 4917 1603 4985 Mithridates‘rpro
1614 4921 1712 4971 Mitte-i·

391 4992 487 5053 daun);
505 4992 674 5042 Mithridatem
689 5007 740 5042 non
756 4994 789 5055 E,
808 4995 823 5044 2
841 4997 929 5054 Pam..
947 4995 1061 5052 5011..
1080 5007 1105 5044 v.
1126 5020 1153 5029 —-
1171 4996 1212 5046 io.
1230 5001 1420 5057 prosequeretur
1436 4996 1518 5045 Giv.
1539 5022 1565 5030 —
1579 4996 1621 5045 it.
1638 4997 1707 5046 caio·

390 5066 476 5116 mdose
493 5068 551 5118 Mv.
573 5095 600 5104 —
618 5074 641 5118 et
657 5071 722 5131 opes]
738 5075 767 5119 ut
782 5083 839 5132 oper
855 5072 883 5118 G.
905 5093 932 5104 -
954 5073 977 5117 et
994 5081 1046 5118 om.
1066 5071 1096 5118 G.
1116 5095 1142 5104 -
1162 5072 1203 5121 22.
1221 5084 1262 5120 res
1276 5084 1335 5120 vero
1351 5071 1380 5120 Ε.
1398 5098 1431 5106 -
1446 5071 1582 5120 extimuit
1598 5072 1660 5121 mei.
1680 5100 1707 5109 -

388 5146 469 5203 posset
486 5142 544 5192 EG.
565 5171 598 5178 —
620 5144 661 5194 2³.
679 5145 772 5194 maiori
788 5159 813 5195 v.
838 5171 865 5180 -
890 5143 931 5196 il.
950 5144 1115 5193 Maicmonsm
1132 5146 1194 5196 MC.
1220 5172 1247 5182 -
1270 5145 1412 5195 constitisset
1428 5145 1471 5194 ed.
1490 5146 1575 5196 Crat:
1594 5148 1711 5197 retinui

389 5216 486 5274 EGM,
505 5214 521 5266 4
538 5219 617 5277 Oura,
636 5217 652 5268 4
669 5220 755 5277 Parc„
775 5218 837 5268 edd.
856 5220 919 5268 vett.
937 5247 970 5255 -
985 5219 1026 5269 io.
1042 5224 1153 5281 putasset
1169 5222 1261 5270 GMv:
1281 5220 1416 5284 pransisset
1432 5220 1489 5272 EL.
1511 5247 1538 5258 -
1556 5234 1609 5284 qua
1624 5224 1710 5286 effecta

389 5305 407 5341 a
422 5292 513 5344 iucuiio
529 5292 624 5344 mediis
640 5305 694 5344 om.
713 5293 742 5344 Ε.
760 5321 793 5330 -
807 5298 908 5358 ponet
925 5295 954 5346 C.
975 5318 1003 5331 -
1018 5293 1102 5360 prou]
1119 5294 1180 5346 dria
1197 5296 1227 5347 Η.
