<?xml version="1.0" encoding="UTF-8"?>
<!DOCTYPE html PUBLIC "-//W3C//DTD XHTML 1.0 Transitional//EN"
    "http://www.w3.org/TR/xhtml1/DTD/xhtml1-transitional.dtd">
<html xmlns="http://www.w3.org/1999/xhtml" xml:lang="en" lang="en">
 <head>
  <title>
</title>
<meta http-equiv="Content-Type" content="text/html;charset=utf-8" />
  <meta name='ocr-system' content='tesseract 3.04.00' />
  <meta name='ocr-capabilities' content='ocr_page ocr_carea ocr_par ocr_line ocrx_word'/>
</head>
<body>
  <div class='ocr_page' id='page_1' title='image "./operaquaesupers02halmgoog_0683.png"; bbox 0 0 4367 6109; ppageno 0'>
   <div class='ocr_carea' id='block_1_1' title="bbox 863 572 1755 662">
    <p class='ocr_par' dir='ltr' id='par_1_1' title="bbox 863 572 1755 662">
     <span class='ocr_line' id='line_1_1' title="bbox 863 572 1755 662; baseline 0.001 -22"><span class='ocrx_word' id='word_1_1' title='bbox 863 572 1353 662; x_wconf 70' lang='lat' dir='ltr'>cn.x-x1.ss.ra-ea.</span> <span class='ocrx_word' id='word_1_2' title='bbox 1691 574 1755 642; x_wconf 85' lang='lat' dir='ltr'><strong>aco</strong></span> 
     </span>
    </p>
   </div>
   <div class='ocr_carea' id='block_1_2' title="bbox 431 745 1798 1748">
    <p class='ocr_par' dir='ltr' id='par_1_2' title="bbox 431 745 1798 1748">
     <span class='ocr_line' id='line_1_2' title="bbox 432 745 1754 832; baseline 0 -22"><span class='ocrx_word' id='word_1_3' title='bbox 432 747 547 832; x_wconf 84' lang='lat' dir='ltr'>quihus</span> <span class='ocrx_word' id='word_1_4' title='bbox 570 745 692 829; x_wconf 74' lang='lat' dir='ltr'>gaudiis</span> <span class='ocrx_word' id='word_1_5' title='bbox 714 746 905 810; x_wconf 81' lang='lat' dir='ltr'>exsultabis!</span> <span class='ocrx_word' id='word_1_6' title='bbox 928 756 1045 831; x_wconf 85' lang='lat' dir='ltr'>quanta</span> <span class='ocrx_word' id='word_1_7' title='bbox 1067 749 1100 811; x_wconf 94' lang='lat' dir='ltr'><strong>in</strong></span> <span class='ocrx_word' id='word_1_8' title='bbox 1115 749 1275 832; x_wconf 84' lang='lat' dir='ltr'>voluptate</span> <span class='ocrx_word' id='word_1_9' title='bbox 1295 747 1506 823; x_wconf 75' lang='lat' dir='ltr'><strong>bacchabere,</strong></span> <span class='ocrx_word' id='word_1_10' title='bbox 1529 768 1599 811; x_wconf 93' lang='lat' dir='ltr'>cum</span> <span class='ocrx_word' id='word_1_11' title='bbox 1618 747 1754 811; x_wconf 88' lang='lat' dir='ltr'>intanto</span> 
     </span>
     <span class='ocr_line' id='line_1_3' title="bbox 431 834 1754 926; baseline -0.005 -23"><span class='ocrx_word' id='word_1_12' title='bbox 431 860 562 904; x_wconf 88' lang='lat' dir='ltr'>numero</span> <span class='ocrx_word' id='word_1_13' title='bbox 590 850 716 903; x_wconf 89' lang='lat' dir='ltr'>tuorum</span> <span class='ocrx_word' id='word_1_14' title='bbox 745 860 851 925; x_wconf 89' lang='lat' dir='ltr'>neque</span> <span class='ocrx_word' id='word_1_15' title='bbox 881 841 991 905; x_wconf 86' lang='lat' dir='ltr'>audies</span> <span class='ocrx_word' id='word_1_16' title='bbox 1012 843 1114 905; x_wconf 88' lang='lat' dir='ltr'>virum</span> <span class='ocrx_word' id='word_1_17' title='bbox 1136 842 1255 905; x_wconf 91' lang='lat' dir='ltr'>bonum</span> <span class='ocrx_word' id='word_1_18' title='bbox 1278 862 1469 926; x_wconf 88' lang='lat' dir='ltr'>quemquam</span> <span class='ocrx_word' id='word_1_19' title='bbox 1491 858 1596 925; x_wconf 89' lang='lat' dir='ltr'>neque</span> <span class='ocrx_word' id='word_1_20' title='bbox 1617 834 1754 899; x_wconf 75' lang='lat' dir='ltr'>videbis!</span> 
     </span>
     <span class='ocr_line' id='line_1_4' title="bbox 431 929 1755 1019; baseline -0.003 -24"><span class='ocrx_word' id='word_1_21' title='bbox 431 933 480 995; x_wconf 82' lang='lat' dir='ltr'><strong>Ad</strong></span> <span class='ocrx_word' id='word_1_22' title='bbox 504 933 600 997; x_wconf 89' lang='lat' dir='ltr'>huius</span> <span class='ocrx_word' id='word_1_23' title='bbox 621 935 703 996; x_wconf 83' lang='lat' dir='ltr'>vitae</span> <span class='ocrx_word' id='word_1_24' title='bbox 726 936 866 997; x_wconf 88' lang='lat' dir='ltr'>studium</span> <span class='ocrx_word' id='word_1_25' title='bbox 888 936 1030 998; x_wconf 86' lang='lat' dir='ltr'>meditati</span> <span class='ocrx_word' id='word_1_26' title='bbox 1051 935 1098 997; x_wconf 94' lang='lat' dir='ltr'>illi</span> <span class='ocrx_word' id='word_1_27' title='bbox 1121 943 1210 1009; x_wconf 89' lang='lat' dir='ltr'>sunt,</span> <span class='ocrx_word' id='word_1_28' title='bbox 1233 937 1288 1019; x_wconf 90' lang='lat' dir='ltr'><strong>qui</strong></span> <span class='ocrx_word' id='word_1_29' title='bbox 1303 936 1463 1010; x_wconf 82' lang='lat' dir='ltr'>feruntur,</span> <span class='ocrx_word' id='word_1_30' title='bbox 1485 936 1610 998; x_wconf 86' lang='lat' dir='ltr'>labores</span> <span class='ocrx_word' id='word_1_31' title='bbox 1623 932 1687 994; x_wconf 84' lang='lat' dir='ltr'>tui:</span> <span class='ocrx_word' id='word_1_32' title='bbox 1709 929 1755 992; x_wconf 90' lang='lat' dir='ltr'><strong>ia-</strong></span> 
     </span>
     <span class='ocr_line' id='line_1_5' title="bbox 431 1023 1755 1118; baseline -0.003 -29"><span class='ocrx_word' id='word_1_33' title='bbox 431 1047 503 1089; x_wconf 89' lang='lat' dir='ltr'>cere</span> <span class='ocrx_word' id='word_1_34' title='bbox 524 1025 614 1090; x_wconf 89' lang='lat' dir='ltr'>humi</span> <span class='ocrx_word' id='word_1_35' title='bbox 637 1028 826 1090; x_wconf 85' lang='lat' dir='ltr'>nouaclum</span> <span class='ocrx_word' id='word_1_36' title='bbox 850 1026 890 1090; x_wconf 88' lang='lat' dir='ltr'><strong>ad</strong></span> <span class='ocrx_word' id='word_1_37' title='bbox 913 1027 1121 1091; x_wconf 89' lang='lat' dir='ltr'>obsidendum</span> <span class='ocrx_word' id='word_1_38' title='bbox 1144 1037 1304 1118; x_wconf 80' lang='lat' dir='ltr'><strong>stuprum,</strong></span> <span class='ocrx_word' id='word_1_39' title='bbox 1327 1029 1550 1092; x_wconf 86' lang='lat' dir='ltr'>verumetiam</span> <span class='ocrx_word' id='word_1_40' title='bbox 1572 1027 1611 1091; x_wconf 91' lang='lat' dir='ltr'><strong>ad</strong></span> <span class='ocrx_word' id='word_1_41' title='bbox 1632 1023 1755 1088; x_wconf 81' lang='lat' dir='ltr'>facinus</span> 
     </span>
     <span class='ocr_line' id='line_1_6' title="bbox 432 1120 1780 1204; baseline -0.003 -22"><span class='ocrx_word' id='word_1_42' title='bbox 432 1120 630 1196; x_wconf 88' lang='lat' dir='ltr'>obeundum,</span> <span class='ocrx_word' id='word_1_43' title='bbox 665 1121 797 1204; x_wconf 75' lang='lat' dir='ltr'>vigilare</span> <span class='ocrx_word' id='word_1_44' title='bbox 827 1141 892 1184; x_wconf 92' lang='lat' dir='ltr'><strong>non</strong></span> <span class='ocrx_word' id='word_1_45' title='bbox 921 1123 1022 1185; x_wconf 89' lang='lat' dir='ltr'>solum</span> <span class='ocrx_word' id='word_1_46' title='bbox 1049 1123 1252 1186; x_wconf 80' lang='lat' dir='ltr'>insidiantem</span> <span class='ocrx_word' id='word_1_47' title='bbox 1274 1143 1386 1187; x_wconf 90' lang='lat' dir='ltr'>somno</span> <span class='ocrx_word' id='word_1_48' title='bbox 1417 1122 1616 1196; x_wconf 80' lang='lat' dir='ltr'>maritorum,</span> <span class='ocrx_word' id='word_1_49' title='bbox 1647 1132 1780 1182; x_wconf 82' lang='lat' dir='ltr'>verume</span> 
     </span>
     <span class='ocr_line' id='line_1_7' title="bbox 432 1215 1757 1300; baseline -0.001 -24"><span class='ocrx_word' id='word_1_50' title='bbox 432 1216 524 1277; x_wconf 89' lang='lat' dir='ltr'>etiam</span> <span class='ocrx_word' id='word_1_51' title='bbox 546 1215 639 1278; x_wconf 87' lang='lat' dir='ltr'>bonis</span> <span class='ocrx_word' id='word_1_52' title='bbox 661 1216 846 1278; x_wconf 85' lang='lat' dir='ltr'>otiosorum.</span> <span class='ocrx_word' id='word_1_53' title='bbox 889 1215 1012 1289; x_wconf 87' lang='lat' dir='ltr'>Habes,</span> <span class='ocrx_word' id='word_1_54' title='bbox 1034 1215 1088 1278; x_wconf 90' lang='lat' dir='ltr'><strong>ubi</strong></span> <span class='ocrx_word' id='word_1_55' title='bbox 1111 1224 1250 1280; x_wconf 81' lang='lat' dir='ltr'>ostentes</span> <span class='ocrx_word' id='word_1_56' title='bbox 1273 1226 1359 1280; x_wconf 91' lang='lat' dir='ltr'>tuam</span> <span class='ocrx_word' id='word_1_57' title='bbox 1381 1217 1467 1280; x_wconf 89' lang='lat' dir='ltr'>illam</span> <span class='ocrx_word' id='word_1_58' title='bbox 1489 1215 1680 1300; x_wconf 88' lang='lat' dir='ltr'>praeclaram</span> <span class='ocrx_word' id='word_1_59' title='bbox 1703 1232 1757 1295; x_wconf 89' lang='lat' dir='ltr'><strong>pa·</strong></span> 
     </span>
     <span class='ocr_line' id='line_1_8' title="bbox 432 1308 1758 1395; baseline 0 -25"><span class='ocrx_word' id='word_1_60' title='bbox 432 1309 575 1371; x_wconf 87' lang='lat' dir='ltr'>tientiam</span> <span class='ocrx_word' id='word_1_61' title='bbox 597 1308 706 1384; x_wconf 80' lang='lat' dir='ltr'>famis,</span> <span class='ocrx_word' id='word_1_62' title='bbox 729 1309 871 1393; x_wconf 74' lang='lat' dir='ltr'>frigoris,</span> <span class='ocrx_word' id='word_1_63' title='bbox 894 1309 1021 1392; x_wconf 83' lang='lat' dir='ltr'>inopiae</span> <span class='ocrx_word' id='word_1_64' title='bbox 1039 1330 1143 1373; x_wconf 90' lang='lat' dir='ltr'>rerum</span> <span class='ocrx_word' id='word_1_65' title='bbox 1159 1310 1316 1384; x_wconf 89' lang='lat' dir='ltr'>omnium,</span> <span class='ocrx_word' id='word_1_66' title='bbox 1341 1310 1454 1395; x_wconf 82' lang='lat' dir='ltr'>quibus</span> <span class='ocrx_word' id='word_1_67' title='bbox 1469 1318 1499 1373; x_wconf 89' lang='lat' dir='ltr'><strong>tc</strong></span> <span class='ocrx_word' id='word_1_68' title='bbox 1513 1310 1601 1373; x_wconf 87' lang='lat' dir='ltr'>brevi</span> <span class='ocrx_word' id='word_1_69' title='bbox 1617 1317 1758 1391; x_wconf 87' lang='lat' dir='ltr'>tempore</span> 
     </span>
     <span class='ocr_line' id='line_1_9' title="bbox 433 1400 1758 1485; baseline -0.002 -20"><span class='ocrx_word' id='word_1_70' title='bbox 433 1402 611 1477; x_wconf 78' lang='lat' dir='ltr'>confectum</span> <span class='ocrx_word' id='word_1_71' title='bbox 634 1404 762 1466; x_wconf 89' lang='lat' dir='ltr'>senties.</span> <span class='ocrx_word' id='word_1_72' title='bbox 806 1400 857 1466; x_wconf 70' lang='lat'><strong>27.</strong></span> <span class='ocrx_word' id='word_1_73' title='bbox 880 1405 1016 1468; x_wconf 86' lang='lat' dir='ltr'>Tantum</span> <span class='ocrx_word' id='word_1_74' title='bbox 1035 1402 1253 1485; x_wconf 74' lang='lat' dir='ltr'>protentum,</span> <span class='ocrx_word' id='word_1_75' title='bbox 1276 1425 1346 1466; x_wconf 92' lang='lat' dir='ltr'>cum</span> <span class='ocrx_word' id='word_1_76' title='bbox 1362 1412 1394 1467; x_wconf 90' lang='lat' dir='ltr'><strong>te</strong></span> <span class='ocrx_word' id='word_1_77' title='bbox 1409 1425 1427 1468; x_wconf 89' lang='lat' dir='ltr'>a</span> <span class='ocrx_word' id='word_1_78' title='bbox 1442 1403 1609 1469; x_wconf 77' lang='lat' dir='ltr'>consulatu</span> <span class='ocrx_word' id='word_1_79' title='bbox 1623 1401 1758 1485; x_wconf 84' lang='lat' dir='ltr'>reppuli,</span> 
     </span>
     <span class='ocr_line' id='line_1_10' title="bbox 433 1496 1758 1582; baseline -0.002 -23"><span class='ocrx_word' id='word_1_80' title='bbox 433 1505 469 1559; x_wconf 93' lang='lat' dir='ltr'><strong>ut</strong></span> <span class='ocrx_word' id='word_1_81' title='bbox 490 1496 583 1560; x_wconf 84' lang='lat' dir='ltr'>exsul</span> <span class='ocrx_word' id='word_1_82' title='bbox 605 1497 711 1579; x_wconf 85' lang='lat' dir='ltr'>potius</span> <span class='ocrx_word' id='word_1_83' title='bbox 733 1504 855 1560; x_wconf 87' lang='lat' dir='ltr'>tentare</span> <span class='ocrx_word' id='word_1_84' title='bbox 877 1516 971 1581; x_wconf 87' lang='lat' dir='ltr'>quam</span> <span class='ocrx_word' id='word_1_85' title='bbox 994 1496 1107 1560; x_wconf 93' lang='lat' dir='ltr'>consul</span> <span class='ocrx_word' id='word_1_86' title='bbox 1129 1515 1246 1560; x_wconf 83' lang='lat' dir='ltr'>vexare</span> <span class='ocrx_word' id='word_1_87' title='bbox 1259 1515 1326 1559; x_wconf 89' lang='lat' dir='ltr'><strong>rem</strong></span> <span class='ocrx_word' id='word_1_88' title='bbox 1341 1496 1500 1579; x_wconf 82' lang='lat' dir='ltr'>publicam</span> <span class='ocrx_word' id='word_1_89' title='bbox 1515 1517 1642 1582; x_wconf 84' lang='lat' dir='ltr'>posses,</span> <span class='ocrx_word' id='word_1_90' title='bbox 1662 1503 1758 1579; x_wconf 85' lang='lat' dir='ltr'>atque</span> 
     </span>
     <span class='ocr_line' id='line_1_11' title="bbox 433 1588 1798 1674; baseline -0.001 -23"><span class='ocrx_word' id='word_1_91' title='bbox 433 1598 469 1651; x_wconf 89' lang='lat' dir='ltr'><strong>ut</strong></span> <span class='ocrx_word' id='word_1_92' title='bbox 498 1590 548 1664; x_wconf 91' lang='lat' dir='ltr'><strong>id,</strong></span> <span class='ocrx_word' id='word_1_93' title='bbox 577 1590 664 1674; x_wconf 90' lang='lat' dir='ltr'>quod</span> <span class='ocrx_word' id='word_1_94' title='bbox 693 1597 741 1654; x_wconf 85' lang='lat' dir='ltr'><strong>est</strong></span> <span class='ocrx_word' id='word_1_95' title='bbox 769 1591 824 1654; x_wconf 84' lang='lat' dir='ltr'><strong>aba</strong></span> <span class='ocrx_word' id='word_1_96' title='bbox 854 1597 884 1654; x_wconf 86' lang='grc'><strong>46</strong></span> <span class='ocrx_word' id='word_1_97' title='bbox 914 1591 1062 1654; x_wconf 85' lang='lat' dir='ltr'>scelerate</span> <span class='ocrx_word' id='word_1_98' title='bbox 1088 1598 1286 1673; x_wconf 80' lang='lat' dir='ltr'>susceptum,</span> <span class='ocrx_word' id='word_1_99' title='bbox 1314 1588 1513 1654; x_wconf 77' lang='lat' dir='ltr'>latrocinium</span> <span class='ocrx_word' id='word_1_100' title='bbox 1533 1591 1642 1674; x_wconf 89' lang='lat' dir='ltr'>potius</span> <span class='ocrx_word' id='word_1_101' title='bbox 1663 1602 1798 1673; x_wconf 81' lang='lat' dir='ltr'>quamso</span> 
     </span>
     <span class='ocr_line' id='line_1_12' title="bbox 434 1683 799 1748; baseline 0.008 -3"><span class='ocrx_word' id='word_1_102' title='bbox 434 1683 550 1746; x_wconf 88' lang='lat' dir='ltr'>bellum</span> <span class='ocrx_word' id='word_1_103' title='bbox 573 1684 799 1748; x_wconf 86' lang='lat' dir='ltr'>nominaretur.</span> 
     </span>
    </p>
   </div>
   <div class='ocr_carea' id='block_1_3' title="bbox 434 1778 1798 2988">
    <p class='ocr_par' dir='ltr' id='par_1_3' title="bbox 434 1778 1798 2988">
     <span class='ocr_line' id='line_1_13' title="bbox 520 1778 1758 1863; baseline -0.001 -23"><span class='ocrx_word' id='word_1_104' title='bbox 520 1778 575 1840; x_wconf 83' lang='lat' dir='ltr'><strong>xl.</strong></span> <span class='ocrx_word' id='word_1_105' title='bbox 597 1779 689 1841; x_wconf 85' lang='lat' dir='ltr'>Nunc</span> <span class='ocrx_word' id='word_1_106' title='bbox 709 1786 747 1841; x_wconf 88' lang='lat' dir='ltr'><strong>ut</strong></span> <span class='ocrx_word' id='word_1_107' title='bbox 768 1799 787 1842; x_wconf 89' lang='lat' dir='ltr'>a</span> <span class='ocrx_word' id='word_1_108' title='bbox 808 1799 874 1853; x_wconf 90' lang='lat' dir='ltr'>mc,</span> <span class='ocrx_word' id='word_1_109' title='bbox 896 1786 1002 1862; x_wconf 89' lang='lat' dir='ltr'>patres</span> <span class='ocrx_word' id='word_1_110' title='bbox 1016 1779 1203 1862; x_wconf 75' lang='lat' dir='ltr'>conscripti,</span> <span class='ocrx_word' id='word_1_111' title='bbox 1226 1778 1384 1863; x_wconf 87' lang='lat' dir='ltr'>quandam</span> <span class='ocrx_word' id='word_1_112' title='bbox 1397 1799 1496 1863; x_wconf 91' lang='lat' dir='ltr'>prope</span> <span class='ocrx_word' id='word_1_113' title='bbox 1510 1779 1625 1842; x_wconf 84' lang='lat' dir='ltr'>iustam</span> <span class='ocrx_word' id='word_1_114' title='bbox 1639 1778 1758 1861; x_wconf 87' lang='lat' dir='ltr'>patriae</span> 
     </span>
     <span class='ocr_line' id='line_1_14' title="bbox 436 1870 1758 1957; baseline 0.001 -24"><span class='ocrx_word' id='word_1_115' title='bbox 436 1872 665 1955; x_wconf 88' lang='lat' dir='ltr'>querimoniam</span> <span class='ocrx_word' id='word_1_116' title='bbox 696 1870 835 1935; x_wconf 87' lang='lat' dir='ltr'>detester</span> <span class='ocrx_word' id='word_1_117' title='bbox 865 1892 901 1934; x_wconf 92' lang='lat' dir='ltr'><strong>ac</strong></span> <span class='ocrx_word' id='word_1_118' title='bbox 931 1872 1096 1954; x_wconf 89' lang='lat' dir='ltr'>deprecer,</span> <span class='ocrx_word' id='word_1_119' title='bbox 1124 1872 1294 1957; x_wconf 83' lang='lat' dir='ltr'>percipite,</span> <span class='ocrx_word' id='word_1_120' title='bbox 1323 1891 1458 1956; x_wconf 86' lang='lat' dir='ltr'>quaeso,</span> <span class='ocrx_word' id='word_1_121' title='bbox 1486 1871 1656 1953; x_wconf 75' lang='lat' dir='ltr'>diligenter</span> <span class='ocrx_word' id='word_1_122' title='bbox 1676 1889 1758 1954; x_wconf 87' lang='lat' dir='ltr'>quae</span> 
     </span>
     <span class='ocr_line' id='line_1_15' title="bbox 434 1962 1757 2049; baseline -0.002 -21"><span class='ocrx_word' id='word_1_123' title='bbox 434 1966 555 2042; x_wconf 89' lang='lat' dir='ltr'>dicam,</span> <span class='ocrx_word' id='word_1_124' title='bbox 586 1973 618 2029; x_wconf 91' lang='lat' dir='ltr'><strong>et</strong></span> <span class='ocrx_word' id='word_1_125' title='bbox 647 1985 684 2029; x_wconf 85' lang='lat' dir='ltr'><strong>ea</strong></span> <span class='ocrx_word' id='word_1_126' title='bbox 711 1968 837 2048; x_wconf 90' lang='lat' dir='ltr'>penitus</span> <span class='ocrx_word' id='word_1_127' title='bbox 867 1966 978 2029; x_wconf 89' lang='lat' dir='ltr'>animis</span> <span class='ocrx_word' id='word_1_128' title='bbox 1006 1967 1119 2030; x_wconf 88' lang='lat' dir='ltr'>vestris</span> <span class='ocrx_word' id='word_1_129' title='bbox 1142 1965 1363 2049; x_wconf 84' lang='lat' dir='ltr'>mentibusque</span> <span class='ocrx_word' id='word_1_130' title='bbox 1383 1965 1540 2030; x_wconf 80' lang='lat' dir='ltr'>mandate.</span> <span class='ocrx_word' id='word_1_131' title='bbox 1584 1963 1709 2027; x_wconf 85' lang='lat' dir='ltr'>Etenim</span> <span class='ocrx_word' id='word_1_132' title='bbox 1731 1962 1757 2026; x_wconf 87' lang='lat' dir='ltr'><strong>si</strong></span> 
     </span>
     <span class='ocr_line' id='line_1_16' title="bbox 434 2057 1796 2143; baseline -0.004 -21"><span class='ocrx_word' id='word_1_133' title='bbox 434 2080 558 2124; x_wconf 88' lang='lat' dir='ltr'>mecum</span> <span class='ocrx_word' id='word_1_134' title='bbox 588 2060 703 2142; x_wconf 87' lang='lat' dir='ltr'>patria,</span> <span class='ocrx_word' id='word_1_135' title='bbox 738 2080 819 2143; x_wconf 89' lang='lat' dir='ltr'>quae</span> <span class='ocrx_word' id='word_1_136' title='bbox 848 2059 924 2123; x_wconf 89' lang='lat' dir='ltr'>mihi</span> <span class='ocrx_word' id='word_1_137' title='bbox 955 2061 1019 2122; x_wconf 87' lang='lat' dir='ltr'>vita</span> <span class='ocrx_word' id='word_1_138' title='bbox 1040 2080 1110 2123; x_wconf 88' lang='lat' dir='ltr'><strong>mea</strong></span> <span class='ocrx_word' id='word_1_139' title='bbox 1132 2060 1232 2123; x_wconf 87' lang='lat' dir='ltr'>multo</span> <span class='ocrx_word' id='word_1_140' title='bbox 1255 2067 1303 2124; x_wconf 88' lang='lat' dir='ltr'><strong>est</strong></span> <span class='ocrx_word' id='word_1_141' title='bbox 1324 2059 1442 2134; x_wconf 87' lang='lat' dir='ltr'>carior,</span> <span class='ocrx_word' id='word_1_142' title='bbox 1475 2058 1501 2121; x_wconf 86' lang='lat' dir='ltr'><strong>si</strong></span> <span class='ocrx_word' id='word_1_143' title='bbox 1524 2065 1637 2121; x_wconf 87' lang='lat' dir='ltr'>cuncta</span> <span class='ocrx_word' id='word_1_144' title='bbox 1659 2057 1758 2131; x_wconf 87' lang='lat' dir='ltr'>ltalia,</span> <span class='ocrx_word' id='word_1_145' title='bbox 1767 2071 1796 2117; x_wconf 85' lang='lat' dir='ltr'><strong>us</strong></span> 
     </span>
     <span class='ocr_line' id='line_1_17' title="bbox 435 2151 1759 2237; baseline -0.002 -19"><span class='ocrx_word' id='word_1_146' title='bbox 435 2154 461 2218; x_wconf 90' lang='lat' dir='ltr'><strong>si</strong></span> <span class='ocrx_word' id='word_1_147' title='bbox 481 2155 586 2219; x_wconf 88' lang='lat' dir='ltr'>&#39;omnis</span> <span class='ocrx_word' id='word_1_148' title='bbox 607 2173 658 2217; x_wconf 86' lang='lat' dir='ltr'><strong>res</strong></span> <span class='ocrx_word' id='word_1_149' title='bbox 680 2153 808 2236; x_wconf 87' lang='lat' dir='ltr'>publica</span> <span class='ocrx_word' id='word_1_150' title='bbox 829 2153 997 2237; x_wconf 86' lang='lat' dir='ltr'>loquatur:</span> <span class='ocrx_word' id='word_1_151' title='bbox 1034 2155 1093 2216; x_wconf 81' lang='grc' dir='ltr'><strong>«Μ.</strong></span> <span class='ocrx_word' id='word_1_152' title='bbox 1116 2153 1217 2228; x_wconf 86' lang='lat' dir='ltr'>Tulli,</span> <span class='ocrx_word' id='word_1_153' title='bbox 1241 2151 1318 2237; x_wconf 89' lang='lat' dir='ltr'>quid</span> <span class='ocrx_word' id='word_1_154' title='bbox 1341 2152 1433 2234; x_wconf 77' lang='lat' dir='ltr'>agis?</span> <span class='ocrx_word' id='word_1_155' title='bbox 1454 2159 1531 2214; x_wconf 89' lang='lat' dir='ltr'>tune</span> <span class='ocrx_word' id='word_1_156' title='bbox 1552 2169 1642 2224; x_wconf 86' lang='lat' dir='ltr'>eum,</span> <span class='ocrx_word' id='word_1_157' title='bbox 1664 2170 1759 2234; x_wconf 87' lang='lat' dir='ltr'>quem</span> 
     </span>
     <span class='ocr_line' id='line_1_18' title="bbox 435 2245 1760 2331; baseline -0.005 -18"><span class='ocrx_word' id='word_1_158' title='bbox 435 2269 506 2313; x_wconf 86' lang='lat' dir='ltr'>esse</span> <span class='ocrx_word' id='word_1_159' title='bbox 527 2250 651 2312; x_wconf 84' lang='lat' dir='ltr'>hostem</span> <span class='ocrx_word' id='word_1_160' title='bbox 674 2248 870 2330; x_wconf 87' lang='lat' dir='ltr'>comperisti,</span> <span class='ocrx_word' id='word_1_161' title='bbox 893 2267 987 2331; x_wconf 89' lang='lat' dir='ltr'>quem</span> <span class='ocrx_word' id='word_1_162' title='bbox 1010 2245 1122 2309; x_wconf 89' lang='lat' dir='ltr'>ducem</span> <span class='ocrx_word' id='word_1_163' title='bbox 1144 2247 1219 2310; x_wconf 89' lang='lat' dir='ltr'>belli</span> <span class='ocrx_word' id='word_1_164' title='bbox 1239 2246 1379 2310; x_wconf 81' lang='lat' dir='ltr'>futurum</span> <span class='ocrx_word' id='word_1_165' title='bbox 1401 2245 1504 2319; x_wconf 82' lang='lat' dir='ltr'>vides,</span> <span class='ocrx_word' id='word_1_166' title='bbox 1532 2263 1627 2328; x_wconf 89' lang='lat' dir='ltr'>quem</span> <span class='ocrx_word' id='word_1_167' title='bbox 1648 2263 1760 2327; x_wconf 85' lang='lat' dir='ltr'>exspe-</span> 
     </span>
     <span class='ocr_line' id='line_1_19' title="bbox 435 2338 1760 2425; baseline -0.003 -21"><span class='ocrx_word' id='word_1_168' title='bbox 435 2343 513 2406; x_wconf 87' lang='lat' dir='ltr'>clari</span> <span class='ocrx_word' id='word_1_169' title='bbox 534 2343 760 2425; x_wconf 88' lang='lat' dir='ltr'>imperatorem</span> <span class='ocrx_word' id='word_1_170' title='bbox 777 2343 811 2404; x_wconf 92' lang='lat' dir='ltr'><strong>in</strong></span> <span class='ocrx_word' id='word_1_171' title='bbox 826 2343 935 2404; x_wconf 83' lang='lat' dir='ltr'>castris</span> <span class='ocrx_word' id='word_1_172' title='bbox 949 2341 1090 2404; x_wconf 86' lang='lat' dir='ltr'>hostium</span> <span class='ocrx_word' id='word_1_173' title='bbox 1105 2341 1220 2416; x_wconf 81' lang='lat' dir='ltr'>seniis,</span> <span class='ocrx_word' id='word_1_174' title='bbox 1241 2349 1403 2404; x_wconf 86' lang='lat' dir='ltr'>auctorem</span> <span class='ocrx_word' id='word_1_175' title='bbox 1418 2339 1562 2413; x_wconf 85' lang='lat' dir='ltr'>sceleris,</span> <span class='ocrx_word' id='word_1_176' title='bbox 1584 2338 1760 2421; x_wconf 84' lang='lat' dir='ltr'>principem</span> 
     </span>
     <span class='ocr_line' id='line_1_20' title="bbox 439 2432 1759 2517; baseline -0.003 -19"><span class='ocrx_word' id='word_1_177' title='bbox 439 2436 683 2510; x_wconf 85' lang='lat' dir='ltr'>coniurationis,</span> <span class='ocrx_word' id='word_1_178' title='bbox 707 2443 907 2499; x_wconf 86' lang='lat' dir='ltr'>evocatorem</span> <span class='ocrx_word' id='word_1_179' title='bbox 929 2454 1091 2498; x_wconf 88' lang='lat' dir='ltr'>servorum</span> <span class='ocrx_word' id='word_1_180' title='bbox 1114 2442 1145 2497; x_wconf 90' lang='lat' dir='ltr'><strong>ct</strong></span> <span class='ocrx_word' id='word_1_181' title='bbox 1162 2434 1278 2498; x_wconf 82' lang='lat' dir='ltr'>civium</span> <span class='ocrx_word' id='word_1_182' title='bbox 1293 2433 1505 2517; x_wconf 90' lang='lat' dir='ltr'>perditorum,</span> <span class='ocrx_word' id='word_1_183' title='bbox 1528 2432 1615 2496; x_wconf 81' lang='lat' dir='ltr'>exire</span> <span class='ocrx_word' id='word_1_184' title='bbox 1630 2433 1759 2516; x_wconf 84' lang='lat' dir='ltr'>petiere,</span> 
     </span>
     <span class='ocr_line' id='line_1_21' title="bbox 437 2526 1798 2604; baseline -0.001 -12"><span class='ocrx_word' id='word_1_185' title='bbox 437 2537 473 2593; x_wconf 89' lang='lat' dir='ltr'><strong>ut</strong></span> <span class='ocrx_word' id='word_1_186' title='bbox 495 2528 551 2592; x_wconf 86' lang='lat' dir='ltr'><strong>abs</strong></span> <span class='ocrx_word' id='word_1_187' title='bbox 572 2537 604 2592; x_wconf 89' lang='lat' dir='ltr'><strong>te</strong></span> <span class='ocrx_word' id='word_1_188' title='bbox 626 2549 692 2592; x_wconf 91' lang='lat' dir='ltr'><strong>non</strong></span> <span class='ocrx_word' id='word_1_189' title='bbox 713 2532 848 2594; x_wconf 86' lang='lat' dir='ltr'>emissus</span> <span class='ocrx_word' id='word_1_190' title='bbox 870 2549 910 2592; x_wconf 86' lang='lat' dir='ltr'><strong>ex</strong></span> <span class='ocrx_word' id='word_1_191' title='bbox 932 2530 1025 2604; x_wconf 90' lang='lat' dir='ltr'>urbe,</span> <span class='ocrx_word' id='word_1_192' title='bbox 1059 2529 1115 2591; x_wconf 89' lang='lat' dir='ltr'><strong>sed</strong></span> <span class='ocrx_word' id='word_1_193' title='bbox 1136 2529 1296 2592; x_wconf 90' lang='lat' dir='ltr'>immissus</span> <span class='ocrx_word' id='word_1_194' title='bbox 1317 2528 1351 2591; x_wconf 89' lang='lat' dir='ltr'><strong>in</strong></span> <span class='ocrx_word' id='word_1_195' title='bbox 1371 2526 1482 2590; x_wconf 86' lang='lat' dir='ltr'>urbem</span> <span class='ocrx_word' id='word_1_196' title='bbox 1503 2546 1573 2590; x_wconf 88' lang='lat' dir='ltr'>esse</span> <span class='ocrx_word' id='word_1_197' title='bbox 1595 2526 1798 2591; x_wconf 76' lang='lat' dir='ltr'>videatur‘lro</span> 
     </span>
     <span class='ocr_line' id='line_1_22' title="bbox 438 2620 1760 2706; baseline -0.003 -20"><span class='ocrx_word' id='word_1_198' title='bbox 438 2642 544 2686; x_wconf 93' lang='lat' dir='ltr'>nonne</span> <span class='ocrx_word' id='word_1_199' title='bbox 566 2622 651 2686; x_wconf 86' lang='lat' dir='ltr'>hunc</span> <span class='ocrx_word' id='word_1_200' title='bbox 672 2625 706 2687; x_wconf 89' lang='lat' dir='ltr'><strong>iu</strong></span> <span class='ocrx_word' id='word_1_201' title='bbox 727 2623 854 2687; x_wconf 81' lang='lat' dir='ltr'>vincula</span> <span class='ocrx_word' id='word_1_202' title='bbox 876 2622 969 2699; x_wconf 92' lang='lat' dir='ltr'>duci,</span> <span class='ocrx_word' id='word_1_203' title='bbox 991 2643 1055 2686; x_wconf 92' lang='lat' dir='ltr'><strong>non</strong></span> <span class='ocrx_word' id='word_1_204' title='bbox 1077 2624 1117 2686; x_wconf 95' lang='lat' dir='ltr'><strong>ad</strong></span> <span class='ocrx_word' id='word_1_205' title='bbox 1132 2629 1265 2686; x_wconf 88' lang='lat' dir='ltr'>mortem</span> <span class='ocrx_word' id='word_1_206' title='bbox 1282 2622 1366 2706; x_wconf 89' lang='lat' dir='ltr'>rapi,</span> <span class='ocrx_word' id='word_1_207' title='bbox 1387 2641 1452 2684; x_wconf 91' lang='lat' dir='ltr'><strong>nou</strong></span> <span class='ocrx_word' id='word_1_208' title='bbox 1467 2641 1589 2685; x_wconf 91' lang='lat' dir='ltr'>summo</span> <span class='ocrx_word' id='word_1_209' title='bbox 1604 2620 1760 2705; x_wconf 86' lang='lat' dir='ltr'>supplicio</span> 
     </span>
     <span class='ocr_line' id='line_1_23' title="bbox 437 2714 1762 2800; baseline 0.001 -22"><span class='ocrx_word' id='word_1_210' title='bbox 437 2717 566 2780; x_wconf 87' lang='lat' dir='ltr'>mactari</span> <span class='ocrx_word' id='word_1_211' title='bbox 589 2716 785 2800; x_wconf 77' lang='lat' dir='ltr'>imperabis?</span> <span class='ocrx_word' id='word_1_212' title='bbox 826 2714 878 2779; x_wconf 77' lang='lat'><strong>28.</strong></span> <span class='ocrx_word' id='word_1_213' title='bbox 902 2717 986 2793; x_wconf 87' lang='lat' dir='ltr'>Quid</span> <span class='ocrx_word' id='word_1_214' title='bbox 1008 2717 1136 2780; x_wconf 89' lang='lat' dir='ltr'>tandem</span> <span class='ocrx_word' id='word_1_215' title='bbox 1157 2724 1189 2779; x_wconf 88' lang='lat' dir='ltr'><strong>te</strong></span> <span class='ocrx_word' id='word_1_216' title='bbox 1210 2715 1367 2798; x_wconf 80' lang='lat' dir='ltr'>impediti</span> <span class='ocrx_word' id='word_1_217' title='bbox 1392 2716 1502 2779; x_wconf 83' lang='lat' dir='ltr'>llosne</span> <span class='ocrx_word' id='word_1_218' title='bbox 1518 2716 1698 2780; x_wconf 77' lang='lat' dir='ltr'>maiorum?</span> <span class='ocrx_word' id='word_1_219' title='bbox 1720 2719 1762 2779; x_wconf 81' lang='lat' dir='ltr'><strong>At</strong></span> 
     </span>
     <span class='ocr_line' id='line_1_24' title="bbox 436 2808 1761 2894; baseline 0.001 -21"><span class='ocrx_word' id='word_1_220' title='bbox 436 2829 589 2894; x_wconf 81' lang='lat' dir='ltr'>persaepe</span> <span class='ocrx_word' id='word_1_221' title='bbox 612 2811 707 2873; x_wconf 85' lang='lat' dir='ltr'>etiam</span> <span class='ocrx_word' id='word_1_222' title='bbox 729 2810 843 2894; x_wconf 86' lang='lat' dir='ltr'>privati</span> <span class='ocrx_word' id='word_1_223' title='bbox 866 2811 900 2873; x_wconf 93' lang='lat' dir='ltr'><strong>in</strong></span> <span class='ocrx_word' id='word_1_224' title='bbox 920 2811 980 2873; x_wconf 89' lang='lat' dir='ltr'><strong>hac</strong></span> <span class='ocrx_word' id='word_1_225' title='bbox 1001 2830 1035 2872; x_wconf 90' lang='lat' dir='ltr'><strong>re</strong></span> <span class='ocrx_word' id='word_1_226' title='bbox 1058 2810 1186 2892; x_wconf 88' lang='lat' dir='ltr'>publica</span> <span class='ocrx_word' id='word_1_227' title='bbox 1205 2808 1403 2891; x_wconf 86' lang='lat' dir='ltr'>perniciosos</span> <span class='ocrx_word' id='word_1_228' title='bbox 1424 2809 1509 2871; x_wconf 88' lang='lat' dir='ltr'>cives</span> <span class='ocrx_word' id='word_1_229' title='bbox 1531 2820 1631 2874; x_wconf 83' lang='lat' dir='ltr'>morte</span> <span class='ocrx_word' id='word_1_230' title='bbox 1649 2810 1761 2874; x_wconf 84' lang='lat' dir='ltr'>multa·</span> 
     </span>
     <span class='ocr_line' id='line_1_25' title="bbox 435 2902 1760 2988; baseline 0.001 -22"><span class='ocrx_word' id='word_1_231' title='bbox 435 2911 557 2967; x_wconf 79' lang='lat' dir='ltr'>verunt</span> <span class='ocrx_word' id='word_1_232' title='bbox 593 2906 643 2966; x_wconf 78' lang='lat' dir='ltr'><strong>du</strong></span> <span class='ocrx_word' id='word_1_233' title='bbox 663 2904 766 2988; x_wconf 77' lang='lat' dir='ltr'>leges,</span> <span class='ocrx_word' id='word_1_234' title='bbox 800 2923 882 2987; x_wconf 88' lang='lat' dir='ltr'>quae</span> <span class='ocrx_word' id='word_1_235' title='bbox 905 2903 947 2968; x_wconf 83' lang='lat' dir='ltr'><strong>de</strong></span> <span class='ocrx_word' id='word_1_236' title='bbox 967 2904 1082 2967; x_wconf 83' lang='lat' dir='ltr'>civium</span> <span class='ocrx_word' id='word_1_237' title='bbox 1104 2905 1316 2967; x_wconf 86' lang='lat' dir='ltr'>Romanorum</span> <span class='ocrx_word' id='word_1_238' title='bbox 1339 2902 1493 2986; x_wconf 86' lang='lat' dir='ltr'>supplicio</span> <span class='ocrx_word' id='word_1_239' title='bbox 1515 2911 1643 2987; x_wconf 77' lang='lat' dir='ltr'>rogatae</span> <span class='ocrx_word' id='word_1_240' title='bbox 1665 2907 1760 2969; x_wconf 78' lang='lat' dir='ltr'>eunti</span> 
     </span>
    </p>
   </div>
   <div class='ocr_carea' id='block_1_4' title="bbox 435 3103 1766 5277">
    <p class='ocr_par' dir='ltr' id='par_1_4' title="bbox 435 3103 1766 5277">
     <span class='ocr_line' id='line_1_26' title="bbox 502 3103 1762 3173; baseline 0.002 -16"><span class='ocrx_word' id='word_1_241' title='bbox 502 3108 526 3157; x_wconf 93' lang='grc'><strong>4.</strong></span> <span class='ocrx_word' id='word_1_242' title='bbox 554 3107 677 3159; x_wconf 73' lang='lat' dir='ltr'>muccis</span> <span class='ocrx_word' id='word_1_243' title='bbox 698 3107 751 3158; x_wconf 89' lang='lat' dir='ltr'><strong>mei</strong></span> <span class='ocrx_word' id='word_1_244' title='bbox 771 3105 901 3173; x_wconf 87' lang='lat' dir='ltr'>plerique.</span> <span class='ocrx_word' id='word_1_245' title='bbox 925 3133 952 3143; x_wconf 90' lang='lat'>-</span> <span class='ocrx_word' id='word_1_246' title='bbox 978 3109 1005 3158; x_wconf 87' lang='grc'><strong>46</strong></span> <span class='ocrx_word' id='word_1_247' title='bbox 1026 3120 1079 3157; x_wconf 92' lang='lat' dir='ltr'>om.</span> <span class='ocrx_word' id='word_1_248' title='bbox 1104 3121 1121 3157; x_wconf 93' lang='lat' dir='ltr'>u</span> <span class='ocrx_word' id='word_1_249' title='bbox 1143 3109 1170 3157; x_wconf 91' lang='lat' dir='ltr'><strong>et</strong></span> <span class='ocrx_word' id='word_1_250' title='bbox 1192 3107 1225 3165; x_wconf 79' lang='lat' dir='ltr'><strong>l.;</strong></span> <span class='ocrx_word' id='word_1_251' title='bbox 1252 3118 1310 3171; x_wconf 89' lang='lat' dir='ltr'>sup.</span> <span class='ocrx_word' id='word_1_252' title='bbox 1335 3103 1432 3156; x_wconf 88' lang='lat' dir='ltr'>lineam</span> <span class='ocrx_word' id='word_1_253' title='bbox 1453 3105 1535 3157; x_wconf 87' lang='lat' dir='ltr'>habet</span> <span class='ocrx_word' id='word_1_254' title='bbox 1555 3121 1578 3157; x_wconf 90' lang='lat' dir='ltr'><strong>r.</strong></span> <span class='ocrx_word' id='word_1_255' title='bbox 1602 3133 1630 3145; x_wconf 90' lang='lat'><em>-</em></span> <span class='ocrx_word' id='word_1_256' title='bbox 1654 3108 1762 3160; x_wconf 75' lang='lat' dir='ltr'>bacelo-</span> 
     </span>
     <span class='ocr_line' id='line_1_27' title="bbox 437 3178 1763 3246; baseline 0.002 -13"><span class='ocrx_word' id='word_1_257' title='bbox 437 3182 502 3233; x_wconf 79' lang='lat' dir='ltr'>berie</span> <span class='ocrx_word' id='word_1_258' title='bbox 522 3182 541 3233; x_wconf 93' lang='lat' dir='ltr'>d</span> <span class='ocrx_word' id='word_1_259' title='bbox 557 3185 585 3234; x_wconf 89' lang='lat' dir='ltr'><strong>et</strong></span> <span class='ocrx_word' id='word_1_260' title='bbox 601 3196 619 3233; x_wconf 92' lang='lat' dir='ltr'>u</span> <span class='ocrx_word' id='word_1_261' title='bbox 635 3195 672 3233; x_wconf 94' lang='lat' dir='ltr'>m.</span> <span class='ocrx_word' id='word_1_262' title='bbox 691 3195 762 3243; x_wconf 85' lang='lat' dir='ltr'>scc.;</span> <span class='ocrx_word' id='word_1_263' title='bbox 782 3183 830 3233; x_wconf 88' lang='grc'><strong>666</strong></span> <span class='ocrx_word' id='word_1_264' title='bbox 845 3182 935 3234; x_wconf 76' lang='grc'><strong>666666</strong></span> <span class='ocrx_word' id='word_1_265' title='bbox 950 3185 962 3233; x_wconf 87' lang='grc'><strong>4</strong></span> <span class='ocrx_word' id='word_1_266' title='bbox 982 3181 1126 3245; x_wconf 77' lang='lat' dir='ltr'>(emicuere</span> <span class='ocrx_word' id='word_1_267' title='bbox 1142 3182 1194 3232; x_wconf 90' lang='lat' dir='ltr'><strong>mei</strong></span> <span class='ocrx_word' id='word_1_268' title='bbox 1212 3178 1349 3246; x_wconf 81' lang='lat' dir='ltr'>plerique).</span> <span class='ocrx_word' id='word_1_269' title='bbox 1368 3206 1396 3217; x_wconf 92' lang='lat'>-</span> <span class='ocrx_word' id='word_1_270' title='bbox 1414 3181 1442 3229; x_wconf 86' lang='grc'><strong>46</strong></span> <span class='ocrx_word' id='word_1_271' title='bbox 1456 3186 1507 3232; x_wconf 83' lang='lat' dir='ltr'>tcto</span> <span class='ocrx_word' id='word_1_272' title='bbox 1523 3180 1553 3233; x_wconf 84' lang='grc'><strong>6.</strong></span> <span class='ocrx_word' id='word_1_273' title='bbox 1572 3208 1601 3221; x_wconf 97' lang='grc'><strong>-</strong></span> <span class='ocrx_word' id='word_1_274' title='bbox 1619 3185 1645 3235; x_wconf 84' lang='grc'><strong>6.</strong></span> <span class='ocrx_word' id='word_1_275' title='bbox 1662 3190 1763 3236; x_wconf 71' lang='lat' dir='ltr'>tuorem</span> 
     </span>
     <span class='ocr_line' id='line_1_28' title="bbox 439 3255 1759 3324; baseline 0.003 -18"><span class='ocrx_word' id='word_1_276' title='bbox 439 3271 543 3307; x_wconf 85' lang='lat' dir='ltr'>numero</span> <span class='ocrx_word' id='word_1_277' title='bbox 560 3257 587 3308; x_wconf 96' lang='lat' dir='ltr'><strong>d.</strong></span> <span class='ocrx_word' id='word_1_278' title='bbox 602 3283 630 3295; x_wconf 92' lang='lat'>-</span> <span class='ocrx_word' id='word_1_279' title='bbox 649 3270 728 3321; x_wconf 78' lang='grc'><strong>66666</strong></span> <span class='ocrx_word' id='word_1_280' title='bbox 743 3258 793 3308; x_wconf 88' lang='grc'><strong>646.</strong></span> <span class='ocrx_word' id='word_1_281' title='bbox 811 3270 961 3321; x_wconf 77' lang='lat' dir='ltr'>quenquam</span> <span class='ocrx_word' id='word_1_282' title='bbox 977 3271 1001 3309; x_wconf 93' lang='lat' dir='ltr'><strong>c.</strong></span> <span class='ocrx_word' id='word_1_283' title='bbox 1016 3285 1043 3293; x_wconf 94' lang='lat'><em>-</em></span> <span class='ocrx_word' id='word_1_284' title='bbox 1062 3270 1107 3308; x_wconf 84' lang='grc'><strong>666</strong></span> <span class='ocrx_word' id='word_1_285' title='bbox 1123 3270 1174 3321; x_wconf 78' lang='lat' dir='ltr'><strong>yz.</strong></span> <span class='ocrx_word' id='word_1_286' title='bbox 1189 3282 1216 3293; x_wconf 94' lang='lat'><em>—</em></span> <span class='ocrx_word' id='word_1_287' title='bbox 1235 3255 1259 3306; x_wconf 90' lang='grc'><strong>3.</strong></span> <span class='ocrx_word' id='word_1_288' title='bbox 1272 3256 1315 3318; x_wconf 89' lang='grc'><strong>66]</strong></span> <span class='ocrx_word' id='word_1_289' title='bbox 1326 3256 1357 3306; x_wconf 83' lang='grc' dir='ltr'><strong>Κ.</strong></span> <span class='ocrx_word' id='word_1_290' title='bbox 1370 3256 1405 3305; x_wconf 87' lang='lat' dir='ltr'><strong>cd</strong></span> <span class='ocrx_word' id='word_1_291' title='bbox 1415 3267 1444 3316; x_wconf 88' lang='lat' dir='ltr'><strong>o;</strong></span> <span class='ocrx_word' id='word_1_292' title='bbox 1462 3257 1524 3308; x_wconf 86' lang='lat' dir='ltr'>hino</span> <span class='ocrx_word' id='word_1_293' title='bbox 1540 3256 1599 3308; x_wconf 84' lang='lat' dir='ltr'>loct.</span> <span class='ocrx_word' id='word_1_294' title='bbox 1613 3259 1638 3309; x_wconf 91' lang='lat' dir='ltr'><strong>in</strong></span> <span class='ocrx_word' id='word_1_295' title='bbox 1655 3261 1700 3324; x_wconf 74' lang='lat' dir='ltr'><strong>lg.</strong></span> <span class='ocrx_word' id='word_1_296' title='bbox 1713 3261 1759 3312; x_wconf 77' lang='lat'><strong>53:</strong></span> 
     </span>
     <span class='ocr_line' id='line_1_29' title="bbox 439 3330 1759 3397; baseline 0.002 -14"><span class='ocrx_word' id='word_1_297' title='bbox 439 3333 552 3383; x_wconf 77' lang='lat' dir='ltr'>Cctdiuo</span> <span class='ocrx_word' id='word_1_298' title='bbox 568 3333 611 3382; x_wconf 89' lang='grc'><strong>66.</strong></span> <span class='ocrx_word' id='word_1_299' title='bbox 632 3359 659 3370; x_wconf 95' lang='grc'><strong>-</strong></span> <span class='ocrx_word' id='word_1_300' title='bbox 686 3333 723 3382; x_wconf 83' lang='lat' dir='ltr'>illi</span> <span class='ocrx_word' id='word_1_301' title='bbox 738 3332 850 3383; x_wconf 81' lang='grc'><strong>66666644</strong></span> <span class='ocrx_word' id='word_1_302' title='bbox 866 3332 892 3383; x_wconf 86' lang='grc'><strong>6.</strong></span> <span class='ocrx_word' id='word_1_303' title='bbox 913 3359 940 3368; x_wconf 95' lang='grc'><strong>-</strong></span> <span class='ocrx_word' id='word_1_304' title='bbox 967 3333 1076 3383; x_wconf 78' lang='lat' dir='ltr'>suetidi</span> <span class='ocrx_word' id='word_1_305' title='bbox 1093 3335 1169 3382; x_wconf 78' lang='lat' dir='ltr'>ein.</span> <span class='ocrx_word' id='word_1_306' title='bbox 1189 3359 1217 3369; x_wconf 92' lang='lat'><em>-</em></span> <span class='ocrx_word' id='word_1_307' title='bbox 1243 3330 1268 3383; x_wconf 86' lang='lat' dir='ltr'><strong>l.</strong></span> <span class='ocrx_word' id='word_1_308' title='bbox 1286 3346 1336 3381; x_wconf 91' lang='grc'><strong>666</strong></span> <span class='ocrx_word' id='word_1_309' title='bbox 1355 3331 1598 3397; x_wconf 77' lang='grc'><strong>464664·-64644666</strong></span> <span class='ocrx_word' id='word_1_310' title='bbox 1613 3347 1667 3385; x_wconf 93' lang='lat' dir='ltr'>om.</span> <span class='ocrx_word' id='word_1_311' title='bbox 1685 3349 1712 3395; x_wconf 77' lang='grc' dir='ltr'><strong>ς.</strong></span> <span class='ocrx_word' id='word_1_312' title='bbox 1731 3362 1759 3373; x_wconf 92' lang='grc'>-</span> 
     </span>
     <span class='ocr_line' id='line_1_30' title="bbox 435 3405 1763 3471; baseline 0.006 -16"><span class='ocrx_word' id='word_1_313' title='bbox 435 3421 486 3456; x_wconf 90' lang='grc'><strong>666</strong></span> <span class='ocrx_word' id='word_1_314' title='bbox 501 3407 575 3456; x_wconf 84' lang='lat' dir='ltr'>modo</span> <span class='ocrx_word' id='word_1_315' title='bbox 591 3407 615 3456; x_wconf 82' lang='lat' dir='ltr'>V</span> <span class='ocrx_word' id='word_1_316' title='bbox 630 3408 675 3471; x_wconf 65' lang='grc' dir='ltr'><strong>ις.</strong></span> <span class='ocrx_word' id='word_1_317' title='bbox 694 3409 735 3458; x_wconf 86' lang='grc'><strong>66.</strong></span> <span class='ocrx_word' id='word_1_318' title='bbox 754 3408 795 3458; x_wconf 77' lang='lat' dir='ltr'><strong>at.</strong></span> <span class='ocrx_word' id='word_1_319' title='bbox 814 3406 875 3469; x_wconf 85' lang='lat' dir='ltr'>soli,</span> <span class='ocrx_word' id='word_1_320' title='bbox 903 3410 960 3459; x_wconf 86' lang='lat' dir='ltr'><strong>LO.</strong></span> <span class='ocrx_word' id='word_1_321' title='bbox 986 3437 1014 3445; x_wconf 95' lang='lat'>—</span> <span class='ocrx_word' id='word_1_322' title='bbox 1041 3407 1257 3466; x_wconf 61' lang='lat' dir='ltr'>dimidietatem</span> <span class='ocrx_word' id='word_1_323' title='bbox 1283 3405 1453 3456; x_wconf 76' lang='lat' dir='ltr'>insidiandum</span> <span class='ocrx_word' id='word_1_324' title='bbox 1468 3406 1518 3470; x_wconf 78' lang='lat' dir='ltr'><strong>iq3</strong></span> <span class='ocrx_word' id='word_1_325' title='bbox 1544 3408 1579 3457; x_wconf 89' lang='grc'><strong>66</strong></span> <span class='ocrx_word' id='word_1_326' title='bbox 1593 3409 1763 3462; x_wconf 70' lang='grc'><strong>4646666666</strong></span> 
     </span>
     <span class='ocr_line' id='line_1_31' title="bbox 435 3480 1761 3551; baseline 0.003 -18"><span class='ocrx_word' id='word_1_327' title='bbox 435 3482 602 3545; x_wconf 82' lang='lat' dir='ltr'>BdezL.</span> <span class='ocrx_word' id='word_1_328' title='bbox 618 3508 645 3517; x_wconf 91' lang='lat'>-</span> <span class='ocrx_word' id='word_1_329' title='bbox 665 3483 689 3533; x_wconf 96' lang='grc'><strong>6.</strong></span> <span class='ocrx_word' id='word_1_330' title='bbox 708 3484 845 3533; x_wconf 83' lang='lat' dir='ltr'>occisorum</span> <span class='ocrx_word' id='word_1_331' title='bbox 860 3482 1036 3548; x_wconf 83' lang='lat' dir='ltr'>hgioqsx,</span> <span class='ocrx_word' id='word_1_332' title='bbox 1055 3480 1201 3533; x_wconf 81' lang='grc'><strong>76144666.</strong></span> <span class='ocrx_word' id='word_1_333' title='bbox 1214 3483 1303 3546; x_wconf 65' lang='lat' dir='ltr'>lagg,</span> <span class='ocrx_word' id='word_1_334' title='bbox 1322 3481 1383 3543; x_wconf 82' lang='lat' dir='ltr'><strong>Lo,</strong></span> <span class='ocrx_word' id='word_1_335' title='bbox 1402 3494 1470 3545; x_wconf 87' lang='lat' dir='ltr'>quoe</span> <span class='ocrx_word' id='word_1_336' title='bbox 1487 3480 1565 3534; x_wconf 87' lang='lat' dir='ltr'>lectio</span> <span class='ocrx_word' id='word_1_337' title='bbox 1583 3487 1761 3551; x_wconf 83' lang='lat' dir='ltr'>exscriptore</span> 
     </span>
     <span class='ocr_line' id='line_1_32' title="bbox 438 3555 1763 3621; baseline 0.002 -11"><span class='ocrx_word' id='word_1_338' title='bbox 438 3560 578 3610; x_wconf 73' lang='lat' dir='ltr'>ociosorum</span> <span class='ocrx_word' id='word_1_339' title='bbox 594 3560 656 3607; x_wconf 89' lang='lat' dir='ltr'>nata</span> <span class='ocrx_word' id='word_1_340' title='bbox 674 3560 724 3607; x_wconf 87' lang='lat' dir='ltr'>est.</span> <span class='ocrx_word' id='word_1_341' title='bbox 745 3584 772 3593; x_wconf 92' lang='lat'><em>-</em></span> <span class='ocrx_word' id='word_1_342' title='bbox 791 3565 861 3608; x_wconf 78' lang='lat' dir='ltr'>tuom</span> <span class='ocrx_word' id='word_1_343' title='bbox 877 3559 947 3608; x_wconf 78' lang='lat' dir='ltr'>idom</span> <span class='ocrx_word' id='word_1_344' title='bbox 961 3559 1055 3621; x_wconf 79' lang='lat' dir='ltr'>praeci.</span> <span class='ocrx_word' id='word_1_345' title='bbox 1074 3556 1330 3621; x_wconf 76' lang='lat' dir='ltr'>Boeglroqryz,</span> <span class='ocrx_word' id='word_1_346' title='bbox 1348 3557 1363 3605; x_wconf 78' lang='lat'><strong>7</strong></span> <span class='ocrx_word' id='word_1_347' title='bbox 1380 3555 1422 3607; x_wconf 87' lang='lat' dir='ltr'>alii</span> <span class='ocrx_word' id='word_1_348' title='bbox 1439 3558 1517 3621; x_wconf 76' lang='lat' dir='ltr'>lagg.</span> <span class='ocrx_word' id='word_1_349' title='bbox 1535 3557 1674 3612; x_wconf 85' lang='lat' dir='ltr'>mellores:</span> <span class='ocrx_word' id='word_1_350' title='bbox 1692 3567 1763 3613; x_wconf 77' lang='lat' dir='ltr'>moen</span> 
     </span>
     <span class='ocr_line' id='line_1_33' title="bbox 435 3629 1760 3697; baseline 0.005 -15"><span class='ocrx_word' id='word_1_351' title='bbox 435 3633 530 3697; x_wconf 82' lang='lat' dir='ltr'>praeci.</span> <span class='ocrx_word' id='word_1_352' title='bbox 547 3631 664 3691; x_wconf 83' lang='lat' dir='ltr'>illomh;</span> <span class='ocrx_word' id='word_1_353' title='bbox 683 3632 753 3682; x_wconf 81' lang='grc'><strong>44666</strong></span> <span class='ocrx_word' id='word_1_354' title='bbox 769 3638 839 3683; x_wconf 83' lang='lat' dir='ltr'>tuom</span> <span class='ocrx_word' id='word_1_355' title='bbox 852 3633 1158 3696; x_wconf 75' lang='lat' dir='ltr'>praeclhcisluux,</span> <span class='ocrx_word' id='word_1_356' title='bbox 1176 3634 1221 3695; x_wconf 65' lang='grc' dir='ltr'><strong>ις.</strong></span> <span class='ocrx_word' id='word_1_357' title='bbox 1236 3631 1276 3682; x_wconf 91' lang='grc'><strong>46.</strong></span> <span class='ocrx_word' id='word_1_358' title='bbox 1288 3629 1333 3689; x_wconf 85' lang='grc'><strong>43;</strong></span> <span class='ocrx_word' id='word_1_359' title='bbox 1351 3631 1529 3696; x_wconf 73' lang='grc'><strong>6466666664.</strong></span> <span class='ocrx_word' id='word_1_360' title='bbox 1541 3637 1613 3685; x_wconf 84' lang='lat' dir='ltr'>tuom</span> <span class='ocrx_word' id='word_1_361' title='bbox 1628 3634 1760 3689; x_wconf 82' lang='lat' dir='ltr'>leLO.</span> 
     </span>
     <span class='ocr_line' id='line_1_34' title="bbox 439 3706 1764 3774; baseline 0.005 -18"><span class='ocrx_word' id='word_1_362' title='bbox 439 3736 466 3744; x_wconf 99' lang='lat'><em>-</em></span> <span class='ocrx_word' id='word_1_363' title='bbox 486 3707 661 3758; x_wconf 80' lang='lat' dir='ltr'>abstinentium</span> <span class='ocrx_word' id='word_1_364' title='bbox 675 3707 782 3771; x_wconf 82' lang='lat' dir='ltr'><strong>quz.</strong></span> <span class='ocrx_word' id='word_1_365' title='bbox 804 3735 831 3744; x_wconf 99' lang='lat'>-</span> <span class='ocrx_word' id='word_1_366' title='bbox 854 3706 879 3758; x_wconf 79' lang='lat'><strong>7.</strong></span> <span class='ocrx_word' id='word_1_367' title='bbox 898 3708 1008 3759; x_wconf 81' lang='lat' dir='ltr'>omnium</span> <span class='ocrx_word' id='word_1_368' title='bbox 1028 3723 1114 3760; x_wconf 84' lang='lat' dir='ltr'>rerum</span> <span class='ocrx_word' id='word_1_369' title='bbox 1131 3709 1281 3774; x_wconf 78' lang='lat' dir='ltr'>dcqryz.</span> <span class='ocrx_word' id='word_1_370' title='bbox 1308 3734 1335 3747; x_wconf 93' lang='lat'><em>-</em></span> <span class='ocrx_word' id='word_1_371' title='bbox 1362 3709 1387 3760; x_wconf 87' lang='lat'><strong>8.</strong></span> <span class='ocrx_word' id='word_1_372' title='bbox 1412 3710 1499 3760; x_wconf 80' lang='grc'><strong>6664464</strong></span> <span class='ocrx_word' id='word_1_373' title='bbox 1518 3708 1576 3760; x_wconf 89' lang='lat' dir='ltr'><strong>bs:</strong></span> <span class='ocrx_word' id='word_1_374' title='bbox 1602 3723 1653 3762; x_wconf 78' lang='lat' dir='ltr'>csse</span> <span class='ocrx_word' id='word_1_375' title='bbox 1675 3711 1764 3762; x_wconf 79' lang='grc'><strong>6664466</strong></span> 
     </span>
     <span class='ocr_line' id='line_1_35' title="bbox 437 3781 1760 3849; baseline 0.005 -18"><span class='ocrx_word' id='word_1_376' title='bbox 437 3783 528 3842; x_wconf 74' lang='lat' dir='ltr'>uio,</span> <span class='ocrx_word' id='word_1_377' title='bbox 552 3782 600 3833; x_wconf 86' lang='lat' dir='ltr'><strong>sed</strong></span> <span class='ocrx_word' id='word_1_378' title='bbox 624 3785 732 3833; x_wconf 83' lang='lat' dir='ltr'>estesse</span> <span class='ocrx_word' id='word_1_379' title='bbox 749 3781 775 3832; x_wconf 89' lang='lat' dir='ltr'><strong>ln</strong></span> <span class='ocrx_word' id='word_1_380' title='bbox 792 3795 814 3833; x_wconf 81' lang='lat' dir='ltr'>u</span> <span class='ocrx_word' id='word_1_381' title='bbox 831 3794 890 3845; x_wconf 87' lang='lat' dir='ltr'>sup.</span> <span class='ocrx_word' id='word_1_382' title='bbox 909 3781 953 3833; x_wconf 88' lang='lat' dir='ltr'>liu.</span> <span class='ocrx_word' id='word_1_383' title='bbox 976 3784 1021 3846; x_wconf 83' lang='lat' dir='ltr'><strong>(Ex</strong></span> <span class='ocrx_word' id='word_1_384' title='bbox 1039 3786 1117 3849; x_wconf 76' lang='lat' dir='ltr'>lagg.</span> <span class='ocrx_word' id='word_1_385' title='bbox 1136 3783 1208 3834; x_wconf 89' lang='lat' dir='ltr'>nulla</span> <span class='ocrx_word' id='word_1_386' title='bbox 1225 3784 1340 3835; x_wconf 78' lang='lat' dir='ltr'>venetas</span> <span class='ocrx_word' id='word_1_387' title='bbox 1356 3785 1487 3849; x_wconf 81' lang='lat' dir='ltr'>exscripta</span> <span class='ocrx_word' id='word_1_388' title='bbox 1504 3784 1563 3846; x_wconf 88' lang='lat' dir='ltr'>est.)</span> <span class='ocrx_word' id='word_1_389' title='bbox 1582 3810 1610 3822; x_wconf 89' lang='lat'>-</span> <span class='ocrx_word' id='word_1_390' title='bbox 1637 3790 1690 3836; x_wconf 86' lang='lat' dir='ltr'>tum</span> <span class='ocrx_word' id='word_1_391' title='bbox 1706 3799 1760 3837; x_wconf 93' lang='lat' dir='ltr'>cm.</span> 
     </span>
     <span class='ocr_line' id='line_1_36' title="bbox 436 3853 1761 3927; baseline 0.005 -21"><span class='ocrx_word' id='word_1_392' title='bbox 436 3855 700 3920; x_wconf 79' lang='lat' dir='ltr'>bilrsluuxyz‚</span> <span class='ocrx_word' id='word_1_393' title='bbox 721 3856 764 3920; x_wconf 71' lang='lat' dir='ltr'><strong>ug.</strong></span> <span class='ocrx_word' id='word_1_394' title='bbox 784 3853 825 3907; x_wconf 88' lang='grc'><strong>43.</strong></span> <span class='ocrx_word' id='word_1_395' title='bbox 843 3857 884 3906; x_wconf 89' lang='grc'><strong>66.</strong></span> <span class='ocrx_word' id='word_1_396' title='bbox 903 3857 944 3907; x_wconf 80' lang='grc'><strong>67.</strong></span> <span class='ocrx_word' id='word_1_397' title='bbox 963 3861 990 3908; x_wconf 83' lang='grc'><strong>64</strong></span> <span class='ocrx_word' id='word_1_398' title='bbox 1006 3860 1141 3912; x_wconf 85' lang='lat' dir='ltr'>Charisius</span> <span class='ocrx_word' id='word_1_399' title='bbox 1157 3874 1184 3926; x_wconf 90' lang='lat' dir='ltr'><strong>p.</strong></span> <span class='ocrx_word' id='word_1_400' title='bbox 1203 3859 1259 3910; x_wconf 90' lang='grc'><strong>436.</strong></span> <span class='ocrx_word' id='word_1_401' title='bbox 1279 3859 1368 3920; x_wconf 80' lang='lat' dir='ltr'>Lind.;</span> <span class='ocrx_word' id='word_1_402' title='bbox 1394 3865 1448 3910; x_wconf 80' lang='grc'><strong>4666</strong></span> <span class='ocrx_word' id='word_1_403' title='bbox 1464 3860 1490 3910; x_wconf 86' lang='grc'><strong>46</strong></span> <span class='ocrx_word' id='word_1_404' title='bbox 1506 3859 1553 3924; x_wconf 79' lang='lat' dir='ltr'><strong>Lg.</strong></span> <span class='ocrx_word' id='word_1_405' title='bbox 1571 3857 1595 3910; x_wconf 89' lang='grc'><strong>3.</strong></span> <span class='ocrx_word' id='word_1_406' title='bbox 1615 3863 1642 3910; x_wconf 84' lang='grc'><strong>64</strong></span> <span class='ocrx_word' id='word_1_407' title='bbox 1658 3861 1682 3912; x_wconf 87' lang='grc'><strong>6.</strong></span> <span class='ocrx_word' id='word_1_408' title='bbox 1701 3874 1761 3927; x_wconf 90' lang='lat' dir='ltr'>sup.</span> 
     </span>
     <span class='ocr_line' id='line_1_37' title="bbox 437 3930 1758 4000; baseline 0.004 -18"><span class='ocrx_word' id='word_1_409' title='bbox 437 3930 481 3983; x_wconf 82' lang='lat' dir='ltr'>liu.</span> <span class='ocrx_word' id='word_1_410' title='bbox 501 3934 555 3992; x_wconf 86' lang='lat' dir='ltr'>est;</span> <span class='ocrx_word' id='word_1_411' title='bbox 574 3931 622 3982; x_wconf 87' lang='lat' dir='ltr'><strong>sed</strong></span> <span class='ocrx_word' id='word_1_412' title='bbox 634 3931 756 3982; x_wconf 77' lang='lat' dir='ltr'>firmatur</span> <span class='ocrx_word' id='word_1_413' title='bbox 766 3943 781 3981; x_wconf 91' lang='lat' dir='ltr'>a</span> <span class='ocrx_word' id='word_1_414' title='bbox 792 3930 921 3983; x_wconf 89' lang='lat' dir='ltr'>Diomede</span> <span class='ocrx_word' id='word_1_415' title='bbox 939 3945 965 3996; x_wconf 94' lang='lat' dir='ltr'><strong>p.</strong></span> <span class='ocrx_word' id='word_1_416' title='bbox 979 3934 1046 3995; x_wconf 87' lang='grc'><strong>386,</strong></span> <span class='ocrx_word' id='word_1_417' title='bbox 1060 3937 1136 3986; x_wconf 87' lang='lat' dir='ltr'>cuius</span> <span class='ocrx_word' id='word_1_418' title='bbox 1153 3934 1231 3985; x_wconf 87' lang='lat' dir='ltr'>codd.</span> <span class='ocrx_word' id='word_1_419' title='bbox 1244 3938 1369 4000; x_wconf 83' lang='lat' dir='ltr'>corrupte</span> <span class='ocrx_word' id='word_1_420' title='bbox 1386 3935 1486 3986; x_wconf 76' lang='lat' dir='ltr'>liabent</span> <span class='ocrx_word' id='word_1_421' title='bbox 1498 3935 1638 3998; x_wconf 70' lang='lat' dir='ltr'>protectum</span> <span class='ocrx_word' id='word_1_422' title='bbox 1654 3949 1719 3987; x_wconf 78' lang='lat' dir='ltr'>men.</span> <span class='ocrx_word' id='word_1_423' title='bbox 1731 3962 1758 3972; x_wconf 93' lang='lat'>-</span> 
     </span>
     <span class='ocr_line' id='line_1_38' title="bbox 436 4005 1763 4074; baseline 0.005 -18"><span class='ocrx_word' id='word_1_424' title='bbox 436 4007 534 4070; x_wconf 76' lang='lat' dir='ltr'>reppuli</span> <span class='ocrx_word' id='word_1_425' title='bbox 551 4006 699 4067; x_wconf 79' lang='lat' dir='ltr'>dienru,</span> <span class='ocrx_word' id='word_1_426' title='bbox 718 4006 867 4068; x_wconf 82' lang='lat' dir='ltr'>Charisius,</span> <span class='ocrx_word' id='word_1_427' title='bbox 886 4005 946 4057; x_wconf 93' lang='lat' dir='ltr'>cod.</span> <span class='ocrx_word' id='word_1_428' title='bbox 959 4008 1061 4059; x_wconf 83' lang='lat' dir='ltr'>lionae.</span> <span class='ocrx_word' id='word_1_429' title='bbox 1073 4010 1226 4061; x_wconf 83' lang='lat' dir='ltr'>Diomedia:</span> <span class='ocrx_word' id='word_1_430' title='bbox 1245 4011 1326 4073; x_wconf 82' lang='lat' dir='ltr'>repuli</span> <span class='ocrx_word' id='word_1_431' title='bbox 1342 4012 1405 4070; x_wconf 83' lang='grc' dir='ltr'><strong>44ος</strong></span> <span class='ocrx_word' id='word_1_432' title='bbox 1423 4011 1505 4074; x_wconf 81' lang='lat' dir='ltr'>depuli</span> <span class='ocrx_word' id='word_1_433' title='bbox 1516 4012 1544 4062; x_wconf 85' lang='lat' dir='ltr'><strong>l..</strong></span> <span class='ocrx_word' id='word_1_434' title='bbox 1560 4037 1588 4047; x_wconf 94' lang='lat'><em>-</em></span> <span class='ocrx_word' id='word_1_435' title='bbox 1606 4010 1630 4063; x_wconf 85' lang='grc'><strong>9.</strong></span> <span class='ocrx_word' id='word_1_436' title='bbox 1642 4017 1763 4074; x_wconf 79' lang='lat' dir='ltr'>ternptcre</span> 
     </span>
     <span class='ocr_line' id='line_1_39' title="bbox 439 4079 1761 4150; baseline 0.004 -17"><span class='ocrx_word' id='word_1_437' title='bbox 439 4083 492 4133; x_wconf 91' lang='lat' dir='ltr'><strong>mci</strong></span> <span class='ocrx_word' id='word_1_438' title='bbox 509 4079 639 4146; x_wconf 85' lang='lat' dir='ltr'>plerique.</span> <span class='ocrx_word' id='word_1_439' title='bbox 659 4106 686 4116; x_wconf 88' lang='lat'>-</span> <span class='ocrx_word' id='word_1_440' title='bbox 706 4081 792 4131; x_wconf 81' lang='grc'><strong>666464</strong></span> <span class='ocrx_word' id='word_1_441' title='bbox 807 4093 860 4131; x_wconf 88' lang='lat' dir='ltr'>om.</span> <span class='ocrx_word' id='word_1_442' title='bbox 880 4095 906 4133; x_wconf 91' lang='lat' dir='ltr'><strong>u.</strong></span> <span class='ocrx_word' id='word_1_443' title='bbox 926 4107 954 4117; x_wconf 96' lang='lat'>-</span> <span class='ocrx_word' id='word_1_444' title='bbox 970 4096 1054 4145; x_wconf 82' lang='lat' dir='ltr'>posses</span> <span class='ocrx_word' id='word_1_445' title='bbox 1069 4098 1123 4134; x_wconf 75' lang='grc'><strong>6666</strong></span> <span class='ocrx_word' id='word_1_446' title='bbox 1136 4098 1163 4148; x_wconf 88' lang='lat' dir='ltr'><strong>p.</strong></span> <span class='ocrx_word' id='word_1_447' title='bbox 1183 4086 1217 4145; x_wconf 80' lang='lat' dir='ltr'><strong>C3</strong></span> <span class='ocrx_word' id='word_1_448' title='bbox 1235 4100 1289 4137; x_wconf 80' lang='lat' dir='ltr'>rens</span> <span class='ocrx_word' id='word_1_449' title='bbox 1301 4100 1330 4150; x_wconf 86' lang='lat' dir='ltr'><strong>p.</strong></span> <span class='ocrx_word' id='word_1_450' title='bbox 1345 4087 1425 4150; x_wconf 80' lang='lat' dir='ltr'>possis</span> <span class='ocrx_word' id='word_1_451' title='bbox 1440 4085 1541 4137; x_wconf 87' lang='lat' dir='ltr'>bcds.</span> <span class='ocrx_word' id='word_1_452' title='bbox 1560 4113 1587 4122; x_wconf 96' lang='lat'><em>-</em></span> <span class='ocrx_word' id='word_1_453' title='bbox 1606 4089 1646 4138; x_wconf 83' lang='lat' dir='ltr'><strong>to.</strong></span> <span class='ocrx_word' id='word_1_454' title='bbox 1664 4089 1691 4138; x_wconf 89' lang='lat' dir='ltr'><strong>id</strong></span> <span class='ocrx_word' id='word_1_455' title='bbox 1706 4101 1761 4139; x_wconf 90' lang='lat' dir='ltr'>om.</span> 
     </span>
     <span class='ocr_line' id='line_1_40' title="bbox 438 4155 1761 4227; baseline 0.006 -21"><span class='ocrx_word' id='word_1_456' title='bbox 438 4170 462 4221; x_wconf 80' lang='lat' dir='ltr'><strong>g.</strong></span> <span class='ocrx_word' id='word_1_457' title='bbox 482 4182 510 4192; x_wconf 95' lang='lat'><em>-</em></span> <span class='ocrx_word' id='word_1_458' title='bbox 530 4155 686 4218; x_wconf 68' lang='lat' dir='ltr'>etthesg:</span> <span class='ocrx_word' id='word_1_459' title='bbox 713 4162 773 4207; x_wconf 75' lang='lat' dir='ltr'>esset</span> <span class='ocrx_word' id='word_1_460' title='bbox 790 4157 867 4207; x_wconf 84' lang='lat' dir='ltr'><strong>RLo</strong></span> <span class='ocrx_word' id='word_1_461' title='bbox 882 4158 998 4221; x_wconf 77' lang='lat' dir='ltr'>(Lagom.</span> <span class='ocrx_word' id='word_1_462' title='bbox 1017 4159 1051 4210; x_wconf 88' lang='lat' dir='ltr'><strong>de</strong></span> <span class='ocrx_word' id='word_1_463' title='bbox 1068 4161 1123 4211; x_wconf 87' lang='lat' dir='ltr'>suis</span> <span class='ocrx_word' id='word_1_464' title='bbox 1140 4160 1228 4223; x_wconf 86' lang='lat' dir='ltr'>tacet).</span> <span class='ocrx_word' id='word_1_465' title='bbox 1248 4187 1276 4198; x_wconf 92' lang='lat'><em>-</em></span> <span class='ocrx_word' id='word_1_466' title='bbox 1295 4162 1340 4212; x_wconf 79' lang='lat' dir='ltr'><strong>aba</strong></span> <span class='ocrx_word' id='word_1_467' title='bbox 1355 4168 1379 4213; x_wconf 85' lang='lat' dir='ltr'><strong>te</strong></span> <span class='ocrx_word' id='word_1_468' title='bbox 1395 4160 1637 4224; x_wconf 78' lang='lat' dir='ltr'>Cbcllstuux,</span> <span class='ocrx_word' id='word_1_469' title='bbox 1657 4165 1701 4227; x_wconf 69' lang='grc'><strong>63.</strong></span> <span class='ocrx_word' id='word_1_470' title='bbox 1719 4163 1761 4214; x_wconf 91' lang='grc'><strong>46.</strong></span> 
     </span>
     <span class='ocr_line' id='line_1_41' title="bbox 438 4231 1762 4300; baseline 0.003 -16"><span class='ocrx_word' id='word_1_471' title='bbox 438 4233 478 4284; x_wconf 87' lang='grc'><strong>43.</strong></span> <span class='ocrx_word' id='word_1_472' title='bbox 497 4231 538 4284; x_wconf 92' lang='grc'><strong>46.</strong></span> <span class='ocrx_word' id='word_1_473' title='bbox 557 4232 604 4282; x_wconf 79' lang='grc' dir='ltr'><strong>66ι</strong></span> <span class='ocrx_word' id='word_1_474' title='bbox 626 4245 643 4281; x_wconf 90' lang='grc'><strong>6</strong></span> <span class='ocrx_word' id='word_1_475' title='bbox 659 4236 682 4282; x_wconf 90' lang='lat' dir='ltr'><strong>te</strong></span> <span class='ocrx_word' id='word_1_476' title='bbox 698 4233 785 4282; x_wconf 84' lang='lat' dir='ltr'>RLO.</span> <span class='ocrx_word' id='word_1_477' title='bbox 806 4258 834 4268; x_wconf 94' lang='lat'><em>-</em></span> <span class='ocrx_word' id='word_1_478' title='bbox 852 4238 989 4296; x_wconf 77' lang='grc'><strong>6666664666</strong></span> <span class='ocrx_word' id='word_1_479' title='bbox 1006 4236 1050 4285; x_wconf 91' lang='lat' dir='ltr'><strong>tu.</strong></span> <span class='ocrx_word' id='word_1_480' title='bbox 1071 4261 1098 4271; x_wconf 95' lang='lat'><em>-</em></span> <span class='ocrx_word' id='word_1_481' title='bbox 1127 4236 1167 4285; x_wconf 85' lang='grc'><strong>46.</strong></span> <span class='ocrx_word' id='word_1_482' title='bbox 1183 4237 1285 4299; x_wconf 73' lang='lat' dir='ltr'>petrice</span> <span class='ocrx_word' id='word_1_483' title='bbox 1300 4251 1324 4300; x_wconf 82' lang='grc'><strong>6.</strong></span> <span class='ocrx_word' id='word_1_484' title='bbox 1340 4251 1382 4300; x_wconf 85' lang='lat' dir='ltr'><strong>pr.</strong></span> <span class='ocrx_word' id='word_1_485' title='bbox 1400 4238 1493 4287; x_wconf 77' lang='grc'><strong>4664666</strong></span> <span class='ocrx_word' id='word_1_486' title='bbox 1510 4236 1537 4286; x_wconf 90' lang='grc'><strong>6.</strong></span> <span class='ocrx_word' id='word_1_487' title='bbox 1558 4263 1585 4272; x_wconf 91' lang='grc'>-</span> <span class='ocrx_word' id='word_1_488' title='bbox 1612 4236 1652 4288; x_wconf 97' lang='grc'><strong>43.</strong></span> <span class='ocrx_word' id='word_1_489' title='bbox 1671 4251 1762 4300; x_wconf 82' lang='lat' dir='ltr'>quaero</span> 
     </span>
     <span class='ocr_line' id='line_1_42' title="bbox 435 4307 1764 4375; baseline 0.004 -16"><span class='ocrx_word' id='word_1_490' title='bbox 435 4307 555 4371; x_wconf 84' lang='lat' dir='ltr'>percipite</span> <span class='ocrx_word' id='word_1_491' title='bbox 570 4308 612 4357; x_wconf 83' lang='lat' dir='ltr'><strong>rt.</strong></span> <span class='ocrx_word' id='word_1_492' title='bbox 633 4332 660 4342; x_wconf 90' lang='lat'>-</span> <span class='ocrx_word' id='word_1_493' title='bbox 678 4307 808 4372; x_wconf 67' lang='lat' dir='ltr'>diligenter</span> <span class='ocrx_word' id='word_1_494' title='bbox 824 4321 915 4371; x_wconf 80' lang='grc'><strong>666666</strong></span> <span class='ocrx_word' id='word_1_495' title='bbox 934 4324 965 4369; x_wconf 86' lang='grc'><strong>6;</strong></span> <span class='ocrx_word' id='word_1_496' title='bbox 989 4311 1119 4374; x_wconf 76' lang='grc'><strong>6444666466</strong></span> <span class='ocrx_word' id='word_1_497' title='bbox 1134 4323 1187 4361; x_wconf 91' lang='lat' dir='ltr'>om.</span> <span class='ocrx_word' id='word_1_498' title='bbox 1205 4326 1254 4373; x_wconf 72' lang='lat' dir='ltr'><strong>ac.</strong></span> <span class='ocrx_word' id='word_1_499' title='bbox 1276 4339 1303 4348; x_wconf 97' lang='lat'>-</span> <span class='ocrx_word' id='word_1_500' title='bbox 1326 4311 1367 4364; x_wconf 93' lang='grc'><strong>44.</strong></span> <span class='ocrx_word' id='word_1_501' title='bbox 1384 4312 1504 4363; x_wconf 75' lang='lat' dir='ltr'>mentibus</span> <span class='ocrx_word' id='word_1_502' title='bbox 1522 4312 1610 4361; x_wconf 80' lang='lat' dir='ltr'>uestris</span> <span class='ocrx_word' id='word_1_503' title='bbox 1626 4313 1764 4375; x_wconf 69' lang='lat' dir='ltr'>animitate</span> 
     </span>
     <span class='ocr_line' id='line_1_43' title="bbox 439 4382 1761 4453; baseline 0.005 -21"><span class='ocrx_word' id='word_1_504' title='bbox 439 4384 464 4433; x_wconf 89' lang='lat' dir='ltr'><strong>d.</strong></span> <span class='ocrx_word' id='word_1_505' title='bbox 485 4409 514 4420; x_wconf 93' lang='lat'><strong>·-</strong></span> <span class='ocrx_word' id='word_1_506' title='bbox 533 4382 677 4432; x_wconf 77' lang='lat' dir='ltr'><strong>illenimn</strong></span> <span class='ocrx_word' id='word_1_507' title='bbox 689 4382 749 4444; x_wconf 81' lang='lat' dir='ltr'>quid</span> <span class='ocrx_word' id='word_1_508' title='bbox 773 4384 829 4448; x_wconf 78' lang='lat' dir='ltr'>opis</span> <span class='ocrx_word' id='word_1_509' title='bbox 853 4384 930 4434; x_wconf 82' lang='lat' dir='ltr'>allent</span> <span class='ocrx_word' id='word_1_510' title='bbox 951 4383 1124 4445; x_wconf 85' lang='lat' dir='ltr'>Quintilianus</span> <span class='ocrx_word' id='word_1_511' title='bbox 1140 4385 1182 4436; x_wconf 77' lang='lat' dir='ltr'><strong>lx.</strong></span> <span class='ocrx_word' id='word_1_512' title='bbox 1200 4386 1230 4447; x_wconf 98' lang='grc'><strong>6,</strong></span> <span class='ocrx_word' id='word_1_513' title='bbox 1249 4386 1289 4437; x_wconf 81' lang='grc'><strong>36.</strong></span> <span class='ocrx_word' id='word_1_514' title='bbox 1314 4413 1341 4422; x_wconf 91' lang='grc'>-</span> <span class='ocrx_word' id='word_1_515' title='bbox 1370 4388 1410 4437; x_wconf 97' lang='grc'><strong>46.</strong></span> <span class='ocrx_word' id='word_1_516' title='bbox 1429 4393 1464 4438; x_wconf 76' lang='lat' dir='ltr'><strong>eat</strong></span> <span class='ocrx_word' id='word_1_517' title='bbox 1480 4390 1491 4437; x_wconf 88' lang='lat' dir='ltr'>t</span> <span class='ocrx_word' id='word_1_518' title='bbox 1506 4385 1589 4437; x_wconf 88' lang='lat' dir='ltr'>habet</span> <span class='ocrx_word' id='word_1_519' title='bbox 1609 4391 1672 4453; x_wconf 87' lang='lat' dir='ltr'>post</span> <span class='ocrx_word' id='word_1_520' title='bbox 1686 4388 1761 4448; x_wconf 80' lang='grc'><strong>66464,</strong></span> 
     </span>
     <span class='ocr_line' id='line_1_44' title="bbox 438 4456 1763 4524; baseline 0.005 -17"><span class='ocrx_word' id='word_1_521' title='bbox 438 4470 539 4520; x_wconf 77' lang='lat' dir='ltr'>oryz,</span> <span class='ocrx_word' id='word_1_522' title='bbox 558 4459 603 4520; x_wconf 80' lang='lat' dir='ltr'><strong>lg.</strong></span> <span class='ocrx_word' id='word_1_523' title='bbox 616 4457 657 4507; x_wconf 84' lang='grc'><strong>64.</strong></span> <span class='ocrx_word' id='word_1_524' title='bbox 671 4456 711 4507; x_wconf 87' lang='grc'><strong>46.</strong></span> <span class='ocrx_word' id='word_1_525' title='bbox 725 4457 765 4507; x_wconf 90' lang='grc'><strong>63.</strong></span> <span class='ocrx_word' id='word_1_526' title='bbox 784 4460 846 4523; x_wconf 88' lang='lat' dir='ltr'>post</span> <span class='ocrx_word' id='word_1_527' title='bbox 862 4460 960 4519; x_wconf 59' lang='lat' dir='ltr'>corion</span> <span class='ocrx_word' id='word_1_528' title='bbox 979 4473 995 4510; x_wconf 90' lang='lat' dir='ltr'>c</span> <span class='ocrx_word' id='word_1_529' title='bbox 1011 4473 1068 4510; x_wconf 88' lang='lat' dir='ltr'><strong>mec</strong></span> <span class='ocrx_word' id='word_1_530' title='bbox 1084 4461 1146 4524; x_wconf 86' lang='lat' dir='ltr'>post</span> <span class='ocrx_word' id='word_1_531' title='bbox 1161 4461 1260 4522; x_wconf 82' lang='lat' dir='ltr'>carior,</span> <span class='ocrx_word' id='word_1_532' title='bbox 1279 4473 1373 4512; x_wconf 86' lang='lat' dir='ltr'>omncs</span> <span class='ocrx_word' id='word_1_533' title='bbox 1390 4464 1482 4512; x_wconf 79' lang='lat' dir='ltr'>contra</span> <span class='ocrx_word' id='word_1_534' title='bbox 1499 4460 1604 4522; x_wconf 85' lang='lat' dir='ltr'>Quintil.</span> <span class='ocrx_word' id='word_1_535' title='bbox 1620 4489 1647 4499; x_wconf 92' lang='lat'><em>-</em></span> <span class='ocrx_word' id='word_1_536' title='bbox 1666 4463 1706 4513; x_wconf 89' lang='grc'><strong>46.</strong></span> <span class='ocrx_word' id='word_1_537' title='bbox 1724 4463 1763 4513; x_wconf 91' lang='lat' dir='ltr'><strong>lc-</strong></span> 
     </span>
     <span class='ocr_line' id='line_1_45' title="bbox 438 4531 1764 4600; baseline 0.004 -18"><span class='ocrx_word' id='word_1_538' title='bbox 438 4537 549 4595; x_wconf 82' lang='lat' dir='ltr'>poomur</span> <span class='ocrx_word' id='word_1_539' title='bbox 565 4532 598 4593; x_wconf 87' lang='lat' dir='ltr'><strong>C,</strong></span> <span class='ocrx_word' id='word_1_540' title='bbox 617 4531 737 4596; x_wconf 79' lang='lat' dir='ltr'>llagg.;</span> <span class='ocrx_word' id='word_1_541' title='bbox 756 4534 791 4584; x_wconf 86' lang='grc'><strong>646</strong></span> <span class='ocrx_word' id='word_1_542' title='bbox 807 4534 926 4596; x_wconf 67' lang='lat' dir='ltr'>mouetur</span> <span class='ocrx_word' id='word_1_543' title='bbox 937 4534 1119 4596; x_wconf 85' lang='lat' dir='ltr'>Quintilianus.</span> <span class='ocrx_word' id='word_1_544' title='bbox 1134 4562 1161 4572; x_wconf 86' lang='lat'><em>-</em></span> <span class='ocrx_word' id='word_1_545' title='bbox 1180 4550 1252 4598; x_wconf 78' lang='grc'><strong>66666</strong></span> <span class='ocrx_word' id='word_1_546' title='bbox 1262 4562 1300 4575; x_wconf 90' lang='grc'><strong>--</strong></span> <span class='ocrx_word' id='word_1_547' title='bbox 1310 4536 1479 4599; x_wconf 77' lang='grc'><strong>6666664646</strong></span> <span class='ocrx_word' id='word_1_548' title='bbox 1496 4538 1638 4600; x_wconf 77' lang='lat' dir='ltr'>postquem</span> <span class='ocrx_word' id='word_1_549' title='bbox 1649 4537 1764 4588; x_wconf 83' lang='lat' dir='ltr'>--oides</span> 
     </span>
     <span class='ocr_line' id='line_1_46' title="bbox 439 4607 1761 4674; baseline 0.006 -18"><span class='ocrx_word' id='word_1_550' title='bbox 439 4607 528 4657; x_wconf 86' lang='lat' dir='ltr'>habel.</span> <span class='ocrx_word' id='word_1_551' title='bbox 549 4631 576 4642; x_wconf 93' lang='lat'>-</span> <span class='ocrx_word' id='word_1_552' title='bbox 597 4607 637 4656; x_wconf 83' lang='lat' dir='ltr'>l&#39;l.</span> <span class='ocrx_word' id='word_1_553' title='bbox 654 4608 745 4657; x_wconf 77' lang='lat' dir='ltr'>hostem</span> <span class='ocrx_word' id='word_1_554' title='bbox 761 4622 812 4660; x_wconf 84' lang='lat' dir='ltr'>esse</span> <span class='ocrx_word' id='word_1_555' title='bbox 829 4622 908 4669; x_wconf 79' lang='lat' dir='ltr'>cru,</span> <span class='ocrx_word' id='word_1_556' title='bbox 928 4611 973 4673; x_wconf 76' lang='lat' dir='ltr'><strong>lg.</strong></span> <span class='ocrx_word' id='word_1_557' title='bbox 992 4611 1033 4660; x_wconf 89' lang='grc'><strong>66.</strong></span> <span class='ocrx_word' id='word_1_558' title='bbox 1052 4611 1098 4669; x_wconf 78' lang='grc' dir='ltr'><strong>66ς</strong></span> <span class='ocrx_word' id='word_1_559' title='bbox 1118 4623 1168 4660; x_wconf 80' lang='lat' dir='ltr'>esse</span> <span class='ocrx_word' id='word_1_560' title='bbox 1184 4623 1237 4660; x_wconf 87' lang='lat' dir='ltr'>om.</span> <span class='ocrx_word' id='word_1_561' title='bbox 1250 4609 1276 4673; x_wconf 88' lang='lat' dir='ltr'><strong>l,</strong></span> <span class='ocrx_word' id='word_1_562' title='bbox 1295 4613 1340 4674; x_wconf 83' lang='lat' dir='ltr'><strong>Lg.</strong></span> <span class='ocrx_word' id='word_1_563' title='bbox 1353 4610 1393 4662; x_wconf 85' lang='grc'><strong>63.</strong></span> <span class='ocrx_word' id='word_1_564' title='bbox 1409 4639 1436 4649; x_wconf 90' lang='grc'><strong>-</strong></span> <span class='ocrx_word' id='word_1_565' title='bbox 1456 4611 1496 4661; x_wconf 82' lang='lat' dir='ltr'><strong>ie.</strong></span> <span class='ocrx_word' id='word_1_566' title='bbox 1514 4611 1619 4661; x_wconf 78' lang='lat' dir='ltr'>nostium</span> <span class='ocrx_word' id='word_1_567' title='bbox 1635 4611 1723 4661; x_wconf 79' lang='lat' dir='ltr'>castris</span> <span class='ocrx_word' id='word_1_568' title='bbox 1735 4611 1761 4664; x_wconf 93' lang='lat' dir='ltr'><strong>d.</strong></span> 
     </span>
     <span class='ocr_line' id='line_1_47' title="bbox 441 4679 1763 4749; baseline 0.005 -19"><span class='ocrx_word' id='word_1_569' title='bbox 441 4708 468 4717; x_wconf 94' lang='lat'>-</span> <span class='ocrx_word' id='word_1_570' title='bbox 487 4679 570 4745; x_wconf 80' lang='grc'><strong>666446]</strong></span> <span class='ocrx_word' id='word_1_571' title='bbox 586 4681 653 4732; x_wconf 80' lang='lat' dir='ltr'>uides</span> <span class='ocrx_word' id='word_1_572' title='bbox 669 4680 740 4733; x_wconf 85' lang='lat' dir='ltr'>bre.</span> <span class='ocrx_word' id='word_1_573' title='bbox 762 4711 789 4720; x_wconf 94' lang='lat'>-</span> <span class='ocrx_word' id='word_1_574' title='bbox 809 4684 849 4734; x_wconf 86' lang='grc'><strong>49.</strong></span> <span class='ocrx_word' id='word_1_575' title='bbox 868 4689 1027 4735; x_wconf 75' lang='lat' dir='ltr'>evocatorum</span> <span class='ocrx_word' id='word_1_576' title='bbox 1043 4698 1077 4746; x_wconf 90' lang='lat' dir='ltr'><strong>u;</strong></span> <span class='ocrx_word' id='word_1_577' title='bbox 1096 4690 1265 4736; x_wconf 83' lang='lat' dir='ltr'>reuccclcrem</span> <span class='ocrx_word' id='word_1_578' title='bbox 1282 4689 1300 4736; x_wconf 88' lang='lat' dir='ltr'><strong>t.</strong></span> <span class='ocrx_word' id='word_1_579' title='bbox 1320 4711 1347 4722; x_wconf 90' lang='lat'><em>-</em></span> <span class='ocrx_word' id='word_1_580' title='bbox 1366 4686 1506 4749; x_wconf 75' lang='grc'><strong>6464666666</strong></span> <span class='ocrx_word' id='word_1_581' title='bbox 1523 4686 1549 4736; x_wconf 93' lang='lat' dir='ltr'><strong>d.</strong></span> <span class='ocrx_word' id='word_1_582' title='bbox 1569 4712 1596 4720; x_wconf 99' lang='lat'>-</span> <span class='ocrx_word' id='word_1_583' title='bbox 1611 4687 1763 4749; x_wconf 83' lang='lat' dir='ltr'>perditorem</span> 
     </span>
     <span class='ocr_line' id='line_1_48' title="bbox 440 4753 1762 4827; baseline 0.006 -23"><span class='ocrx_word' id='word_1_584' title='bbox 440 4753 524 4806; x_wconf 87' lang='lat' dir='ltr'>bile.</span> <span class='ocrx_word' id='word_1_585' title='bbox 545 4782 572 4793; x_wconf 91' lang='lat'><em>-</em></span> <span class='ocrx_word' id='word_1_586' title='bbox 588 4757 693 4819; x_wconf 70' lang='lat' dir='ltr'>patieris</span> <span class='ocrx_word' id='word_1_587' title='bbox 708 4758 768 4809; x_wconf 85' lang='lat' dir='ltr'><strong>BV.</strong></span> <span class='ocrx_word' id='word_1_588' title='bbox 788 4785 815 4795; x_wconf 95' lang='lat'><em>-</em></span> <span class='ocrx_word' id='word_1_589' title='bbox 834 4760 876 4809; x_wconf 85' lang='grc'><strong>66.</strong></span> <span class='ocrx_word' id='word_1_590' title='bbox 895 4761 925 4810; x_wconf 84' lang='lat' dir='ltr'><strong>dc</strong></span> <span class='ocrx_word' id='word_1_591' title='bbox 940 4760 1001 4812; x_wconf 81' lang='lat' dir='ltr'>urbe</span> <span class='ocrx_word' id='word_1_592' title='bbox 1016 4761 1025 4811; x_wconf 93' lang='lat' dir='ltr'><strong>i</strong></span> <span class='ocrx_word' id='word_1_593' title='bbox 1041 4774 1081 4827; x_wconf 91' lang='lat' dir='ltr'><strong>pr.</strong></span> <span class='ocrx_word' id='word_1_594' title='bbox 1095 4775 1132 4812; x_wconf 93' lang='lat' dir='ltr'>m.</span> <span class='ocrx_word' id='word_1_595' title='bbox 1152 4763 1193 4825; x_wconf 80' lang='grc'><strong>(66</strong></span> <span class='ocrx_word' id='word_1_596' title='bbox 1208 4775 1234 4812; x_wconf 90' lang='grc'><strong>6.</strong></span> <span class='ocrx_word' id='word_1_597' title='bbox 1253 4761 1354 4812; x_wconf 84' lang='grc'><strong>666664</strong></span> <span class='ocrx_word' id='word_1_598' title='bbox 1370 4758 1475 4821; x_wconf 77' lang='lat' dir='ltr'>Quintil.</span> <span class='ocrx_word' id='word_1_599' title='bbox 1490 4760 1532 4810; x_wconf 83' lang='lat' dir='ltr'>lll.</span> <span class='ocrx_word' id='word_1_600' title='bbox 1545 4759 1573 4822; x_wconf 86' lang='grc'><strong>3,</strong></span> <span class='ocrx_word' id='word_1_601' title='bbox 1592 4761 1632 4811; x_wconf 80' lang='grc'><strong>44.</strong></span> <span class='ocrx_word' id='word_1_602' title='bbox 1646 4763 1762 4812; x_wconf 77' lang='grc'><strong>644666.</strong></span> 
     </span>
     <span class='ocr_line' id='line_1_49' title="bbox 439 4829 1760 4900; baseline 0.007 -22"><span class='ocrx_word' id='word_1_603' title='bbox 439 4843 466 4895; x_wconf 92' lang='lat' dir='ltr'><strong>p.</strong></span> <span class='ocrx_word' id='word_1_604' title='bbox 485 4829 553 4892; x_wconf 86' lang='grc'><strong>636.)</strong></span> <span class='ocrx_word' id='word_1_605' title='bbox 573 4857 599 4867; x_wconf 95' lang='grc'>-</span> <span class='ocrx_word' id='word_1_606' title='bbox 618 4831 660 4882; x_wconf 80' lang='lat' dir='ltr'><strong>at.</strong></span> <span class='ocrx_word' id='word_1_607' title='bbox 678 4847 759 4885; x_wconf 87' lang='grc'><strong>66666</strong></span> <span class='ocrx_word' id='word_1_608' title='bbox 776 4834 899 4886; x_wconf 88' lang='lat' dir='ltr'>codices:</span> <span class='ocrx_word' id='word_1_609' title='bbox 918 4849 969 4887; x_wconf 88' lang='grc'><strong>666</strong></span> <span class='ocrx_word' id='word_1_610' title='bbox 986 4836 1034 4887; x_wconf 91' lang='lat' dir='ltr'><strong>LO</strong></span> <span class='ocrx_word' id='word_1_611' title='bbox 1051 4838 1079 4887; x_wconf 89' lang='grc'><strong>64</strong></span> <span class='ocrx_word' id='word_1_612' title='bbox 1094 4835 1248 4900; x_wconf 78' lang='lat' dir='ltr'>Madvigius.</span> <span class='ocrx_word' id='word_1_613' title='bbox 1263 4863 1289 4872; x_wconf 96' lang='lat'><em>-</em></span> <span class='ocrx_word' id='word_1_614' title='bbox 1302 4834 1446 4886; x_wconf 83' lang='grc'><strong>64664666</strong></span> <span class='ocrx_word' id='word_1_615' title='bbox 1464 4834 1505 4897; x_wconf 86' lang='lat' dir='ltr'><strong>(an</strong></span> <span class='ocrx_word' id='word_1_616' title='bbox 1517 4835 1562 4898; x_wconf 82' lang='lat' dir='ltr'>yi)</span> <span class='ocrx_word' id='word_1_617' title='bbox 1580 4847 1604 4898; x_wconf 87' lang='lat' dir='ltr'><strong>z,</strong></span> <span class='ocrx_word' id='word_1_618' title='bbox 1621 4836 1667 4899; x_wconf 69' lang='grc'><strong>66.</strong></span> <span class='ocrx_word' id='word_1_619' title='bbox 1679 4834 1721 4887; x_wconf 89' lang='grc'><strong>63.</strong></span> <span class='ocrx_word' id='word_1_620' title='bbox 1732 4861 1760 4870; x_wconf 95' lang='grc'>-</span> 
     </span>
     <span class='ocr_line' id='line_1_50' title="bbox 439 4905 1766 4974; baseline 0.005 -20"><span class='ocrx_word' id='word_1_621' title='bbox 439 4905 607 4971; x_wconf 60' lang='lat' dir='ltr'>nom-non]</span> <span class='ocrx_word' id='word_1_622' title='bbox 625 4921 843 4961; x_wconf 85' lang='grc'><strong>66666--66666</strong></span> <span class='ocrx_word' id='word_1_623' title='bbox 859 4924 884 4962; x_wconf 88' lang='grc'><strong>6.</strong></span> <span class='ocrx_word' id='word_1_624' title='bbox 899 4939 927 4948; x_wconf 95' lang='grc'>-</span> <span class='ocrx_word' id='word_1_625' title='bbox 945 4910 1046 4962; x_wconf 81' lang='grc'><strong>66644646</strong></span> <span class='ocrx_word' id='word_1_626' title='bbox 1062 4913 1089 4972; x_wconf 83' lang='grc'><strong>4;</strong></span> <span class='ocrx_word' id='word_1_627' title='bbox 1107 4911 1211 4974; x_wconf 78' lang='grc'><strong>46644646</strong></span> <span class='ocrx_word' id='word_1_628' title='bbox 1227 4911 1287 4962; x_wconf 88' lang='grc'><strong>4.-</strong></span> <span class='ocrx_word' id='word_1_629' title='bbox 1305 4911 1346 4961; x_wconf 80' lang='grc'><strong>66.</strong></span> <span class='ocrx_word' id='word_1_630' title='bbox 1364 4908 1498 4974; x_wconf 80' lang='lat' dir='ltr'>imperabis</span> <span class='ocrx_word' id='word_1_631' title='bbox 1511 4909 1622 4958; x_wconf 82' lang='lat' dir='ltr'>mactari</span> <span class='ocrx_word' id='word_1_632' title='bbox 1637 4923 1667 4969; x_wconf 70' lang='lat' dir='ltr'><strong>c,</strong></span> <span class='ocrx_word' id='word_1_633' title='bbox 1685 4909 1766 4972; x_wconf 75' lang='lat' dir='ltr'>inope-</span> 
     </span>
     <span class='ocr_line' id='line_1_51' title="bbox 440 4980 1763 5050; baseline 0.004 -21"><span class='ocrx_word' id='word_1_634' title='bbox 440 4980 510 5030; x_wconf 79' lang='lat' dir='ltr'>rabie</span> <span class='ocrx_word' id='word_1_635' title='bbox 525 4993 579 5031; x_wconf 90' lang='lat' dir='ltr'>om.</span> <span class='ocrx_word' id='word_1_636' title='bbox 597 4994 630 5043; x_wconf 69' lang='lat' dir='ltr'><strong>u,</strong></span> <span class='ocrx_word' id='word_1_637' title='bbox 647 4984 781 5048; x_wconf 75' lang='grc'><strong>4646666646</strong></span> <span class='ocrx_word' id='word_1_638' title='bbox 797 4987 857 5049; x_wconf 79' lang='lat' dir='ltr'>quid</span> <span class='ocrx_word' id='word_1_639' title='bbox 873 4988 972 5038; x_wconf 80' lang='grc'><strong>4666664</strong></span> <span class='ocrx_word' id='word_1_640' title='bbox 989 4999 1042 5038; x_wconf 90' lang='lat' dir='ltr'>om.</span> <span class='ocrx_word' id='word_1_641' title='bbox 1061 4987 1103 5038; x_wconf 83' lang='grc'><strong>64.</strong></span> <span class='ocrx_word' id='word_1_642' title='bbox 1116 5012 1144 5022; x_wconf 94' lang='grc'><strong>-</strong></span> <span class='ocrx_word' id='word_1_643' title='bbox 1158 4985 1259 5050; x_wconf 74' lang='lat' dir='ltr'>impedis</span> <span class='ocrx_word' id='word_1_644' title='bbox 1273 4991 1297 5036; x_wconf 82' lang='lat' dir='ltr'><strong>te</strong></span> <span class='ocrx_word' id='word_1_645' title='bbox 1313 4985 1445 5048; x_wconf 82' lang='lat' dir='ltr'>chyz,</span> <span class='ocrx_word' id='word_1_646' title='bbox 1464 4985 1509 5046; x_wconf 77' lang='lat' dir='ltr'><strong>lg.</strong></span> <span class='ocrx_word' id='word_1_647' title='bbox 1527 4982 1568 5033; x_wconf 89' lang='grc'><strong>66.</strong></span> <span class='ocrx_word' id='word_1_648' title='bbox 1586 4982 1627 5033; x_wconf 88' lang='grc'><strong>64.</strong></span> <span class='ocrx_word' id='word_1_649' title='bbox 1646 4983 1687 5033; x_wconf 89' lang='grc'><strong>66.</strong></span> <span class='ocrx_word' id='word_1_650' title='bbox 1705 4980 1763 5046; x_wconf 88' lang='lat' dir='ltr'>soli,</span> 
     </span>
     <span class='ocr_line' id='line_1_52' title="bbox 440 5055 1765 5125; baseline -0.001 -15"><span class='ocrx_word' id='word_1_651' title='bbox 440 5055 499 5106; x_wconf 59' lang='lat'><strong>1⁴0.</strong></span> <span class='ocrx_word' id='word_1_652' title='bbox 523 5055 554 5119; x_wconf 78' lang='lat' dir='ltr'>(le</span> <span class='ocrx_word' id='word_1_653' title='bbox 569 5056 663 5120; x_wconf 80' lang='lat' dir='ltr'>inpedit</span> <span class='ocrx_word' id='word_1_654' title='bbox 680 5058 761 5111; x_wconf 87' lang='grc'><strong>66664</strong></span> <span class='ocrx_word' id='word_1_655' title='bbox 776 5063 877 5112; x_wconf 82' lang='lat' dir='ltr'>Auctor</span> <span class='ocrx_word' id='word_1_656' title='bbox 891 5062 1009 5114; x_wconf 86' lang='lat' dir='ltr'>incertus</span> <span class='ocrx_word' id='word_1_657' title='bbox 1025 5063 1052 5113; x_wconf 92' lang='lat' dir='ltr'><strong>in</strong></span> <span class='ocrx_word' id='word_1_658' title='bbox 1068 5061 1168 5114; x_wconf 83' lang='grc'><strong>46666.</strong></span> <span class='ocrx_word' id='word_1_659' title='bbox 1181 5062 1262 5113; x_wconf 84' lang='lat' dir='ltr'>Paris.</span> <span class='ocrx_word' id='word_1_660' title='bbox 1280 5074 1307 5125; x_wconf 93' lang='lat' dir='ltr'><strong>p.</strong></span> <span class='ocrx_word' id='word_1_661' title='bbox 1319 5061 1354 5123; x_wconf 78' lang='lat'><strong>7.)</strong></span> <span class='ocrx_word' id='word_1_662' title='bbox 1374 5087 1401 5097; x_wconf 94' lang='lat'><em>-</em></span> <span class='ocrx_word' id='word_1_663' title='bbox 1419 5058 1461 5109; x_wconf 82' lang='grc'><strong>63.</strong></span> <span class='ocrx_word' id='word_1_664' title='bbox 1478 5058 1555 5108; x_wconf 82' lang='lat' dir='ltr'>etiam</span> <span class='ocrx_word' id='word_1_665' title='bbox 1570 5070 1623 5107; x_wconf 93' lang='lat' dir='ltr'>om.</span> <span class='ocrx_word' id='word_1_666' title='bbox 1636 5055 1671 5117; x_wconf 86' lang='grc'><strong>6;</strong></span> <span class='ocrx_word' id='word_1_667' title='bbox 1689 5058 1765 5109; x_wconf 80' lang='lat' dir='ltr'>etiem</span> 
     </span>
     <span class='ocr_line' id='line_1_53' title="bbox 438 5130 1764 5201; baseline 0.003 -20"><span class='ocrx_word' id='word_1_668' title='bbox 438 5144 539 5195; x_wconf 82' lang='lat' dir='ltr'>persepe</span> <span class='ocrx_word' id='word_1_669' title='bbox 552 5144 583 5183; x_wconf 76' lang='lat' dir='ltr'><strong>n&#39;.</strong></span> <span class='ocrx_word' id='word_1_670' title='bbox 600 5158 626 5168; x_wconf 92' lang='lat'>-</span> <span class='ocrx_word' id='word_1_671' title='bbox 643 5135 813 5186; x_wconf 74' lang='lat' dir='ltr'>mulcaverunt</span> <span class='ocrx_word' id='word_1_672' title='bbox 827 5135 986 5201; x_wconf 79' lang='lat' dir='ltr'>Baelwy:</span> <span class='ocrx_word' id='word_1_673' title='bbox 1003 5134 1475 5200; x_wconf 65' lang='lat' dir='ltr'>nunonemveimuumnmuuco.</span> <span class='ocrx_word' id='word_1_674' title='bbox 1491 5160 1518 5170; x_wconf 90' lang='lat'>-</span> <span class='ocrx_word' id='word_1_675' title='bbox 1535 5130 1577 5184; x_wconf 83' lang='grc'><strong>64.</strong></span> <span class='ocrx_word' id='word_1_676' title='bbox 1596 5134 1764 5185; x_wconf 70' lang='lat' dir='ltr'>nemmem</span> 
     </span>
     <span class='ocr_line' id='line_1_54' title="bbox 442 5207 1761 5277; baseline 0.003 -21"><span class='ocrx_word' id='word_1_677' title='bbox 442 5218 495 5257; x_wconf 87' lang='lat' dir='ltr'>om.</span> <span class='ocrx_word' id='word_1_678' title='bbox 513 5208 547 5268; x_wconf 86' lang='lat' dir='ltr'><strong>l.;</strong></span> <span class='ocrx_word' id='word_1_679' title='bbox 573 5220 674 5258; x_wconf 81' lang='lat' dir='ltr'>mamm</span> <span class='ocrx_word' id='word_1_680' title='bbox 690 5209 779 5276; x_wconf 82' lang='lat' dir='ltr'>vaip</span> <span class='ocrx_word' id='word_1_681' title='bbox 800 5214 829 5263; x_wconf 88' lang='grc'><strong>64</strong></span> <span class='ocrx_word' id='word_1_682' title='bbox 849 5209 891 5263; x_wconf 85' lang='lat' dir='ltr'>elii</span> <span class='ocrx_word' id='word_1_683' title='bbox 912 5210 977 5263; x_wconf 86' lang='lat' dir='ltr'>dell.</span> <span class='ocrx_word' id='word_1_684' title='bbox 995 5211 1074 5277; x_wconf 79' lang='lat' dir='ltr'>lagg.</span> <span class='ocrx_word' id='word_1_685' title='bbox 1098 5239 1123 5248; x_wconf 97' lang='lat'>-</span> <span class='ocrx_word' id='word_1_686' title='bbox 1152 5216 1257 5277; x_wconf 77' lang='grc'><strong>6666466</strong></span> <span class='ocrx_word' id='word_1_687' title='bbox 1271 5216 1329 5263; x_wconf 70' lang='lat' dir='ltr'><strong>mei</strong></span> <span class='ocrx_word' id='word_1_688' title='bbox 1350 5209 1430 5274; x_wconf 76' lang='grc'><strong>66664.</strong></span> <span class='ocrx_word' id='word_1_689' title='bbox 1449 5221 1505 5271; x_wconf 89' lang='grc'><strong>66,</strong></span> <span class='ocrx_word' id='word_1_690' title='bbox 1529 5209 1575 5274; x_wconf 75' lang='lat' dir='ltr'><strong>Lg.</strong></span> <span class='ocrx_word' id='word_1_691' title='bbox 1594 5207 1635 5261; x_wconf 88' lang='grc'><strong>46.</strong></span> <span class='ocrx_word' id='word_1_692' title='bbox 1653 5209 1694 5260; x_wconf 86' lang='grc'><strong>66.</strong></span> <span class='ocrx_word' id='word_1_693' title='bbox 1711 5208 1761 5271; x_wconf 65' lang='lat' dir='ltr'>sm</span> 
     </span>
    </p>
   </div>
   <div class='ocr_carea' id='block_1_5' title="bbox 440 5285 753 5349">
    <p class='ocr_par' dir='ltr' id='par_1_5' title="bbox 440 5285 753 5349">
     <span class='ocr_line' id='line_1_55' title="bbox 440 5285 753 5349; baseline 0.016 -18"><span class='ocrx_word' id='word_1_694' title='bbox 440 5287 546 5348; x_wconf 76' lang='grc'><strong>6666466</strong></span> <span class='ocrx_word' id='word_1_695' title='bbox 560 5295 615 5336; x_wconf 92' lang='lat' dir='ltr'>om.</span> <span class='ocrx_word' id='word_1_696' title='bbox 633 5285 643 5336; x_wconf 90' lang='lat' dir='ltr'>t</span> <span class='ocrx_word' id='word_1_697' title='bbox 658 5296 698 5349; x_wconf 89' lang='lat' dir='ltr'><strong>pr.</strong></span> <span class='ocrx_word' id='word_1_698' title='bbox 716 5296 753 5336; x_wconf 90' lang='lat' dir='ltr'>m.</span> 
     </span>
    </p>
   </div>
   <div class='ocr_carea' id='block_1_6' title="bbox 0 0 2197 6100">
    <p class='ocr_par' dir='ltr' id='par_1_6' title="bbox 0 0 2197 6100">
     <span class='ocr_line' id='line_1_56' title="bbox 0 0 2197 6100; baseline 0 0"><span class='ocrx_word' id='word_1_699' title='bbox 0 0 2197 6100; x_wconf 95' lang='lat' dir='ltr'><strong> </strong></span> 
     </span>
    </p>
   </div>
  </div>
 </body>
</html>
