4367 6109
457 577 519 648 720
871 578 1022 645 ORATIO
1043 578 1122 645 PRO
1144 580 1179 644 L.
1200 579 1366 646 blllllllllb

458 771 548 826 nere,
577 758 660 814 esset
686 750 824 813 hominis
848 758 880 814 et
900 750 995 814 astuti
1018 760 1050 815 et
1071 752 1195 834 ingrati.
1237 748 1267 812 9.
1290 748 1384 825 Quod
1406 749 1433 812 si
1454 748 1530 812 licet
1551 749 1725 823 desinere,
1759 749 1786 811 si
1836 832 1840 840 ι

457 853 488 907 tc
510 853 638 908 auctore
665 864 812 928 possum,
845 844 872 907 si
901 844 988 907 nulla
1017 846 1147 909 inertiae
1169 853 1260 920 nota,
1294 843 1380 906 nulla
1402 843 1570 925 superbiae
1599 844 1784 926 turpitudo,

456 938 543 1003 nulla
565 938 802 1002 inhumanitatis
825 939 917 1021 culpa
939 940 1127 1021 suscipitur:
1150 959 1207 1021 ego
1230 958 1305 1002 vero
1326 938 1461 999 libenter
1481 937 1605 1000 desino.
1645 938 1706 999 Sin
1728 957 1784 1000 au·

456 1042 519 1096 tem
545 1032 620 1115 fuga
643 1032 759 1095 laboris
781 1031 949 1106 desidiam,
980 1034 1157 1116 repudiatio
1180 1033 1358 1114 supplicum
1379 1031 1573 1113 superbiam,
1603 1031 1782 1093 amicorum

432 1127 610 1209 nneglectio
622 1125 854 1207 improbitatem
869 1127 1021 1209 coarguit,
1043 1127 1191 1189 nimirum
1207 1125 1285 1188 baec
1299 1144 1394 1187 causa
1408 1132 1455 1187 est
1469 1124 1538 1186 eius
1554 1123 1658 1198 modi,
1682 1142 1780 1206 quam

456 1241 514 1283 nec
542 1219 715 1281 industrius
743 1220 912 1303 quisquam
941 1240 1000 1284 nec
1029 1219 1206 1283 misericors
1235 1239 1294 1282 nec
1316 1216 1474 1281 officiosus
1496 1218 1644 1279 deserere
1667 1217 1780 1300 possit.

455 1316 558 1397 Atque
588 1312 721 1376 huiusce
752 1313 797 1375 rei
826 1315 1036 1378 coniecturam
1065 1314 1105 1376 de
1126 1321 1180 1376 tuo
1206 1314 1307 1395 ipsius
1329 1313 1449 1387 studio,
1484 1312 1590 1386 Servi,
1622 1310 1779 1373 facillime

455 1407 586 1489 ceperis.
628 1408 707 1469 Nam
737 1407 763 1469 si
785 1407 840 1469 tibi
862 1428 991 1471 necesse
1013 1415 1105 1490 putas
1128 1407 1222 1469 etiam
1244 1407 1432 1470 adversariis
1452 1406 1624 1468 amicorum
1648 1412 1777 1468 tuorum

454 1502 495 1566 de
516 1503 585 1565 iure
606 1500 845 1564 consulentibus
866 1500 1075 1583 respondere,
1098 1509 1130 1563 et
1147 1501 1174 1564 si
1189 1507 1281 1582 turpe
1296 1500 1455 1564 existimas
1470 1506 1501 1561 te
1515 1499 1670 1562 advocato
1685 1498 1777 1561 illum

418 1596 574 1678 scipsum,
601 1615 694 1679 quem
717 1601 824 1657 contra
847 1596 987 1669 veneris,
1018 1615 1110 1658 causa
1133 1594 1263 1669 cadero,
1285 1594 1351 1658 noli
1372 1602 1434 1657 tam
1457 1613 1527 1656 esse
1549 1592 1707 1666 iniustus,
1729 1601 1776 1665 ut,

454 1711 525 1753 cum
556 1690 602 1753 tui
633 1688 737 1751 fontes
765 1688 815 1750 rel
845 1688 980 1751 inimicis
1010 1690 1072 1753 tuis
1101 1696 1245 1771 pateant,
1279 1698 1404 1752 nostros
1432 1690 1527 1751 etiam
1548 1686 1660 1749 amicis
1683 1692 1775 1769 putes

453 1784 575 1846 clausos
598 1801 667 1844 esse
688 1789 845 1864 oportere.
890 1777 940 1844 l0.
961 1784 1087 1846 Etenim
1116 1783 1142 1845 si
1172 1804 1222 1847 me
1244 1790 1298 1846 tua
1318 1781 1512 1844 familiaritas
1533 1780 1572 1844 ab
1594 1779 1656 1841 bac
1678 1798 1774 1840 causa

453 1876 655 1949 removisset,
683 1884 715 1939 et
742 1875 769 1938 si
795 1875 856 1938 hoc
878 1877 962 1939 idem
985 1877 1023 1952 Q.
1045 1877 1230 1951 Hortensio,
1258 1876 1300 1938 bl.
1324 1876 1451 1951 Crasso,
1479 1874 1664 1937 clarissimis
1685 1872 1773 1943 viris,

453 1972 480 2034 si
501 1973 576 2034 item
598 1970 726 2045 ceteris,
753 1971 909 2053 aquibus
931 1971 1074 2054 intelligo
1097 1978 1182 2034 tuam
1204 1971 1333 2053 gratiam
1356 1969 1460 2052 magni
1483 1966 1663 2040 aestimari,
1691 1967 1775 2028 acci·

417 2064 569 2127 redisset:
589 2065 621 2126 in
643 2083 681 2127 ea
703 2064 829 2127 civitate
851 2064 962 2127 consul
985 2064 1166 2147 designatus
1190 2064 1385 2127 defensorem
1406 2082 1472 2125 non
1490 2062 1636 2133 baberet,
1659 2060 1694 2120 iu
1710 2077 1774 2141 qua

452 2156 570 2221 nemini
592 2176 741 2241 umquam
763 2154 870 2220 inlimo
893 2157 1028 2221 maiores
1049 2158 1149 2221 nostri
1171 2167 1338 2242 patronum
1359 2157 1471 2219 deesse
1491 2154 1671 2219 voluerunt
1704 2152 1772 2234 Ego

451 2271 545 2326 vero,
575 2250 713 2326 iudices,
742 2253 811 2334 ipse
839 2271 888 2314 me
911 2252 1123 2315 existimarem
1144 2252 1313 2326 nefarium,
1344 2252 1370 2314 si
1392 2252 1508 2324 amico,
1536 2246 1717 2320 crudelem,
1744 2247 1772 2307 si

452 2345 581 2418 misero,
603 2345 789 2428 superbum,
811 2346 838 2408 si
861 2346 982 2409 consuli
1006 2345 1185 2409 defuissem.
1227 2345 1332 2420 Quare
1355 2345 1439 2428 quod
1461 2342 1600 2407 dandum
1621 2347 1671 2403 est
1693 2341 1772 2403 ami-

452 2435 561 2511 citiae,
582 2435 668 2520 large
690 2440 816 2502 dabitur
836 2460 855 2502 a
877 2459 942 2514 me,
964 2447 999 2502 ut
1021 2447 1125 2502 tecum
1139 2458 1246 2522 agam,
1269 2440 1375 2513 Servi,
1397 2459 1461 2501 non
1480 2457 1570 2501 secus
1584 2455 1621 2498 ac
1637 2436 1665 2497 si
1681 2454 1771 2497 meus

414 2538 535 2594 mosset
555 2530 667 2607 frater,
690 2534 744 2617 qui
766 2533 842 2596 mibi
864 2542 913 2596 est
934 2533 1129 2607 carissimus,
1151 2533 1212 2596 isto
1234 2533 1266 2596 in
1287 2534 1380 2596 loco:
1402 2534 1487 2617 quod
1503 2529 1709 2595 tribuendum
1724 2535 1772 2590 est

451 2622 570 2699 officio,
592 2622 681 2701 fidei,
703 2628 866 2710 religioni,
889 2627 921 2689 id
945 2628 989 2690 ita
1004 2628 1205 2701 moderabor,
1227 2634 1262 2691 ut
1276 2628 1471 2690 meminerim
1486 2645 1537 2689 me
1552 2634 1664 2688 contra
1679 2622 1771 2687 amici

450 2718 588 2782 studium
610 2739 668 2801 pro
690 2721 782 2783 amici
804 2722 944 2804 periculo
966 2722 1079 2785 dicere.

533 2814 571 2876 V.
594 2807 830 2897 ll.1ntelligo,
858 2815 996 2890 iudices,
1030 2823 1093 2878 tres
1120 2816 1217 2878 totius
1238 2816 1447 2879 accusationis
1473 2823 1577 2898 partes
1604 2816 1706 2879 fuisse
1740 2820 1771 2876 et

450 2926 557 2970 earum
585 2927 680 2970 unam
708 2909 742 2970 iu
769 2909 1014 2991 reprehensione
1036 2910 1135 2984 vitae,
1164 2909 1292 2973 alteram
1316 2910 1350 2971 in
1371 2910 1573 2973 contentione
1595 2908 1770 2991 dignitatis,

412 3002 574 3064 totertiam
602 3002 635 3064 in
663 3003 843 3067 criminibus
871 3004 1006 3067 ambitus
1029 3024 1100 3067 esse
1121 3012 1286 3067 versatam.
1322 3005 1428 3087 Atque
1449 3003 1560 3066 barum
1581 3003 1678 3065 trium
1700 3020 1770 3084 par-

451 3094 527 3156 tium
550 3094 650 3176 prima
671 3095 742 3170 illa,
765 3117 846 3179 quae
865 3098 1051 3180 gravissima
1073 3097 1208 3161 debebat
1226 3118 1313 3173 esse,
1335 3099 1380 3161 ita
1400 3098 1462 3162 fuit
1481 3095 1604 3162 infirma
1625 3106 1657 3159 et
1680 3097 1769 3169 levis,

450 3195 486 3249 ut
509 3184 604 3271 [illos]
628 3189 681 3252 lex
702 3191 800 3272 magis
822 3190 976 3274 quaedam
998 3193 1192 3255 accusatoria
1206 3212 1300 3275 quam
1315 3213 1389 3256 vera
1403 3191 1613 3255 maledicendi
1635 3190 1768 3255 facultas

452 3282 491 3344 de
521 3283 584 3345 rita
611 3283 645 3345 L.
674 3286 823 3347 blurenae
851 3285 955 3347 dicere
984 3285 1106 3368 aliquid
1135 3286 1282 3369 coegerit.
1326 3286 1455 3350 Obiecta
1482 3294 1531 3349 est
1559 3286 1644 3349 enim
1675 3285 1768 3348 Asius

451 3394 532 3459 quae
553 3375 592 3437 ab
613 3375 674 3438 hoc
696 3396 760 3441 non
782 3377 821 3440 ad
843 3379 1037 3460 voluptatem
1059 3387 1090 3441 et
1110 3380 1268 3443 luxuriam
1282 3382 1422 3463 expetita
1435 3388 1497 3455 est,
1521 3380 1627 3444 sedin
1641 3380 1767 3443 militari

413 3470 557 3533 solabore
578 3479 754 3553 peragrata.
789 3472 851 3547 Qui
873 3473 900 3534 si
921 3474 1105 3536 adolescens
1126 3480 1214 3556 patre
1229 3494 1287 3537 suo
1306 3474 1493 3558 imperatore
1509 3495 1574 3538 non
1589 3476 1766 3545 meruisset,

449 3574 503 3628 aut
532 3564 639 3628 hostes
660 3573 715 3629 aut
736 3566 833 3650 patris
854 3566 1019 3650 imperium
1042 3567 1184 3631 timuisse
1206 3576 1261 3630 aut
1282 3588 1301 3631 a
1322 3576 1453 3651 parente
1474 3564 1660 3650 r'epudiatus
1682 3571 1767 3632 vide·

447 3667 544 3722 retur.
583 3661 647 3734 An,
676 3681 746 3723 cum
774 3660 884 3724 sedere
910 3662 943 3724 in
965 3661 1058 3744 equis
1080 3662 1339 3745 triumphantium
1361 3663 1547 3744 praetextati
1568 3664 1765 3745 potissimum

447 3750 505 3815 lilii
526 3752 664 3828 soleant,
687 3753 759 3817 huic
781 3754 872 3818 donis
889 3755 1074 3817 militaribus
1097 3756 1195 3837 patris
1211 3754 1400 3839 triumphum
1417 3755 1567 3819 decorare
1581 3755 1764 3839 fugiendum

446 3846 522 3922 luit,
549 3868 590 3910 ne
616 3847 710 3910 rebus
737 3848 944 3911 communiter
974 3849 1069 3930 gestis
1095 3869 1196 3931 paene
1218 3850 1311 3912 simul
1333 3871 1402 3913 cum
1425 3855 1514 3933 patre
1535 3850 1764 3933 triumpharet?

410 3935 498 4002 ott.
520 3941 581 4005 llic
603 3961 696 4017 vcro,
724 3941 859 4017 iudices,
890 3948 921 4005 et
941 3941 1002 4005 luit
1021 3943 1055 4005 in
1076 3942 1168 4018 Asia,
1195 3950 1227 4006 et
1248 3943 1314 4007 viro
1337 3943 1525 4017 fortissimo,
1554 3945 1676 4027 parenti
1698 3963 1763 4013 suo,

506 4221 530 4269 4.
544 4232 594 4269 esse
605 4220 643 4278 ll;
661 4225 695 4269 est
705 4234 730 4270 v.
740 4244 766 4255 -
780 4220 863 4270 dote
873 4220 901 4270 E.
911 4248 937 4258 -
949 4221 973 4270 2.
986 4222 1091 4272 inertiae
1101 4226 1161 4271 noto
1173 4218 1328 4271 Lambinus:
1341 4226 1401 4271 noto
1412 4234 1465 4271 om.
1479 4221 1556 4273 codd.
1567 4224 1597 4274 0.
1611 4223 1715 4285 (imon
1726 4225 1762 4287 G.)

448 4320 475 4329 —
495 4294 610 4356 soperbia
627 4297 663 4353 ῦς
680 4295 749 4344 nollo
765 4309 819 4357 sup.
838 4309 890 4347 om.
908 4296 961 4346 Tv.
977 4324 1003 4331 —
1023 4296 1046 4349 l.
1065 4297 1213 4360 supplicium
1229 4298 1325 4360 Μκψ.
1342 4323 1369 4333 -
1386 4299 1410 4346 5.
1429 4310 1566 4347 romonem
1583 4298 1697 4362 ΕΟΤψ
1714 4298 1763 4360 [lto-

445 4383 503 4419 mm
520 4371 553 4428 G,
572 4382 625 4419 om.
638 4369 716 4432 boec).
737 4397 763 4405 —
783 4385 859 4433 quum
874 4384 918 4421 noc
934 4371 984 4420 iud.
999 4385 1051 4421 om.
1068 4373 1102 4422 bl.
1118 4399 1145 4410 ·-
1164 4373 1188 4422 6.
1207 4372 1339 4433 altisonam
1355 4370 1520 4422 Gulielmius:
1539 4387 1617 4435 pacm
1634 4375 1700 4432 mei,
1720 4373 1762 4423 CS

383 4489 385 4493 ,
445 4443 465 4493 Τ
474 4459 505 4504 χ,
524 4446 583 4494 Par.
597 4442 627 4502 l;
652 4455 705 4493 om.
725 4446 855 4508 quoquam
871 4447 919 4496 Lo
937 4450 964 4496 et
981 4446 1058 4512 codd.
1077 4447 1201 4511 quidam,
1219 4449 1248 4497 ut
1263 4447 1376 4498 videtur.
1395 4473 1422 4481 -
1441 4452 1521 4509 posset
1537 4448 1634 4509 EGM,
1653 4450 1669 4498 b
1686 4449 1760 4503 01¹.;

442 4524 522 4580 potest
537 4520 590 4568 Tv.
611 4545 637 4553 -
663 4518 687 4568 7.
704 4520 754 4582 sac.
773 4522 867 4583 reperis
881 4529 917 4586 ψ.
938 4549 965 4558 -
990 4522 1013 4571 9.
1032 4529 1136 4573 caecato
1153 4524 1187 4574 bt.
1208 4549 1233 4560 -
1255 4524 1294 4573 to.
1312 4536 1391 4572 causo
1406 4523 1432 4572 bl
1440 4536 1445 4570 :
1463 4535 1555 4572 caosoc
1572 4523 1715 4574 EGC'l'v.
1736 4547 1761 4557 -·

443 4596 529 4646 codas
545 4596 573 4645 E.
594 4621 622 4630 -
640 4596 737 4644 tametsi
753 4597 858 4646 intratur
873 4598 913 4654 bl;
939 4602 992 4646 tom
1007 4597 1051 4647 toi.
1070 4611 1120 4649 esse
1136 4600 1163 4649 1..
1191 4625 1218 4634 -
1246 4600 1285 4648 tl.
1303 4604 1400 4648 nostros
1416 4597 1534 4647 codices:
1560 4603 1658 4646 nouom
1672 4597 1763 4646 ducos

444 4669 506 4720 edd.
525 4669 669 4735 pleraeque
687 4672 714 4718 et
731 4669 764 4731 0,
783 4671 854 4734 quod
872 4671 1017 4722 defendunt
1034 4684 1066 4722 ex
1083 4686 1121 4722 or.
1140 4686 1166 4737 p.
1181 4671 1251 4723 Cael.
1271 4686 1294 4723 c.
1308 4675 1332 4724 8.
1352 4673 1385 4723 de
1403 4673 1473 4723 Orat.
1485 4674 1517 4722 ll.
1536 4685 1560 4723 c.
1573 4674 1614 4723 27.
1631 4699 1657 4707 —
1676 4674 1715 4722 ts.
1728 4672 1763 4720 toi

443 4760 471 4804 κ.
493 4774 520 4782 -
543 4745 584 4795 43.
602 4745 687 4806 potato
705 4746 734 4794 G.
760 4772 787 4781 -
813 4747 852 4795 47.
870 4748 1047 4797 cctrtuomrem
1064 4748 1093 4797 C.
1114 4774 1140 4783 —
1169 4748 1209 4798 48.
1228 4754 1263 4798 est
1278 4761 1331 4798 om.
1350 4749 1378 4798 Τ.
1399 4774 1426 4783 -
1445 4748 1484 4796 20.
1502 4753 1563 4797 essct
1579 4750 1638 4797 Gv:
1657 4760 1711 4797 om.
1729 4748 1760 4804 Ε;

442 4833 505 4870 esses
520 4821 613 4882 thL‚
632 4820 742 4880 lpum,
761 4821 787 4870 in
804 4821 900 4883 qulbus
916 4822 963 4871 isto
979 4822 1006 4870 ta
1022 4822 1075 4872 loco
1092 4835 1155 4873 cum
1172 4825 1238 4885 qood
1254 4824 1310 4873 trib.
1324 4828 1359 4873 cst
1374 4823 1545 4873 coniunctum
1562 4824 1611 4872 est.
1622 4850 1649 4858 -
1668 4823 1708 4872 tt.
1727 4823 1762 4871 tto

441 4894 580 4944 meditabor
595 4909 623 4953 χ.
644 4918 671 4931 ··
690 4895 731 4945 23.
749 4896 796 4944 tris
812 4896 899 4946 Ebtv.
921 4924 947 4933 -
968 4898 1050 4958 portis
1066 4898 1129 4948 ΕΜ.
1150 4925 1177 4933 -
1201 4897 1242 4950 il.
1260 4898 1470 4961 reprehensiones
1487 4896 1605 4955 EGl'v,
1623 4898 1649 4947 bl
1666 4910 1702 4946 m.
1720 4910 1759 4960 pr.

443 4993 472 5005 -
491 4969 531 5019 26.
551 4968 652 5019 debebat
666 4982 717 5020 esse
733 4971 802 5019 mel:
830 4984 879 5020 csse
895 4971 948 5020 deb.
967 4973 1023 5022 LO.
1044 4999 1070 5008 -
1097 4974 1138 5023 at.
1157 4973 1211 5023 illos
1227 4987 1280 5023 om.
1300 4976 1328 5022 ti.
1350 4999 1377 5008 -
1398 4985 1458 5021 cero
1475 4974 1504 5022 G.
1529 4998 1556 5007 -
1580 4972 1621 5021 29.
1640 4973 1683 5020 sed
1698 4976 1720 5020 et
1736 4972 1760 5018 tn

443 5044 530 5093 Cl'et
541 5044 603 5093 mei.
617 5070 643 5079 -
663 5044 703 5094 3t.
721 5045 796 5094 bostis
811 5047 846 5104 G;
864 5047 955 5095 burton
972 5047 1113 5116 EbleQ.
1126 5075 1153 5083 -
1171 5050 1317 5110 repudiatus
1332 5060 1381 5098 esre
1392 5048 1425 5105 l.;
1444 5047 1503 5097 fort.
1516 5060 1567 5097 esse
1582 5051 1645 5111 post
1659 5052 1762 5110 parente

441 5117 581 5167 intercidit.
603 5142 630 5152 —
648 5117 688 5168 32.
708 5118 750 5184 un]
768 5125 812 5169 out
828 5121 894 5181 mei,
913 5121 1002 5170 60xx.
1018 5148 1044 5156 -
1062 5124 1217 5184 proctectoti
1227 5151 1263 5161 --
1274 5123 1439 5184 triumpharet
1455 5135 1508 5171 orn.
1521 5122 1549 5172 T.
1564 5148 1591 5157 -
1608 5124 1761 5184 potissimam

441 5191 475 5242 E:
493 5193 684 5253 pottrdmin,
699 5195 869 5255 potissimcbl.
885 5222 912 5231 -
931 5193 971 5246 3l.
990 5210 1021 5246 oc
1036 5198 1157 5249 rebusll:
1176 5203 1203 5247 ut
1216 5200 1289 5250 reboo
1304 5199 1421 5258 (stov,
1439 5212 1469 5247 ne
1485 5196 1642 5258 ctrcbttsE,
1661 5196 1758 5251 sorim

440 5277 473 5314 no
487 5265 514 5313 in
529 5264 602 5316 robiis
618 5266 732 5322 Klotzius
749 5272 776 5322 in
792 5271 835 5323 ed.
854 5273 886 5323 ll.
907 5299 934 5310 -
950 5272 1040 5338 poene]
1054 5287 1102 5337 ρον
1118 5280 1141 5324 to
1157 5276 1186 5324 G.
1208 5301 1235 5311 -
1254 5273 1420 5334 sumptores
1436 5274 1466 5321 G.
