4367 6109
468 557 531 628 228
843 561 887 625 IN
908 561 1075 627 VERREM
1095 559 1219 627 acuo
1241 559 1426 627 SECUNDA

468 728 796 815 consuetudinemque
816 729 852 794 in
872 729 1048 794 vendendis
1070 732 1164 795 istius
1179 730 1314 796 decretis
1329 741 1361 796 et
1378 729 1505 796 iudiciis
1519 726 1798 813 transigendisque

467 828 622 911 negotiis,
642 832 680 890 ut
699 844 799 911 prope
820 824 902 889 alter
922 825 1138 889 Timarchides
1159 833 1388 890 numeraretur.
1428 818 1500 886 470.
1521 822 1591 887 Hoc
1613 829 1683 886 erat
1702 821 1799 886 etiam

468 922 650 1006 capitalior,
672 917 759 1005 qood
778 917 864 983 idem
885 919 1036 1001 pecunias
1057 920 1114 995 iis,
1137 921 1193 1003 qui
1214 921 1254 984 ab
1276 921 1337 984 isto
1355 918 1477 1002 aliquid
1492 917 1732 992 mercabantur,
1752 914 1801 980 le-
1878 940 1884 959 ·

466 1018 539 1081 nori
562 1015 668 1081 dabat.
699 1014 748 1078 Ea
767 1021 874 1079 autem
888 1013 1044 1078 feneratio
1058 1023 1125 1078 erat
1142 1016 1322 1090 eiusmodi,
1337 1014 1474 1087 iudices,
1496 1020 1533 1077 ut
1547 1013 1643 1076 etiam
1657 1013 1686 1076 is
1702 1029 1800 1095 quae-

443 1117 535 1174 444444
557 1110 632 1174 huic
651 1109 790 1174 cederet.
833 1110 912 1173 Nam
934 1127 1014 1193 quas
1035 1111 1185 1192 pecunias
1207 1108 1330 1172 ferebat
1350 1109 1390 1171 iis
1413 1128 1585 1193 expensas,
1608 1106 1799 1191 quibuscum

455 1203 688 1291 contrahebat,
711 1222 765 1266 eas
787 1210 843 1266 aut
864 1203 985 1266 scribae
1007 1203 1100 1265 istius
1122 1211 1177 1267 aut
1191 1202 1384 1267 Timarchidi
1405 1210 1462 1265 aut
1483 1203 1578 1265 etiam
1599 1202 1654 1266 isti
1675 1201 1801 1285 ipsire-

465 1297 588 1363 larebat
607 1305 764 1383 acceptas.
807 1298 895 1362 Idem
916 1304 1080 1381 praeterea
1101 1299 1253 1380 pecunias
1273 1299 1365 1361 istius
1380 1297 1649 1361 extraordinarias
1663 1292 1800 1378 grandes

466 1413 525 1456 suo
545 1392 674 1457 nomine
696 1390 908 1456 fenerabatur.
945 1385 1018 1454 474.
1040 1391 1101 1453 llic
1115 1393 1216 1474 primo
1233 1392 1449 1476 Carpinatius,
1470 1400 1642 1475 antequam
1655 1391 1692 1453 in
1706 1390 1799 1453 istius

466 1493 586 1550 tantam
606 1485 852 1551 familiaritatem
873 1487 1086 1569 pervenisset,
1115 1485 1286 1567 aliquoties
1314 1485 1353 1548 ad
1376 1487 1480 1551 socios
1501 1485 1622 1549 litteras
1645 1482 1685 1547 de
1707 1483 1800 1547 iatius

420 1591 457 1637 1⁴⁰
465 1580 592 1644 iniuriis
614 1581 753 1644 miserat.
797 1580 968 1644 Canuleius
997 1600 1089 1653 vero,
1118 1580 1174 1661 qui
1203 1580 1350 1663 inportu
1373 1580 1537 1664 Syracusis
1559 1597 1671 1663 operas
1694 1574 1800 1651 dabat,

429 1713 434 1721 ·
465 1671 552 1737 furta
572 1692 703 1759 quoque
723 1674 818 1739 istius
839 1674 997 1757 permulta
1011 1672 1199 1737 nominatim
1215 1673 1255 1736 ad
1270 1673 1376 1736 socios
1395 1672 1633 1757 perscripserat,
1654 1690 1693 1735 ea
1716 1688 1800 1755 quae

466 1767 535 1831 sine
563 1768 707 1851 portorio
738 1768 902 1852 Syracusis
930 1777 1018 1832 erant
1046 1774 1232 1850 exportata:
1260 1775 1389 1849 portum
1419 1776 1525 1833 autam
1554 1774 1588 1832 et
1608 1765 1800 1850 scripturam

466 1860 577 1925 eadem
598 1862 736 1927 societas
757 1862 903 1927 habebat.
946 1863 994 1926 Ita
1021 1861 1226 1935 factumest,
1254 1867 1290 1924 ut
1312 1869 1420 1926 essent
1441 1862 1615 1946 permulta,
1650 1878 1736 1946 quae
1758 1876 1800 1922 ex

466 1955 628 2020 societatis
649 1955 764 2020 litteris
787 1957 893 2020 dicere
915 1957 949 2019 in
971 1957 1067 2019 istum
1090 1962 1123 2018 et
1144 1955 1287 2038 prolerre
1308 1976 1487 2039 possemus.
1522 1951 1595 2020 t72.
1613 1955 1800 2022 serumse-

428 2060 458 2107 44
466 2049 559 2124 cidit,
580 2058 618 2113 ut
640 2049 861 2133 Carpinatius,
883 2049 939 2134 qui
961 2050 1024 2114 iam
1046 2071 1119 2113 cum
1141 2050 1202 2113 isto
1223 2069 1346 2113 summa
1361 2050 1610 2127 consuetudine,
1631 2055 1800 2135 praeterea

465 2164 500 2210 re
521 2164 559 2208 ac
580 2143 703 2207 ratione
726 2144 915 2208 coniunctus
937 2149 1036 2217 essct,
1059 2144 1185 2207 crebras
1207 2150 1320 2227 postea
1334 2144 1456 2208 litteras
1471 2145 1511 2208 ad
1528 2146 1633 2210 socios
1649 2145 1690 2208 dc
1704 2141 1798 2206 istius

465 2238 597 2304 summis
620 2234 734 2301 officiis
756 2238 790 2301 in
818 2259 887 2302 rem
909 2257 1109 2302 communem
1130 2234 1359 2321 beneficiisque
1382 2239 1533 2302 mitteret.
1575 2238 1704 2302 Etenim
1726 2254 1799 2299 cum

465 2334 526 2399 iste
545 2332 668 2407 omnia,
691 2351 913 2418 quaecumque
927 2331 1130 2415 Carpinatius
1151 2331 1351 2413 postulabat,
1373 2332 1478 2396 lacera
1500 2351 1537 2396 ac
1553 2332 1725 2396 decernere
1747 2348 1799 2392 so-

464 2428 568 2503 lebat,
590 2434 657 2491 tum
678 2426 734 2490 ille
756 2426 852 2490 etiam
873 2425 965 2509 plura
987 2425 1145 2489 scribebat
1165 2425 1207 2489 ad
1228 2425 1349 2501 socios,
1379 2435 1430 2502 ut,
1453 2427 1480 2490 si
1502 2434 1628 2510 posset,
1651 2443 1690 2488 ea
1713 2440 1796 2507 quae

426 2530 559 2587 abantea
580 2521 766 2603 scripserat,
787 2520 883 2603 plane
905 2519 1132 2603 exstingueret.
1175 2520 1223 2583 ad
1246 2527 1422 2584 extremum
1441 2541 1536 2596 vero,
1559 2541 1631 2585 cum
1652 2519 1713 2583 ista
1735 2516 1798 2579 iam

465 2615 655 2690 decedebat,
684 2617 755 2679 eius
782 2614 870 2679 modi
898 2615 1019 2678 litteras
1041 2615 1081 2678 ad
1105 2634 1160 2678 eos
1183 2615 1285 2690 misit,
1307 2621 1344 2678 ut
1364 2615 1440 2679 huic
1460 2615 1646 2699 frequentes
1669 2611 1797 2677 obviam

464 2710 647 2794 prodirent,
668 2709 786 2793 gratias
809 2716 952 2792 agerent,
974 2708 1115 2773 facturos
1130 2729 1181 2784 se,
1204 2709 1230 2773 si
1247 2708 1327 2793 quid
1341 2709 1546 2793 imperasset,
1568 2707 1713 2773 studiose
1727 2704 1798 2790 pol·

463 2803 646 2868 licerentur.
677 2804 790 2887 Itaque
812 2803 892 2867 socii
914 2802 1060 2867 fecerunt
1074 2812 1181 2867 vetere
1203 2802 1349 2867 instituto
1365 2804 1627 2887 publicanorum,
1650 2820 1717 2865 non
1730 2817 1797 2886 quo

463 2896 561 2961 istum
582 2896 650 2961 ullo
671 2896 795 2961 bonore
817 2897 949 2980 dignum
971 2897 1215 2974 arbitrarentur,
1244 2897 1301 2961 sed
1331 2898 1420 2981 quod
1449 2918 1507 2961 sua
1527 2897 1683 2963 interesse
1704 2899 1798 2978 puta·

426 2991 542 3058 atbant
562 3012 596 3056 se
618 3010 775 3056 memores
797 2998 970 3075 gratosque
984 2991 1179 3056 existimari:
1201 2991 1318 3076 gratias
1333 2992 1386 3054 isti
1402 2998 1554 3074 egerunt:
1577 2989 1798 3075 Carpinatium

464 3106 560 3170 saepe
588 3085 629 3150 ad
656 3106 691 3149 se
717 3085 757 3148 de
780 3084 850 3147 eius
872 3081 986 3149 officiis
1008 3085 1129 3151 litteras
1150 3087 1275 3151 misisse
1298 3085 1457 3149 dixerunt.
1501 3085 1615 3148 LXXI.
1638 3077 1795 3146 t73.1ste

464 3202 536 3246 cum
557 3179 777 3264 respondisset
797 3199 835 3242 ea
853 3199 888 3242 se
902 3178 1038 3243 libenter
1050 3179 1166 3244 fecisse
1181 3199 1360 3264 operasque
1377 3178 1552 3262 Carpinatii
1569 3195 1684 3262 magno
1700 3194 1797 3260 opere

463 3275 639 3340 laudasset:
663 3274 718 3338 dat
737 3274 841 3337 amico
864 3293 923 3336 suo
946 3274 1073 3338 cuidam
1095 3275 1274 3358 negotium,
1297 3273 1353 3357 qui
1375 3279 1444 3336 tum
1465 3275 1615 3356 magister
1636 3277 1706 3335 erat
1727 3269 1796 3333 eius

464 3371 642 3444 societatis,
665 3376 701 3432 ut
723 3367 892 3451 diligenter
913 3375 1039 3433 caveret
1052 3377 1151 3453 atque
1165 3369 1378 3453 prospiceret,
1401 3388 1441 3432 ne
1457 3368 1536 3454 quid
1552 3363 1690 3432 essetin
1712 3364 1798 3429 litte-

426 3463 508 3529 aoris
530 3462 707 3537 sociorum,
730 3462 818 3546 quod
840 3468 952 3526 contra
972 3472 1070 3546 caput
1092 3484 1184 3527 suum
1198 3467 1254 3527 aut
1268 3462 1536 3527 existimationem
1551 3462 1657 3526 valere
1678 3464 1797 3544 posset.

464 3559 576 3642 ltaque
597 3556 653 3620 ille
674 3555 881 3621 multitudine
904 3557 1065 3621 sociorum
1092 3564 1214 3620 remota
1236 3557 1429 3621 decumanos
1452 3563 1623 3622 convocat:
1653 3575 1722 3619 rem
1743 3554 1798 3617 de-

462 3651 534 3715 lcrt.
578 3650 730 3715 Statuunt
750 3650 797 3714 illi
819 3657 915 3736 atque
938 3653 1129 3727 decernunt,
1157 3658 1194 3714 ut
1215 3671 1271 3715 eac
1294 3651 1434 3727 litterae,
1464 3652 1580 3736 quibus
1603 3648 1796 3714 existimatio

466 3743 499 3808 C.
520 3742 629 3806 Verris
649 3743 845 3819 laederetur,
867 3754 1108 3810 removerentur
1129 3766 1292 3829 operaque
1308 3746 1452 3821 daretur,
1475 3766 1515 3809 ne
1536 3764 1638 3809 cares
1654 3744 1688 3808 C.
1703 3741 1795 3806 Veni

462 3836 568 3901 fraudi
590 3856 660 3900 esso
681 3846 802 3921 posset
845 3832 918 3902 474.
947 3841 981 3903 Si
1003 3841 1137 3904 ostendo
1159 3841 1222 3904 hoc
1244 3840 1422 3903 decrevisse
1445 3838 1656 3916 decumanos,
1679 3837 1708 3902 si
1730 3835 1799 3919 pla·

427 3951 541 4000 unum
562 3929 645 3994 facio
666 3929 730 3996 hoc
752 3932 880 3996 decreto
902 3942 1040 3998 remotas
1062 3955 1133 3998 esse
1155 3933 1292 3997 litteras:
1322 3933 1402 4017 quid
1423 3933 1615 4016 exspectatis
1637 3929 1798 4016 amplius?

464 4045 638 4109 possumne
659 4045 728 4089 rem
742 4027 842 4110 magis
864 4027 1035 4093 iudicatam
1050 4030 1179 4104 afferre,
1201 4028 1302 4112 magis
1317 4048 1407 4092 rcum
1425 4027 1673 4093 condemnatum
1693 4025 1729 4091 in
1749 4024 1798 4089 iu·

531 4308 554 4357 t.
571 4307 773 4371 familiaritatem
788 4309 1043 4375 cosuetudiacmqac]
1059 4311 1259 4362 consuetudinem
1269 4310 1296 4362 ll
1306 4312 1335 4362 et
1344 4309 1423 4375 4344.
1443 4307 1576 4376 [Optime]
1590 4333 1618 4346 -·
1636 4307 1661 4360 3.
1676 4305 1799 4372 massica

463 4379 497 4433 l:
512 4381 647 4444 peanum
663 4381 753 4433 utto.
768 4409 796 4419 -
813 4382 852 4433 iia
867 4383 1004 4449 4444342.
1020 4413 1047 4422 -
1067 4385 1223 4437 4444444444
1237 4386 1324 4450 43444
1342 4385 1483 4436 4444444444
1499 4387 1544 4436 cti.
1563 4386 1592 4436 0.
1612 4411 1641 4423 -
1658 4384 1681 4434 44
1696 4396 1738 4447 φτ
1760 4381 1799 4432 isis

463 4455 495 4517 4;
520 4457 560 4507 iiic
576 4456 625 4508 (444
644 4458 673 4508 0.
694 4482 721 4494 -
740 4459 765 4508 o.
782 4456 878 4520 4444444
893 4458 925 4507 iis
940 4459 975 4518 B;
1000 4459 1048 4523 444.
1065 4460 1104 4510 iis
1119 4465 1141 4511 Α
1158 4465 1186 4511 et
1201 4460 1284 4525 Lata,
1306 4461 1354 4526 444.
1373 4459 1466 4512 444444.
1485 4462 1580 4525 4433.;
1604 4461 1636 4510 iis
1650 4458 1747 4524 4440.
1768 4482 1796 4493 -

464 4531 488 4582 6.
512 4545 556 4582 cas
576 4537 622 4583 aaa
636 4531 729 4583 Lamb.
748 4545 832 4596 marg.
852 4531 933 4584 test:
951 4546 1001 4585 aaa
1016 4536 1054 4585 444
1068 4535 1152 4599 4342;
1171 4549 1214 4588 444
1230 4549 1284 4588 om.
1303 4538 1349 4588 ott.
1368 4538 1396 4588 0.
1418 4563 1445 4573 -
1462 4535 1504 4586 4444
1518 4536 1568 4599 ipsi
1582 4535 1636 4599 436
1647 4532 1680 4585 44
1691 4531 1733 4585 st.
1751 4530 1798 4594 (cl.

463 4605 489 4670 g.
508 4608 564 4658 404.
578 4609 636 4660 446.
654 4609 697 4659 111.
716 4607 740 4672 S.
752 4606 793 4657 34.
804 4607 861 4658 402.
874 4608 933 4659 442.
951 4609 982 4658 V.
997 4608 1021 4672 5.
1032 4609 1098 4674 ill:
1117 4612 1164 4674 ipat
1180 4612 1220 4662 isti
1236 4611 1282 4663 ctt
1294 4613 1324 4664 0.
1343 4611 1377 4663 cl.
1395 4611 1437 4662 Ν.
1456 4611 1480 4676 S.
1496 4611 1538 4662 92.
1554 4637 1581 4647 -
1599 4611 1625 4662 8.
1640 4607 1726 4672 primo
1742 4619 1797 4659 om.

463 4680 542 4745 4342.
563 4709 591 4719 -
613 4684 637 4733 9.
659 4683 800 4747 perueniret
821 4682 932 4746 432944.
952 4710 981 4720 -
1003 4685 1042 4735 42.
1060 4686 1214 4749 scriptam
1235 4685 1328 4748 44444,
1354 4684 1413 4736 alii:
1439 4686 1579 4748 scriptum
1599 4684 1647 4736 dit
1669 4710 1697 4722 -
1716 4679 1757 4734 44.
1775 4687 1800 4734 et

460 4757 529 4822 prof.
547 4755 582 4808 l:
608 4771 641 4809 ac
656 4758 725 4822 prot.
748 4757 796 4808 dtt.
816 4758 845 4808 0.
870 4783 897 4794 -
924 4758 964 4809 46.
986 4761 1085 4811 ratim
1104 4762 1174 4826 4329
1185 4761 1217 4813 42
1228 4764 1260 4814 N.
1284 4761 1326 4825 (cl.
1344 4762 1387 4812 444.
1412 4759 1437 4824 4.
1455 4760 1495 4812 29.
1517 4761 1549 4813 v.
1568 4760 1593 4827 3.
1612 4759 1662 4825 4.);
1683 4757 1800 4810 orcam

464 4834 510 4885 cti.
535 4857 564 4870 -
591 4834 631 4885 44.
657 4847 715 4885 cum
740 4833 839 4896 illm:
865 4839 919 4884 tam
939 4833 987 4884 dtt.
1016 4862 1044 4872 -
1068 4837 1108 4886 49.
1131 4837 1207 4888 etiam
1229 4837 1271 4888 iiio
1287 4835 1364 4902 4344.
1386 4862 1414 4874 -
1438 4849 1481 4898 aa,
1506 4848 1571 4899 qaae
1591 4848 1616 4886 a.
1640 4846 1690 4885 444.
1708 4832 1795 4897 43444

463 4919 529 4970 quaa
544 4921 571 4961 a.
589 4922 651 4972 scr„
669 4923 701 4961 aa
717 4912 762 4960 ott.
776 4911 805 4960 0.
821 4937 849 4947 —-
867 4911 908 4962 22.
924 4911 1023 4974 madae
1037 4911 1107 4975 4344
1124 4925 1151 4977 p.
1165 4926 1201 4964 m.
1213 4913 1283 4965 Fu:
1300 4913 1447 4978 pratiaaqao
1464 4914 1510 4963 ctt.
1523 4912 1554 4963 0.
1568 4937 1596 4948 -
1614 4923 1640 4961 44
1650 4907 1796 4975 4344444,

463 4979 518 5032 Pal.
538 4995 610 5034 sec:
635 4997 685 5036 csse
706 4987 752 5036 ctt.
773 5012 800 5022 -
826 4985 869 5037 43.
890 5000 939 5049 qao
960 4986 1055 5038 codd:
1082 4988 1149 5050 qaod
1164 4986 1193 5039 4.
1214 5015 1242 5025 -
1260 4987 1301 5039 44.
1319 5001 1351 5039 aa
1366 5000 1391 5039 aa
1407 4986 1502 5038 codd:
1527 4999 1553 5037 ae
1569 4998 1601 5037 aa
1617 4983 1679 5037 edd.
1697 4979 1797 5034 multae

462 5059 526 5121 post
542 5060 614 5110 Grut.
630 5086 658 5098 -
677 5061 718 5113 30.
736 5066 813 5125 capot
828 5075 902 5113 44444
918 5067 964 5112 aut
979 5063 1188 5114 aciatimctim
1203 5060 1272 5126 4344
1282 5074 1310 5126 p.
1324 5073 1372 5112 m.:
1389 5075 1463 5112 mam
1478 5066 1555 5126 caput
1569 5064 1645 5122 atquo
1660 5058 1797 5109 4444444444.

464 5133 509 5182 ctt.
529 5133 558 5183 0.
584 5135 618 5185 at
640 5135 674 5187 44.
697 5135 722 5200 5.
740 5136 781 5187 64.
804 5137 883 5188 Beier
899 5135 933 5187 ad
949 5136 1020 5188 Lael.
1040 5137 1064 5203 S.
1083 5138 1125 5189 64.
1145 5164 1173 5174 -
1199 5135 1239 5188 34.
1258 5137 1367 5188 decresse
1381 5137 1451 5201 4329
1462 5138 1520 5188 ΑΒ.
1542 5162 1569 5172 -
1588 5133 1629 5186 36.
1646 5132 1730 5198 mogh
1743 5143 1799 5183 4444

462 5206 542 5270 4349.
562 5208 625 5274 [om.
637 5211 753 5276 Zumpt]
770 5224 844 5275 mapa
860 5213 1050 5264 mammaea
1065 5212 1189 5264 44444444
1203 5213 1232 5263 iss
1247 5211 1366 5264 iudaicae
1382 5213 1506 5270 adduam
1521 5225 1572 5265 aon
1583 5222 1657 5279 pom
1673 5210 1748 5264 Serv.
1763 5203 1799 5260 ad

463 5281 530 5334 aaa.
546 5281 580 5336 x.
596 5281 667 5352 484,
684 5286 731 5353 qui
747 5286 776 5339 ln
791 5287 973 5343 frumentaria
988 5287 1061 5344 huno
1076 5287 1167 5345 locum
1181 5285 1235 5355 4434
1250 5285 1316 5345 laiso
1331 5288 1420 5343 tradit.
