4367 6109
464 575 526 639 450
798 576 1121 642 SUPPLEMENTIJM
1143 575 1446 640 ADNOTATIONIS

528 740 588 791 pag.
608 728 664 777 470.
688 738 715 777 u.
734 724 759 777 4.
783 726 869 776 debere
888 725 929 776 99.
953 754 980 762 -
1008 726 1047 776 47.
1067 726 1234 789 adlepatioacs
1253 725 1295 776 99.
1323 753 1350 761 -
1378 725 1418 775 49.
1436 723 1597 786 praepretia
1613 721 1647 773 49
1663 733 1737 772 corr.
1755 744 1785 756 -

463 813 503 862 95.
520 816 610 873 patres
625 810 656 872 V,
674 813 704 861 ut
720 809 802 860 habet
818 811 924 874 saepius
940 823 993 869 sus,
1012 815 1051 859 tus
1067 808 1126 861 ioco
1144 824 1216 870 suus,
1235 815 1300 860 turis.
1330 838 1356 845 -
1384 810 1425 860 96.
1443 809 1510 859 ecrit
1525 821 1578 858 om.
1596 807 1639 857 99.
1660 833 1688 843 —
1713 805 1788 854 boma

461 908 557 944 sommo
581 896 672 944 bonore
694 895 791 957 pudore
815 900 838 943 et
858 908 953 943 summo
971 894 1051 957 4444444
1074 893 1106 944 49
1124 898 1151 944 44
1167 896 1182 943 5
1200 893 1348 958 41144433,
1376 893 1424 944 sed
1441 895 1566 957 quattuor
1581 893 1638 942 sine
1656 895 1679 941 et
1698 888 1789 953 (tectio

462 979 540 1029 codd.
559 978 591 1027 99
608 980 635 1029 44
651 978 695 1040 48,
715 979 748 1028 (14
766 978 863 1042 quibus
881 978 951 1042 opud
969 980 995 1027 Ζ.
1015 981 1131 1028 erratum
1149 980 1203 1037 est,
1222 979 1275 1027 iem
1293 979 1319 1027 in
1337 978 1473 1042 superiore
1492 975 1582 1027 adnot.
1600 977 1703 1026 rectius
1720 972 1790 1023 indi·

462 1067 519 1113 4444
538 1066 596 1127 est).
617 1089 644 1098 -
663 1063 704 1114 97.
724 1063 817 1113 tectius
832 1064 876 1114 99;
898 1063 992 1112 Tertius
1008 1063 1038 1120 6;
1055 1063 1156 1112 Potitios
1173 1060 1217 1119 49;
1239 1063 1318 1111 tetius
1334 1063 1349 1112 6
1366 1061 1423 1112 reti.
1436 1063 1514 1124 4433.
1534 1059 1629 1124 (nuilus
1646 1059 1789 1123 43444414)-

459 1149 544 1209 titios).
564 1174 591 1182 -
610 1148 651 1198 97.
671 1148 786 1197 omittis
801 1148 925 1197 iudomiab
942 1147 1059 1196 acerbam
1077 1147 1130 1209 (sic)
1149 1149 1189 1197 99.
1211 1173 1237 1181 -
1257 1147 1298 1196 99.
1318 1147 1376 1196 talis
1391 1148 1459 1196 viros
1469 1147 1499 1196 V.
1514 1173 1541 1181 -
1559 1146 1654 1196 acuisse
1668 1145 1697 1195 in
1710 1143 1733 1192 V
1744 1144 1789 1192 est

459 1243 519 1295 sup.
538 1230 581 1282 iin.
602 1258 629 1266 -—
656 1231 697 1281 30.
716 1233 758 1294 poi
774 1245 912 1292 remquam
927 1231 1422 1294 4414444(6444444443044444444444
1440 1229 1499 1280 eod.
1519 1231 1566 1280 99:
1584 1230 1628 1293 qui
1644 1241 1789 1290 numquam

457 1315 529 1379 ulla).
549 1341 576 1351 -
596 1316 636 1366 33.
655 1317 715 1365 milri
731 1317 827 1365 adimat
843 1316 875 1366 99
892 1330 918 1380 p.
940 1343 967 1350 -
987 1315 1027 1365 38.
1047 1315 1083 1364 ait
1098 1328 1124 1364 se
1138 1311 1267 1371 [acturum
1283 1315 1313 1374 41,
1332 1317 1362 1364 nt
1378 1313 1465 1365 iocum
1484 1316 1602 1365 Donatus
1620 1313 1707 1364 411444.

524 1430 585 1481 pag.
605 1418 661 1469 474.
684 1433 709 1469 v.
728 1417 752 1468 4.
773 1419 855 1480 priori
871 1417 903 1468 49
921 1420 948 1468 44
964 1415 1005 1467 45.
1029 1417 1089 1478 (non
1107 1416 1138 1467 45
1156 1416 1240 1475 solus,
1259 1420 1288 1467 nt
1305 1418 1340 1467 eit
1357 1417 1394 1479 Z.)
1413 1444 1440 1453 -
1461 1418 1485 1467 6.
1505 1417 1595 1467 Tettius
1609 1417 1656 1476 99;
1681 1415 1789 1466 Pontius

458 1500 504 1560 49,
522 1502 625 1551 Potitius
641 1502 670 1563 6,
688 1505 718 1552 nt
733 1502 851 1561 videtum
868 1503 969 1552 Petilius
985 1501 1000 1550 6
1017 1499 1073 1551 reli.
1092 1503 1170 1564 4433.
1192 1530 1218 1538 -
1241 1501 1265 1552 8.
1285 1502 1313 1551 4.
1332 1502 1456 1551 Domitius
1472 1500 1554 1551 hebet
1570 1501 1601 1552 V.
1623 1528 1650 1536 —
1669 1501 1696 1550 9.
1714 1500 1788 1549 iudi-

456 1586 523 1634 cium
539 1586 572 1635 99
589 1589 616 1636 44
633 1585 648 1636 4
665 1586 723 1637 aiii:
742 1589 769 1637 ia
784 1587 904 1637 iudicium
920 1588 944 1636 6.
963 1586 987 1636 6.
1004 1587 1050 1641 97;
1069 1587 1096 1634 id
1112 1585 1230 1635 iudicium
1247 1584 1287 1636 49.
1303 1612 1327 1622 -
1350 1585 1390 1634 43.
1409 1586 1557 1635 adulescenti
1573 1586 1614 1635 99.
1629 1612 1656 1621 -
1678 1585 1719 1634 46.
1734 1583 1788 1632 ad-

458 1669 551 1732 lepatos
567 1670 608 1720 99.
629 1698 656 1706 -—
676 1672 716 1722 47.
735 1670 842 1735 coaetus]
860 1676 930 1720 actes
948 1671 1025 1733 4433.
1039 1682 1142 1720 omnes.
1158 1698 1185 1705 —
1204 1671 1245 1720 95.
1260 1670 1401 1719 locuturam
1412 1669 1427 1718 7
1440 1669 1504 1720 dett.
1519 1694 1546 1706 -
1566 1670 1607 1720 99.
1621 1669 1788 1719 renuntiatur

458 1750 544 1803 borrius
563 1754 604 1803 99.
633 1781 660 1789 -
690 1755 730 1806 39.
750 1756 818 1805 bonis
838 1755 951 1817 praediis
969 1753 1151 1816 praedibusque
1167 1754 1197 1805 V.
1225 1756 1257 1804 44
1274 1753 1327 1804 vid.
1345 1767 1372 1818 p.
1392 1753 1454 1816 479,
1473 1753 1488 1803 6
1506 1756 1533 1803 44
1551 1754 1590 1805 48.
1616 1754 1645 1804 in
1663 1751 1786 1803 editione

458 1848 562 1887 comme
579 1840 640 1902 post
658 1839 725 1888 bouis
741 1837 886 1889 delendum
904 1841 953 1888 est.

522 1953 582 2004 pag.
601 1941 658 1991 479.
683 1955 708 1992 v.
728 1942 752 1992 3.
771 1942 880 1991 excludit
897 1955 953 1991 cum
969 1941 1048 1990 sotum
1064 1940 1146 1990 habet
1163 1941 1193 1999 V,
1217 1953 1380 2003 quemqnam
1397 1940 1479 1990 Maius
1495 1940 1575 1989 solum
1591 1939 1689 1992 deesse
1706 1939 1782 1989 dicit.

458 2050 485 2059 -
505 2023 529 2075 4.
549 2026 647 2086 aspirat
662 2026 694 2075 99
712 2029 739 2076 44
756 2027 771 2075 6
788 2025 838 2075 elii.
860 2053 887 2060 -
910 2027 934 2075 7.
950 2031 1027 2086 putas
1044 2030 1146 2073 caetum
1162 2025 1252 2074 sedicet
1268 2024 1303 2088 tu]
1323 2023 1419 2073 Scribit
1436 2024 1469 2074 do
1487 2025 1539 2074 hoc
1556 2022 1614 2075 ioco
1630 2025 1781 2075 Erunnius:

458 2108 570 2158 «PVTAS
586 2107 630 2165 Cli
640 2109 657 2164 a
675 2109 803 2173 (4444444444
819 2109 889 2173 CAV)
906 2110 966 2159 stebt
983 2123 1026 2158 am
1041 2109 1111 2158 Eudo
1128 2110 1196 2158 einer
1212 2109 1288 2166 Zeiie,·
1312 2109 1351 2158 die
1367 2109 1467 2158 udcbste
1483 2108 1582 2172 bcpirmt
1597 2109 1643 2158 mil
1657 2108 1701 2158 As
1714 2108 1785 2157 wald

455 2192 547 2251 sicber;
565 2193 689 2256 daraust
707 2195 766 2244 oder
783 2200 797 2242 4
815 2194 983 2255 Bucbstoberr,
1001 2193 1119 2242 vielleicbt
1136 2193 1242 2254 41041,
1261 2191 1322 2241 aber
1338 2194 1384 2241 das
1400 2193 1488 2242 Istelrt
1503 2193 1606 2255 sebrdp;
1627 2193 1696 2241 damn
1714 2193 1782 2241 TV.»

455 2274 631 2326 Scribendum
650 2279 705 2338 est,
724 2278 832 2341 opinor:
850 2283 873 2327 et
888 2279 909 2327 si
925 2291 975 2327 uon
988 2283 1065 2340 putes
1083 2275 1147 2339 (scil.
1162 2278 1363 2337 commosse),
1382 2289 1471 2325 caveas
1482 2277 1545 2326 licet.
1565 2276 1600 2326 Tu
1613 2282 1720 2338 praetor
1733 2312 1740 2325 .
1753 2311 1780 2325 ..

455 2358 584 2410 inmittes?
602 2387 629 2396 -
648 2360 673 2410 9.
692 2361 770 2425 lepem
785 2362 868 2423 ipsam
879 2361 901 2409 V
914 2363 964 2423 [est
980 2375 1048 2411 nove
1065 2358 1161 2422 tectio).
1177 2387 1203 2394 -
1224 2361 1264 2409 40.
1283 2361 1329 2409 DE
1345 2361 1548 2411 HEREDITATE
1565 2361 1592 2410 14.
1606 2359 1673 2410 41111
1687 2360 1784 2410 OPERI

454 2442 494 2492 Fe
506 2481 665 2495 .........
675 2445 702 2493 N
714 2445 774 2494 PVP
793 2446 875 2495 IVNII
888 2444 911 2493 V
928 2445 978 2507 (est
994 2446 1072 2508 igitur
1088 2445 1172 2494 Recita
1188 2448 1250 2508 post
1265 2444 1398 2494 hereditate
1414 2444 1586 2503 addendum).
1606 2471 1633 2480 -
1659 2445 1701 2496 49.
1721 2445 1780 2494 ra.

457 2526 602 2577 VRBANVS
619 2528 650 2589 41,
668 2541 721 2589 pon
738 2528 821 2588 urbis,
844 2531 873 2579 nt
889 2527 972 2578 habet
988 2528 1071 2578 Maius
1089 2529 1115 2578 in
1133 2527 1194 2578 adn.
1219 2554 1246 2563 —
1270 2529 1330 2590 quid
1346 2529 1385 2578 eui
1407 2529 1490 2578 multis
1506 2529 1537 2579 V.
1559 2528 1626 2591 (tort.
1644 2543 1696 2579 ex:
1719 2529 1783 2592 quid

454 2615 489 2660 est
508 2611 535 2660 iu
556 2612 640 2661 multis
661 2612 722 2674 ete.)
743 2639 769 2648 -
794 2613 833 2662 43.
852 2613 875 2661 V
892 2612 973 2663 habet
996 2615 1057 2677 post
1072 2613 1184 2663 Meteilus
1205 2625 1257 2663 non
1275 2615 1378 2663 tantum
1395 2614 1557 2674 addiderim,
1580 2613 1642 2664 sed:
1666 2626 1783 2663 comoros

454 2695 615 2756 addiderunt,
635 2709 688 2758 quo
706 2696 814 2747 demum
832 2696 937 2746 adiecto
955 2696 1107 2747 emendatio
1124 2695 1174 2746 loci
1191 2697 1309 2759 perfecta
1327 2699 1376 2748 est.
1391 2724 1418 2732 -
1438 2699 1478 2747 45.
1496 2700 1625 2759 Perpenna
1641 2697 1682 2746 99.
1701 2696 1735 2747 49
1754 2700 1783 2747 44

454 2781 469 2829 b
487 2777 538 2829 alii.
559 2806 585 2815 -
611 2781 751 2830 censoribus
770 2782 902 2831 redemerit
924 2795 980 2830 eum
996 2785 1074 2844 4433.
1094 2783 1201 2845 praeter
1218 2781 1248 2830 97
1262 2781 1290 2843 (9)
1313 2782 1444 2831 omittunt.
1471 2782 1581 2832 Videtur
1598 2782 1693 2832 Cicero
1709 2782 1782 2832 scri-

452 2863 553 2927 psisse:
578 2865 626 2926 Qui
648 2865 677 2914 de
697 2866 725 2914 4.
743 2867 842 2915 Marcio
859 2868 893 2916 41.
912 2867 1038 2928 Perperna
1060 2865 1201 2914 censoribus
1282 2866 1376 2915 socium
1393 2880 1423 2915 ne
1440 2866 1577 2928 admittite,
1601 2879 1655 2916 non
1671 2869 1700 2916 ut
1718 2867 1782 2930 post

452 2946 592 2997 censoribus
617 2946 715 3010 aliquid
740 2949 765 2998 in
792 2947 866 2999 libris
889 2949 969 3013 desit,
996 2950 1045 3000 sed
1066 2952 1096 2998 nt
1117 2951 1206 2998 orator
1229 2949 1285 3012 ipse
1302 2949 1385 2999 serbo
1405 2948 1469 3012 legis
1486 2950 1623 3000 interiectu
1639 2948 1781 3000 brevitatis

453 3043 533 3081 causa
551 3033 678 3082 omiserit.
700 3061 726 3068 —
746 3034 786 3082 t6.
804 3034 908 3083 admitto
925 3035 1007 3083 binius
1025 3046 1116 3083 errore
1131 3045 1283 3096 operarum.
1300 3061 1327 3068 -
1345 3047 1405 3083 ecoe
1420 3033 1542 3098 redimito]
1560 3047 1590 3084 rre
1605 3047 1665 3084 uere
1681 3034 1780 3084 dimitto

452 3114 494 3164 99.
515 3143 542 3150 -
561 3116 602 3166 94.
620 3116 737 3166 suberant
754 3130 786 3166 ex
803 3117 834 3166 99
852 3130 900 3168 nos
918 3118 943 3166 in
962 3116 1022 3167 adn.
1042 3117 1204 3176 adiecimus,
1223 3117 1249 3167 in
1266 3130 1319 3180 qno
1336 3118 1463 3168 subierant
1479 3120 1583 3169 exstare
1600 3117 1665 3168 ialso
1680 3118 1708 3168 Ζ.
1723 3121 1780 3167 444-

452 3198 526 3249 didit.
554 3227 581 3236 -
607 3201 648 3251 93.
667 3205 694 3249 te
715 3212 769 3251 orn.
788 3201 819 3249 99
838 3214 879 3264 p.;
906 3213 985 3261 neque
1005 3207 1032 3250 tu
1054 3201 1086 3250 99
1109 3214 1164 3251 sec.
1184 3214 1273 3251 monn.
1294 3228 1321 3252 —,
1347 3203 1388 3253 95.
1407 3203 1441 3251 ad
1461 3202 1487 3251 id
1503 3215 1565 3264 opus
1580 3203 1605 3252 6.
1624 3201 1665 3252 97.
1684 3201 1727 3253 49.
1749 3228 1778 3238 -

451 3283 492 3333 99.
511 3283 553 3332 HS
569 3297 622 3333 om.
642 3281 682 3333 44.
702 3283 742 3332 99.
763 3310 790 3318 -
809 3285 848 3333 De
866 3297 978 3334 numero
997 3287 1118 3348 sequenti
1136 3285 1202 3335 hoec
1220 3284 1311 3335 scribit
1327 3287 1470 3337 Brnnnius:
1494 3287 1579 3336 «Nacti
1595 3287 1639 3336 der
1654 3287 1711 3336 sebr
1727 3299 1780 3335 uu-

451 3367 587 3417 deutliclreu
603 3367 664 3416 Zalrl
680 3368 781 3417 cinxrm
796 3368 827 3416 ist
844 3368 906 3417 oocb
923 3370 1003 3419 iteum
1019 3368 1180 3432 uerboudeu,
1200 3375 1266 3420 etrea
1281 3383 1330 3419 zur·
1348 3370 1539 3435 iViedcrlrolurrp
1554 3385 1603 3420 uorr
1619 3372 1703 3432 celeo,
1720 3384 1779 3421 was
1879 3442 1883 3449 Ι

451 3450 512 3500 aber
528 3452 594 3501 rriclrt
609 3452 723 3501 wiritlieb
738 3465 773 3502 444
789 3452 859 3501 seben
876 3453 932 3502 ist.»

516 3567 576 3617 pag.
595 3555 652 3604 473.
670 3568 696 3604 v.
716 3556 739 3604 t.
759 3569 776 3604 a
792 3555 926 3605 tuoramV
944 3556 1004 3619 (non
1022 3570 1055 3606 ea
1071 3557 1190 3618 tuorum).
1204 3582 1231 3592 -
1251 3557 1275 3606 9.
1294 3556 1395 3605 delitum
1411 3570 1464 3606 non
1482 3559 1524 3606 est
1540 3557 1606 3618 inv,
1624 3556 1778 3619 444114144-

451 3637 572 3699 40114,
591 3636 676 3689 littera
693 3642 753 3702 post
769 3640 816 3688 DE
827 3641 936 3690 incerte.
951 3666 978 3675 -
998 3639 1022 3691 4.
1040 3641 1180 3702 petivissem
1190 3641 1222 3700 V,
1240 3642 1270 3689 nt
1286 3640 1346 3693 aiibi
1364 3642 1390 3689 in
1406 3640 1447 3690 his
1459 3638 1532 3691 tibris
1547 3643 1648 3705 optimi.
1663 3668 1692 3680 -
1711 3643 1737 3692 9.
1751 3644 1780 3693 44

453 3726 493 3776 40.
508 3724 579 3773 cuius
594 3725 623 3772 dr
639 3723 708 3773 bouis
724 3735 772 3787 pro
787 3723 874 3785 quibus
885 3725 914 3773 de
930 3724 953 3774 b.
973 3723 1014 3775 bis
1032 3725 1133 3787 11434444
1148 3725 1243 3774 Bakius
1261 3723 1277 3773 4.
1292 3738 1315 3774 4.
1339 3739 1365 3789 p.
1380 3725 1475 3775 493-
1495 3725 1647 3775 4044414444
1663 3739 1719 3778 om.
1733 3727 1776 3777 99.

452 3837 479 3844 -
495 3809 535 3859 43.
548 3809 667 3858 teritorum
679 3808 709 3857 V.
728 3809 757 3856 In
769 3807 830 3858 ndn.
844 3807 960 3859 scribes:
980 3814 997 3858 t.
1011 3823 1063 3858 uua
1073 3810 1196 3858 ademisti.
1206 3836 1239 3845 -
1251 3808 1291 3859 44.
1306 3809 1385 3870 aliqui
1397 3810 1418 3857 V
1430 3812 1457 3859 et
1473 3811 1514 3860 99.
1533 3808 1637 3872 (tarsum
1648 3813 1690 3861 est
1701 3810 1779 3874 quod

451 3896 479 3944 Ζ.
493 3892 574 3943 hebet
585 3894 611 3942 in
627 3891 695 3942 Add.
714 3905 741 3956 p.
755 3891 827 3941 4093.
840 3893 866 3942 in
884 3893 916 3942 99
930 3895 1034 3942 exstare
1051 3894 1143 3955 pulpae
1159 3906 1207 3957 pro
1224 3895 1313 3955 cuique
1329 3906 1354 3943 v.
1369 3894 1419 3956 43.)
1437 3922 1470 3931 -
1487 3894 1528 3944 46.
1547 3894 1628 3955 operis
1643 3898 1666 3944 et
1682 3894 1710 3943 in
1726 3896 1779 3944 ista

451 3981 528 4042 4433.
547 3980 654 4041 praeter
669 3976 710 4026 97.
728 4003 762 4013 -
779 3976 819 4025 47.
836 3977 959 4026 mercedes
975 3977 1052 4039 4433.
1072 3990 1175 4028 omnes.
1192 4004 1225 4013 -
1242 3978 1283 4027 90.
1302 3979 1439 4027 osteediam
1455 3978 1496 4028 99.
1510 4004 1543 4014 -
1559 3979 1601 4029 95.
1619 3979 1779 4042 rescripserit

450 4062 482 4112 99
494 4075 537 4126 p.;
556 4060 699 4122 ascripserit
715 4061 746 4109 99
764 4073 833 4110 4444.
852 4062 880 4109 44
896 4061 910 4109 6
928 4059 979 4110 otii.
993 4089 1025 4097 -
1041 4060 1082 4112 34.
1102 4074 1179 4123 quem
1195 4061 1236 4112 99.
1250 4060 1291 4113 49.
1309 4064 1334 4112 6.
1354 4064 1378 4112 6.
1391 4063 1436 4112 27:
1450 4063 1602 4125 primorum
1617 4063 1674 4115 4441.
1693 4065 1776 4128 4433.

515 4177 575 4228 pag.
594 4162 650 4213 474.
674 4174 700 4212 v.
719 4163 759 4212 44.
783 4162 970 4212 arbitrarentur
988 4164 1066 4226 4433.
1088 4165 1197 4227 praeter
1215 4164 1256 4214 99.
1276 4191 1310 4201 -
1331 4166 1371 4214 49.
1391 4165 1510 4214 iudicium
1529 4177 1624 4216 omnes
1643 4167 1724 4230 4433.
1742 4193 1779 4204 ·-

450 4248 492 4300 43.
507 4249 574 4314 lou]
591 4248 685 4297 cctoao
701 4246 742 4296 99.
756 4245 787 4296 49
805 4249 832 4295 44
847 4248 863 4296 5
880 4245 937 4306 elii;
961 4247 1002 4296 .4’4
1020 4248 1035 4297 6
1053 4249 1080 4296 44
1096 4246 1137 4298 ts.
1150 4275 1183 4284 -
1201 4249 1241 4298 45.
1259 4249 1358 4297 milibus
1374 4261 1428 4298 om.
1441 4247 1482 4299 49.
1495 4275 1529 4286 -
1546 4249 1587 4300 48.
1605 4250 1684 4316 istro]
1702 4252 1780 4301 belisa

450 4333 535 4394 414444
551 4344 619 4380 nove
635 4329 713 4380 lectio
730 4329 869 4393 notabilis).
882 4359 915 4368 -
933 4331 973 4381 49.
990 4331 1088 4381 Haboni
1105 4332 1137 4393 V,
1155 4345 1208 4382 non
1225 4332 1329 4382 liuberti.
1347 4361 1380 4368 -
1396 4333 1437 4382 90.
1454 4334 1586 4396 pupillum]
1600 4336 1699 4397 pup.V
1717 4336 1776 4399 (sic,

450 4418 480 4467 ut
494 4416 599 4480 saepius
616 4417 641 4465 in
659 4416 686 4465 h.
699 4429 725 4464 v.
744 4414 783 4466 Ci.
801 4427 881 4478 supra
899 4430 925 4480 p.
939 4416 1000 4477 479,
1014 4416 1065 4478 40.)
1082 4443 1117 4451 -
1132 4416 1174 4466 95.
1191 4417 1296 4479 inperite
1306 4418 1338 4467 V.
1352 4443 1379 4451 -
1398 4418 1440 4467 96.
1458 4419 1670 4469 commoveremV
1685 4421 1718 4470 ut
1735 4422 1780 4471 ost

450 4501 478 4551 in
494 4501 525 4551 99
544 4502 604 4564 [non
620 4500 789 4560 concitarem).
806 4526 839 4536 -
856 4499 897 4549 30.
914 4513 971 4550 eum
987 4513 1040 4550 onr.
1058 4501 1090 4551 99
1108 4514 1134 4565 p.

517 4616 576 4668 pag.
597 4603 652 4653 475.
671 4617 697 4652 v.
716 4603 740 4653 3.
758 4615 836 4665 reoque
853 4607 876 4652 te
891 4608 974 4653 tamen
989 4603 1104 4653 mouebat
1119 4604 1150 4653 V.
1169 4630 1202 4640 -
1226 4603 1251 4654 4.
1266 4604 1410 4668 praeteria]
1428 4604 1471 4655 hic
1488 4605 1578 4658 deficit
1593 4607 1621 4658 in
1636 4606 1687 4658 boc
1705 4610 1775 4660 oret.

452 4733 493 4786 49.
511 4760 544 4770 —-
560 4733 611 4783 sine
628 4732 688 4782 bula
703 4733 744 4782 99.
757 4761 791 4768 -
807 4734 831 4782 9.
852 4733 891 4797 0.]
910 4748 985 4796 quom
996 4736 1036 4785 99.
1050 4762 1083 4772 -
1099 4682 1279 4798 gernemue
1290 4734 1330 4785 99.
1343 4761 1376 4770 -
1394 4734 1434 4785 44.
1453 4739 1509 4799 quis
1526 4739 1591 4788 onim
1606 4744 1642 4790 est
1658 4741 1674 4790 b
1692 4742 1721 4791 et
1731 4741 1775 4792 99.

453 4819 539 4882 (deest
554 4817 625 4882 epud
642 4819 679 4880 Z.)
697 4843 730 4854 -
747 4822 856 4879 quotuor
872 4817 913 4868 99.
931 4846 965 4856 -
981 4819 1022 4868 96.
1040 4818 1077 4868 itti
1093 4819 1126 4868 99
1137 4833 1164 4884 p.
1176 4846 1210 4856 —
1225 4824 1406 4883 eespeetomus,
1428 4823 1457 4871 ut
1473 4823 1526 4873 iem
1544 4822 1664 4877 Herelius
1680 4823 1776 4887 voluit,

451 4903 547 4954 Bekins
564 4914 671 4965 quoque
688 4915 715 4966 p.
735 4900 791 4952 494.
811 4898 828 4950 4.
847 4915 871 4952 c.
890 4902 1021 4966 proponit.
1044 4927 1071 4939 -
1091 4904 1132 4954 97.
1151 4917 1185 4954 ee
1201 4903 1288 4954 Cilicia
1304 4904 1336 4952 99
1352 4918 1379 4967 p.

516 5018 576 5070 pag.
596 5005 652 5056 476.
670 5017 696 5054 v.
716 5005 740 5053 4.
757 5004 852 5053 mulcta
867 5004 946 5067 1433.
958 5031 992 5041 -
1008 5005 1033 5056 9.
1051 5011 1087 5056 est
1104 5019 1157 5056 om.
1176 5006 1254 5069 4433.
1274 5006 1339 5057 dett.
1352 5033 1385 5044 -
1402 5009 1426 5059 6.
1444 5014 1472 5059 ut
1488 5009 1608 5063 4444444444
1624 5025 1678 5065 om.
1691 5014 1774 5078 4433.

451 5091 559 5153 praeter
575 5089 615 5139 99.
633 5114 667 5127 -
683 5088 725 5138 94.
742 5088 862 5137 iudicium
877 5087 919 5139 99.
937 5116 970 5125 -
986 5087 1027 5140 34.
1046 5103 1090 5153 epo
1107 5091 1155 5140 risi
1171 5091 1254 5142 hebet
1269 5092 1300 5142 V.

517 5192 577 5243 pag.
595 5182 652 5232 477.
675 5195 702 5232 v.
721 5182 746 5231 9.
769 5195 845 5243 quam
865 5181 1004 5245 torperem
1029 5182 1111 5233 habet
1127 5185 1158 5245 V,
1183 5197 1235 5235 non
1251 5187 1281 5234 ut
1297 5186 1333 5235 eit
1348 5188 1431 5239 Maius
1449 5203 1526 5253 quam
1541 5190 1722 5258 turpissimam.
1739 5220 1776 5232 -

450 5263 578 5326 oportebat
594 5277 655 5327 quor
671 5277 725 5317 om.
743 5264 833 5317 verbis
848 5269 935 5329 erepte
949 5271 1011 5318 esset
1023 5267 1132 5330 [acuties
1147 5281 1234 5321 eonor
1250 5267 1332 5321 hehet
1348 5272 1379 5324 V.
