4367 6109
474 598 537 669 aas
617 586 623 596 ’
803 604 954 673 omno
976 606 1030 672 nn
1051 605 1221 674 rmnmo
1244 605 1305 672 cn.
1325 595 1494 676 eournn

475 798 533 842 suo
560 777 679 840 iudicio
708 775 911 840 tribuendum
939 796 1008 840 esse
1036 776 1204 845 duxerunt
1246 774 1277 840 3.
1298 777 1403 862 Atque
1431 776 1510 842 illud
1530 777 1567 842 in
1587 773 1711 863 primis
1733 771 1812 840 mibi

474 871 655 935 laetandum
682 871 749 933 iure
779 890 848 935 esse
870 869 981 946 rideo,
1011 869 1099 955 quod
1127 871 1161 933 in
1182 870 1243 936 bac
1263 870 1390 935 insolita
1412 871 1490 936 mibi
1511 892 1555 937 ex
1573 870 1641 937 boc
1663 868 1742 935 locu
1764 887 1812 931 ra-

473 965 559 1028 tione
582 962 707 1029 dicendi
728 985 823 1030 cansa
842 966 914 1031 talis
936 966 1043 1031 oblata
1065 972 1128 1041 est,
1150 967 1183 1029 in
1206 985 1269 1050 qua
1290 966 1391 1029 oratio
1410 965 1524 1031 decue
1543 963 1675 1032 nemini
1695 962 1812 1049 possit.

473 1056 649 1121 Dicendum
678 1066 728 1123 est
748 1060 832 1122 enim
854 1060 894 1122 de
918 1059 973 1123 Cn.
995 1059 1138 1143 Pompeii
1160 1060 1313 1144 singulari
1335 1060 1517 1146 eximiaque
1537 1062 1683 1136 virtute3
1712 1054 1812 1122 buius

450 1158 579 1215 sautem
601 1153 754 1217 orationis
776 1152 938 1218 difficilius
959 1163 1008 1217 est
1022 1154 1142 1217 exitum
1156 1173 1251 1238 quam
1271 1152 1459 1238 principium
1472 1153 1633 1218 invenire.
1663 1152 1717 1218 lu
1733 1148 1811 1216 mibi

474 1264 537 1308 non
559 1252 624 1308 tam
645 1246 737 1330 copia
759 1266 854 1331 quam
875 1245 990 1311 modus
1010 1247 1043 1310 in
1064 1246 1200 1310 dicendo
1224 1247 1425 1331 quaerendus
1448 1256 1505 1310 est

558 1339 599 1401 Il.
620 1336 651 1402 4.
672 1341 776 1425 Atque
796 1348 833 1405 ut
846 1339 920 1403 inde
935 1342 1037 1404 oratio
1052 1360 1123 1404 mea
1136 1340 1371 1423 proficiscatur,
1392 1341 1476 1404 unde
1490 1341 1570 1406 baec
1584 1341 1695 1405 omnis
1712 1357 1811 1403 cansa

475 1433 617 1509 ducitur,
636 1434 757 1499 bellum
779 1453 874 1518 grave
897 1442 929 1499 et
947 1434 1163 1518 periculosum
1177 1434 1292 1498 vestris
1305 1434 1511 1517 vectigalibus
1524 1455 1563 1500 ac
1577 1436 1678 1501 sociis
1693 1454 1716 1499 a
1731 1433 1811 1497 duo-

474 1528 533 1592 bus
554 1528 782 1613 potentissimis
802 1528 930 1612 regibus
951 1527 1101 1603 insertur,
1130 1527 1309 1591 Mithridate
1331 1535 1363 1590 et
1384 1529 1536 1609 Tigrane,
1558 1549 1706 1612 quorum
1729 1527 1811 1592 alter

438 1618 619 1698 sorelictus,
641 1621 721 1686 alter
741 1621 925 1697 lacessitus,
946 1623 1145 1686 occasionem
1167 1621 1228 1685 sibi
1249 1621 1289 1685 ad
1306 1620 1522 1705 occupandam
1535 1623 1647 1687 Asiam
1663 1621 1810 1687 oblatam

474 1735 544 1780 esse
566 1715 767 1780 arbitrantur.
808 1714 978 1800 Equitibns
998 1714 1163 1790 Romanis,
1188 1714 1421 1778 honestissimis
1440 1716 1532 1792 viris,
1560 1716 1749 1781 afferuntur
1770 1735 1810 1780 ex

367 1846 370 1851 <
473 1810 548 1875 Asia
569 1809 713 1895 quotidie
733 1807 871 1885 litterae,
893 1829 1027 1894 quorum
1048 1827 1180 1892 magnae
1202 1829 1252 1872 res
1267 1815 1404 1891 aguntur
1418 1809 1451 1873 in
1465 1811 1578 1874 vestris
1592 1809 1810 1896 vectigalibus

474 1905 659 1969 exercendis
679 1910 867 1988 occupatae:
890 1903 944 1986 qui
965 1903 1006 1966 ad
1027 1922 1077 1966 me
1099 1922 1158 1986 pro
1181 1901 1426 1978 necessitudine,
1452 1903 1635 1988 quaemihi
1658 1913 1712 1969 est
1736 1924 1810 1967 cum

473 1997 529 2062 illo
551 1994 680 2074 ordine,
708 2014 836 2060 causam
857 1997 903 2061 rei
924 1996 1069 2080 publicae
1096 1996 1300 2081 periculaque
1322 2016 1427 2060 rerum
1449 2017 1575 2061 suarum
1597 1996 1808 2062 detulerunt:

436 2106 465 2153 ro
473 2088 503 2155 5.
524 2091 709 2177 Bithyniae,
736 2109 818 2175 quae
845 2110 930 2153 nunc
951 2097 1055 2154 vestra
1082 2089 1245 2173 provincia
1267 2095 1330 2165 est,
1359 2089 1446 2154 vicos
1469 2099 1597 2156 exustos
1620 2111 1694 2156 esse
1719 2111 1809 2154 com·

473 2184 597 2270 plures3
624 2205 757 2269 regnum
784 2182 1021 2259 Ariobarzanis,
1052 2182 1139 2268 quod
1167 2183 1336 2247 finitimum
1367 2192 1417 2247 est
1443 2184 1557 2249 vestris
1579 2182 1807 2270 vectigalibus,

471 2286 571 2343 totum
593 2299 664 2344 esse
685 2280 719 2343 ib
739 2272 880 2342 bostium
902 2283 1074 2361 potestate3
1096 2279 1133 2341 L.
1146 2276 1313 2341 Lucullum
1333 2279 1455 2361 magnis
1476 2278 1571 2342 rebus
1586 2280 1688 2362 pestis
1706 2279 1751 2344 ab
1766 2300 1805 2344 eo

470 2371 556 2436 bello
578 2368 757 2448 discedere;
780 2365 857 2435 huic
879 2371 933 2457 qui
954 2371 1144 2435 successerit
1164 2390 1230 2435 non
1255 2371 1332 2435 satis
1355 2390 1424 2434 osse
1445 2380 1589 2455 paratum
1611 2369 1654 2436 ad
1675 2378 1806 2437 tantum

471 2459 590 2529 bellum
612 2458 911 2540 administrandum
932 2485 1031 2529 unum
1052 2465 1091 2528 ab
1106 2465 1251 2529 omnibus
1273 2463 1369 2528 sociis
1392 2472 1425 2529 et
1438 2463 1560 2529 civibus
1575 2462 1615 2529 ad
1631 2465 1665 2530 id
1678 2463 1806 2529 bellurn

434 2558 693 2643 coimperatorem
715 2556 845 2645 deposci
866 2565 965 2642 atquo
985 2557 1110 2642 erpeti3
1131 2558 1270 2622 eundem
1289 2555 1374 2622 bunc
1394 2578 1495 2621 unum
1516 2559 1556 2623 ab
1571 2557 1723 2624 hostibus
1737 2578 1806 2624 me·

471 2653 534 2729 tui,
577 2661 722 2718 raeterca
740 2653 910 2717 neminem.

554 2675 585 2809 b.
607 2744 708 2811 Causa
729 2764 811 2831 quae
832 2742 891 2834 444,
921 2740 1053 2809 videtis:
1084 2765 1185 2821 nunc,
1216 2742 1293 2829 qnid
1323 2747 1482 2830 agendum
1502 2747 1560 2824 sit,
1589 2744 1831 2813 considerate..

469 2840 610 2907 Primum
636 2839 715 2905 mibi
742 2832 865 2904 ridetur
886 2838 926 2904 de
947 2859 1063 2923 genere
1083 2838 1176 2916 belli,
1204 2838 1320 2904 deinde
1342 2839 1382 2903 de
1404 2840 1638 2925 magnitudine,
1665 2849 1740 2906 tum
1762 2838 1804 2905 de

469 2934 659 3023 imperatore
681 2924 851 3017 deligendo
873 2953 943 2998 esse
966 2930 1146 2998 dicendum.
1187 2932 1294 2999 Genus
1316 2942 1365 2999 est
1388 2932 1463 2997 belii
1486 2934 1681 3013 eiusmodi,
1711 2934 1804 3023 qnod

431 3024 606 3107 mmmme
635 3033 759 3094 rohos
787 3027 910 3091 animos
938 3026 1076 3092 excitare
1102 3035 1198 3112 atque
1219 3027 1412 3092 inflammare
1434 3025 1475 3092 ad
1496 3026 1712 3113 persequendi
1734 3037 1804 3094 stu·

469 3120 557 3191 dium
578 3114 711 3199 debeat,
731 3118 765 3185 in
786 3141 851 3207 qno
872 3121 976 3204 agitur
996 3116 1107 3207 populi
1128 3120 1261 3185 Romani
1283 3121 1401 3210 gioria,
1424 3141 1506 3206 quae
1520 3120 1610 3187 vobis
1631 3143 1652 3186 a
1668 3122 1804 3187 maiori·

467 3216 526 3282 bus
559 3237 633 3281 cum
661 3232 775 3299 magna
805 3210 840 3278 in
868 3214 1016 3279 omnibus
1044 3214 1155 3290 rebus,
1185 3221 1252 3278 tum
1281 3235 1403 3279 summa
1423 3216 1457 3279 in
1477 3235 1511 3279 re
1533 3215 1663 3280 militari
1682 3215 1803 3281 tradita

469 3318 536 3376 est:
559 3311 660 3394 agitur
681 3309 767 3373 salus
788 3309 945 3373 sociorum
959 3313 1056 3392 atque
1071 3307 1259 3384 amicorum,
1281 3328 1340 3392 pro
1355 3329 1419 3392 qua
1432 3308 1531 3373 multa
1545 3310 1683 3374 maiores
1698 3310 1801 3375 vestri

469 3424 582 3487 magna
603 3412 636 3467 et
656 3404 763 3487 gravia
782 3400 867 3466 bella
888 3410 1070 3484 gesserunt:
1100 3411 1238 3486 aguntur
1259 3404 1432 3466 certissima
1454 3404 1563 3487 populi
1585 3404 1722 3467 Romani
1745 3423 1803 3467 ve-

431 3498 595 3581 aoctigalia
618 3504 650 3560 et
671 3497 822 3570 maxima,
855 3493 970 3580 quibm
991 3496 1113 3559 amissis
1136 3502 1169 3559 et
1188 3496 1275 3580 pacis
1298 3504 1483 3559 ornamenta
1503 3503 1536 3559 et
1557 3496 1698 3561 subsidia
1720 3496 1801 3561 belli

468 3588 656 3675 requiretisr
683 3596 820 3672 aguntur
838 3589 923 3652 bona
944 3588 1115 3653 multorum
1137 3589 1267 3665 civium,
1296 3589 1413 3674 quibus
1435 3598 1483 3654 est
1504 3611 1523 3655 a
1543 3591 1633 3655 vobis
1655 3596 1687 3654 et
1710 3591 1803 3675 ipso·

534 3870 558 3921 4.
575 3868 668 3920 44444444
683 3866 744 3920 mos
760 3865 918 3918 4444444ιά444
934 3865 966 3930 b).
986 3894 1015 3906 -
1040 3868 1168 3919 ducem
1184 3868 1236 3920 EV
1257 3869 1379 3932 (uterque
1402 3880 1418 3917 a
1438 3880 1491 3920 sec.
1511 3880 1601 3947 ηις-ι
1617 3869 1702 3932 prima
1720 3868 1802 3919 diee-

467 3959 543 4014 noct;
562 3955 595 4006 ct
615 3953 638 4018 5.
658 3953 725 4018 47.);
744 3957 890 4003 censuum
906 3951 981 4015 the
993 3953 1055 4004 WC
1069 3956 1158 4005 tamen
1170 3952 1271 4014 siletur)
1283 3950 1399 4006 4440.
1413 3978 1440 3988 -
1459 3958 1535 4015 atque
1546 3966 1583 4015 pp
1599 3950 1723 4017 (propter)
1733 3953 1802 4003 titud

469 4034 496 4084 F.
517 4058 544 4069 —
567 4031 592 4081 2.
611 4027 652 4094 cs]
673 4032 697 4080 et
713 4027 773 4079 BV.
801 4026 839 4077 Cf.
859 4027 883 4090 3.
900 4027 926 4077 4.
945 4053 973 4063 -
993 4028 1016 4079 3.
1036 4030 1116 4080 mesre
1137 4029 1230 4080 nemim
1245 4026 1452 4090 EVFBLVO:
1478 4028 1571 4078 44444444
1587 4029 1668 4078 denec
1682 4027 1746 4078 Vh.
1765 4054 1795 4064 -

465 4107 543 4172 pontt
557 4106 621 4158 EV:
636 4107 718 4168 potest
733 4100 877 4156 aeneo.
897 4128 924 4138 -
943 4100 969 4153 4.
988 4102 1036 4155 Ga.
1053 4107 1073 4155 Α
1092 4108 1120 4156 et
1135 4119 1189 4169 mg.
1207 4104 1245 4162 V;
1263 4115 1353 4168 ponere
1369 4103 1428 4153 EV.
1449 4129 1477 4140 —
1498 4104 1523 4153 c.
1540 4091 1691 4166 Itol'tsoqcae
1705 4101 1798 4157 44ιὲ.

470 4208 498 4220 α
518 4182 542 4234 8.
560 4182 591 4245 ot]
609 4184 685 4242 stoue
700 4179 844 4243 (superem
863 4177 893 4240 ct)
912 4179 938 4229 F.
954 4204 981 4215 ·-
999 4181 1091 4230 scaris
1107 4182 1135 4231 B.
1156 4207 1183 4217 -
1202 4194 1234 4230 oc
1249 4177 1350 4241 svp:
1369 4183 1445 4241 atquc
1460 4178 1537 4228 4441.
1550 4177 1605 4231 to.
1620 4203 1647 4214 -
1666 4179 1689 4228 9.
1708 4179 1801 4229 4444444-

468 4256 527 4309 44444
541 4254 571 4306 V.
590 4278 619 4291 ·-
646 4253 687 4305 444.
711 4253 820 4319 relictus]
843 4253 943 4302 relicuas
958 4256 993 4302 ert
1009 4253 1039 4304 V.
1060 4282 1088 4293 -
1114 4255 1160 4304 stet
1183 4268 1236 4306 om.
1255 4256 1282 4306 F.
1303 4279 1330 4291 —
1359 4255 1399 4304 44.
1417 4254 1576 4304 arbitrantur
1591 4254 1610 4303 E
1628 4257 1655 4303 et
1673 4252 1763 4305 tittera
1778 4269 1800 4305 n

469 4334 600 4401 expuncta
616 4331 651 4382 V:
669 4329 812 4381 arbitram
827 4326 1031 4393 44444440.
1051 4355 1078 4365 -
1107 4330 1147 4380 42.
1165 4330 1243 4381 littae
1259 4331 1358 4381 cottidie
1373 4329 1404 4378 V.
1425 4355 1453 4365 -
1473 4328 1512 4378 to.
1531 4329 1662 4390 dubim
1678 4330 1698 4379 E
1715 4329 1797 4392 (Fr.);

467 4407 575 4460 htttrtodc
589 4406 621 4457 V.
642 4432 669 4442 -
694 4404 854 4468 quamplures
870 4404 1020 4454 correctum
1045 4404 1071 4455 in
1088 4404 1226 4466 complures
1242 4406 1273 4455 v.
1293 4432 1321 4442 -
1347 4404 1387 4455 46.
1408 4403 1584 4453 &obsum
1599 4404 1630 4454 V.
1651 4429 1679 4439 -
1702 4405 1801 4454 nom

467 4484 499 4535 V.
519 4509 546 4523 -
567 4483 607 4533 44.
623 4483 768 4545 poectum
784 4478 866 4531 Andr.
884 4479 1017 4530 schottus.
1041 4478 1079 4530 Cf.
1099 4479 1123 4543 S.
1136 4479 1176 4530 33.
1193 4506 1220 4516 —-
1238 4480 1266 4530 4..
1286 4492 1347 4530 nos:
1367 4492 1421 4528 om.
1434 4478 1526 4528 ceteri.
1546 4501 1574 4513 -
1594 4478 1634 4529 48.
1652 4482 1800 4530 messuerit

467 4553 666 4620 wcnvpo:
684 4554 798 4607 mccssdt
813 4553 901 4606 schol.
920 4555 1113 4613 Gronoviaous;
1137 4555 1287 4605 mccrcrrm't
1303 4553 1447 4607 4444440.
1468 4579 1496 4589 -
1514 4565 1566 4603 esse
1581 4566 1634 4605 om.
1653 4554 1684 4605 V.
1704 4580 1733 4591 —
1752 4556 1796 4606 20.

390 4638 394 4645 '
468 4636 644 4698 superatores
660 4642 715 4683 om.
732 4628 765 4694 44.
786 4657 813 4668 -
837 4629 934 4693 deposci
950 4642 1003 4680 orn.
1021 4629 1053 4679 V.
1072 4656 1100 4667 -
1125 4632 1233 4680 modum
1248 4630 1280 4680 V.
1298 4656 1325 4666 -
1344 4629 1385 4679 44.
1403 4641 1481 4692 ymas
1497 4633 1532 4678 est
1548 4627 1603 4677 hetti
1618 4630 1739 4679 eiusmodi
1756 4631 1797 4681 ch

469 4710 547 4775 (testo
564 4706 651 4760 hiodio
668 4706 750 4771 Epist.
769 4706 879 4757 Norant.
898 4706 949 4768 et.)
966 4705 989 4754 V
1006 4704 1067 4768 (non
1084 4700 1118 4765 43)
1136 4705 1170 4755 0:
1188 4718 1265 4769 penus
1281 4705 1396 4754 ostentm
1412 4703 1467 4753 oeus
1483 4704 1601 4753 duonodt
1618 4704 1654 4763 E;
1670 4711 1798 4768 pensem

469 4786 535 4836 cutm
552 4782 608 4835 osas
622 4782 761 4833 huiuamodi
777 4780 825 4839 W·,
843 4794 920 4845 pecus
936 4785 971 4830 ert
986 4781 1052 4830 enim
1067 4779 1206 4829 huiusmodi
1223 4780 1257 4838 B;
1275 4791 1352 4843 penus
1367 4783 1402 4827 at
1417 4779 1483 4827 enim
1499 4779 1617 4828 eiusmodi
1633 4779 1680 4829 Fa
1691 4780 1709 4829 L
1719 4777 1747 4833 4.
1764 4806 1794 4816 -

469 4860 511 4912 bh.
529 4856 564 4909 ud
575 4858 738 4921 perecqomdt
753 4857 863 4907 studitam
879 4856 946 4907 GE:
964 4856 999 4906 od
1014 4855 1123 4904 studium
1136 4854 1298 4917 persequendi
1315 4855 1352 4914 (ut
1368 4855 1494 4903 Gruterus
1511 4853 1653 4904 lectionem
1670 4852 1798 4904 codicum

370 4942 376 4955 ·
471 4934 520 4987 CB
537 4944 632 4999 pamm
648 4934 772 4984 accurate
788 4931 895 4996 rettulit)
914 4933 947 4989 O;
963 4932 1125 4994 pernocendi
1140 4931 1249 4980 studium
1266 4929 1332 4989 (sine
1343 4929 1384 4989 od)
1397 4928 1433 4982 V;
1452 4941 1505 4978 om.
1520 4927 1632 4983 44444.
1648 4956 1676 4965 -
1694 4929 1736 4978 26.
1749 4929 1797 4978 de-

470 5008 555 5060 bsctc
569 5004 885 5072 (uosuoototsvnm
904 5006 971 5057 debet
986 5004 1112 5060 MV.-
1130 5007 1157 5055 to
1174 5020 1222 5068 quo
1238 5003 1407 5067 cotton-tn
1422 5015 1451 5052 re
1467 5004 1573 5053 militur-t
1588 5016 1641 5053 om.
1660 5003 1747 5053 th.
1762 5027 1791 5041 -

468 5083 555 5148 poputt
570 5081 683 5148 4404444444]
700 5082 729 5133 44.
747 5081 774 5133 Ρ.
793 5079 825 5144 b.
846 5107 873 5118 -
891 5082 933 5132 27.
951 5081 1063 5132 omnam
1078 5081 1151 5131 rebus
1167 5080 1230 5131 EV:
1247 5078 1320 5128 rebus
1336 5077 1448 5127 munibus
1464 5078 1576 5132 44440.
1591 5105 1619 5115 -
1637 5078 1732 5127 trudito
1747 5078 1793 5144 eet]

471 5158 590 5210 tarditate
605 5159 637 5216 Ἐς
656 5158 716 5223 quid
731 5155 791 5208 tto?
806 5158 842 5216 B;
860 5160 955 5208 omn.
975 5182 1002 5192 -
1021 5156 1062 5207 48.
1081 5158 1168 5220 cpttur
1183 5155 1249 5206 enim
1264 5153 1332 5204 sotter
1348 5155 1374 5202 F.
1389 5179 1417 5189 -
1435 5154 1515 5203 nostri
1530 5154 1587 5204 Fa.
1602 5180 1629 5190 -
1648 5153 1689 5203 29.
1703 5154 1794 5216 papati

409 5270 428 5305 ἦ
471 5230 585 5299 Romani]
599 5246 649 5296 pro
666 5235 709 5298 (er
721 5247 748 5298 p.
766 5233 816 5295 ro.)
832 5232 869 5293 V,
884 5245 932 5295 per
947 5231 977 5283 E.
998 5258 1025 5268 -
1044 5232 1085 5283 34.
1102 5231 1239 5281 multorum
1254 5229 1366 5279 bonav.
1384 5255 1411 5265 -
1430 5235 1465 5280 est
1481 5242 1534 5280 om.
1553 5227 1585 5292 44.
1606 5255 1633 5266 -
1652 5229 1754 5278 cuchis
1769 5234 1794 5280 ct

469 5310 582 5377 tpm
596 5312 620 5362 st
634 5309 698 5372 retp.
715 5320 794 5359 cosas
809 5307 844 5370 E,
862 5319 917 5372 mg.
934 5303 953 5362 4
970 5305 1011 5371 (er
1028 5305 1107 5359 codd.
1126 5304 1234 5367 Clerici,
1258 5303 1374 5357 Memmii
1390 5305 1419 5356 et
1433 5303 1610 5370 fabriciano),
1632 5303 1666 5356 0:
1689 5302 1793 5355 ooohts
