4367 6109
443 562 504 647 aas
848 566 1000 634 ortano
1017 567 1100 661 „rao
1122 567 1160 632 a.
1184 565 1356 634 casciae

529 737 659 801 xxvii.
680 736 718 799 ln
737 732 883 822 bac'ipsa
897 757 1008 814 causa,
1030 743 1283 821 recuperatores,
1305 739 1332 801 si
1346 736 1408 801 hoc
1422 757 1480 801 nos
1494 756 1559 800 non
1573 735 1774 810 obtinemus,

445 832 477 896 ri
505 829 631 894 armatis
657 831 837 895 bominibus
865 831 1023 896 deiectum
1050 853 1120 894 esse
1150 851 1236 906 eum,
1267 852 1361 916 quem
1383 831 1414 892 vi
1435 831 1562 894 armatis
1583 827 1776 893 hominibus

444 925 572 1010 pulsum
592 922 797 1008 fugatumque
818 944 889 988 esse
911 933 1050 1001 constat,
1073 926 1206 989 Caecina
1228 946 1294 988 rem
1316 945 1380 988 non
1395 924 1533 999 amittet,
1555 943 1654 1008 quam
1668 923 1776 1008 ipsam

445 1020 550 1081 animo
578 1015 668 1092 sorti,
697 1017 722 1080 si
753 1026 875 1102 tempus
905 1019 949 1083 ita
969 1019 1081 1094 ferret,
1110 1020 1282 1083 amitteret:
1309 1018 1343 1081 in
1365 1018 1598 1101 possessionem
1619 1018 1656 1081 in
1680 1035 1777 1100 prae-

421 1110 547 1173 ssentia
568 1130 631 1173 non
653 1111 853 1187 restituetur,
875 1113 955 1176 nihil
977 1113 1122 1196 amplius.
1156 1110 1207 1174 io.
1222 1112 1334 1195 Populi
1348 1111 1481 1175 Romani
1496 1131 1607 1187 causa,
1628 1108 1777 1175 civitatis

445 1203 510 1278 ius,
536 1204 636 1278 bona,
664 1203 808 1267 fortunae
837 1210 1118 1290 possessionesque
1145 1205 1284 1274 omnium
1326 1207 1359 1270 in
1389 1206 1518 1269 dubium
1546 1207 1777 1288 incertumque

444 1298 689 1375 revocabuntur3
710 1306 815 1365 vestra
829 1302 1087 1365 auctoritateboc
1103 1302 1322 1374 constituetur,
1343 1301 1403 1363 boc
1418 1300 1666 1384 praescribetur:
1691 1296 1778 1374 Qni-

446 1411 516 1454 cum
544 1399 579 1454 tu
609 1392 741 1475 posthac
770 1392 809 1456 de
830 1396 1031 1476 possessione
1053 1394 1241 1469 contendes,
1269 1414 1341 1456 eum
1363 1395 1389 1458 si
1413 1395 1590 1477 ingressum
1613 1393 1711 1456 modo
1738 1391 1776 1454 in

445 1484 607 1568 praedium
622 1486 791 1561 deieceris,
812 1487 957 1551 restituas
973 1488 1145 1570 oportebit:
1168 1488 1218 1550 sin
1235 1495 1339 1550 autern
1355 1487 1546 1569 ingredienti
1560 1506 1630 1575 curn
1645 1493 1777 1550 armata

409 1579 644 1642 tumultitudine
666 1578 778 1643 obvius
799 1579 895 1643 fueris
918 1589 949 1644 et
969 1582 1011 1643 ita
1031 1581 1214 1644 venientem
1234 1581 1426 1663 reppuleris,
1448 1580 1581 1664 fugaris,
1603 1580 1776 1653 averteris,

445 1693 510 1736 nou
537 1674 694 1737 restitues.
739 1674 819 1737 luris
847 1674 924 1738 haec
947 1694 1010 1737 vox
1032 1681 1097 1748 est,
1119 1695 1189 1737 esse
1210 1675 1273 1737 vim
1294 1692 1360 1736 non
1381 1673 1415 1737 in
1438 1674 1535 1737 caede
1558 1674 1679 1749 solum,
1710 1675 1776 1736 sed

445 1767 539 1830 etiarn
560 1768 594 1829 in
615 1767 730 1840 animo,
751 1766 908 1841 libidinis,
930 1768 990 1830 nisi
1012 1789 1105 1831 cruor
1125 1773 1290 1851 appareat,
1313 1767 1376 1828 vim
1395 1787 1461 1831 non
1478 1787 1548 1831 esse
1564 1767 1696 1844 factam;
1719 1770 1777 1831 iu·

444 1859 505 1933 ris,
532 1859 686 1923 deiectum
714 1879 798 1934 esse,
826 1861 879 1945 qui
908 1861 1083 1945 prohibitus
1109 1863 1164 1936 sit,
1193 1861 1351 1934 libidinis,
1382 1862 1446 1925 nisi
1469 1881 1509 1924 ex
1531 1881 1569 1925 eo
1590 1862 1682 1937 loco,
1710 1862 1776 1925 ubi

444 1952 613 2034 vestigium
634 1954 839 2037 impresserit,
869 1954 961 2018 deiici
984 1956 1140 2018 neminem
1162 1975 1273 2037 posses
1304 1952 1355 2018 77.
1379 1955 1473 2032 iuris,
1495 1977 1561 2021 rem
1583 1964 1615 2021 et
1636 1964 1776 2021 senten·

444 2207 475 2256 q3
494 2195 618 2244 amittitur
634 2195 660 2244 1..
685 2195 723 2244 De
739 2192 830 2255 dsiiet
846 2195 988 2249 iordanes:
1008 2197 1032 2246 in
1045 2197 1242 2247 Commentario
1260 2200 1348 2248 tamen
1367 2198 1391 2246 in
1409 2196 1533 2248 omnibus
1548 2197 1687 2250 codicibus
1701 2209 1774 2250 esse

443 2269 580 2320 amaretur
595 2270 716 2320 aitirmat.
735 2297 762 2306 -
787 2270 810 2319 t.
828 2270 963 2321 obtinmsus
981 2272 998 2321 ti
1017 2272 1155 2331 (i'reunrlio
1172 2273 1249 2333 testo)
1267 2273 1361 2323 tht
1376 2277 1441 2334 (sec.
1461 2273 1508 2335 m.)
1526 2277 1553 2323 et
1568 2272 1677 2333 Aldina,
1699 2277 1775 2338 opti-

443 2358 528 2394 nemus
544 2345 563 2394 T
580 2344 623 2407 (ci.
642 2345 665 2410 5.
685 2345 750 2407 40.);
768 2345 919 2396 obtineamus
935 2352 1084 2412 aempqt
1100 2351 1151 2411 (pr.
1170 2349 1217 2406 nr.)
1233 2345 1255 2406 β
1271 2350 1349 2407 etA;
1367 2347 1526 2397 obtinebimus
1537 2361 1599 2399 cum
1612 2351 1716 2401 tuatim
1731 2352 1774 2412 (et

444 2419 555 2470 tortasse
572 2420 634 2481 Va)
656 2418 740 2473 ΗΟ.
764 2445 792 2455 -
818 2421 843 2470 2.
864 2421 898 2485 vii
920 2428 947 2470 ut
965 2419 1294 2485 ETGiiabmpqtad
1318 2425 1345 2471 et
1360 2423 1391 2473 Α.
1415 2422 1590 2473 Emendatum
1608 2428 1649 2475 est
1668 2426 1722 2476 iarn
1743 2427 1772 2477 in

443 2494 553 2544 tuntina.
568 2522 595 2532 —
613 2493 738 2559 ddeatmn]
756 2495 870 2545 dalmtun
881 2497 909 2545 T.
928 2496 1002 2546 Cont.
1015 2511 1040 2546 v.
1054 2498 1093 2547 ta.
1109 2526 1136 2534 -
1155 2499 1178 2547 3.
1197 2502 1293 2546 constat
1309 2497 1343 2547 T:
1362 2503 1453 2546 conuet
1471 2496 1613 2550 acteo.
1626 2526 1652 2535 -
1672 2500 1771 2550 amittet

407 2590 410 2595 ·
443 2569 474 2620 V.
497 2595 523 2605 —
541 2571 598 2633 ipsa
614 2569 642 2620 T.
661 2593 689 2605 -·
708 2567 732 2619 i.
751 2569 836 2634 terret]
857 2571 919 2634 feret
940 2570 1007 2630 bm;
1028 2573 1077 2635 sert
1097 2585 1125 2629 e;
1148 2577 1223 2622 tenet
1243 2575 1277 2631 G;
1305 2578 1370 2621 terre
1387 2574 1462 2635 aqt;
1489 2578 1571 2624 terrae
1590 2573 1683 2639 Eiip3
1709 2581 1772 2627 tare

443 2642 485 2694 vel
506 2649 566 2694 teus
582 2643 613 2694 V.
641 2646 690 2709 (De
707 2644 727 2693 Τ
747 2642 893 2696 Harlessius
910 2645 989 2707 silet.)
1007 2674 1034 2683 -
1051 2648 1078 2696 in
1092 2649 1240 2709 possessione
1254 2648 1346 2698 scu.
1358 2674 1386 2684 -
1405 2648 1433 2696 in
1445 2648 1571 2709 praesemi
1588 2650 1614 2699 i..
1632 2676 1659 2687 -
1677 2651 1702 2700 b.
1722 2664 1771 2701 re-

442 2719 585 2770 stitueretur
600 2721 629 2772 T.
649 2747 676 2757 -
696 2721 721 2772 ti.
739 2720 817 2770 bonae
831 2722 949 2785 fortunae
959 2723 978 2771 E
988 2723 1007 2773 T
1016 2722 1037 2769 V
1046 2734 1072 2785 p.
1092 2723 1129 2772 Ct.
1144 2722 1168 2785 g.
1182 2722 1222 2771 38.
1237 2748 1263 2758 -
1281 2722 1492 2783 possessionesque
1502 2723 1611 2771 omnium
1624 2724 1687 2774 ET:
1703 2739 1770 2788 pos-

442 2795 606 2858 sessionesque
621 2799 684 2859 (om.
703 2797 820 2858 onmium)
839 2795 980 2850 [idtio.
1009 2796 1046 2847 Cs.
1066 2796 1090 2858 S.
1109 2797 1149 2846 38.
1168 2798 1208 2847 st.
1232 2824 1256 2832 -
1276 2799 1302 2845 in
1319 2807 1373 2846 orn.
1391 2797 1420 2847 T.
1440 2821 1466 2833 -
1487 2796 1511 2845 7.
1529 2805 1681 2849 rmocantur
1700 2799 1767 2853 lid.

443 2869 600 2920 Emendavit
617 2871 762 2935 Naugerius
783 2871 809 2922 tn
825 2871 926 2922 Aldina.
948 2871 1007 2935 (sai.
1027 2872 1195 2921 amabuntur·
1217 2885 1269 2937 mg.
1289 2871 1326 2931 d.)
1345 2899 1372 2909 —
1394 2872 1583 2921 constitueretur
1600 2876 1740 2927 ETVGM
1751 2891 1767 2926 a

443 2942 598 3009 bmpqtti
614 2948 640 2996 et
657 2948 687 2997 tt.
706 2945 881 2998 Emendatum
894 2950 933 2998 cst
949 2949 976 2998 in
994 2947 1103 2997 Iuntina.
1128 2972 1155 2983 -
1170 2946 1399 3008 praescribereET
1417 2945 1481 3008 (non
1496 2948 1716 3010 proscriberetur,
1737 2955 1768 3000 ut

444 3021 485 3070 est
507 3020 533 3070 in
554 3020 720 3072 Mommsenii
742 3022 857 3085 schedis)
880 3023 1000 3087 VGbp;
1020 3022 1172 3084 perscribere
1193 3026 1303 3085 arnqtz
1328 3021 1522 3083 '’usenberetar
1536 3020 1557 3082 β
1572 3025 1599 3071 et
1613 3027 1643 3073 Α.
1664 3025 1768 3076 Emen-

443 3094 534 3145 dutum
552 3097 592 3148 est
607 3095 634 3146 in
650 3096 795 3147 Iuntina-
814 3096 838 3148 8.
856 3098 884 3147 in
898 3099 1029 3159 praedium
1045 3098 1162 3160 dclaqmis
1175 3097 1234 3151 iiT;
1253 3099 1376 3155 mereim,
1393 3097 1419 3144 in
1433 3098 1566 3158 praedium
1582 3096 1654 3158 bitti
1670 3102 1697 3149 ct
1713 3103 1767 3151 ΑΙ.

443 3167 504 3228 203
522 3169 640 3233 delegeris
656 3170 780 3236 (deligeris
791 3172 823 3236 V)
839 3173 866 3221 in
880 3173 1013 3235 praedium
1027 3173 1054 3221 lt.
1075 3171 1113 3222 Cl.
1131 3171 1155 3234 5.
1168 3171 1208 3221 ts.
1225 3198 1251 3207 -
1271 3173 1294 3219 9.
1313 3172 1426 3220 restituat
1443 3171 1608 3222 iITVGitta
1619 3186 1698 3238 mpq
1709 3179 1764 3236 tor3

441 3245 589 3294 restituatur
604 3245 630 3295 k.
649 3272 676 3282 -
701 3246 765 3311 mm]
783 3260 839 3296 eum
854 3248 883 3296 T.
903 3273 931 3282 -
956 3247 995 3296 to.
1013 3246 1151 3308 reppuleris
1166 3246 1227 3295 ET:
1253 3245 1373 3306 reputeris
1389 3244 1491 3296 ΒΔΗ
1502 3244 1531 3294 0.
1552 3272 1579 3280 -
1596 3249 1717 3309 repuleris
1734 3267 1767 3306 ac

440 3318 539 3382 superis
554 3323 619 3383 (om.
632 3321 759 3384 averteris)
777 3321 804 3371 t..
819 3349 846 3358 -
866 3322 905 3371 tt.
918 3335 968 3370 non
983 3322 1091 3370 restituis
1103 3318 1139 3376 tt;
1158 3321 1285 3369 restituere
1300 3334 1349 3368 non
1367 3318 1460 3368 debebis
1474 3320 1502 3368 t..
1521 3318 1581 3383 (non
1595 3323 1707 3373 restitues
1723 3328 1767 3376 est

443 3394 495 3443 iam
513 3395 538 3445 in
556 3394 667 3455 Aldina}
685 3397 712 3446 in
729 3397 749 3446 T
765 3396 832 3446 haec
849 3395 930 3446 verba
949 3397 1043 3447 deesse
1059 3395 1197 3453 ridentum
1220 3393 1315 3444 tineam
1338 3396 1408 3443 enim
1427 3394 1457 3442 iis
1473 3391 1599 3444 subduxit
1615 3396 1766 3449 Harlessius

444 3482 530 3532 neque
553 3469 697 3534 quidquam
719 3471 743 3520 in
766 3473 883 3534 margine
901 3472 1047 3535 adscripsit.
1073 3497 1100 3505 -
1126 3472 1152 3519 tt
1174 3484 1233 3534 sqq.
1252 3471 1317 3519 iuris
1332 3471 1392 3517 baec
1407 3483 1458 3517 stoa
1474 3470 1607 3518 est--ius
1623 3485 1694 3522 omne
1710 3478 1766 3522 tor-

443 3544 523 3606 queri.
552 3545 597 3593 Vos
612 3545 723 3606 statuite,
740 3552 926 3607 recuperatores
942 3546 1085 3608 Madvigius
1103 3544 1146 3607 (ad
1165 3546 1218 3595 Cic.
1238 3544 1271 3592 de
1289 3545 1341 3593 i'in.
1362 3558 1386 3607 p.
1409 3541 1518 3602 xiiii:
1543 3547 1570 3591 tu
1589 3558 1629 3595 res
1650 3547 1671 3595 si
1689 3561 1767 3610 equos

442 3621 519 3668 uestes
540 3618 561 3667 si
582 3618 635 3668 uim
655 3633 704 3669 non
727 3620 753 3668 in
768 3622 825 3670 cede
840 3621 919 3671 sotum
934 3622 977 3671 sed
992 3623 1067 3672 etiarn
1082 3622 1110 3670 in
1126 3622 1211 3671 animo
1227 3620 1333 3669 libidinis
1349 3620 1398 3668 nisi
1414 3632 1491 3668 cruor
1506 3624 1630 3680 appareat
1644 3620 1698 3669 uim
1713 3636 1766 3672 non

442 3706 492 3743 esse
506 3694 601 3755 factam
616 3694 706 3743 iniuris
722 3694 835 3745 delictum
852 3709 900 3744 esse
916 3697 958 3757 qui
972 3696 1109 3757 prohibitus
1125 3696 1156 3744 sit
1172 3695 1279 3744 libidinis
1294 3694 1343 3744 nisi
1359 3708 1392 3743 aa
1402 3707 1430 3743 eo
1446 3693 1498 3742 loco
1515 3693 1557 3742 ubi
1572 3695 1704 3759 mdiqium
1714 3696 1766 3746 im·

439 3768 557 3829 presserit
573 3768 644 3817 deiici
660 3768 732 3830 (deici
745 3768 779 3833 V)
795 3771 916 3819 neminen
928 3784 1000 3832 posse
1016 3773 1079 3820 iuris
1096 3772 1183 3820 retinet
1198 3770 1343 3820 sententiam
1358 3773 1381 3818 ct
1398 3769 1548 3828 aequitatem
1561 3769 1699 3832 plurimum
1713 3786 1766 3822 uc-

443 3842 493 3893 lere
512 3847 625 3905 oportere
645 3843 752 3893 libidinis
771 3845 846 3894 uerbo
863 3859 893 3894 ac
915 3846 998 3896 littera
1014 3848 1054 3895 ius
1069 3861 1141 3895 omne
1161 3846 1271 3906 torqueri
1291 3857 1337 3893 uos
1351 3847 1451 3893 statuite
1467 3851 1653 3907 recuperatores
1669 3846 1719 3896 ttv
1738 3851 1766 3897 et

443 3919 473 3976 Α,
493 3917 588 3967 celcris
605 3915 740 3968 codicibus
756 3917 811 3968 iere
830 3919 1069 3978 consentientibus;
1088 3922 1116 3970 Si
1131 3934 1174 3970 eos
1185 3921 1229 3970 boc
1239 3920 1390 3982 statueritis,
1407 3920 1519 3969 statuetis
1531 3921 1583 3969 tim
1593 3933 1643 3971 esse
1653 3922 1678 3971 iu
1690 3925 1767 3974 caede

443 3991 535 4051 solum,
556 4005 605 4041 non
622 3992 648 4040 in
665 3994 749 4042 animo
765 3997 788 4043 et
803 3993 917 4043 libidine:
939 3996 987 4045 nisi
1004 4010 1080 4046 cruor
1096 4002 1232 4057 appareat,
1257 3996 1308 4044 uim
1324 4009 1373 4043 non
1390 4007 1440 4043 esse
1454 3995 1562 4058 factam,
1585 3997 1627 4045 sed
1642 3997 1766 4048 iniuriam

445 4071 542 4118 tantum
558 4067 594 4128 ei,
620 4067 663 4129 qui
682 4067 819 4130 prohibitus
839 4072 887 4119 sit:
912 4071 960 4119 nisi
979 4085 1012 4121 aa
1033 4086 1061 4121 eo
1078 4073 1143 4131 ioco,
1169 4071 1211 4119 ubi
1226 4071 1355 4133 vestigium
1370 4070 1533 4131 impresserit,
1556 4071 1627 4120 ddici
1642 4073 1766 4122 neminem

441 4154 520 4205 posse.
551 4141 616 4190 Iuris
634 4142 711 4205 ipitur
730 4143 836 4193 retinere
855 4145 999 4195 sententiam
1015 4152 1038 4196 ct
1054 4147 1206 4206 aequitatem
1219 4145 1357 4206 plurimum
1371 4145 1468 4204 aalma
1494 4158 1528 4193 an
1544 4144 1617 4194 uerbo
1633 4161 1664 4196 cc
1679 4147 1765 4198 littera

445 4219 484 4266 ius
500 4230 571 4267 omne
587 4218 711 4279 torqueri,
729 4232 772 4268 vos
787 4224 894 4269 statuere
909 4227 1096 4282 recuperatores
1111 4225 1206 4282 oportet
1224 4221 1254 4275 i.;
1273 4224 1325 4267 tum
1341 4219 1476 4268 statueritis
1491 4220 1542 4269 uim
1552 4221 1578 4269 in
1589 4223 1663 4271 caede
1672 4223 1764 4284 sotum,

444 4308 494 4342 non
510 4294 585 4343 eiiam
601 4293 628 4341 in
644 4294 744 4342 eninm:
761 4293 810 4342 nisi
824 4307 901 4342 cruor
917 4301 1054 4356 appareat,
1070 4296 1122 4344 aim
1138 4309 1187 4343 non
1204 4307 1253 4343 esse
1268 4294 1380 4356 sutum:
1403 4294 1558 4343 iniuriarum
1574 4296 1687 4345 mtuturn
1702 4311 1764 4354 esse.

447 4368 489 4431 qui
503 4367 640 4431 prohibitus
655 4367 701 4426 sit,
725 4367 773 4415 nisi
789 4382 822 4417 esc
838 4382 866 4417 eo
882 4368 947 4427 loco,
971 4370 1013 4421 idi
1032 4372 1162 4433 vestigium
1181 4369 1344 4430 impresserit,
1368 4369 1438 4418 deiici
1458 4369 1580 4419 mutierem
1594 4385 1671 4432 posse.
1698 4374 1767 4422 Iuris

446 4443 524 4508 igitur
539 4442 641 4492 retineri
657 4445 814 4503 sententiam,
833 4448 856 4493 et
872 4445 1020 4506 aequitatem
1032 4446 1171 4507 plurimum
1186 4444 1270 4494 vaae
1286 4449 1415 4504 oportere:
1441 4458 1475 4493 an
1491 4444 1564 4493 uerbo
1580 4458 1611 4493 ac
1626 4445 1709 4495 littera
1724 4447 1766 4497 ius

445 4533 517 4570 omne
533 4519 661 4581 torqueri:
684 4532 728 4567 uos
743 4519 855 4579 statuite,
876 4524 1061 4582 recuperatores
1077 4521 1109 4575 2:
1133 4526 1185 4570 tum
1207 4519 1246 4567 ius
1262 4524 1285 4567 ct
1301 4532 1409 4579 aequum
1422 4532 1466 4568 cos
1480 4520 1592 4568 statuetis
1606 4533 1656 4569 esse
1669 4521 1721 4570 uim
1736 4523 1766 4572 in

445 4596 518 4645 caede
534 4595 613 4643 sotum
629 4606 690 4653 esse,
708 4607 758 4641 non
775 4595 850 4642 etiam
866 4595 892 4643 in
908 4595 992 4643 animo
1004 4600 1026 4644 et
1042 4595 1156 4653 libidine;
1173 4595 1220 4643 uisi
1234 4608 1310 4643 antor
1320 4601 1456 4656 appareat,
1474 4596 1584 4644 cirnnon
1595 4609 1644 4644 esse
1653 4597 1764 4657 factam·

445 4667 540 4718 iniuria
556 4681 612 4716 eum
628 4667 676 4717 dici
693 4668 810 4718 ddectum
827 4682 887 4728 essa,
906 4671 948 4731 qui
961 4670 1100 4732 prohibitus
1115 4671 1159 4729 sit;
1175 4670 1224 4717 nisi
1240 4683 1272 4717 ce
1282 4683 1310 4716 eo
1327 4670 1394 4728 loco,
1413 4667 1453 4716 ubi
1463 4669 1591 4731 vestiqium
1602 4670 1763 4732 impresserit,

446 4743 517 4792 deiici
532 4743 652 4792 nnninem
665 4755 744 4804 posse.
769 4743 835 4792 Iuris
849 4745 926 4807 igitur
941 4745 1043 4794 retineri
1058 4745 1216 4803 sententiam,
1235 4749 1258 4792 et
1274 4743 1423 4803 aequitatem
1435 4742 1573 4804 plurimum
1588 4745 1671 4794 caure
1686 4760 1765 4807 opor-

446 4825 510 4876 tere‚·
531 4831 565 4866 cn
583 4816 657 4866 uerbo
680 4830 712 4865 ac
727 4816 800 4866 ittera
816 4818 854 4866 ius
870 4832 940 4868 mnne
956 4819 1080 4881 torqueri,
1106 4832 1149 4867 cos
1164 4819 1277 4878 statuite,
1302 4822 1489 4879 recuperatores
1511 4831 1572 4868 cum
1593 4819 1713 4870 Scbiitzio
1731 4822 1762 4871 0.

447 4894 602 4943 Ceterorum
615 4894 763 4942 commenta
781 4893 875 4943 afferre
893 4892 954 4944 nihii
972 4895 1076 4954 attinet,
1095 4907 1155 4943 curn
1173 4894 1199 4942 in
1217 4889 1350 4955 praeclara
1362 4891 1482 4955 Madvigii
1495 4893 1644 4943 coniectura
1657 4897 1764 4959 paucis-

447 4968 512 5017 sima
531 4967 628 5017 incerta
646 4967 706 5017 sint.
721 4994 748 5004 —
768 4968 807 5017 tt.
821 4968 885 5017 iuris
900 4969 990 5018 scilicet
1005 4969 1065 5018 baec
1080 4983 1131 5017 uon
1141 4974 1175 5016 est
1188 4966 1252 5017 Lud.
1266 4968 1350 5017 Ianus.
1370 4967 1432 5029 (Get.
1445 4968 1507 5017 Ans.
1521 4968 1761 5030 dictarentur.

448 5041 520 5094 tatu.
538 5043 568 5093 N.
581 5040 650 5104 stt.)
668 5069 696 5078 -
715 5041 754 5094 tt.
772 5043 931 5106 impresserit]
946 5044 988 5092 ira
1002 5045 1118 5105 presserit
1130 5046 1149 5092 G
1159 5045 1205 5092 iia
1217 5056 1242 5092 m
1255 5043 1332 5105 pqt;
1351 5043 1388 5091 ita
1401 5042 1519 5105 presserit
1535 5040 1631 5102 bekss
1648 5047 1674 5092 et
1690 5047 1720 5094 A.
1733 5070 1760 5080 —·

446 5132 500 5168 reru
515 5124 539 5168 et
554 5115 666 5182 Spengel
682 5116 776 5181 (Pbiiol.
794 5118 970 5170 Schneidewin.
983 5120 1014 5169 11.
1032 5133 1059 5182 p.
1072 5119 1129 5168 auti.
1141 5116 1198 5167 coll.
1218 5117 1242 5180 S.
1261 5117 1301 5165 79.
1320 5117 1360 5166 ai.
1376 5117 1438 5178 86.);
1457 5121 1546 5167 retinet
1561 5118 1764 5184 Eabekmpt

447 5191 495 5254 αβ
512 5195 539 5244 et
556 5196 589 5250 Ας
607 5193 713 5243 retinere
729 5205 760 5256 q,
778 5193 879 5242 retineri
896 5191 976 5244 tto.
996 5193 1033 5243 Ci.
1048 5194 1126 5244 etiam
1144 5193 1167 5256 S.
1181 5194 1234 5243 su:
1253 5193 1384 5242 stultitiam
1397 5194 1550 5258 singularem
1562 5194 1718 5258 pumbimus,
1735 5195 1763 5248 in

447 5268 578 5324 aemorum
593 5281 678 5321 errore
692 5268 803 5345 bersan,
819 5281 873 5318 rem
889 5274 911 5320 et
927 5280 1030 5320 caraem
1046 5273 1069 5318 et
1084 5267 1215 5321 utilitates
1225 5292 1240 5304 ·
1249 5293 1265 5306 -
1273 5268 1387 5333 prodere.
