4367 6109
450 577 514 646 240
811 576 855 642 nt
875 575 1044 642 VERREM
1063 574 1186 641 Acrlo
1209 574 1396 641 SECUNDA

451 752 514 816 line
536 751 679 815 civitates
702 754 777 812 sunt
797 747 881 810 bello
902 767 922 810 a
943 747 1118 811 maioribus
1138 747 1258 813 nostris
1279 749 1445 812 subactae:
1467 766 1603 832 quarum
1617 764 1694 830 ager
1706 766 1780 811 cum

451 853 536 911 esset
556 843 703 927 publicus
725 842 836 926 populi
859 842 992 905 Romani
1014 841 1128 918 lactus,
1149 850 1255 906 tamen
1276 842 1341 906 illis
1363 850 1412 906 est
1433 840 1593 906 redditnsz
1614 841 1642 907 is
1663 861 1740 926 ager
1760 860 1780 905 a

451 939 637 1005 censoribus
657 937 757 1001 locari
779 936 870 1000 solet.
903 935 1098 1000 Foederatae
1112 935 1257 1000 civitates
1272 936 1355 999 duae
1370 944 1454 1011 sunt,
1478 954 1613 1021 quarum
1627 935 1781 1000 decumae

448 1033 558 1098 venire
589 1050 654 1096 non
682 1030 823 1105 soleant,
851 1028 1039 1093 Mamertina
1066 1035 1100 1092 et
1127 1030 1411 1095 Tauromenitana:
1445 1031 1590 1115 quinque
1615 1038 1781 1116 praeterea

426 1129 519 1191 lsine
546 1126 677 1189 loedere
706 1124 863 1188 immunes
890 1144 928 1187 ac
959 1123 1095 1199 liberae,
1129 1122 1351 1208 Centuripina,
1385 1124 1556 1200 Halesina,
1588 1125 1780 1209 Segestano,

449 1219 665 1305 Halicyensis,
698 1219 938 1283 Panormitano:
972 1224 1137 1300 praeterea
1162 1218 1266 1281 omnis
1291 1238 1366 1301 ager
1392 1219 1520 1282 Siciliae
1542 1219 1704 1283 civitatum
1725 1219 1781 1283 de·

449 1334 604 1379 cumanus
632 1322 697 1378 est:
725 1313 866 1397 itemque
893 1319 966 1375 ante
997 1312 1167 1395 imperium
1195 1313 1307 1397 populi
1333 1312 1467 1375 llomani
1490 1312 1633 1396 ipsorum
1656 1314 1780 1378 Siculo·

448 1429 519 1471 rum
540 1409 704 1472 voluntate
727 1417 759 1471 et
779 1406 934 1471 institutis
955 1404 1027 1469 fuir.
1070 1401 1121 1469 ll.
1143 1407 1258 1470 Videte
1279 1425 1365 1470 nunc
1393 1407 1549 1469 maiorum
1579 1408 1779 1492 sapientiam,

449 1503 506 1589 qni
528 1523 600 1567 cum
623 1502 765 1565 Siciliam
787 1509 851 1566 tarn
873 1509 1090 1584 opportunum
1117 1500 1294 1564 subsidium
1321 1499 1398 1564 belli
1420 1508 1516 1584 atquc
1537 1502 1626 1583 pacis
1648 1502 1778 1566 adrem

411 1602 440 1651 ¹⁰
448 1597 607 1682 publicam
628 1595 865 1670 adiunxissent,
893 1601 981 1659 tenta
1008 1613 1084 1659 cura
1106 1594 1233 1658 Siculos
1260 1595 1343 1658 tueri
1364 1614 1403 1658 ac
1429 1594 1569 1658 retinere
1596 1594 1779 1669 voluerunt,

447 1699 484 1757 ut
505 1710 571 1755 non
591 1689 688 1754 modo
711 1709 822 1753 eornm
843 1689 928 1772 agris
948 1689 1085 1773 vectigal
1117 1708 1236 1753 novum
1265 1687 1389 1751 nullum
1411 1689 1630 1771 imponerent,
1659 1690 1716 1753 sed
1738 1708 1780 1751 ne

447 1785 550 1869 legem
572 1783 703 1870 quidem
725 1783 918 1848 venditionis
947 1783 1152 1846 decumarum
1179 1801 1260 1847 neve
1290 1782 1453 1846 vendundi
1484 1790 1540 1846 aut
1570 1792 1696 1865 tempus
1724 1790 1781 1846 ant

445 1876 554 1943 locum
575 1885 815 1952 commutarent,
837 1884 874 1940 ut
895 1884 981 1941 certo
1004 1884 1148 1960 tempore
1171 1878 1260 1952 anni,
1286 1884 1323 1940 ut
1343 1877 1462 1940 ibidem
1483 1879 1517 1940 in
1540 1877 1666 1953 Sicilia,
1689 1878 1781 1940 deni-

448 1994 511 2059 que
533 1979 569 2036 ut
589 1973 658 2054 lege
680 1972 851 2036 Hieronica
872 1973 1062 2036 venderent:
1088 1972 1259 2035 voluerunt
1280 1991 1336 2035 eos
1358 1972 1391 2033 in
1414 1972 1480 2033 suis
1502 1972 1597 2034 rebus
1619 1970 1709 2054 ipsos
1731 1970 1780 2033 in·

408 2074 566 2132 decresse
588 2087 763 2150 eorumque
785 2068 909 2130 animos
931 2087 995 2130 non
1018 2065 1114 2129 modo
1137 2067 1208 2149 lege
1229 2086 1330 2140 nova,
1354 2065 1409 2129 sed
1432 2086 1472 2128 nc
1495 2066 1624 2129 nomine
1647 2065 1778 2149 quidem

447 2163 527 2246 legis
550 2180 634 2225 novo
657 2162 859 2224 commoveri.
892 2156 942 2222 lli.
965 2162 1076 2244 ltaque
1099 2159 1248 2223 decumas
1271 2160 1340 2243 lege
1362 2158 1534 2223 Hieronica
1556 2178 1682 2242 semper
1702 2181 1780 2223 ven-

447 2256 572 2321 dundas
593 2262 797 2329 censuerunt,
818 2260 855 2317 ut
875 2255 916 2317 iis
937 2254 1108 2317 iucundior
1130 2260 1215 2318 esset
1234 2254 1374 2316 muneris
1395 2254 1482 2316 illius
1503 2252 1636 2328 iunctio,
1660 2254 1687 2316 si
1708 2254 1780 2319 eius

448 2351 542 2434 regis,
564 2349 620 2433 qui
637 2347 753 2411 Siculis
773 2349 955 2412 carissimus
970 2347 1040 2422 luit,
1062 2368 1128 2411 non
1144 2349 1249 2411 solnm
1264 2348 1409 2412 instituta
1423 2355 1616 2412 commutato
1633 2347 1777 2432 imperio,

447 2444 675 2510 verumetiam
696 2462 814 2506 nomen
837 2448 987 2506 maneret.
1030 2443 1100 2506 Hoc
1129 2443 1198 2506 iure
1228 2450 1302 2506 ante
1323 2444 1455 2505 Verrem
1476 2450 1655 2526 praetorem
1678 2441 1778 2505 Siculi

407 2546 573 2623 tlsemper
592 2538 642 2601 usi
664 2544 753 2601 sunt:
774 2537 827 2601 hic
847 2537 969 2621 primus
992 2537 1136 2600 instituta
1157 2538 1310 2612 omnium,
1332 2537 1597 2601 consuetudinem
1615 2535 1779 2599 amaiori·

445 2634 505 2697 bns
527 2631 684 2706 traditam,
707 2629 929 2695 condicionem
949 2631 1119 2705 amicitiae,
1141 2631 1191 2694 ius
1212 2631 1374 2697 societatis
1396 2629 1574 2695 convellere
1589 2637 1621 2694 et
1635 2649 1778 2694 commu-

446 2735 513 2792 tare
535 2747 633 2790 ausus
655 2733 713 2789 est.

529 2821 597 2886 Vll.
628 2815 679 2882 ld.
705 2820 777 2896 Qun
798 2821 832 2883 in
853 2840 888 2884 re
911 2821 1048 2903 primum
1069 2819 1150 2883 illud
1171 2820 1372 2903 reprebendo
1395 2827 1428 2884 et
1449 2839 1584 2892 accuso,
1606 2839 1663 2882 cur
1684 2817 1719 2881 in
1740 2837 1775 2882 re

444 2922 510 2980 tam
530 2922 649 2989 vetere,
670 2921 736 2977 tam
757 2914 875 2979 usitata
891 2915 1065 2999 quidquam
1080 2913 1157 2977 novi
1172 2913 1296 2977 leceris.
1323 2914 1456 2998 Ingenio
1473 2911 1594 2998 aliquid
1610 2920 1775 2977 assecutus

407 3012 501 3075 ates?
544 3010 605 3071 Tot
624 3008 771 3073 homines
794 3008 1045 3092 sapientissimos
1073 3015 1108 3070 et
1128 3007 1339 3082 clarissimos,
1372 3009 1429 3090 qui
1461 3008 1548 3071 illam
1577 3007 1776 3089 provinciam

443 3109 517 3168 anto
540 3109 572 3166 te
593 3109 775 3178 tenuerunt,
796 3102 967 3186 prudentia
989 3102 1190 3186 consilioque
1212 3101 1337 3165 vicisti?
1373 3103 1431 3166 Est
1452 3110 1560 3175 tunm,
1583 3109 1632 3165 est
1652 3101 1774 3185 ingenii

443 3196 693 3280 diligentiaeque
727 3203 821 3260 tuae:
854 3196 896 3260 do
924 3195 986 3260 hoc
1015 3195 1073 3258 tibi
1103 3202 1136 3259 et
1161 3195 1314 3258 concedo.
1369 3195 1442 3259 Scio
1474 3202 1506 3259 te
1534 3195 1670 3272 Romae,
1703 3215 1775 3259 cum

443 3297 572 3375 praetor
593 3310 695 3364 esses,
718 3289 824 3353 edicto
847 3297 902 3353 tno
924 3289 1147 3373 possessiones
1167 3287 1380 3352 hereditatum
1403 3309 1423 3352 a
1444 3289 1552 3353 liberis
1575 3290 1615 3354 ad
1637 3289 1772 3363 alienos,

444 3403 464 3447 a
482 3384 595 3468 primis
615 3384 788 3447 heredibus
806 3385 846 3447 ad
862 3383 1030 3458 secundos,
1052 3403 1072 3446 a
1085 3381 1211 3465 legibus
1226 3382 1266 3444 ad
1282 3381 1448 3446 libidinem
1463 3390 1549 3447 tuam
1562 3383 1774 3448 transtulisse.

405 3478 518 3541 toScio
540 3485 572 3541 te
594 3479 698 3541 edicta
719 3478 919 3561 superiorum
934 3478 1074 3541 omnium
1090 3477 1268 3540 correxisse
1283 3484 1315 3538 et
1329 3478 1549 3558 possessiones
1563 3478 1775 3541 hereditatum

442 3589 510 3635 non
528 3572 703 3635 secundnm
725 3590 792 3647 eos,
816 3572 871 3655 qni
886 3571 1073 3654 proferrent,
1096 3570 1153 3633 sed
1168 3571 1345 3634 secundum
1360 3591 1427 3659 eos,
1450 3572 1506 3654 qui
1522 3572 1666 3635 dicerent
1680 3579 1775 3637 testa·

442 3669 584 3728 mentum
605 3663 740 3740 factum,
772 3665 915 3729 dedisse:
945 3685 1063 3749 easque
1084 3685 1137 3727 res
1159 3684 1258 3728 novas
1281 3664 1337 3727 abs
1360 3672 1390 3727 te
1412 3665 1553 3747 prolatas
1576 3673 1607 3729 et
1627 3667 1773 3729 inventas

442 3777 558 3842 magno
580 3758 638 3822 tibi
661 3760 807 3844 quaestui
829 3759 929 3824 luisse
945 3761 1027 3823 scio:
1051 3759 1253 3842 eundemque
1274 3765 1305 3821 te
1321 3758 1451 3821 memini
1465 3760 1625 3823 censorias
1640 3779 1771 3844 quoque

442 3853 530 3939 leges
550 3854 585 3916 in
607 3854 699 3917 sartis
729 3855 820 3918 tectis
850 3854 1015 3937 exigendis
1046 3853 1158 3917 tollere
1188 3861 1219 3916 et
1242 3860 1452 3928 commutare,
1480 3873 1521 3917 ne
1542 3855 1570 3917 is
1591 3853 1773 3928 redimeret,

404 3949 586 4013 arenianes
607 3954 710 4023 esset,
739 3968 780 4012 ne
802 3948 926 4032 pupillo
949 3956 1069 4012 tutores
1090 3946 1331 4031 propinquique
1353 3948 1557 4011 consulerent
1578 3968 1642 4033 quo
1664 3949 1772 4011 minus

441 4041 578 4106 fortunis
601 4043 749 4106 omnibus
773 4051 983 4106 everteretur:
1014 4044 1161 4126 exiguam
1184 4041 1269 4105 diem
1297 4041 1467 4126 praefinire
1489 4042 1596 4125 operi,
1630 4062 1694 4126 qua
1721 4063 1773 4106 ce·

441 4144 527 4202 toros
549 4136 589 4200 ab
610 4137 741 4220 negotio
763 4137 958 4213 excluderes,
980 4137 1050 4220 ipse
1073 4137 1107 4200 in
1129 4143 1185 4201 tuo
1201 4136 1403 4220 redemptore
1417 4137 1537 4201 nullam
1552 4145 1669 4202 certem
1684 4136 1772 4201 diem

507 4389 530 4438 l.
549 4387 615 4450 root]
632 4388 756 4452 euperem·
773 4386 841 4451 Lglr
859 4400 886 4452 p.
904 4400 940 4438 nr.
962 4411 989 4424 -
1008 4388 1033 4438 t.
1052 4386 1159 4439 donent
1175 4400 1229 4438 om.
1248 4384 1317 4451 1.ng
1334 4398 1361 4452 p.
1376 4398 1411 4438 m.
1433 4414 1460 4425 -
1478 4386 1503 4438 3.
1522 4387 1632 4438 dentem
1648 4386 1726 4451 1342.
1742 4414 1770 4423 -

440 4463 466 4517 d.
483 4459 605 4515 torm
621 4463 689 4529 1.ng
707 4478 734 4530 p.
752 4477 803 4515 m.:
822 4465 943 4515 immunes
958 4465 1070 4515 dottam
1086 4461 1142 4514 rell.
1160 4464 1189 4514 0.
1205 4488 1233 4498 —-
1252 4463 1276 4512 6.
1294 4461 1492 4513 Mmduoo
1508 4462 1576 4527 Lg'tt
1585 4464 1614 4513 B.
1634 4488 1662 4498 -
1682 4463 1722 4512 lo.
1740 4476 1772 4514 ec

440 4535 599 4603 bgtflln:
627 4545 650 4590 et
671 4538 727 4591 rell.
751 4542 780 4591 0.
805 4566 833 4577 -
857 4540 898 4590 lt.
922 4539 1021 4603 qudem
1042 4550 1096 4590 om.
1115 4540 1136 4588 Α
1154 4536 1202 4588 dtt.
1221 4562 1251 4575 -
1277 4537 1554 4588 decmmumcmnlne
1569 4539 1771 4588 oococordusds'

440 4614 510 4680 1.ng
526 4628 553 4680 p.
566 4628 603 4667 m.
629 4616 694 4667 lnde
713 4619 782 4668 conl.
799 4616 894 4666 llnbnt.
907 4613 924 4665 l.
937 4613 955 4666 l.
973 4628 999 4679 p.
1013 4614 1069 4666 lt:
1088 4615 1130 4664 sed
1144 4627 1176 4664 oe
1191 4613 1244 4677 lopo
1260 4612 1359 4675 quidem
1374 4613 1521 4663 umdittords
1531 4613 1694 4665 munao
1703 4628 1771 4665 occo

438 4690 564 4742 emundi
580 4696 625 4741 eut
640 4694 796 4755 tempusetc.
813 4717 839 4728 -
856 4691 981 4741 vendundi
997 4688 1095 4753 Lgltrl
1106 4690 1174 4740 Fll:
1191 4688 1328 4739 vendundis
1338 4686 1490 4752 (omme)
1501 4686 1558 4739 rell.
1574 4716 1602 4726 -
1621 4690 1662 4741 43.
1674 4695 1704 4740 ut
1719 4695 1770 4741 toto

439 4770 506 4817 terso
518 4763 659 4828 scribsit
677 4780 703 4831 p.
717 4778 786 4816 m.-
804 4766 831 4815 tc
848 4766 936 4816 &citio
952 4763 1084 4828 glossema
1102 4765 1209 4815 videtur
1224 4761 1319 4814 Orellio
1336 4765 1364 4812 et
1375 4763 1456 4813 ltnvio
1473 4764 1503 4814 V.
1523 4765 1552 4815 L.
1565 4766 1596 4818 11.
1614 4779 1641 4830 p.
1655 4764 1712 4816 lli.
1736 4768 1771 4816 At

439 4839 552 4893 dolende
565 4844 623 4892 eret
632 4840 744 4905 virgula,
758 4853 827 4905 quae
838 4843 899 4905 post
908 4840 998 4891 ibidem
1008 4838 1087 4903 vulgo
1099 4839 1282 4904 interponltur.
1301 4837 1339 4889 Cl.
1351 4837 1437 4889 llend.
1449 4840 1574 4890 Turslll.
1588 4841 1678 4906 plot.
1692 4853 1732 4891 nr.
1742 4841 1768 4890 2.

441 4943 470 4954 ·-
484 4918 524 4969 td.
536 4914 887 4979 emmerammenses:
907 4928 994 4965 eorum
1009 4912 1066 4965 rell.
1082 4941 1110 4950 -
1123 4915 1184 4979 lepte
1193 4927 1256 4964 noce
1267 4914 1293 4977 (l.
1306 4926 1330 4963 c.
1342 4913 1430 4976 cocos)
1443 4913 1512 4977 Lglr
1523 4927 1551 4980 p.
1565 4927 1602 4966 m.
1617 4938 1646 4951 ·-
1664 4915 1705 4966 46.
1718 4917 1769 4966 ite-

439 5005 488 5056 que
503 4990 586 5054 Lgle:
611 4991 650 5042 tto
666 4988 722 5042 rell.
741 4991 770 5041 0.
797 4988 882 5039 llnnd.
900 4990 975 5040 Ture.
995 4989 1037 5038 lll.
1055 5002 1081 5053 p.
1100 4986 1149 5040 les
1166 5000 1227 5053 sqq.
1247 5015 1274 5026 -
1295 4987 1436 5037 venem
1456 4990 1534 5052 lagg.
1554 4992 1661 5053 praeter
1676 4988 1718 5040 lt.
1739 5016 1766 5026 -

439 5066 481 5117 lt.
498 5071 528 5116 at
542 5067 565 5116 tr
580 5066 596 5117 6
613 5067 693 5130 legg.
714 5089 741 5101 -
765 5065 806 5114 tl.
824 5065 864 5114 tur
878 5063 1002 5114 rocbtcttr
1018 5075 1071 5113 om.
1090 5061 1138 5114 dtt.
1159 5089 1187 5100 -
1212 5062 1253 5115 ul.
1270 5067 1351 5113 uetere
1367 5061 1399 5113 l:
1423 5065 1500 5114 oeten·
1517 5064 1566 5115 dtt.
1585 5065 1613 5116 0.
1633 5091 1662 5100 -
1685 5065 1726 5116 25.
1746 5070 1770 5115 et

437 5139 590 5190 clertutmos
600 5140 671 5203 1.ng
682 5141 724 5192 lt:
742 5139 940 5200 cturtntmcsquc
956 5138 988 5198 F;
1007 5150 1060 5188 om.
1074 5136 1131 5188 rell.
1147 5164 1173 5176 -
1193 5139 1234 5189 27.
1253 5137 1556 5202 dopmdmmlffilt:
1571 5140 1770 5203 pmdeottoequs

439 5215 489 5267 dtt.
505 5244 532 5255 -
550 5216 591 5268 28.
610 5229 628 5266 o
643 5213 727 5266 tuero
742 5212 767 5276 l,
782 5215 884 5276 llNcp:
909 5227 927 5264 o
943 5214 994 5265 suis
1009 5210 1141 5275 Pel.sec.;
1154 5225 1208 5265 om.
1225 5211 1283 5265 rell.
1298 5239 1326 5249 -
1344 5211 1386 5263 36.
1401 5213 1540 5278 praeficta
1554 5214 1618 5277 lep:
1632 5215 1769 5281 praeficies·

440 5290 489 5343 dtt.
510 5314 538 5330 -
556 5304 634 5356 quum
648 5291 732 5358 ms,
752 5303 801 5355 quo
816 5291 869 5354 ego
887 5291 915 5342 et
930 5290 960 5341 0.
