4367 6109
705 563 748 627 m
768 561 1081 630 munusculo
1104 562 1288 629 SECUNDA
1310 565 1378 629 bra.
1399 564 1455 628 111.
1684 561 1747 630 349

425 730 593 796 severitate
614 739 647 796 et
667 730 833 815 diligentia
852 751 904 796 me
925 733 1007 797 duca
1029 740 1061 798 et
1081 740 1211 798 suntme
1232 733 1267 798 in
1289 753 1381 817 agros
1402 742 1499 819 atque
1515 735 1549 800 in
1563 734 1656 800 sedes
1671 754 1746 801 suas

424 833 631 891 revertantur.

490 1042 514 1092 4.
532 1045 556 1092 44
571 1045 639 1093 onst.
656 1040 690 1091 V:
710 1045 786 1102 44444
801 1038 991 1091 contraibo.
1011 1041 1233 1093 -ssdescodd.:
1258 1043 1331 1094 oedes
1350 1044 1379 1094 i..
1398 1044 1470 1096 inst.
1491 1071 1518 1082 -
1537 1046 1567 1096 in
1583 1045 1606 1094 V
1622 1047 1664 1097 est
1679 1043 1746 1099 sub·

424 1126 548 1190 scriptio:
576 1127 615 1179 IN
628 1125 655 1177 C.
676 1125 810 1176 VERREM
823 1124 866 1176 iii.
883 1124 976 1176 INCIP.
994 1126 1055 1176 bis.
1073 1126 1129 1177 1111.
1146 1127 1320 1179 FELICITER.

880 1416 915 1476 li
932 1415 974 1478 x
992 1413 1024 1478 c
1041 1416 1078 1478 υ
1095 1415 1137 1478 R
1154 1415 1186 1480 8
1203 1416 1240 1478 44
1257 1414 1299 1479 8·

581 1529 624 1582 an
641 1529 714 1582 scr.
732 1529 764 1580 rr.
782 1529 816 1581 ru
832 1528 964 1582 444444
980 1531 1041 1583 rin.
1059 1531 1103 1582 111.
1125 1531 1197 1583 car.
1214 1529 1291 1581 xxx.
1309 1529 1350 1582 ra.
1370 1530 1411 1583 nr
1427 1530 1526 1585 xnrrr.
1544 1534 1586 1586 rs.

487 1652 633 1714 Permagna
650 1663 712 1703 conr
729 1650 854 1703 omnibns
870 1651 926 1703 iere
943 1653 970 1704 44
987 1651 1053 1704 iocis
1070 1651 1119 1704 iiiis
1136 1652 1171 1704 de
1187 1665 1217 1703 re
1234 1651 1407 1704 frumentaria
1418 1653 1536 1706 obtineat
1553 1655 1672 1709 contusio
1688 1660 1746 1711 tum

423 1734 449 1785 in
466 1735 612 1796 mensuris,
630 1738 688 1787 tum
705 1736 732 1787 in
749 1736 882 1797 numeris,
901 1737 1132 1801 operaepretium
1149 1737 1281 1789 iacturum
1298 1749 1343 1788 me
1360 1750 1420 1790 esse
1436 1741 1510 1791 ratus
1527 1753 1602 1804 sum,
1625 1743 1648 1792 si
1665 1755 1747 1807 quem

423 1819 538 1869 maxime
555 1818 614 1870 fieri
629 1823 734 1886 posset,
752 1819 787 1871 sd
805 1822 990 1873 auctoritatem
1007 1821 1092 1873 Codd.
1112 1823 1139 1872 et
1155 1821 1221 1872 Edd.
1240 1824 1304 1873 vett.
1323 1826 1529 1885 revocarentur,
1553 1824 1670 1890 expulsis
1686 1831 1747 1880 ten-

423 1901 486 1954 dem
511 1903 653 1956 Hotomani
674 1904 901 1968 correctionibus,
924 1905 970 1956 ubi
991 1918 1103 1972 prorsus
1124 1907 1295 1957 necessariae
1318 1919 1371 1957 non
1394 1910 1494 1959 essent.
1528 1909 1583 1960 Etsi
1603 1908 1704 1975 ubique
1720 1910 1747 1963 id

423 1987 487 2039 mibi
503 2000 632 2053 prospere
650 1991 764 2041 cessisse
781 1991 890 2041 minime
908 1989 1059 2052 contendo,
1077 1993 1168 2041 temen
1185 1992 1211 2041 in
1228 1989 1334 2041 duobus
1345 1992 1435 2042 statim
1450 1993 1544 2057 primis
1560 1991 1626 2044 iocis
1638 1994 1749 2047 demon·

422 2075 507 2123 strare
525 2072 658 2135 conabor,
677 2074 813 2138 44444444
830 2087 863 2125 44
880 2076 907 2125 in
924 2076 1031 2139 incepto
1048 2075 1210 2126 versandum
1228 2088 1289 2126 ease
1301 2075 1431 2127 videatur.
1459 2078 1523 2128 Tota
1541 2080 1632 2130 autem
1648 2093 1692 2132 res
1708 2080 1748 2132 sio

422 2156 478 2208 4444
494 2157 583 2208 animo
600 2159 642 2209 est
657 2158 833 2209 intormenda.
867 2157 945 2209 Siculi
963 2172 996 2209 ex
1014 2157 1073 2223 iege
1090 2159 1231 2210 iiieronica
1247 2173 1263 2209 a
1281 2160 1405 2211 Romania
1422 2164 1579 2213 conservata
1596 2162 1685 2226 iarris,
1703 2164 1749 2215 tri·

422 2241 480 2302 tici,
498 2240 592 2292 hordei
609 2242 737 2294 decumas
754 2243 826 2308 ipsas
843 2243 983 2308 quotannis
996 2245 1112 2295 Praetori
1123 2246 1241 2295 Romano
1259 2244 1385 2296 exhibere
1402 2258 1435 2296 44
1446 2246 1591 2309 Syracusas
1607 2245 1650 2299 vei
1666 2259 1748 2312 quem

422 2326 449 2376 in
465 2324 554 2377 iocum
570 2327 593 2378 is
609 2328 741 2390 iussisset,
761 2327 903 2393 deportare
920 2326 1066 2380 debebant.
1101 2328 1178 2389 Quod
1194 2329 1216 2381 si
1233 2328 1367 2381 frumento
1383 2332 1441 2395 ipso
1459 2332 1576 2382 Praetori
1592 2344 1660 2397 opus
1675 2332 1748 2384 beud

422 2412 506 2469 esset,
525 2411 631 2476 utrique
647 2424 712 2463 sane
729 2413 815 2479 parti,
833 2414 861 2464 et
875 2410 969 2463 siculis
987 2414 1015 2463 et
1031 2413 1164 2475 Praetori,
1182 2413 1356 2479 expediebat,
1373 2416 1404 2465 ut
1419 2414 1576 2481 redemptor
1592 2417 1648 2468 sive
1667 2415 1749 2469 deeu-

422 2506 517 2546 manus
534 2492 628 2559 siquis
646 2498 749 2548 emeret
765 2511 781 2548 a
798 2499 922 2548 Praetura
939 2496 1082 2557 decumas,
1109 2496 1136 2547 id
1159 2500 1214 2558 est,
1239 2497 1384 2562 praedibus
1406 2497 1474 2551 datis
1496 2500 1659 2566 susciperet,
1685 2514 1747 2553 sese

422 2591 471 2645 pro
493 2581 550 2629 rete
571 2578 747 2632 decumarum
769 2581 891 2646 portione
908 2583 1011 2632 certam
1027 2581 1158 2646 pecuniae
1174 2594 1308 2633 summam
1323 2585 1524 2636 numeraturum
1542 2597 1603 2637 esse
1619 2586 1746 2637 Praetori.

423 2663 509 2723 Quid?
525 2663 599 2728 quod
615 2665 735 2716 civitates
752 2665 827 2729 ipsae
842 2678 950 2729 quoque
967 2663 1040 2716 iieeri
1057 2668 1180 2730 poterant
1190 2666 1319 2717 adversus
1331 2668 1536 2732 empturientes,
1554 2667 1647 2733 idest,
1665 2670 1748 2723 susoi·

422 2761 502 2813 4444,
520 2760 550 2800 se
568 2749 698 2800 maiorem
715 2750 796 2800 etiam
812 2750 943 2814 pecuniae
959 2761 1109 2811 summam,
1128 2762 1209 2814 quem
1226 2748 1261 2800 ab
1279 2749 1327 2802 iiiia
1339 2748 1427 2802 oblata
1439 2753 1525 2814 esset,
1543 2751 1747 2807 soiuturssssse

422 2832 552 2894 Praetori,
571 2845 603 2883 44
620 2834 746 2884 nimirum
762 2833 934 2894 condicione,
955 2836 985 2883 ut
1002 2834 1066 2898 ipsis
1083 2846 1244 2886 eoncessum
1260 2836 1333 2886 esset
1348 2849 1364 2885 a
1381 2836 1438 2888 suis
1454 2835 1604 2889 aratoribus
1619 2836 1747 2892 decumas

422 2913 464 2966 vel
485 2917 627 2980 pecuniam
652 2919 856 2969 convenientem
881 2917 1011 2981 redigere.
1039 2916 1086 2978 (Ci.
1106 2917 1131 2982 4.
1149 2918 1191 2969 44.
1210 2919 1238 2969 44
1253 2918 1304 2981 99.)
1329 2916 1397 2971 Nibii
1420 2920 1490 2971 enim
1511 2920 1624 2973 curabat
1638 2925 1749 2974 Praetor

421 2998 464 3051 sei
481 3001 569 3065 potius
587 3001 644 3065 ipse
661 2999 776 3066 Popuius
792 3003 937 3063 iiornauus,
956 3015 970 3051 4
989 3015 1042 3066 quo
1060 3002 1218 3054 tantundem
1235 3003 1364 3068 pecuniae
1376 3004 1518 3070 acciperet,
1537 3005 1685 3058 dummodo
1701 3006 1748 3059 de·

423 3097 517 3135 444444
535 3083 747 3150 quamplurimo
764 3087 908 3138 venissent.
936 3086 984 3149 (Ci.
1002 3085 1027 3149 5.
1046 3086 1114 3149 444.)

487 3168 650 3234 Redemptor
667 3168 765 3221 deiude
782 3171 808 3220 in
826 3170 974 3232 civitatem,
1000 3171 1076 3222 euius
1092 3171 1223 3222 decumas
1239 3174 1352 3235 emeret,
1372 3171 1506 3237 protentus
1522 3173 1645 3239 ibiquae
1662 3175 1748 3241 rned-

422 3255 505 3304 steatu
530 3253 636 3305 adiutus
656 3251 699 3304 vel
719 3253 848 3305 decumas
867 3255 941 3319 ipsas
961 3253 1076 3318 cogebat
1097 3252 1139 3307 vei
1164 3254 1232 3307 iacta
1257 3268 1318 3307 cum
1335 3255 1443 3320 singulis
1459 3258 1609 3313 maioribus
1624 3261 1748 3325 44444444

423 3336 456 3402 (fl.
475 3338 543 3401 444.)
564 3339 706 3402 pecuniam
728 3337 763 3388 ab
786 3338 873 3390 isdem
889 3337 1063 3404 percipiebat.
1098 3339 1213 3404 Utraque
1231 3340 1257 3391 in
1276 3354 1306 3391 re
1326 3343 1354 3392 44
1370 3341 1558 3407 compendium
1575 3347 1603 3395 44
1619 3343 1747 3399 damnum

421 3421 510 3472 444444
530 3425 637 3486 poterat
652 3421 819 3474 (4444444444
843 3436 892 3488 444
915 3422 1096 3487 magnitudine
1108 3424 1249 3489 emptionis
1265 3438 1298 3476 ac
1313 3438 1364 3490 pro
1374 3426 1493 3479 variabili
1509 3427 1635 3481 frumenti
1649 3431 1746 3495 pretio.

423 3505 471 3569 (ci.
490 3505 515 3570 4.
535 3505 602 3569 444.)

486 3592 519 3641 At
540 3591 646 3642 4444444
669 3589 775 3642 lucrum
799 3591 907 3643 omnino
932 3604 995 3643 cum
1016 3592 1223 3657 praeterendum
1245 3596 1331 3655 44444,
1358 3598 1494 3661 emptores
1515 3598 1622 3663 Apronii
1646 3597 1748 3655 44444444

424 3673 457 3738 (A.
475 3674 527 3737 64.)
544 3673 592 3726 ubi
607 3674 634 3726 in
651 3675 785 3727 ciuitatem
801 3675 853 3727 sibi
869 3674 1003 3727 addietum
1018 3679 1216 3743 pervenissent,
1236 3677 1416 3739 id,interdum
1431 3680 1593 3745 poscebant,
1611 3684 1641 3733 ut
1655 3683 1748 3739 civitas

423 3758 486 3823 ipsis
502 3757 569 3810 iucri
584 3756 685 3825 aliquid
701 3758 791 3821 daret,
817 3759 844 3810 id
867 3763 920 3822 est,
942 3761 1072 3813 nidorem
1091 3760 1226 3827 aliquanto
1242 3776 1378 3816 4444444444
1393 3766 1426 3817 iis
1441 3763 1576 3818 solverent
1592 3780 1638 3830 ea,
1665 3780 1748 3833 quem

423 3843 614 3908 exemptionis
630 3841 690 3909 iege
706 3845 757 3909 ipsi
773 3830 916 3896 decumani
933 3846 1052 3897 Praetori
1068 3846 1132 3898 dere
1149 3846 1294 3908 deberent;
1316 3861 1369 3913 qus
1384 3850 1498 3915 pecunie
1515 3853 1625 3916 accepta
1642 3854 1748 3917 emptor

422 3925 551 3980 decumas
568 3928 664 3980 missas
681 3928 782 3980 iaceret
798 3929 966 3993 civitatique,
990 3942 1006 3980 a
1024 3942 1076 3994 qne
1093 3928 1198 3982 lucrum
1215 3932 1378 3997 accepisset,
1402 3946 1495 3985 curam
1510 3932 1676 4000 relinqueret
1690 3936 1748 3988 sin-

422 4009 490 4075 gulis
499 4009 536 4062 ab
546 4011 695 4064 aratoribus
707 4012 836 4064 decumas
847 4011 997 4077 4444444444,
1014 4026 1067 4077 quo
1079 4014 1137 4080 ipsa
1148 4015 1290 4079 pecuniam
1301 4014 1451 4071 decimano
1462 4015 1553 4071 datam
1564 4021 1746 4084 recuperaret.

422 4095 478 4156 Qua
494 4095 605 4160 quidem
621 4097 648 4147 in
665 4111 708 4159 44,
726 4095 873 4148 dummodo
890 4096 1137 4151 modestumesset
1149 4097 1254 4151 inarum
1264 4102 1292 4150 44
1302 4100 1421 4152 Praetori
1437 4101 1495 4153 sive
1509 4101 1611 4168 Populo
1629 4104 1748 4159 nomam

421 4182 451 4229 44
464 4179 629 4245 redemptori
644 4183 748 4232 certum
764 4180 869 4232 iucrum
886 4182 940 4234 iam
956 4182 1054 4247 adepto
1071 4184 1172 4248 pariter
1187 4184 1251 4236 setis
1268 4182 1363 4246 tiebat,
1381 4187 1462 4250 atque
1474 4187 1587 4238 civitatis
1600 4189 1694 4252 exiguo
1705 4185 1748 4240 sei

421 4262 491 4315 nulio
508 4277 571 4316 cum
587 4264 701 4327 4444444,
718 4278 816 4330 magna
832 4266 925 4331 utique
943 4266 1063 4318 molestia
1079 4265 1185 4319 liberati
1202 4269 1278 4320 erant
1294 4271 1423 4322 emtores.
1450 4271 1555 4328 Nemini
1572 4272 1650 4336 igitur
1665 4271 1749 4331 tiebat

421 4348 533 4400 iniuria:
552 4348 657 4401 inarum
674 4350 747 4401 enim
762 4349 954 4403 immodestum
970 4352 992 4402 si
1009 4353 1121 4417 petinam
1139 4354 1228 4413 esset,
1245 4354 1364 4406 44444444
1375 4357 1497 4420 poterat:
1515 4369 1604 4422 neque
1616 4355 1748 4410 eiusmodi

421 4432 526 4497 negotio
542 4446 604 4485 sese
622 4435 731 4485 omnino
747 4433 917 4487 immiscebat
934 4437 1043 4486 Praetor
1058 4435 1195 4488 honestus.

485 4518 541 4569 iios
562 4519 641 4582 igitur
663 4519 713 4570 iste
730 4517 857 4584 paulatim
874 4531 937 4570 eum
953 4517 1121 4583 invaluisset,
1143 4520 1257 4582 Verres,
1279 4521 1362 4573 bomo
1386 4522 1496 4576 insanus
1512 4526 1539 4574 et
1555 4523 1622 4578 lucri
1638 4537 1748 4590 semper

420 4601 624 4666 cupidissimus,
643 4603 758 4668 imperat
774 4604 809 4668 45.
821 4604 873 4667 44.)
885 4603 1111 4668 Agyrinensibus,
1130 4609 1173 4654 444
1189 4606 1305 4657 daemoes
1314 4607 1362 4668 ipsi
1372 4608 1470 4670 4444444
1480 4610 1621 4672 neopum
1637 4609 1748 4673 ,4444444

420 4685 518 4736 temese
534 4687 592 4737 44444
602 4701 632 4737 :r
650 4687 679 4739 id
695 4690 750 4749 est,
770 4689 906 4752 scogetis,
924 4689 1023 4753 inquit,
1041 4691 1148 4740 vosmet
1164 4689 1215 4753 ipsi
1231 4689 1266 4742 ab
1278 4690 1427 4744 aratoribus
1437 4695 1534 4745 vestris
1546 4694 1674 4747 decumas
1685 4706 1748 4748 eas·

421 4783 474 4834 que
491 4768 534 4821 vel
551 4771 602 4836 ipsi
618 4773 796 4834 consumetis,
814 4771 875 4833 vei,
893 4773 931 4823 uti
949 4773 1052 4825 torinna
1068 4770 1169 4836 tulerit,
1188 4774 1311 4826 vendetis
1322 4776 1532 4840 negotiatoribus
1542 4779 1681 4840 Romanis3
1698 4780 1748 4831 Po

420 4852 483 4919 puio
500 4867 565 4905 vero
582 4856 714 4920 Romano,
732 4856 758 4907 id
772 4860 815 4909 est
827 4856 904 4918 mibi,
922 4856 1051 4920 eandem,
1069 4869 1153 4921 quam
1165 4858 1298 4923 Apronius
1311 4858 1457 4923 obtulerat,
1470 4864 1599 4927 pecuniae
1611 4873 1747 4917 summam

421 4937 608 4998 numerabitle;
632 4943 772 5004 praeterea
795 4941 925 5006 Apronio,
951 4942 995 5006 qui
1021 4944 1160 5006 empturus
1186 4947 1245 4995 erat
1264 4946 1416 4998 vestrarum
1437 4946 1585 5000 arationum
1602 4945 1746 5008 decumas,

420 5020 524 5074 tucrum
546 5022 612 5074 mibi
637 5023 763 5089 placitum
789 5023 898 5089 debitis,
922 5026 995 5091 quod
1018 5039 1068 5090 ego
1093 5039 1157 5081 eum
1181 5029 1257 5080 socio
1280 5041 1341 5084 meo
1363 5029 1507 5083 merdam.»
1540 5032 1629 5095 bonae
1646 5029 1748 5083 sedicet

419 5107 548 5158 maiorem
564 5105 632 5158 lucri
648 5111 753 5174 purtem
769 5108 821 5160 sibi
836 5108 993 5162 reservabat
1009 5110 1091 5163 bomo
1108 5110 1269 5175 ingeniosus.

484 5193 514 5242 in
531 5191 605 5243 iuoro
622 5195 713 5245 eutem
729 5192 780 5245 isto
796 5195 964 5251 aestimando
980 5195 1095 5258 verres,
1112 5194 1243 5262 utiiquet
1258 5195 1303 5248 vei
1319 5197 1439 5262 emi,
1457 5211 1508 5252 neo
1523 5200 1613 5259 retum
1628 5196 1747 5265 44444444

420 5274 533 5329 modum
556 5289 647 5342 neque
670 5276 775 5332 finitam
798 5291 955 5335 mensuram
976 5279 1117 5345 44444444,
1142 5279 1515 5353 mountain-nenton
1529 5284 1653 5350 4444444,
1678 5273 1745 5351 444),
