4367 6109
635 612 703 677 Lm.
724 613 779 676 111.
809 610 883 675 cir.
903 608 1197 674 XXVIII-XXX.
1225 605 1282 692 §§.
1304 602 1452 671 68-74.
1651 596 1714 666 259
1802 659 1808 671 .

394 782 548 847 dicturum
572 801 642 845 esse
664 782 775 845 aiebat.
818 780 1030 863 iniquissimis
1044 779 1165 854 verbis,
1187 778 1426 862 improbissimis
1447 773 1715 860 recuperatoribus

394 875 563 941 conflictari
588 875 764 949 malebant,
793 894 887 957 quam
917 873 1090 958 quidquam
1119 894 1190 936 oum
1219 875 1279 936 isto
1302 893 1359 936 sua
1379 872 1539 936 voluntate
1562 869 1715 934 decidere.

394 969 614 1033 summittebat
634 969 693 1032 istc
715 966 960 1040 Timarchidem,
984 969 1038 1050 qui
1060 974 1200 1031 moneret
1221 987 1291 1043 eos,
1317 967 1343 1030 si
1365 972 1528 1048 saperent,
1549 973 1585 1027 ut
1604 963 1718 1027 trausi-

393 1070 513 1147 gerent
543 1062 768 1145 Pernegabaut.
785 1095 824 1107 -
849 1059 951 1135 «Quid
974 1063 1073 1142 ergo?
1106 1062 1142 1122 ln
1164 1061 1306 1143 singulos
1329 1060 1389 1123 Hs
1405 1058 1638 1144 quinquagenis
1660 1052 1717 1121 mi'·

392 1157 475 1220 tibus
505 1153 646 1218 damnari
677 1155 870 1218 mavultis‘to
902 1188 944 1201 -
973 1154 1067 1216 Malle
1089 1154 1245 1217 dicebant.
1287 1155 1366 1217 Tum
1387 1155 1446 1216 iste
1468 1153 1551 1216 clare
1573 1150 1744 1217 omnibuso'

394 1248 607 1324 audientibus,
632 1249 706 1334 «qui
728 1248 891 1312 damnatus
914 1248 988 1321 erit,
1010 1246 1128 1331 inquit,
1150 1248 1244 1330 virgis
1266 1248 1306 1310 ad
1320 1267 1430 1310 necem
1444 1246 1630 1310 caedetur».
1660 1244 1718 1308 Hic

393 1344 439 1407 ilii
460 1345 573 1407 flentes
594 1363 704 1427 rogare
726 1350 822 1427 atque
844 1362 934 1406 orare
952 1349 1141 1422 coeperunt,
1163 1349 1199 1404 ut
1217 1340 1276 1404 sihi
1297 1360 1369 1403 suas
1390 1348 1513 1423 segetes
1534 1339 1717 1423 fructusque

393 1457 505 1501 omnes
526 1438 749 1521 arationesque
764 1457 877 1500 vacuas
894 1437 1033 1520 Apronio
1056 1434 1180 1498 tradere
1202 1434 1321 1507 liceret,
1342 1442 1377 1498 ut
1390 1435 1451 1517 ipsi
1465 1435 1534 1497 sinc
1548 1433 1718 1517 ignominia

304 1574 309 1579 -
393 1532 602 1616 molestiaque
617 1529 825 1595 discederent.
857 1527 909 1592 70.
931 1531 998 1593 Hac
1019 1530 1101 1611 lege,
1125 1529 1254 1603 iudices,
1273 1528 1419 1592 decumas
1438 1526 1580 1593 vendidit
1592 1527 1717 1590 Verres.

393 1626 485 1689 Dicat
514 1626 587 1689 iicet
617 1624 824 1698 Hortensius,
854 1625 881 1686 si
912 1623 1014 1698 volet,
1046 1642 1161 1706 magno
1190 1623 1320 1686 Verrem
1352 1622 1500 1685 decumas
1529 1621 1718 1685 vendidisse.
1727 1637 1755 1683 so

394 1717 512 1780 XXIX.
541 1718 628 1782 Haec
655 1718 796 1782 condicio
823 1718 882 1782 fuit
908 1719 968 1781 isto
997 1725 1141 1800 praetore
1170 1724 1344 1791 aratorum,
1376 1723 1412 1779 ut
1433 1736 1538 1780 secum
1559 1717 1718 1798 praeclare

394 1813 446 1895 agi
467 1811 705 1887 arbitrarentur,
734 1813 762 1875 si
783 1832 899 1876 vacuos
923 1832 1014 1894 agros
1036 1812 1175 1895 Apronio
1198 1812 1319 1874 tradere
1342 1811 1457 1875 liceret
1499 1810 1613 1875 Multas
1636 1812 1719 1874 euim

395 1923 503 1969 eruces
524 1906 701 1990 propositas
723 1906 862 1988 effugere
877 1904 1054 1988 cupiebant.
1087 1904 1246 1980 Quantum
1260 1904 1418 1987 Apronius
1436 1902 1588 1968 edidisset
1601 1904 1719 1981 deberi,

396 2006 517 2063 tantum
540 2020 581 2062 ex
603 1999 705 2062 edicto
729 1998 868 2061 dandum
891 2005 966 2062 erat
1001 1999 1146 2061 Etiamne
1168 1999 1194 2060 si
1217 1997 1289 2079 pius
1311 1997 1479 2072 edidisset,
1502 2019 1597 2082 quam
1620 2018 1721 2082 quan-
1767 2038 1772 2049 ·

395 2102 461 2158 tum
476 2102 583 2157 natum
599 2095 707 2157 esset?
728 2094 840 2157 Etiam.
869 2093 940 2169 Quo
956 2086 1073 2156 modo't
1095 2093 1293 2175 Magistratus
1316 2092 1461 2155 eristius
1476 2092 1579 2157 edicto
1594 2094 1757 2176 exigerem

397 2186 563 2252 debebant.
606 2191 648 2250 At
669 2195 771 2251 arator
795 2195 937 2270 repetere
958 2193 1089 2270 poterat.
1132 2186 1257 2248 Poterat
1276 2206 1351 2248 vero
1372 2186 1569 2252 Artemidoro
1591 2209 1721 2272 recupe-

396 2289 509 2346 ratore.
547 2282 652 2359 Quids
674 2281 826 2345 siminus
849 2280 986 2344 dedisset
1000 2287 1117 2354 arator,
1140 2299 1236 2363 quam
1256 2280 1452 2364 poposcisset
1466 2282 1645 2365 Apronius?
1671 2281 1722 2344 Iu·
1782 2324 1789 2335 ·

397 2375 512 2438 dicium
540 2375 572 2437 in
601 2379 756 2439 aratorem
777 2375 810 2436 in
832 2373 1052 2458 quadruplum.
1093 2374 1143 2436 Ex
1165 2393 1229 2457 quo
1250 2370 1387 2436 iudicum
1408 2377 1563 2438 uumerot
1598 2375 1647 2438 Ex
1669 2393 1722 2438 co·

396 2468 486 2533 horte
507 2469 663 2553 praetoria
683 2468 845 2554 praeclara
865 2467 1029 2530 hominum
1048 2466 1353 2530 honestissimorum.
1386 2466 1471 2543 Quid
1485 2467 1642 2553 amplius?
1663 2469 1723 2532 mi-

396 2582 458 2626 nus
479 2568 511 2626 te
532 2563 676 2645 iugerum
696 2561 872 2647 professum
888 2581 957 2624 esse
973 2560 1060 2624 dico:
1081 2566 1317 2644 recuperatores
1331 2560 1443 2637 reiioe,
1466 2561 1552 2646 quod
1570 2561 1758 2626 adversusao

398 2655 536 2721 edictum
557 2655 679 2719 feceris.
708 2656 757 2718 Ex
781 2676 844 2740 quo
866 2656 1024 2718 numero?
1056 2656 1106 2717 Ex
1128 2652 1239 2717 eadem
1261 2654 1398 2718 cohorte.
1433 2655 1517 2732 Quid
1540 2658 1598 2720 erit
1618 2663 1723 2720 extre·

398 2751 507 2814 muni
534 2748 568 2811 Si
590 2748 756 2812 damnatus
779 2749 857 2823 cris,
879 2756 976 2832 atquc
998 2749 1077 2813 adeo
1100 2769 1172 2811 cum
1195 2748 1359 2811 damnatus
1381 2750 1442 2813 cris
1464 2748 1547 2831 (nam
1569 2749 1723 2814 dubitatio

400 2842 610 2907 damnationis
632 2843 695 2906 illis
716 2842 986 2927 recuperatoribus
1008 2863 1090 2926 quae
1112 2849 1233 2926 poterat
1254 2840 1367 2922 essei),
1388 2843 1485 2926 virgis
1507 2852 1538 2908 tc
1557 2844 1597 2909 ad
1612 2865 1723 2909 necem

399 2938 489 3003 caedi
514 2957 646 3002 necesse
676 2938 744 3001 erit.
787 2936 844 2999 His
875 2936 1014 3018 legibus,
1046 2935 1096 2998 his
1125 2935 1363 3000 condicionibus
1391 2938 1450 3000 erit
1471 2938 1638 3024 quisquam
1660 2947 1722 3002 tam

400 3032 530 3106 stultus,
560 3032 614 3115 qui
637 3032 784 3094 decumas
806 3030 931 3093 venisse
953 3030 1143 3092 arbitretur?
1173 3029 1227 3113 qui
1254 3030 1370 3092 aratori
1391 3050 1504 3094 novem
1526 3040 1629 3115 partes
1650 3031 1761 3095 reli-rs

399 3145 480 3210 quas
500 3125 598 3189 iactas
621 3145 691 3188 esse
715 3124 891 3188 existimet?
918 3123 973 3206 qui
1001 3141 1065 3184 nou
1093 3122 1249 3205 intelligat
1267 3125 1360 3186 istum
1383 3123 1444 3188 sibi
1467 3128 1611 3209 quaestui
1633 3146 1724 3210 prae·

400 3219 523 3304 daequc
555 3219 703 3282 babuisse
735 3219 835 3291 bona,
868 3216 1087 3301 possessiones
1115 3214 1319 3301 fortunasque
1344 3221 1526 3281 aratorum?
1558 3219 1723 3303 Virgarum

399 3321 486 3378 metu
506 3313 719 3397 Agyrinenses
742 3309 829 3396 quod
850 3312 1036 3394 imperatum
1059 3317 1145 3372 esset
1163 3308 1298 3373 facturos
1320 3330 1354 3374 se
1377 3331 1446 3375 esse
1468 3310 1625 3377 dissuant.

462 3406 566 3469 XXX.
581 3400 633 3468 74.
649 3406 788 3489 Accipite
802 3425 896 3478 nunc,
914 3404 990 3487 quid
1011 3404 1182 3486 imperarit,
1196 3410 1227 3465 et
1241 3403 1447 3481 dissimulate,
1470 3406 1497 3469 si
1512 3408 1654 3490 potestis,
1668 3429 1724 3473 voe

398 3500 576 3583 intelligere
596 3500 701 3583 ipsum
722 3506 916 3583 praetorem,
937 3496 970 3559 id
993 3498 1078 3581 quod
1092 3503 1158 3559 tota
1173 3496 1282 3559 Sicilia
1295 3500 1473 3581 perspexit,
1494 3501 1761 3584 redemptoremso

400 3593 604 3658 decumarum
634 3601 730 3677 atque
763 3593 842 3656 adeo
871 3597 1027 3655 aratorum
1055 3590 1217 3654 domiuum
1246 3610 1282 3655 ac
1311 3612 1418 3675 regem
1438 3592 1546 3657 fuisse.
1590 3597 1727 3680 lmperat

1581 3769 1726 3785 —

466 3884 491 3934 4.
509 3894 560 3934 essa
575 3893 629 3933 om.
647 3881 707 3932 No.
727 3907 755 3916 -
775 3877 857 3929 abbat
873 3878 925 3929 NV
951 3875 984 3938 (v.
1003 3877 1143 3929 Stuerenb.
1163 3878 1197 3929 ad
1214 3878 1293 3929 Arcb.
1310 3891 1337 3943 p.
1357 3879 1413 3930 443.
1432 3879 1537 3943 ed.1.):
1556 3883 1653 3934 44404444
1668 3883 1725 3937 reti.

401 3958 475 4010 ilaec
490 3970 534 4008 w.
552 3969 606 4008 non
622 3968 683 4005 raro
700 3955 727 4004 iu
743 3953 822 4005 codd.
841 3951 1039 4003 contunduntur
1054 3952 1087 4003 ci.
1106 3952 1131 4016 5.
1144 3952 1200 4011 28.;
1218 3951 1282 4004 illud
1298 3955 1388 4004 autem
1404 3955 1432 4005 b.
1443 3952 1462 4004 1.
1480 3956 1564 4020 magis
1581 3957 1728 4012 Tullianum

403 4047 464 4086 esse
481 4030 610 4097 exemplis
627 4028 820 4080 demonstravit
836 4027 976 4079 Stuerenb.
1000 4051 1029 4063 -
1056 4026 1153 4090 inprob.
1171 4029 1202 4078 V.
1226 4056 1254 4066 -
1279 4029 1304 4077 2.
1322 4043 1365 4080 aare
1381 4028 1459 4093 ugit.
1484 4058 1511 4068 —
1538 4031 1563 4084 4.
1580 4034 1631 4100 HS]
1647 4037 1680 4086 N.
1698 4037 1726 4088 S.

403 4107 483 4173 igin.
502 4135 530 4146 -
551 4108 571 4158 4
591 4105 692 4156 oedibus
710 4103 794 4168 4344;
819 4115 875 4154 roos
898 4103 919 4151 V
940 4105 998 4154 siue
1020 4104 1073 4153 mit.
1095 4129 1122 4139 -
1144 4105 1170 4153 o.
1188 4104 1308 4153 &mouri
1329 4110 1399 4168 septa
1413 4105 1532 4156 monadis
1546 4107 1578 4158 V.
1598 4135 1626 4145 -
1643 4110 1726 4178 cutte]

403 4182 523 4233 duorum
538 4180 570 4232 V.
590 4207 618 4217 -
637 4180 661 4230 6.
679 4179 780 4229 sedetur
794 4177 826 4227 V.
847 4204 874 4213 -
901 4178 926 4228 ’4.
945 4192 1021 4229 oraro
1036 4182 1112 4240 utque
1127 4190 1182 4241 rog.
1200 4178 1278 4240 [4329.
1305 4206 1333 4216 -
1358 4193 1418 4230 suos
1433 4179 1479 4230 sibi
1495 4180 1573 4245 tgte.
1593 4184 1728 4245 (Ordinem

401 4256 538 4322 vulgatum
554 4254 643 4307 firmat
658 4254 700 4317 V.)
712 4281 738 4290 —
760 4254 799 4304 40.
818 4253 873 4303 licet
889 4254 956 4305 dicut
973 4253 1053 4304 idem.
1066 4279 1095 4290 -
1114 4253 1229 4302 decamus
1243 4253 1297 4313 Vq>
1315 4255 1342 4302 et
1356 4252 1439 4316 Lgii:
1459 4266 1513 4305 om.
1526 4254 1583 4308 rell.
1597 4259 1617 4308 0
1629 4260 1657 4309 et
1667 4261 1727 4312 itai.

403 4356 433 4369 -
452 4331 493 4382 44.
507 4330 625 4395 preciose
640 4330 671 4380 V.
692 4356 719 4365 -
745 4328 784 4379 43.
803 4329 919 4379 edieisset
938 4331 965 4379 et
982 4328 1079 4379 deinde
1092 4327 1151 4390 pius
1166 4327 1283 4377 ediebset
1298 4327 1329 4377 V.
1356 4327 1395 4378 ci.
1413 4327 1438 4391 5.
1456 4329 1496 4380 25.
1518 4353 1545 4366 -
1565 4331 1605 4383 44.
1624 4347 1658 4384 aa
1673 4348 1727 4386 om.

401 4406 434 4458 V.
454 4432 482 4442 -
500 4404 619 4470 mssa]
637 4404 756 4453 mom
772 4402 855 4466 1.th
874 4403 960 4452 domui
975 4402 1016 4453 40.
1038 4431 1065 4440 -
1084 4403 1124 4452 ib.
1143 4399 1272 4466 qumoodo]
1290 4401 1431 4464 qounro.
1446 4430 1474 4440 —
1492 4405 1564 4455 istius
1578 4406 1728 4474 vpugtaz

400 4479 546 4545 ipsiusreb.
559 4482 621 4532 0.-
636 4479 676 4529 46.
689 4476 905 4542 otmotmbgit,
918 4477 991 4541 Vtod
1002 4479 1046 4541 Vi:
1064 4475 1097 4526 ab
1108 4475 1310 4527 oratorcreib-
1319 4481 1404 4539 petere
1415 4476 1511 4528 dett-
1523 4487 1623 4544 poterat
1631 4489 1731 4546 poterat

400 4569 461 4608 wo
469 4556 504 4607 V:
513 4559 623 4620 poterot.
636 4567 696 4603 oero
707 4553 770 4612 Aiai3
779 4557 888 4615 poterut.
896 4564 984 4602 camon
992 4553 1116 4603 ceteri·
1124 4553 1307 4603 Artemidorum
1317 4566 1340 4603 r.
1351 4553 1416 4615 qaod
1426 4553 1447 4602 si
1456 4552 1566 4618 Lgi2.-
1578 4556 1617 4606 47.
1628 4557 1730 4608 dedisset

401 4632 541 4683 wutorV:
558 4630 672 4682 edidisset
682 4633 772 4678 mator
784 4626 864 4691 Lg423
882 4633 973 4677 orator
983 4628 1085 4679 4444444444
1097 4627 1153 4679 rell.
1166 4628 1195 4678 0.
1211 4654 1239 4664 -
1253 4628 1293 4678 49.
1310 4629 1423 4690 pruciis
1433 4627 1457 4677 V
1468 4630 1495 4679 et
1508 4629 1590 4694 Lgii:
1605 4633 1732 4694 praetoris

401 4704 459 4758 rell.
472 4706 502 4757 0.
517 4733 545 4743 -
563 4705 691 4756 manuum
707 4716 760 4754 om.
774 4702 789 4752 6
801 4703 879 4765 lagg.
892 4700 972 4752 044-
991 4704 1032 4754 20.
1050 4703 1116 4753 reice
1125 4703 1156 4754 V.
1166 4729 1194 4739 -
1207 4703 1326 4752 odom
1337 4700 1421 4766 Laii:
1439 4704 1583 4754 uocem
1594 4705 1624 4766 V,
1642 4707 1732 4757 adon»

401 4794 458 4832 assos
473 4779 530 4833 rell.
549 4781 579 4832 0.
605 4780 648 4831 Sic
664 4779 767 4829 variant
783 4778 862 4829 codd.
882 4776 906 4841 A.
925 4777 965 4828 69.
984 4780 1071 4829 «Haec
1088 4779 1155 4841 quod
1170 4778 1228 4826 odo.
1246 4778 1284 4828 ed.
1301 4777 1389 4840 [ecem
1404 4778 1541 4829 Schittzius
1559 4781 1626 4830 coni.
1642 4782 1732 4831 trans-

402 4857 477 4922 ponit
492 4859 554 4922 post
568 4869 613 4907 rv.
631 4868 681 4907 esse
697 4855 752 4904 dico
768 4866 830 4905 cum
847 4851 932 4916 aliqua
950 4855 1067 4905 ueritatis
1084 4853 1182 4918 speeie.
1213 4851 1266 4902 sed
1282 4854 1312 4902 ut
1328 4865 1399 4903 nunc
1415 4854 1478 4903 sunt
1493 4851 1632 4916 collocata,
1650 4855 1733 4918 signi·

403 4931 501 4982 ficent:
519 4931 713 4994 Amatores
727 4928 803 4980 retice
818 4929 845 4977 iu
862 4925 890 4976 id
904 4925 994 4990 datos,
1013 4930 1079 4992 qood
1096 4929 1154 4978 odo.
1170 4929 1208 4980 ed.
1224 4928 1336 4991 secema·
1354 4929 1399 4979 οι.
1414 4954 1442 4964 -
1460 4928 1501 4979 22.
1519 4929 1732 4991 atque-ww

402 5005 493 5060 scius:
513 5020 567 5058 om.
585 5006 643 5058 reli.
662 5008 691 5058 0.
712 5033 740 5042 -
759 5004 852 5055 dubins
868 5004 899 5052 V.
920 5031 947 5040 -
972 5004 1013 5054 23.
1029 5004 1122 5067 poterit
1138 5002 1153 5053 6
1171 5003 1247 5066 lagg.
1266 5001 1315 5052 dtt.
1335 5029 1363 5039 -
1381 5007 1405 5054 te
1421 5014 1475 5052 om.
1492 5000 1562 5065 usta
1579 5003 1640 5066 (non
1657 5003 1687 5065 V)
1705 5004 1733 5053 et

403 5081 502 5134 deinde
518 5083 589 5134 caedi
605 5095 709 5134 exesso.
735 5106 763 5117 -
788 5081 829 5132 45.
847 5079 943 5130 ηουίεεο
959 5077 1036 5141 ugia.
1062 5104 1089 5113 -
1116 5075 1286 5126 arbitrmuur
1302 5074 1326 5128 4.
1353 5102 1381 5112 -
1408 5077 1449 5127 27.
1466 5076 1629 5139 fortunasque
1644 5076 1731 5140 ugit:

402 5158 521 5222 {munos
537 5160 584 5210 eti.
602 5158 632 5210 0.
652 5183 680 5197 -
698 5155 739 5207 48.
757 5155 918 5221 Agyrinensis
934 5152 1012 5217 usta.
1032 5177 1060 5189 -
1078 5152 1119 5204 29.
1136 5151 1203 5214 qaod
1218 5149 1295 5214 ugia.
1317 5177 1342 5189 -
1363 5151 1516 5201 dissimoiote
1531 5150 1553 5199 si
1570 5149 1602 5200 4;
1620 5150 1735 5201 dissoos

403 5232 491 5284 sidit.
509 5233 539 5284 0.
559 5258 588 5269 -
606 5231 648 5283 30.
665 5232 692 5281 id
708 5230 774 5294 qood
792 5229 878 5293 Lgit:
896 5233 920 5280 et
935 5228 1002 5290 quod
1018 5228 1079 5287 ctt.;
1098 5227 1165 5289 quod
1180 5226 1209 5276 0.
1228 5251 1254 5262 -
1270 5226 1399 5289 meeis
1415 5223 1497 5289 ugia:
1514 5224 1670 5288 maest
1685 5227 1731 5277 ctt.

404 5307 436 5358 0.
456 5333 485 5344 -
502 5305 544 5360 at.
562 5307 708 5360 ratbotus
726 5305 787 5358 440.
