4367 6109
816 571 889 635 cn.
911 571 996 635 xus.
1023 569 1081 655 ss.
1103 569 1250 636 m-m.
1631 571 1694 639 mr

370 739 506 823 exempli
534 758 627 802 causa
654 739 686 801 id
715 758 830 802 nomen
859 741 1059 816 invenerant,
1093 749 1245 825 putarunt
1276 764 1386 808 omnes
1409 744 1574 820 mulieres,
1607 767 1691 830 quas

369 832 599 915 coemptionem
621 832 774 907 facerent,
803 835 895 896 Gaias
917 836 1031 898 vocari.
1067 837 1134 899 Iam
1155 836 1235 899 illud
1258 837 1334 900 mibi
1357 838 1487 922 quidem
1508 839 1620 902 mimm
1644 842 1691 904 ri·

370 926 438 989 deri
459 925 556 1000 solet,
576 933 624 988 tot
643 926 803 1001 homiues,
830 935 893 990 tam
916 930 1116 1010 ingeniosos,
1138 949 1195 1011 per
1217 938 1263 997 tot
1283 951 1383 994 annos
1406 933 1499 996 etiam
1521 952 1605 997 nunc
1627 943 1690 998 sta·

369 1028 459 1083 tuere
480 1037 543 1080 nou
565 1020 722 1101 potuisse,
744 1030 848 1083 utrum
871 1021 954 1084 diem
977 1025 1104 1086 tertium
1126 1044 1165 1086 an
1188 1024 1414 1105 perendinum,
1436 1025 1572 1089 iudicem
1586 1047 1627 1089 an
1641 1047 1690 1091 ar·

368 1113 500 1186 bitram,
522 1131 588 1174 rem
609 1132 650 1176 au
672 1114 758 1177 litem
781 1115 843 1177 dici
859 1124 1027 1197 oporteret.
1066 1118 1151 1178 Xlll.
1168 1115 1217 1178 28.
1243 1119 1375 1201 ltaque,
1398 1127 1433 1181 ut
1446 1119 1530 1194 dixi,
1552 1120 1714 1203 dignitatus

368 1207 401 1268 iu
425 1207 485 1269 ista
505 1205 636 1269 scientia
659 1208 833 1271 consularis
855 1229 1026 1291 numquam
1050 1210 1127 1284 fuit,
1150 1231 1234 1294 quae
1258 1219 1323 1273 tota
1345 1232 1385 1273 ex
1400 1213 1494 1275 rebus
1509 1211 1590 1278 lictis
1605 1235 1690 1279 com·

368 1301 588 1383 meuticiisque
619 1309 794 1376 constaret;
827 1304 945 1385 gratiae
973 1323 1048 1364 vero
1079 1304 1177 1365 multo
1208 1306 1302 1367 etiam
1332 1306 1445 1368 minus.
1490 1307 1583 1382 Quod
1605 1312 1689 1375 enim

368 1395 514 1458 omnibus
536 1402 622 1476 patet
643 1404 675 1456 et
696 1416 797 1479 aeque
820 1404 1000 1478 pmmptum
1023 1405 1071 1459 est
1094 1397 1170 1459 mibi
1194 1407 1224 1460 et
1246 1399 1427 1461 adversario
1450 1419 1536 1474 mea,
1564 1404 1597 1466 id
1619 1424 1689 1467 esse

367 1496 489 1573 gratum
517 1487 604 1550 nullo
626 1497 719 1570 pacto
740 1498 853 1572 potest.
891 1492 1000 1573 ltaque
1023 1511 1085 1553 nou
1110 1491 1204 1552 modo
1226 1492 1368 1555 beneficii
1391 1494 1568 1557 collocandi
1590 1515 1689 1578 spem,

367 1583 424 1647 sed
439 1583 533 1645 etiam
551 1582 648 1656 illud,
671 1584 757 1666 quod
772 1584 967 1667 aliquamdiu
982 1584 1060 1658 fuit,
1083 1602 1177 1647 arcer
1193 1589 1394 1648 consvnsnsl
1415 1588 1479 1649 iam
1493 1588 1688 1669 perdidistis.
1698 1606 1727 1653 ro

368 1679 500 1762 Sapiens
523 1675 696 1738 existimari
721 1697 813 1740 nemo
835 1686 941 1760 potest
962 1679 994 1740 in
1018 1698 1054 1741 ea
1077 1679 1261 1761 pmdeutie‚
1287 1699 1369 1762 quae
1391 1699 1495 1764 neque
1517 1691 1607 1746 extra
1627 1683 1690 1746 llo·

367 1791 450 1836 mam
470 1788 604 1850 usquam
627 1790 730 1853 neque
752 1773 871 1833 Romae
894 1773 988 1834 rebus
1010 1773 1143 1854 prolatis
1160 1775 1330 1857 quicquam
1344 1775 1438 1836 valet.
1471 1777 1594 1838 Peritus
1615 1777 1688 1839 ideo

366 1864 475 1931 baberi
496 1882 590 1926 nemo
613 1873 732 1946 potest,
755 1864 842 1947 quod
865 1866 896 1927 in
920 1886 975 1939 eo,
999 1866 1085 1949 quod
1109 1867 1214 1929 sciunt
1236 1888 1360 1940 omnes,
1389 1868 1477 1930 nullo
1500 1869 1594 1931 modo
1616 1889 1690 1953 pos·

366 1968 441 2026 sunt
461 1961 545 2021 inter
566 1978 600 2020 se
623 1958 812 2040 discrepare.
840 1959 986 2022 Difficilis
1008 1968 1114 2023 autem
1136 1979 1187 2022 res
1209 1960 1282 2022 ideo
1304 1981 1369 2023 non
1391 1968 1533 2043 putatur,
1556 1964 1642 2045 quod
1657 1972 1689 2027 et

367 2053 533 2141 perpaucis
555 2059 587 2114 et
608 2052 737 2114 minime
759 2052 901 2116 obscuris
923 2054 1036 2116 litteris
1051 2054 1239 2116 continetur.
1274 2056 1385 2138 ltaque
1408 2054 1435 2116 si
1451 2053 1545 2128 mibi,
1566 2054 1727 2121 hominiis

366 2148 567 2212 vehementer
595 2154 767 2228 occupato,
795 2147 989 2210 stomachum
1019 2148 1198 2221 moveritis,
1229 2148 1333 2211 triduo
1363 2167 1413 2211 me
1443 2167 1514 2211 esse
1543 2149 1690 2213 iurecon-

366 2242 484 2305 sultum
505 2239 688 2322 profitebor.
715 2241 840 2303 Etenim
864 2241 1005 2323 quaeda
1027 2244 1142 2325 scripto
1166 2250 1316 2324 aguntur,
1339 2245 1455 2326 scripta
1476 2250 1550 2305 sunt
1568 2244 1689 2318 omuia;

366 2356 470 2419 neque
491 2343 595 2398 tamen
617 2334 786 2417 quicquam
808 2342 872 2396 tam
894 2342 1026 2417 anguste
1049 2336 1201 2418 scriptum
1223 2344 1287 2408 est,
1314 2356 1379 2420 quo
1402 2356 1461 2419 ego
1482 2355 1548 2399 nou
1569 2337 1689 2420 possim

366 2449 430 2503 ova
460 2448 500 2490 nn
530 2445 570 2489 us
599 2447 712 2489 turma
742 2427 876 2502 addere3
906 2448 989 2511 quae
1011 2429 1219 2492 consuluntur
1239 2439 1360 2502 autem,
1393 2430 1524 2493 minimo
1547 2431 1689 2512 periculo

366 2523 607 2607 respondentur.
630 2520 662 2582 Si
686 2519 719 2582 id
741 2522 826 2603 quod
849 2531 972 2605 oportet
992 2523 1210 2604 responderis,
1233 2523 1319 2586 idem
1333 2524 1461 2587 videare
1475 2522 1727 2605 respondissem

366 2618 451 2702 quod
480 2615 624 2679 Servius:
656 2616 705 2676 siu
732 2615 840 2689 aliter,
870 2616 964 2678 etiam
987 2624 1223 2679 controversum
1246 2618 1294 2680 ius
1316 2636 1411 2678 nosse
1433 2624 1466 2681 et
1488 2623 1620 2680 tractare
1641 2617 1689 2680 ri-

365 2712 469 2774 deare.
512 2705 562 2769 49.
587 2708 787 2790 Quapropter
815 2728 880 2771 uon
909 2709 1011 2771 solum
1042 2709 1099 2772 illa
1125 2709 1225 2791 gloria
1247 2709 1389 2772 militaris
1411 2712 1524 2773 restris
1546 2709 1690 2772 formulis

365 2816 462 2890 atque
483 2802 665 2866 actionibus
685 2803 909 2884 anteponenda
924 2812 985 2877 est,
1007 2823 1117 2866 vemm
1132 2803 1227 2866 etiam
1242 2802 1368 2866 dicendi
1383 2802 1580 2866 cousuetudo
1595 2801 1690 2885 longe

365 2907 398 2963 et
419 2899 550 2962 multum
571 2896 624 2959 isti
645 2904 767 2959 vestrae
790 2897 1007 2960 exercitationi
1029 2896 1067 2959 ad
1091 2896 1245 2958 honorem
1268 2896 1439 2959 antecellit.
1479 2897 1589 2979 ltaque
1611 2896 1689 2959 mihi
1737 2892 1741 2900 ’

366 2992 513 3057 ridentur
533 2990 678 3074 plerique
699 2991 790 3053 initio
813 2990 911 3053 multo
932 2989 994 3053 boc
1017 2990 1185 3053 maluisse:
1214 2997 1304 3073 post,
1327 3010 1397 3053 eum
1419 2991 1452 3053 id
1474 2989 1602 3073 assequi
1623 3008 1726 3057 nouat

365 3087 558 3173 potuissent,
581 3085 662 3148 istuc
682 3085 877 3167 potissimum
900 3090 973 3146 sunt
995 3083 1128 3165 delapsi.
1165 3084 1205 3146 Ut
1225 3083 1314 3146 aiunt
1327 3085 1359 3146 in
1376 3085 1504 3148 Graecis
1518 3081 1689 3148 artificibus

365 3200 421 3244 eos
442 3179 591 3242 auloedos
613 3198 700 3252 esse,
724 3179 779 3262 qui
802 3177 973 3241 citharoedi
996 3174 1064 3241 fieri
1086 3197 1151 3239 non
1172 3179 1349 3260 potuerint:
1380 3178 1427 3241 sic
1447 3177 1621 3242 nonnullos
1641 3177 1690 3240 ri·

365 3274 493 3346 demus,
515 3273 571 3355 qui
593 3279 733 3334 oratores
755 3271 888 3335 evadere
909 3291 974 3334 non
996 3271 1172 3353 potuerint,
1198 3289 1253 3332 eos
1275 3271 1315 3333 ad
1337 3271 1414 3334 iuris
1433 3272 1573 3336 studium
1595 3271 1690 3334 deve·

365 3370 444 3432 nire.
487 3369 618 3449 Magnus
641 3366 765 3428 dicendi
788 3366 890 3439 labor,
914 3385 1116 3448 magnares,
1139 3384 1251 3446 magna
1267 3366 1421 3446 dignitas,
1445 3372 1688 3429 summaautem

366 3461 475 3546 gratia.
510 3460 635 3524 Etenim
657 3481 676 3525 a
699 3461 789 3524 robis
811 3462 978 3524 salubritas
1000 3459 1174 3544 quaedam,
1196 3459 1235 3520 ab
1258 3459 1296 3521 iis
1318 3461 1374 3541 qui
1396 3458 1507 3522 dicunt
1521 3459 1606 3522 salus
1620 3459 1726 3542 ipsaeo

366 3557 491 3645 petitur.
522 3555 644 3619 Deinde
659 3564 763 3618 vestra
778 3576 929 3639 responsa
944 3563 1040 3638 atque
1055 3553 1179 3616 decreta
1197 3559 1228 3614 et
1243 3559 1427 3614 evertuntur
1442 3571 1536 3634 saepe
1552 3551 1687 3614 dicendo

365 3656 397 3713 et
419 3649 488 3712 siue
510 3648 696 3713 defensione
718 3651 852 3714 oratoris
874 3650 962 3712 lirma
984 3668 1054 3712 esse
1077 3666 1141 3711 nou
1163 3653 1315 3728 possunt:
1336 3646 1449 3729 inqua
1470 3645 1497 3707 si
1518 3644 1596 3708 satis
1615 3665 1688 3727 pro·

429 3920 453 3969 4.
467 3923 593 3982 palamst
608 3919 651 3970 ed.
665 3922 725 3970 nse.
739 3921 815 3969 ttttt:
832 3919 1030 3982 pateranensi,
1048 3917 1139 3967 501¹.
1153 3941 1180 3951 -
1194 3915 1220 3965 2.
1240 3914 1318 3963 Gaias
1334 3914 1517 3979 EGGxdav:
1535 3915 1686 3968 Caimblo.

365 3995 472 4047 Verrius
493 3993 601 4045 Flaccus
624 4008 722 4045 nomen
744 3995 811 4044 Gaia
832 3995 892 4045 sub.
916 3993 963 4044 litt.
987 3994 1008 4044 G
1029 3990 1159 4046 habebam
1184 4003 1208 4039 r.
1228 3988 1300 4039 Paul.
1319 3990 1392 4040 Diae.
1417 4001 1444 4053 p.
1463 3989 1495 4039 95
1516 3990 1550 4041 44.
1577 4017 1604 4028 -
1626 3992 1689 4041 dura

364 4070 464 4132 44444444
478 4069 539 4119 nati
556 4071 589 4129 G,
607 4070 668 4118 miti
683 4069 745 4119 illud
761 4071 860 4130 quidem
877 4070 904 4119 E.
925 4096 951 4103 -
971 4067 995 4118 4.
1011 4067 1190 4130 pertenditur
1207 4067 1237 4115 G.
1259 4092 1285 4101 —
1305 4065 1330 4114 6.
1348 4064 1486 4114 sonulam
1501 4066 1528 4115 la
1543 4066 1594 4117 ista
1608 4069 1689 4118 saon-

364 4148 402 4196 tr'a
415 4157 442 4194 v.
463 4168 490 4179 -
514 4145 539 4194 4.
557 4143 624 4208 amo]
641 4145 718 4193 ettam
735 4147 763 4192 G.
784 4170 811 4179 -
835 4144 916 4193 minas
933 4143 975 4193 ed.
995 4146 1066 4194 Crat.
1087 4141 1150 4192 4448
1169 4143 1195 4191 et
1211 4142 1247 4190 L:
1274 4141 1383 4190 minuas
1398 4139 1477 4191 codd.
1496 4141 1566 4201 uoti,
1584 4141 1639 4192 v0.
1658 4169 1684 4179 —

363 4222 388 4270 a.
405 4220 504 4285 4444444ιὶ
519 4220 668 4269 collocandis
683 4221 716 4278 6,
735 4218 856 4282 beneflciis
871 4219 1020 4268 collocandis
1035 4219 1061 4268 u
1072 4231 1109 4267 m.
1123 4230 1162 4282 pr.
1178 4243 1206 4254 -
1221 4218 1261 4265 ta.
1281 4216 1429 4278 aliquandiu
1440 4217 1465 4267 bl
1474 4217 1494 4267 0
1503 4230 1533 4276 νς
1552 4217 1688 4280 diquasrdo

363 4297 383 4346 E
400 4297 427 4346 et
443 4296 502 4345 aod.
522 4297 612 4344 Frauc.
634 4319 661 4330 -
678 4295 808 4357 perdidisti
825 4296 853 4344 C.
868 4321 894 4329 -
915 4296 954 4343 ta.
973 4307 1085 4356 uuquam
1102 4293 1121 4343 E
1131 4294 1150 4343 C
1160 4302 1196 4356 ψ.
1211 4318 1238 4327 -
1252 4292 1332 4355 ipitur
1347 4291 1406 4341 EC.
1422 4318 1448 4326 -
1463 4291 1503 4341 te.
1521 4303 1592 4342 aetna
1603 4291 1689 4343 baberi

362 4384 388 4419 v.
402 4394 429 4404 —
449 4369 522 4433 quod]
533 4383 583 4418 aon
595 4372 624 4418 G.
636 4395 662 4404 -
682 4383 764 4419 ornum
775 4368 817 4419 ed.
833 4369 919 4419 Crat:
937 4370 1047 4418 immam
1063 4368 1130 4427 mei,
1149 4369 1200 4418 cu
1210 4381 1239 4426 χ.
1252 4394 1279 4403 -—
1297 4370 1400 4428 possunt
1415 4378 1469 4415 om.
1481 4366 1511 4416 E.
1523 4393 1550 4402 -
1570 4366 1609 4417 44.
1622 4369 1689 4429 quod

361 4458 395 4494 aa
409 4458 435 4506 p.
453 4460 481 4505 χ.
500 4469 527 4479 ·-
548 4444 588 4494 46.
606 4445 659 4494 oei.
677 4445 793 4505 impedito
808 4449 945 4492 stomacum
962 4444 990 4492 E.
1004 4469 1031 4478 -
1044 4456 1084 4492 me
1100 4456 1150 4492 erse
1166 4444 1250 4491 iuriae
1270 4444 1308 4500 G;
1326 4453 1366 4490 nu
1382 4440 1467 4490 tuisc.
1486 4451 1537 4489 erse
1553 4440 1620 4502 Eli,
1638 4455 1688 4493 erre

361 4521 446 4570 iurlsa.
465 4532 505 4570 mo
520 4533 548 4580 v,
567 4517 619 4569 del.
637 4531 687 4568 erse
698 4519 810 4569 Ernesti.
828 4520 861 4568 st
874 4518 906 4568 cl.
920 4518 995 4568 verr.
1009 4519 1051 4566 111.
1065 4517 1088 4580 5.
1103 4518 1159 4566 atr.
1174 4544 1200 4552 -
1216 4518 1257 4567 44.
1270 4529 1319 4578 quo
1330 4516 1454 4577 duciipta
1465 4516 1494 4565 G.
1510 4540 1537 4550 —
1551 4514 1591 4565 48.
1604 4520 1687 4567 tantm

362 4609 415 4647 om.
429 4598 458 4647 G.
473 4618 500 4631 -
516 4608 617 4658 porrum
633 4597 662 4643 G.
671 4621 698 4630 —
718 4594 758 4643 49,
776 4593 877 4641 minens
893 4594 920 4641 G.
930 4618 956 4627 -
976 4594 1015 4642 40.
1031 4594 1052 4640 ri
1069 4597 1153 4641 amera
1165 4592 1231 4654 (apte
1242 4589 1440 4651 Mommseaius)
1452 4590 1608 4652 responderis
1618 4593 1647 4640 G.
1657 4618 1684 4628 -

361 4672 474 4722 iudicare
484 4686 510 4733 v,
527 4670 668 4720 iudicabm
684 4684 744 4729 χ,-
762 4669 803 4717 rt.
816 4672 1004 4717 contrauersim
1017 4669 1046 4716 G.
1062 4693 1088 4700 -
1103 4667 1143 4715 22.
1157 4668 1311 4728 quapropter
1326 4665 1499 4727 admonenda
1514 4666 1687 4715 amellam

363 4746 457 4799 mediis
474 4758 527 4797 om.
546 4748 575 4795 G.
592 4772 619 4780 —
641 4745 683 4795 ri.
701 4744 822 4794 aumerllit
839 4743 904 4793 ut:
924 4741 1049 4790 antecellet
1065 4740 1144 4791 codd.
1162 4738 1219 4790 rell.
1238 4740 1267 4790 0.
1292 4766 1319 4776 —
1340 4741 1378 4789 ila
1393 4739 1468 4789 mictl
1486 4741 1515 4790 G.
1536 4764 1563 4774 —
1582 4740 1624 4790 25.
1641 4741 1686 4790 boc

361 4823 478 4873 multati.
490 4849 517 4858 -
536 4821 639 4883 adsequi
650 4823 678 4880 E,
691 4834 732 4882 seq
744 4819 799 4882 (stc)
811 4821 844 4875 G;
864 4817 922 4866 tort.
935 4818 962 4866 id
974 4814 1163 4867 delendum·
1182 4816 1222 4866 26.
1237 4817 1303 4865 istud
1314 4817 1342 4865 G.
1357 4841 1384 4851 -
1398 4820 1426 4864 ut
1442 4815 1514 4864 munt
1525 4840 1562 4851 --
1573 4814 1686 4866 mosee

362 4897 439 4948 sueri
454 4894 559 4955 Quintil.
578 4896 641 4945 Vttl.
660 4895 690 4956 3,
709 4896 754 4954 79;
773 4896 817 4954 Et,
835 4898 862 4942 ut
878 4893 949 4941 aiunt
966 4893 993 4941 L.
1006 4892 1090 4940 -44,
1110 4891 1210 4942 auledor
1226 4892 1265 4951 u,
1284 4891 1394 4941 auleolor
1411 4904 1437 4939 v.
1452 4917 1479 4926 -
1493 4889 1683 4950 cimmodiltv,

361 4973 472 5036 cutaradi
489 4975 519 5022 G.
534 5000 561 5008 —
573 4977 706 5033 potuemat
722 4973 765 5022 Er
784 4975 810 5020 et
827 4968 904 5020 codd.
925 4965 1086 5027 Quintiliani,
1106 4967 1150 5029 qut
1167 4967 1274 5030 praeter
1291 4964 1350 5015 cod.
1364 4965 1449 5015 Turic.
1462 4962 1504 5015 bis
1514 4963 1684 5016 indicativum

362 5049 476 5106 habent;
495 5050 587 5098 contra
605 5049 645 5097 est
662 5048 688 5098 iu
704 5049 789 5096 Turio.
809 5046 850 5095 bis
867 5043 1056 5094 coniunctivae.
1072 5067 1099 5076 -
1112 5041 1193 5090 sicu
1202 5041 1329 5102 potueriat
1346 5052 1399 5089 om.
1419 5041 1448 5088 G.
1464 5063 1491 5075 -
1503 5040 1540 5089 sic
1554 5054 1600 5090 nor
1613 5040 1685 5090 aide-

362 5138 416 5174 urus
432 5120 535 5184 Quintil.
560 5149 586 5156 -
610 5122 651 5172 48.
667 5124 794 5184 potueriat
811 5123 834 5170 u
844 5122 863 5170 T
873 5122 891 5170 l.
901 5132 930 5167 v:
949 5122 1083 5181 potueruut
1100 5117 1162 5175 EO,
1186 5114 1264 5165 codd.
1288 5113 1344 5164 reb.
1368 5140 1395 5149 -
1420 5113 1541 5179 4444444444]
1564 5116 1685 5166 Gomara

362 5199 440 5250 codd.
454 5197 573 5263 plerique
585 5196 690 5256 Quintil.
704 5226 729 5233 -
740 5199 780 5246 au.
794 5208 934 5258 maynarss
944 5207 996 5242 om.
1008 5205 1032 5240 v.
1040 5190 1171 5254 -auleml
1182 5192 1257 5240 eliam
1265 5189 1325 5240 cod.
1336 5190 1427 5240 Frauo.
1439 5190 1466 5238 et
1474 5190 1502 5239 l..
1513 5190 1587 5240 -32
1596 5191 1684 5252 taqua

363 5288 391 5325 re
406 5275 428 5325 ri
444 5276 463 5325 Ι.
481 5275 572 5325 sonim
590 5271 669 5325 codd.
688 5272 726 5323 Gt.
741 5271 815 5323 Fabri
827 5270 862 5321 ad
873 5271 926 5320 Sal.
939 5268 1012 5322 Galil.
1025 5269 1065 5329 48,
1078 5269 1103 5318 4.
1118 5265 1232 5320 ¹Ellendt.
1245 5265 1280 5316 ad
1291 5264 1342 5318 cic.
1354 5265 1383 5318 de
1393 5266 1466 5316 Orat.
1478 5263 1534 5316 Vol.
1544 5265 1575 5316 11.
1588 5278 1614 5332 p.
1626 5266 1682 5318 463.
