4367 6109
785 562 857 628 cn.
879 534 1140 629 xxm-xxv.
1167 561 1224 648 §t-
1246 559 1392 628 ae-ee.
1682 560 1745 629 eei

509 731 603 793 Parta
621 731 662 794 sit
682 731 830 814 pecunia,
865 730 1021 808 Quirites,
1043 732 1227 798 decemviris
1248 742 1351 809 tanta,
1373 738 1490 818 quanta
1511 738 1560 796 est
1579 734 1616 797 in
1635 734 1743 810 terris3

425 825 505 888 nihil
531 825 783 907 praetermissum
811 824 869 900 sit;
897 846 1006 890 omnes
1034 828 1144 903 urbes,
1174 829 1258 911 agri,
1284 848 1384 911 regna
1404 827 1560 911 denique,
1581 836 1742 911 postremo

426 920 521 981 etiam
541 918 707 1001 vectigalia
733 927 836 982 vestra
856 920 1030 995 venierint3
1058 922 1244 984 accesserint
1265 923 1298 984 in
1320 922 1481 985 cumulum
1502 923 1668 986 manubiae
1690 943 1743 985 ve-

425 1019 560 1074 strorum
580 1011 817 1095 imperatorum:
845 1021 983 1096 quantae
1009 1022 1041 1076 et
1062 1034 1157 1098 qnam
1179 1015 1330 1078 immanes
1353 1015 1481 1079 divitiam
1503 1015 1688 1080 decemviris
1710 1016 1743 1078 io

425 1106 519 1168 tantis
533 1105 748 1180 auctionibus,
771 1114 817 1168 tot
830 1106 971 1180 iudiciis,
994 1114 1057 1169 tam
1072 1106 1196 1170 infinita
1209 1115 1361 1191 potestate
1375 1129 1481 1172 rerum
1496 1110 1634 1173 omniurn
1649 1126 1768 1193 quae-e

423 1206 548 1274 rantur,
569 1199 694 1263 videtis.
736 1199 851 1261 XXN.
874 1197 924 1261 63.
948 1199 1134 1282 cognoscite
1156 1220 1240 1263 nunc
1262 1202 1341 1264 aiios
1357 1203 1527 1266 immensos
1546 1211 1640 1286 atque
1662 1204 1745 1266 into·

423 1292 569 1357 lerabiles
591 1300 754 1377 quaestus,
776 1301 811 1356 ut
826 1293 1026 1376 intelligatis,
1048 1292 1089 1355 ad
1105 1301 1259 1357 certorum
1273 1295 1433 1359 bominum
1448 1297 1657 1379 importunam
1672 1316 1745 1361 ava·

423 1387 527 1449 ritiam
549 1386 610 1450 hoc
632 1386 783 1470 populare
805 1386 1045 1469 legisagrariae
1068 1407 1182 1450 nomeu
1205 1408 1275 1451 esse
1297 1391 1485 1473 quaesitum.
1524 1390 1590 1453 Hac
1611 1392 1745 1474 pecunia

423 1479 510 1542 iubet
541 1499 634 1564 agros
667 1480 747 1555 emi,
780 1501 843 1565 quo
872 1479 1081 1545 deducamini.
1131 1483 1202 1544 Non
1231 1484 1380 1546 consuevi
1411 1482 1556 1547 homines
1585 1484 1744 1568 appellare

345 1629 355 1651 ,
423 1576 581 1656 asperius,
605 1574 761 1650 Quirites,
784 1574 846 1637 nisi
867 1574 1040 1638 lacessitus.
1073 1575 1195 1638 Veliam
1212 1572 1278 1638 fieri
1299 1585 1422 1657 posset,
1444 1583 1478 1640 ut
1491 1596 1511 1639 a
1524 1598 1574 1640 me
1588 1579 1655 1641 sine
1671 1597 1781 1642 con-ee

423 1667 551 1731 tumelia
571 1668 812 1731 nominarentur
834 1667 874 1743 ii,
897 1669 951 1752 qui
973 1689 1008 1732 se
1030 1668 1224 1732 decemviros
1238 1675 1367 1751 sperant
1379 1668 1523 1733 bduros:
1544 1671 1606 1734 iam
1621 1672 1744 1736 videre-
1852 1672 1862 1686 ”

421 1761 480 1836 tis,
514 1762 629 1845 quibus
658 1761 836 1825 hominibus
863 1762 1002 1824 omniurn
1030 1782 1135 1827 rerum
1165 1772 1197 1825 et
1224 1761 1460 1825 vendendarum
1486 1770 1518 1825 et
1539 1765 1743 1828 emendarum

421 1863 607 1936 potestatem
635 1856 867 1938 permitteretis.
911 1851 961 1917 ct.
992 1856 1055 1919 Sed
1086 1857 1173 1939 quod
1203 1875 1262 1938 ego
1283 1855 1424 1918 nondum
1446 1862 1550 1920 statuo
1572 1858 1650 1920 mibi
1672 1878 1742 1922 esee

424 1947 609 2024 dicendum,
630 1968 686 2013 vos
708 1956 813 2012 mmen
834 1948 866 2012 id
887 1949 1017 2032 potestis
1038 1970 1108 2012 cum
1129 1949 1242 2012 animis
1256 1949 1368 2013 vestris
1383 1950 1533 2031 cogitare.
1566 1952 1668 2015 Unum
1682 1952 1744 2014 boo

423 2051 507 2106 certe
533 2042 642 2106 videor
669 2041 747 2104 mibi
774 2042 937 2106 verissime
964 2062 1057 2124 posse
1087 2041 1208 2106 dicere:
1237 2050 1320 2118 tum,
1350 2062 1420 2104 cum
1441 2041 1573 2106 baberet
1592 2043 1670 2106 haec
1691 2064 1781 2110 reste

421 2136 547 2218 publica
567 2136 737 2210 Luscinos,
761 2135 936 2210 Calatinos,
956 2135 1121 2210 Acidinos,
1142 2135 1288 2199 homiues
1302 2156 1366 2200 non
1381 2135 1483 2199 solum
1496 2136 1669 2202 honoribus
1687 2159 1744 2223 po-

421 2229 487 2312 puii
508 2229 666 2313 rebusque
688 2231 802 2313 gestis,
825 2249 934 2292 verum
956 2229 1051 2293 etiam
1072 2230 1224 2313 patientia
1245 2230 1437 2314 paupertatis
1450 2238 1594 2305 ornatos,
1616 2238 1648 2294 et
1666 2239 1743 2304 tum,

422 2331 604 2387 numerant
628 2322 780 2398 Catones,
808 2322 904 2397 Phili,
933 2323 1050 2398 Laelii,
1075 2342 1211 2406 quorum
1232 2323 1415 2407 sapientiam
1437 2323 1743 2406 temperantiamque
1846 2313 1851 2321 ’

421 2415 455 2478 in
486 2416 625 2498 publicis
652 2416 862 2501 privatisque,
893 2415 1071 2481 forensibus
1100 2416 1342 2500 domesticisque
1370 2416 1465 2479 rebus
1489 2416 1742 2500 perspexeratis,

422 2516 528 2572 tamen
549 2510 682 2573 huiusce
703 2509 789 2573 modi
809 2530 860 2574 res
881 2511 1047 2574 commissa
1066 2511 1185 2574 nemini
1206 2516 1271 2584 est,
1292 2519 1329 2575 ut
1349 2509 1432 2574 idem
1454 2510 1608 2575 iudicaret
1621 2518 1654 2575 et
1666 2530 1782 2580 ven-ee

422 2602 510 2667 deret
538 2611 573 2667 et
601 2605 663 2668 hoc
683 2602 805 2668 iaceret·
822 2624 880 2687 per
901 2604 1154 2688 quinquennium
1174 2611 1240 2667 toto
1265 2604 1299 2666 in
1320 2605 1396 2668 orbe
1417 2611 1570 2669 terrarum
1593 2605 1742 2688 idemque

419 2717 510 2780 agros
532 2698 704 2782 vectigales
724 2697 835 2780 populi
856 2699 987 2762 Romani
1008 2699 1203 2763 abalienaret
1224 2708 1270 2775 et,
1293 2721 1365 2763 cum
1386 2720 1538 2764 summam
1560 2705 1665 2762 tantae
1686 2718 1742 2781 pe-

420 2793 530 2856 cuniae
552 2792 641 2856 nullo
662 2799 743 2855 teste
766 2791 826 2854 sibi
847 2792 916 2874 ipse
937 2812 979 2855 ex
999 2813 1057 2857 sua
1077 2794 1239 2857 voluntate
1260 2792 1402 2868 iecisset,
1424 2801 1491 2856 tum
1506 2792 1643 2876 deniqne
1657 2813 1742 2857 eme·

418 2893 468 2949 ret
486 2908 506 2951 a
527 2887 643 2972 quibus
665 2885 762 2948 veliet
781 2886 870 2968 quod
884 2885 1053 2950 videretur.
1095 2884 1147 2951 66.
1171 2887 1361 2951 committite
1383 2906 1469 2950 nunc
1492 2907 1567 2962 ros,
1589 2886 1740 2963 Quirites,

419 2979 470 3042 bis
491 2979 671 3045 bominibus
693 2979 908 3053 haecomnia,
930 2999 1012 3061 quos
1026 2980 1152 3044 odorari
1165 2980 1250 3045 bunc
1264 2981 1506 3044 decemviratum
1522 2980 1741 3065 suspicamini:
1750 3001 1779 3049 at

420 3075 583 3156 reperietis
606 3080 726 3157 partem
749 3092 818 3135 esse
841 3092 965 3147 eorum,
988 3074 1102 3157 quibus
1124 3076 1164 3140 ad
1185 3075 1381 3150 habendum,
1402 3082 1539 3159 partem
1564 3073 1679 3157 quibus
1700 3072 1741 3138 ad

420 3167 668 3232 consumendum
691 3165 771 3228 nihil
792 3167 867 3230 satis
890 3187 960 3230 esse
981 3166 1134 3232 videatur.

501 3264 601 3326 XXV.
623 3262 683 3325 llic
704 3280 763 3344 ego
783 3262 844 3324 iam
865 3260 961 3334 iliud,
984 3262 1070 3345 quod
1092 3262 1363 3347 expeditissimum
1385 3269 1450 3335 est,
1470 3282 1513 3324 ne
1528 3261 1654 3345 disputo
1669 3262 1742 3344 qui-

418 3355 507 3432 dem,
531 3355 680 3431 Quirites,
701 3372 769 3417 non
790 3374 859 3418 esse
880 3353 962 3418 banc
983 3356 1075 3418 nobis
1092 3376 1113 3419 a
1126 3355 1297 3420 maioribus
1315 3356 1456 3419 relictam
1471 3354 1741 3428 consuetudinem,

416 3458 452 3512 ut
473 3457 618 3513 emantur
638 3449 705 3530 agri
727 3468 746 3511 a
766 3447 914 3530 privatis,
937 3467 1000 3531 quo
1022 3448 1131 3531 plebes
1145 3448 1269 3532 publice
1284 3448 1478 3523 deducatur3·
1495 3447 1647 3511 omnibus·
1662 3447 1777 3530 legi-ao

415 3543 474 3605 bus
502 3543 587 3625 agris
614 3541 752 3626 publicis
776 3541 915 3625 privatos
937 3561 1007 3604 esse
1030 3542 1200 3618 deductos;
1224 3542 1356 3605 huiusce
1377 3543 1468 3605 modi·
1485 3562 1536 3604 me
1557 3540 1678 3624 aliquid
1699 3541 1740 3603 ab

414 3636 476 3699 hoc
505 3634 633 3698 horrido
664 3655 700 3698 ac
725 3642 813 3698 truce
841 3634 967 3698 tribuno
992 3636 1094 3719 plebis
1116 3643 1332 3720 exspectasse:
1359 3635 1441 3700 banc
1463 3655 1546 3700 vero.
1562 3635 1687 3699 emendi
1709 3641 1743 3698 et

415 3728 573 3793 vendendi
602 3728 910 3812 quaestuosissimam
931 3748 968 3792 ac
995 3730 1208 3812 turpissimam
1230 3737 1437 3793 mercaturam
1458 3729 1594 3793 alienam
1615 3729 1739 3791 actione

415 3824 595 3899 tribunicia,
628 3824 764 3887 alienam
793 3822 945 3906 dignitate
970 3824 1079 3907 popuii
1110 3823 1243 3886 Romani
1271 3843 1395 3906 semper
1415 3822 1534 3905 putavi.
1576 3819 1627 3884 66.
1649 3821 1740 3884 lubet

415 3936 509 4000 agros
529 3917 602 3981 emi.
637 3917 774 3982 Primum
799 3934 934 3999 quaero,
957 3936 1038 4002 quos
1052 3935 1144 3999 agros
1159 3924 1191 3980 et
1205 3916 1321 4000 quibus
1334 3915 1368 3978 in
1381 3916 1487 3980 locisi
1510 3915 1591 3978 Nolo
1607 3935 1776 3998 suspen-35

416 4030 483 4074 sam
514 4018 546 4074 et
574 4010 724 4074 incertam
752 4010 878 4093 plebem
905 4007 1077 4073 Romanam
1105 4009 1237 4074 obscura
1258 4028 1314 4095 spe
1336 4017 1368 4074 et
1388 4029 1481 4074 caeca
1503 4009 1738 4094 exspectatione

415 4093 571 4189 pendere..
596 4103 736 4169 Albanus
764 4110 923 4186 agerest,
957 4102 1100 4178 Setinus,
1130 4102 1309 4179 Pdvemas,
1341 4102 1531 4178 Fundanus,
1563 4102 1737 4177 Vescinus,

480 4442 503 4492 t.
521 4446 560 4492 est
573 4442 606 4491 Ii:
625 4440 656 4490 stt
672 4439 763 4490 ceteri,
789 4437 828 4489 ct.
845 4436 1013 4502 Wesenberg
1030 4438 1064 4489 ad
1081 4450 1121 4488 or.
1139 4449 1188 4501 pro
1199 4436 1285 4487 Sestio
1301 4447 1328 4498 p.
1341 4433 1384 4486 ta.
1398 4461 1426 4472 ·—
1443 4436 1469 4486 2.
1484 4436 1739 4498 mentemst&

414 4527 498 4566 0000000
513 4515 698 4567 Lauredanm:
721 4515 940 4578 praemoneo:
963 4516 1004 4565 sed
1020 4526 1103 4565 000000
1119 4510 1232 4565 8009.
1256 4509 1294 4561 Ci.
1314 4523 1369 4560 var.
1388 4508 1449 4561 ieet.
1467 4511 1510 4562 111.
1529 4510 1555 4575 5.
1572 4511 1597 4563 8.
1616 4537 1644 4546 -
1663 4511 1688 4561 7.
1706 4511 1741 4560 od

413 4595 551 4640 ceterum
566 4590 650 4640 EFP.
671 4617 698 4626 -
723 4591 747 4640 0.
766 4591 832 4653 quod
848 4591 978 4640 00000000αο0
994 4590 1058 4649 ΕΡ;
1080 4589 1146 4652 quod
1165 4587 1304 4637 0000000000
1319 4585 1351 4645 1³3
1376 4599 1425 4648 quo
1441 4586 1573 4636 0000000000
1588 4588 1618 4636 Α.
1645 4586 1741 4636 Emen-

414 4664 486 4714 davit
501 4664 647 4727 Naugerius
665 4665 691 4715 in
709 4664 752 4715 ed.
771 4663 871 4715 Aldina.
892 4693 920 4702 -
947 4667 986 4716 to.
1006 4663 1122 4728 Quirites]
1139 4674 1219 4724 onore
1236 4662 1262 4713 F.
1282 4687 1310 4697 -
1331 4660 1420 4712 Vellem
1435 4662 1585 4713 Ernestius:
1603 4661 1676 4712 veen
1692 4661 1740 4711 EF

413 4737 496 4792 Ati.
522 4738 561 4789 Gi.
580 4739 615 4790 de
632 4741 687 4789 tota
704 4739 754 4791 hac
772 4741 950 4792 enuntiatione
967 4737 1134 4800 Wesenberg
1149 4735 1167 4786 1.
1186 4735 1203 4786 Ι.
1221 4749 1248 4801 p.
1266 4735 1307 4788 i8.
1327 4763 1354 4772 -
1375 4737 1414 4786 tt.
1432 4737 1452 4786 o·
1468 4749 1522 4787 om.
1535 4738 1563 4787 F.
1584 4763 1611 4774 -
1628 4735 1742 4785 0000000000

413 4812 476 4874 ΕΡ;
493 4813 582 4864 eedem
598 4816 626 4864 Ρ.
648 4841 675 4852 -
694 4817 734 4868 48.
749 4817 913 4879 poemenius
928 4816 961 4877 E3
977 4815 1121 4878 pemtuttis
1136 4813 1193 4862 FP.
1210 4836 1238 4846 -
1257 4810 1298 4861 48.
1315 4809 1378 4860 ints
1394 4811 1526 4874 Sigonius:
1541 4811 1648 4873 philippi
1664 4809 1741 4859 EFP

415 4886 471 4941 aa.
497 4887 535 4941 Gt.
555 4901 604 4953 pro
621 4891 729 4942 Murena
748 4892 773 4956 ἓ.
791 4892 831 4943 08.
852 4916 879 4927 -
898 4892 939 4942 20.
958 4892 1047 4941 oniae
1063 4891 1099 4950 Et
1122 4886 1244 4953 mm
1259 4884 1444 4937 Lauredanns.
1464 4913 1492 4923 -
1517 4885 1558 4937 22.
1574 4884 1705 4948 00000000
1720 4883 1741 4932 Ε

417 4962 474 5012 st.
495 4989 522 4999 -
541 4961 582 5014 at.
600 4962 1076 5017 000000018εο000000οΡ8280
1097 4990 1125 5001 -
1141 4963 1183 5013 20.
1201 4962 1307 5012 odor&
1323 4961 1407 5012 EFP.
1422 4988 1450 5000 -
1468 4962 1510 5014 28.
1528 4958 1741 5020 eatWesenberg

417 5034 458 5098 (ad
475 5049 514 5088 or.
533 5049 583 5102 pro
600 5038 684 5090 Sestio
702 5054 728 5105 p.
747 5039 813 5102 i8.):
832 5041 864 5091 att
880 5041 970 5092 ceteri.
989 5065 1018 5077 —
1042 5040 1084 5091 29.
1102 5038 1172 5089 nobis
1188 5037 1278 5088 EFT:
1296 5037 1365 5087 cobis
1379 5035 1466 5091 tto.
1488 5064 1515 5074 -
1540 5035 1581 5086 30.
1595 5034 1677 5098 pubes
1692 5033 1740 5083 EF

416 5112 508 5162 Gl’t:
522 5112 594 5176 pecs
608 5125 671 5165 cnm
688 5115 732 5166 ed.
750 5113 844 5167 Aldina
861 5113 946 5170 tto.
970 5115 1009 5166 ct.
1028 5114 1052 5179 g.
1066 5114 1107 5165 08.
1120 5139 1148 5150 -
1167 5113 1322 5163 mmmm
1337 5113 1422 5164 BFP.
1437 5139 1464 5149 -
1484 5111 1525 5162 34.
1543 5105 1740 5175 mesticis]

417 5183 465 5236 rei.
483 5188 511 5237 tn
527 5189 740 5253 oproepsbtteos·
757 5202 811 5255 mg.
829 5187 855 5242 0.
875 5214 903 5228 -
927 5189 969 5242 at.
986 5188 1054 5241 reta
1068 5189 1130 5240 EF:
1152 5187 1229 5240 mse
1244 5190 1277 5250 Pi
1299 5186 1370 5240 tibet
1383 5185 1499 5242 Atto.
1518 5209 1546 5222 -
1565 5184 1607 5236 87.
1628 5183 1741 5235 0000000000

416 5259 460 5312 ed.
477 5259 565 5317 wald.
582 5275 608 5316 a.
626 5262 703 5319 ttae:
720 5265 826 5332 00000000
841 5265 875 5329 1²3
891 5264 994 5332 scinu
1009 5265 1043 5326 Pi
1058 5262 1163 5330 lectiam
1178 5261 1213 5326 a,
1232 5261 1343 5318 vm
1357 5260 1442 5317 828.
