4367 6109
448 601 513 668 598
847 600 999 668 catulo
1020 602 1101 668 PRO
1121 601 1160 667 b.
1182 602 1383 669 GLIIEIITIO

448 775 557 839 Larini
579 781 628 838 est
648 779 854 837 commorata:
877 778 988 855 postea
1001 780 1108 836 autem
1125 791 1220 856 quam
1235 771 1496 856 appropinquare
1513 770 1621 836 buius
1637 770 1790 838 indiviam

450 870 480 932 ei
510 869 687 931 nuntiatum
717 874 780 941 ast,
809 866 975 930 confestim
1004 866 1066 929 buc
1096 865 1274 940 advolarit,
1301 885 1342 928 ne
1369 872 1428 929 aut
1446 866 1703 931 accusatoribus
1724 867 1792 931 dili-

449 963 556 1046 gentia
576 968 632 1024 aut
651 961 787 1043 pecunia
808 961 941 1044 testibus
962 959 1103 1033 deesset,
1125 965 1180 1022 aut
1201 978 1242 1021 ue
1263 959 1345 1023 forte
1367 965 1469 1023 mater
1488 959 1557 1024 boc
1571 959 1642 1024 sibi
1661 961 1790 1046 optatis·

449 1057 562 1119 simum
590 1053 804 1136 spectaculum
825 1053 921 1117 buius
942 1054 1082 1117 sordium
1105 1062 1201 1136 atque
1227 1052 1329 1117 luctus
1351 1060 1384 1117 et
1404 1053 1484 1117 tanti
1507 1053 1681 1139 squaloris
1702 1056 1790 1119 anit·

425 1156 538 1212 steret
580 1146 721 1209 LXVIII.
749 1148 815 1211 Iam
836 1166 911 1210 vero
934 1147 1020 1232 quod
1046 1148 1107 1210 iter
1130 1148 1262 1209 Romam
1284 1146 1354 1210 eius
1377 1146 1521 1212 mulieris
1542 1146 1655 1212 fuisso
1678 1148 1789 1213 existi·

448 1241 562 1304 matis?
583 1270 626 1286 -
642 1240 729 1325 quod
743 1260 802 1323 ago
824 1248 956 1323 propter
968 1241 1163 1304 vicinitatem
1178 1240 1385 1324 Aquinatium
1401 1249 1433 1305 et
1448 1241 1729 1307 Fabraternorum
1750 1263 1789 1308 ex

448 1334 555 1396 multis
576 1333 684 1396 audiri
707 1343 739 1397 et
759 1336 898 1416 comperi
919 1353 1062 1419 -quos
1084 1353 1257 1396 concursus
1278 1332 1312 1396 in
1334 1333 1384 1397 bis
1407 1334 1556 1418 oppidis,
1590 1343 1739 1420 quantos
1759 1344 1790 1400 et

447 1429 587 1490 virorum
615 1434 646 1491 et
674 1427 840 1491 mulierum
868 1428 1000 1509 gemitus
1026 1446 1096 1490 esse
1122 1425 1247 1489 factost
1277 1427 1443 1492 mulierem
1472 1428 1643 1514 quandam
1670 1430 1788 1495 Larius

448 1527 544 1603 atque
565 1520 653 1583 illam
674 1540 777 1605 usque
798 1541 817 1584 a
839 1520 917 1583 mari
939 1540 1056 1602 supero
1071 1522 1202 1584 Romam
1225 1518 1381 1604 proficisci
1404 1543 1477 1587 cum
1494 1542 1617 1605 magno
1634 1523 1788 1589 comitatu

412 1622 480 1681 ruet
506 1614 656 1696 pecunia,
686 1634 750 1698 quo
776 1611 900 1677 facilius
928 1616 1154 1679 circumvenire
1183 1614 1302 1677 iudicio
1331 1616 1445 1698 capitis
1474 1623 1573 1700 atque
1599 1619 1788 1702 opprimere

447 1703 547 1770 [ilium
568 1708 689 1791 possiti
733 1703 804 1770 ⁴93.
825 1709 924 1770 Nemo
948 1712 1015 1770 erat
1037 1707 1182 1782 illorum,
1204 1727 1307 1790 paene
1327 1708 1452 1784 dicam,
1474 1709 1554 1793 quin
1582 1711 1786 1795 expiandum

447 1801 538 1863 illum
558 1800 664 1865 locum
685 1822 754 1865 essa
771 1802 991 1875 arbitraretur,
1011 1821 1211 1884 quacumque
1236 1801 1292 1864 illa
1316 1802 1377 1864 iter
1399 1801 1541 1867 fecisset:
1563 1824 1685 1882 nemo,
1709 1809 1787 1891 quin

448 1903 564 1957 terram
591 1894 693 1976 ipsam
719 1896 848 1969 violari,
879 1914 961 1978 quae
989 1901 1089 1958 mater
1116 1903 1164 1958 est
1185 1895 1343 1969 omnium,
1372 1896 1514 1979 restIgiis
1537 1898 1785 1965 consceleratae

448 1986 557 2050 matris
578 1996 712 2071 putarat
737 1989 847 2073 Itaque
870 1988 958 2051 nullo
980 1989 1012 2051 in
1036 1989 1155 2070 oppido
1172 1987 1365 2052 consistendi
1382 1997 1523 2070 potestas
1539 1992 1569 2053 ei
1584 1990 1669 2056 fuit:
1692 2013 1786 2058 nemo

412 2099 491 2146 aser
512 2088 559 2143 tot
580 2081 758 2164 hospitibus
780 2084 927 2147 inventus
949 2088 1015 2156 est,
1044 2081 1098 2165 qni
1122 2099 1187 2142 uon
1208 2082 1428 2164 contagionem
1451 2083 1627 2165 adspectus
1648 2086 1786 2171 urgent.

449 2173 540 2235 Nocti
563 2193 597 2236 se
620 2175 726 2257 potius
748 2196 784 2240 ac
805 2176 968 2239 solitudini
992 2195 1086 2258 quam
1108 2174 1166 2237 ulli
1189 2182 1244 2237 aut
1262 2176 1403 2256 urbilaut
1416 2176 1533 2257 hospiti
1549 2180 1786 2244 committebat.

449 2262 522 2328 tut.
545 2269 635 2330 Nunc
657 2270 824 2354 veroquid
847 2277 936 2352 agat,
959 2271 1037 2353 quid
1053 2269 1216 2344 moliatur,
1240 2268 1317 2352 quid
1334 2270 1473 2352 denique
1487 2270 1637 2351 quotidie
1656 2274 1785 2360 cogitet,

449 2381 545 2444 quem
568 2361 713 2444 ignorare
736 2372 879 2427 nostrum
900 2366 1014 2447 putati
1049 2364 1139 2439 Quos
1161 2363 1344 2446 appellarit,
1372 2362 1489 2446 quibus
1510 2365 1688 2445 pecuniam
1711 2387 1786 2452 pro-

449 2454 587 2530 miserit,
621 2475 756 2538 quorum
784 2453 877 2520 fidem
914 2456 1015 2539 pretio
1045 2457 1233 2520 labefactare
1263 2464 1375 2519 conata
1404 2458 1461 2531 sit,
1491 2464 1653 2545 tenemus.
1699 2462 1784 2539 Quin

410 2548 544 2615 ucetiam
565 2559 719 2614 nocturna
741 2547 910 2624 sacrificIa,
932 2570 1014 2633 quae
1036 2558 1126 2634 putet
1147 2550 1322 2613 occultiora
1343 2569 1430 2625 esse,
1452 2550 1693 2637 sceleratasque
1716 2556 1785 2621 eius

449 2662 559 2726 preces
589 2650 622 2706 et
649 2644 769 2708 nefaria
796 2652 871 2707 rota
900 2644 1124 2726 cognovimus:
1153 2644 1270 2727 quibus
1292 2644 1346 2706 illa
1368 2643 1462 2706 etiam
1483 2644 1560 2708 deos
1581 2645 1785 2715 immortales

449 2736 490 2799 de
520 2756 577 2799 suo
607 2737 724 2800 scelere
756 2745 888 2801 testatur
915 2755 1023 2821 neque
1053 2736 1218 2819 iutelligit,
1252 2737 1369 2819 pietate
1398 2744 1431 2800 et
1456 2736 1612 2820 religione
1635 2748 1669 2805 et
1690 2744 1785 2809 iustis

448 2830 596 2913 precibus
618 2831 748 2894 deorum
770 2838 909 2906 mentes,
930 2850 997 2893 non
1019 2831 1231 2894 contaminata
1253 2831 1477 2913 superstitione
1494 2850 1602 2915 neque
1619 2834 1662 2898 ad
1676 2839 1785 2903 scelus

448 2921 676 3007 perficiendum
710 2924 809 2987 caesis
836 2924 951 2988 hostiis
977 2943 1072 3007 posse
1105 2923 1234 3006 placari.
1285 2924 1383 2988 Cuius
1409 2942 1468 3006 ego
1504 2923 1649 2991 furorem
1682 2939 1785 3016 atque

410 3018 666 3085 incrudelitatem
695 3017 772 3080 deos
801 3018 995 3081 immortales
1016 3038 1035 3081 a
1056 3020 1123 3081 suis
1145 3017 1207 3080 aris
1228 3025 1325 3101 atqua
1348 3016 1475 3100 templis
1497 3028 1689 3101 aspernatos
1712 3042 1784 3089 esse

448 3109 585 3174 conlido.
622 3111 735 3174 Lxrx.
758 3107 829 3173 495.
852 3113 933 3186 Vos,
955 3111 1095 3187 iudices,
1118 3131 1198 3194 quos
1219 3110 1293 3174 buic
1313 3112 1349 3173 Α.
1366 3110 1511 3175 Cluentio
1533 3114 1628 3195 quasi
1653 3115 1783 3200 allapsos

449 3205 525 3268 deos
557 3205 595 3267 ad
626 3224 719 3268 omna
740 3205 824 3268 vitae
847 3213 971 3287 tempus
993 3205 1120 3282 fomuna
1141 3225 1211 3267 esse
1232 3205 1353 3279 voluit,
1380 3204 1475 3268 buius
1505 3206 1783 3289 importunitatem

449 3298 555 3361 matris
577 3318 597 3361 a
617 3295 674 3361 lilii
696 3299 799 3381 capite
822 3297 983 3381 depellite.
1016 3299 1107 3361 Multi
1130 3319 1224 3382 saepe
1246 3298 1280 3360 in
1302 3298 1473 3361 iudicando
1495 3307 1629 3382 peccata
1644 3300 1783 3368 liberum

448 3399 614 3475 parentum
636 3393 873 3456 misericordiae
896 3400 1139 3456 concesserunt:
1161 3412 1235 3467 vos,
1258 3412 1299 3454 ue
1321 3391 1416 3454 huius
1436 3392 1665 3457 honestissIme
1678 3405 1782 3461 actam

410 3486 542 3555 auritum
565 3487 672 3550 matris
694 3486 874 3549 crudelitati
897 3486 1103 3558 condonetis,
1126 3506 1289 3568 rogamus,
1315 3486 1497 3567 praesertim
1520 3505 1591 3548 cum
1615 3507 1660 3551 ex
1681 3490 1784 3555 altera

450 3585 539 3661 parte
560 3586 660 3642 totum
683 3580 891 3662 munIcipium
914 3579 1022 3642 videre
1043 3580 1184 3661 possitis.
1216 3579 1334 3641 Omnes
1356 3579 1483 3653 scitote,
1505 3578 1647 3655 iudices,
1669 3616 1714 3629 —
1736 3586 1784 3648 in·

449 3673 600 3736 credibile
623 3674 709 3735 dictu
732 3680 798 3746 est,
821 3673 877 3735 sad
901 3693 984 3735 arne
998 3674 1160 3735 verissime
1176 3672 1314 3746 dicetur,
1335 3692 1499 3735 -omnes
1513 3673 1702 3752 Larinates,
1727 3679 1784 3763 qai

448 3767 633 3841 valuerunt,
655 3766 781 3829 venisse
803 3768 951 3840 Romam,
973 3774 1007 3830 nt
1028 3767 1114 3829 huuc
1136 3768 1241 3830 studio
1261 3766 1502 3850 frequentiaque
1524 3786 1598 3841 sua,
1622 3779 1784 3852 quantum

449 3866 596 3943 possent,
617 3860 650 3922 in
673 3867 760 3923 tanto
784 3860 851 3922 aius
874 3860 1015 3941 periculo
1038 3861 1256 3923 sublevarent:
1278 3862 1386 3943 pueris
1407 3860 1485 3922 illud
1506 3859 1568 3924 boc
1586 3868 1785 3946 temporeet

410 3954 633 4022 emullaribus
664 3951 816 4035 oppidum
838 3953 950 4016 scitote
972 3974 1043 4017 esse
1069 3955 1216 4017 traditum
1239 3954 1336 4036 idque
1358 3954 1390 4016 in
1413 3956 1592 4036 praesentia
1615 3962 1782 4025 communi

449 4047 558 4111 Italiae
580 4065 658 4129 paca
680 4047 714 4108 in
729 4045 909 4108 domesticis
932 4048 1034 4128 copiis
1057 4068 1126 4111 esse
1148 4056 1260 4112 tutum.
1290 4048 1379 4123 Quos
1402 4049 1611 4131 tameuipsos
1627 4063 1784 4137 aequest
1803 4091 1808 4100 ·

450 4162 521 4216 eos,
551 4160 632 4225 quus
662 4145 844 4222 praesentes
873 4138 1005 4215 videtis,
1031 4142 1127 4205 bulus
1154 4142 1348 4223 exspectatio
1376 4142 1484 4204 iudicii
1507 4142 1575 4206 dies
1597 4156 1782 4234 noctesque

450 4233 607 4298 sollicitat.
645 4228 715 4294 496.
738 4234 809 4294 Non
830 4230 878 4293 illi
900 4252 957 4294 vos
980 4234 1020 4296 de
1041 4236 1136 4297 unius
1152 4234 1318 4316 municipis
1339 4234 1473 4298 fortunis
1488 4236 1701 4317 arbitrantur,
1725 4243 1782 4307 sed

450 4328 489 4391 da
511 4326 608 4389 totius
630 4325 796 4407 muniprii
812 4332 911 4399 statu,
934 4327 1085 4409 dignitate
1101 4328 1339 4411 commodisque
1354 4329 1500 4392 omnihus
1515 4334 1695 4398 sententias
1710 4355 1782 4400 esse

410 4444 438 4492 to
449 4421 577 4484 laturos.
610 4419 739 4482 Summa
762 4427 810 4482 est
824 4420 924 4495 enim,
945 4420 1086 4496 iudices,
1108 4422 1246 4485 hominis
1263 4423 1295 4486 in
1312 4442 1512 4486 communem
1526 4425 1699 4511 municipii
1713 4448 1782 4493 rem

514 4639 539 4686 4.
552 4632 696 4698 quumSI':
714 4633 885 4688 caemltabss
896 4636 924 4685 0.
943 4635 982 4685 CI.
996 4636 1020 4699 s.
1034 4637 1090 4687 484.
1101 4661 1129 4673 -
1143 4637 1166 4686 6.
1180 4636 1393 4686 Fabraternorum
1403 4635 1564 4689 Beroaldus:
1581 4639 1782 4703 afrotum

448 4713 563 4769 STFa3
586 4709 856 4771 Venafruuommcum
870 4710 912 4761 ed.
925 4711 1073 4762 Victoriana
1089 4712 1174 4765 LIO.
1186 4738 1213 4746 -
1232 4712 1257 4761 8.
1275 4712 1369 4761 burim
1386 4713 1506 4776 spurium
1522 4712 1630 4765 videtur
1643 4717 1778 4771 Ernestlo.

451 4814 477 4824 -
497 4788 537 4836 44.
555 4784 633 4848 possit
646 4782 773 4835 Classenii
791 4783 897 4835 codices
914 4799 973 4836 sex:
988 4792 1069 4848 posset
1085 4788 1131 4836 ST
1142 4788 1188 4837 Fa
1199 4784 1281 4839 LbO.
1300 4812 1327 4820 —
1346 4786 1415 4849 quio]
1432 4788 1476 4847 qui
1492 4789 1549 4837 S.-
1570 4788 1611 4839 48.
1629 4800 1780 4844 norm

448 4861 521 4920 STI',
540 4858 611 4924 quod
629 4860 768 4923 posterum
786 4860 948 4910 comicorum
965 4859 1092 4924 erempIIs
1110 4863 1137 4911 et
1153 4861 1269 4910 carmina
1281 4860 1387 4910 bislanc
1401 4862 1473 4923 (VIII.
1487 4863 1512 4921 9,
1523 4862 1557 4925 6.)
1577 4864 1704 4919 Ciceroni
1721 4870 1781 4920 rin-

449 4935 537 4984 dicara
549 4934 649 4985 studuit
660 4931 773 4983 Klotzius
785 4934 905 4984 Prooem.
920 4935 962 4984 cd.
976 4934 1018 4985 ult.
1032 4948 1058 4999 p.
1072 4936 1136 4985 xiil.
1153 4963 1179 4971 -
1198 4936 1239 4984 20.
1254 4941 1325 4998 putet
1336 4936 1381 4984 ST
1393 4936 1455 4985 Fa:
1471 4941 1546 4999 putot
1562 4937 1608 4992 Lu
1619 4940 1651 4990 0.
1666 4967 1695 4978 -
1709 4944 1752 4995 π.
1763 4957 1782 4995 ι

447 5010 499 5060 aaa
520 5010 573 5059 aris
595 5014 670 5071 atque
691 5009 787 5071 templis
802 5008 913 5071 cesarius
931 5023 1015 5072 preces
1034 5016 1179 5072 oepmm
1194 5011 1251 5060 deos
1267 5023 1318 5061 esse
1333 5011 1428 5074 confido
1444 5011 1590 5064 Arusianus
1606 5027 1635 5081 p.
1654 5017 1717 5070 2⁴6.
1736 5019 1779 5071 ed.

448 5083 567 5134 Lindem.
588 5110 615 5119 -
634 5085 676 5135 26.
693 5096 737 5134 cos
752 5096 806 5134 om.
824 5085 851 5134 F.
870 5110 897 5120 -
916 5086 988 5146 quusi
1004 5086 1102 5148 aliquos
1117 5085 1246 5136 Halmius:
1265 5099 1326 5148 qum
1342 5087 1447 5145 attosT3
1466 5089 1589 5149 quosdam
1605 5091 1674 5143 otios
1689 5092 1778 5155 L20;

448 5159 511 5208 ulios
527 5160 569 5209 SF
578 5162 607 5209 Α.
622 5185 649 5194 -
668 5161 709 5210 29.
725 5160 868 5223 parentium
885 5159 912 5209 T.
927 5185 954 5195 —
973 5159 1014 5210 30.
1032 5161 1199 5210 condensitatis
1214 5161 1242 5210 F.
1258 5185 1284 5197 -
1305 5159 1345 5210 ³2.
1362 5160 1453 5210 dicitur
1468 5159 1526 5215 At.
1546 5189 1573 5202 -
1594 5164 1638 5217 34,
1654 5171 1737 5232 possit
1752 5170 1779 5222 F.

450 5257 479 5270 -
497 5233 538 5283 35.
555 5235 680 5285 cosmum
696 5233 762 5287 ua:
780 5235 807 5284 to
822 5236 946 5286 commum
963 5248 1023 5286 cum
1042 5235 1084 5287 ed.
1099 5234 1190 5286 aldina
1207 5233 1290 5287 1220.
1304 5261 1330 5269 -
1352 5235 1393 5285 36.
1405 5236 1436 5284 s'o
1454 5232 1522 5288 tta:
1540 5250 1597 5291 om.
1617 5242 1664 5294 ed.
1676 5242 1779 5307 utus,

448 5303 531 5358 lto.
551 5331 578 5343 -·
596 5312 675 5358 totum
690 5306 752 5361 aa.
774 5308 930 5361 Emendavit
946 5310 1101 5374 Naugerius.
1121 5335 1149 5348 -
1168 5310 1209 5361 ³8.
1226 5308 1309 5376 ustus]
1326 5308 1393 5360 usu
1408 5310 1437 5361 T.
