4367 6109
434 586 501 652 dos
829 589 871 651 IN
892 585 929 651 L.
950 585 1173 653 dammare
1194 585 1314 651 Llssu
1334 588 1359 650 l.

439 776 545 832 mero,
574 761 680 840 patres
701 754 889 838 conscripti,
918 754 951 818 in
977 754 1039 817 hoc
1061 754 1148 818 orbis
1170 762 1272 819 terme
1294 755 1494 819 sanctissimo
1519 754 1795 841 gravisn‘noque

440 850 592 925 consilio,
615 849 670 931 qui
692 849 733 912 de
754 854 864 911 nostro
886 850 1026 911 omnium
1048 849 1194 923 interitu,
1215 851 1272 933 qul
1287 849 1328 912 de
1350 848 1444 912 huius
1462 848 1554 912 urbis
1579 855 1690 934 atque
1710 851 1792 915 adeo

442 945 483 1008 de
513 943 601 1007 orbis
627 950 783 1005 terrarum
812 942 908 1005 exitio
937 941 1083 1025 cogitent.
1135 942 1202 1005 llos
1231 962 1292 1026 ego
1313 942 1406 1006 rideo
1438 939 1583 1027 [consul]
1616 950 1652 1007 et
1684 943 1729 1008 de
1757 965 1792 1008 re

441 1038 569 1123 publica
589 1036 778 1101 sententiam
799 1055 892 1118 roqo;
917 1043 950 1099 et
971 1055 1053 1119 quos
1074 1034 1159 1097 ferro
1182 1035 1333 1099 trucidari
1355 1036 1539 1119 oportebat,
1561 1054 1625 1099 eos
1639 1036 1790 1101 nondum

419 1146 521 1195 crece
541 1130 685 1195 vulnero.
720 1128 820 1193 Fuisti
841 1129 938 1212 igitur
952 1127 1036 1212 apud
1052 1129 1186 1191 Laecam
1200 1128 1256 1192 illa
1269 1138 1379 1203 nocte,
1403 1129 1556 1204 Catilina;
1588 1129 1789 1195 distribuisti

443 1231 550 1309 partes
571 1223 698 1298 ltaliae,
725 1222 864 1286 statuisti
886 1244 950 1307 quc
973 1242 1134 1308 quemque
1155 1222 1313 1305 proticisci
1334 1223 1490 1307 placeret,
1521 1222 1679 1307 delegisti
1702 1244 1786 1309 quos

442 1320 560 1381 llonm
587 1316 804 1400 relinqueres,
829 1337 913 1401 quos
945 1326 1050 1381 tecum
1078 1315 1246 1392 educeres,
1277 1315 1471 1399 descripsisti
1493 1318 1585 1381 urbis
1608 1323 1726 1399 partes
1748 1319 1787 1382 ad

442 1411 609 1485 incendia,
636 1407 828 1475 confirmasti
858 1420 890 1475 te
919 1413 1024 1496 ipsum
1049 1410 1113 1474 iam
1135 1430 1207 1473 esse
1228 1410 1403 1484 exiturum,
1431 1410 1542 1473 dixisti
1565 1411 1708 1493 paulun
1730 1412 1787 1475 tibi

444 1525 514 1569 esse
542 1505 640 1569 etiam
664 1524 750 1567 nnc
778 1524 903 1580 morae,
932 1504 1018 1589 quod
1041 1523 1100 1586 eqo
1121 1502 1272 1566 viverem.
1314 1503 1442 1587 Reperti
1464 1510 1538 1566 sent
1561 1504 1633 1568 dno
1654 1507 1787 1590 equites

408 1598 593 1671 sollomani,
621 1597 676 1681 qui
705 1603 737 1661 te
767 1597 829 1661 ista
856 1618 931 1662 cura
956 1598 1128 1661 liberarent
1156 1604 1188 1660 et
1208 1617 1278 1661 sese
1300 1597 1356 1659 illa
1375 1596 1446 1679 ipsa
1464 1604 1559 1661 noete
1582 1598 1687 1682 pulo
1711 1608 1786 1665 ente

445 1693 548 1753 lucem
569 1710 620 1753 me
641 1691 678 1753 ln
694 1710 769 1755 neo
781 1691 898 1755 lectulo
911 1690 1131 1755 interfecturos
1147 1691 1381 1774 pollicerentur.
1412 1686 1464 1752 td.
1477 1691 1565 1754 llaec
1580 1710 1644 1775 ego
1661 1695 1785 1767 omnia,

444 1785 574 1851 vixdum
595 1784 689 1848 etiem
710 1792 805 1849 coetu
825 1792 932 1849 restro
955 1784 1102 1859 dimisso,
1134 1784 1293 1867 comperi,
1320 1783 1448 1847 domum
1477 1803 1582 1847 meam
1604 1786 1786 1851 maioribus

446 1878 614 1963 praesidiis
634 1879 757 1942 munivi
776 1886 872 1963 atque
892 1875 1029 1952 firmari,
1058 1877 1181 1941 exclusi
1202 1897 1277 1953 eos,
1307 1897 1388 1961 quos
1410 1886 1446 1941 tu
1466 1878 1507 1942 ad
1528 1898 1581 1941 me
1604 1878 1786 1943 ulutatum

446 1973 594 2045 miseras,
622 1991 695 2034 cum
723 1972 770 2035 illi
799 1972 860 2056 ipsi
882 1974 1058 2046 venissent,
1088 1991 1170 2054 quos
1192 1991 1250 2054 eqo
1272 1972 1335 2035 iem
1357 1973 1464 2035 multis
1486 1993 1523 2036 sc
1545 1973 1686 2036 summis
1709 1973 1785 2037 viris

410 2077 439 2124 st
447 2066 486 2131 ad
509 2086 559 2128 me
581 2065 614 2127 id
635 2067 787 2150 temporis
806 2076 958 2131 venturos
979 2085 1052 2129 esse
1075 2065 1306 2147 praedixeram.

532 2160 570 2223 V.
593 2159 685 2235 Quae
704 2179 775 2223 cum
797 2160 841 2223 ite
862 2161 941 2235 sint,
964 2159 1114 2233 Catilina,
1145 2179 1258 2242 perge,
1284 2181 1348 2243 qno
1369 2159 1519 2243 coepisti,
1541 2160 1704 2242 egredere
1727 2161 1783 2226 ali·

449 2254 578 2337 qnando
598 2273 640 2317 ex
660 2254 757 2330 urbe;
777 2262 890 2337 patent
909 2262 1038 2337 portae:
1067 2252 1278 2334 proficiscere.
1315 2253 1453 2316 Nimium
1475 2253 1530 2315 diu
1551 2260 1584 2315 te
1606 2254 1785 2337 imperato-

449 2368 516 2412 rem
536 2354 592 2411 tn
612 2347 669 2410 illa
689 2348 851 2411 Maeliana
871 2355 973 2411 castra
994 2345 1185 2409 desiderant.
1217 2345 1307 2409 Educ
1328 2354 1433 2409 tecum
1454 2347 1550 2409 etiam
1563 2365 1684 2410 omnes
1698 2356 1786 2424 tuos,

449 2444 476 2507 si
498 2441 620 2515 minus,
642 2460 737 2524 quem
759 2442 932 2525 plurimos;
953 2459 1053 2525 purga
1066 2438 1187 2501 urbem.
1218 2441 1332 2523 Magno
1346 2460 1397 2502 me
1411 2447 1498 2503 metu
1510 2439 1686 2515 liberabis,
1708 2441 1785 2507 dum

410 2536 542 2601 eomodo
570 2536 651 2597 'mter
679 2555 730 2597 me
758 2542 856 2619 atquc
878 2544 909 2598 te
930 2554 1039 2597 mures
1061 2533 1195 2597 intersit.
1236 2534 1408 2596 Nobiscum
1429 2534 1549 2596 versari
1569 2533 1637 2597 iam
1659 2534 1786 2599 diutius

448 2649 514 2694 nox
535 2634 644 2711 potes:
673 2645 737 2691 non
758 2626 874 2703 leram,
897 2648 963 2690 nox
983 2627 1101 2711 patiar,
1128 2645 1193 2688 non
1215 2627 1326 2689 sinam.
1370 2621 1421 2688 ll.
1441 2627 1554 2709 Magna
1576 2626 1629 2690 dis
1650 2629 1786 2693 humor·

449 2720 566 2785 talibus
592 2719 741 2784 habenda
770 2728 820 2783 est
848 2729 943 2805 atquc
971 2720 1047 2784 huic
1067 2720 1129 2803 ipsi
1151 2719 1219 2782 Iovi
1241 2718 1373 2794 Statori,
1405 2719 1631 2801 antiquissimo
1653 2722 1784 2786 custodi

448 2814 544 2878 huius
566 2814 667 2889 urbis,
691 2814 807 2897 gratia,
830 2816 917 2898 quod
938 2816 1020 2879 hanc
1041 2823 1106 2878 tam
1128 2821 1273 2884 taetram,
1296 2820 1360 2876 tem
1380 2812 1564 2876 horribilem
1581 2820 1721 2898 tamque
1735 2816 1784 2880 in·

446 2906 560 2971 lostam
589 2907 637 2970 rei
664 2907 810 2993 publicae
837 2916 959 2993 pestem
987 2908 1103 2973 totiens
1124 2907 1186 2970 iam
1209 2905 1385 2989 effugimus.
1427 2907 1499 2970 Non
1520 2914 1570 2971 est
1591 2911 1727 2995 saepius
1750 2913 1782 2976 in

410 3012 510 3065 resno
544 3000 673 3066 homine
703 3020 827 3069 summa
859 3002 944 3066 salus
977 3000 1184 3086 periclitanda
1205 3001 1251 3063 rei
1279 2999 1435 3082 publicae.
1479 2998 1667 3075 Quamdiu
1690 3007 1782 3082 milri,

513 3246 538 3295 4.
556 3244 650 3296 ortst.
671 3273 698 3284 —
717 3246 945 3311 44444ᾱεί4444-
964 3248 989 3298 8.
1008 3248 1335 3300 coeciltoietocorr.-
1355 3250 1783 3318 demstwomitoncacepr

447 3321 506 3373 446
523 3318 677 3385 atillam
701 3322 731 3372 de
746 3327 831 3373 444444
847 3335 904 3385 yn
928 3325 958 3373 de
972 3328 1085 3373 44444444
1102 3325 1474 3389 mmmbdioqetu153
1499 3326 1530 3376 de
1544 3339 1601 3377 meo
1617 3329 1783 3392 omis-eque

446 3397 484 3456 νς
502 3396 532 3446 de
547 3408 603 3447 meo
617 3401 779 3459 moue
795 3398 906 3447 onmium
922 3398 970 3448 LO
988 3401 1080 3448 contra
1097 3399 1175 3450 codd.
1196 3428 1223 3438 -
1249 3402 1311 3450 odeo
1326 3402 1357 3450 de
1373 3400 1459 3461 Bad,
1476 3402 1522 3463 Lg.
1540 3399 1600 3461 53„
1618 3403 1725 3453 Auctor
1741 3404 1783 3453 in-

446 3472 537 3521 certus
553 3469 580 3519 in
596 3470 697 3520 Anecd.
717 3471 798 3522 Paris.
817 3473 853 3535 (p.
867 3472 891 3520 9.
910 3471 953 3522 ed.
973 3472 1085 3536 Eckst.):
1104 3476 1166 3525 odeo
1183 3476 1268 3525 RLO.
1283 3501 1310 3511 -
1330 3475 1354 3524 3.
1373 3476 1484 3539 repitent
1499 3488 1524 3525 e.
1538 3500 1567 3511 ·-
1585 3474 1633 3525 ltos
1648 3476 1781 3541 Baprc,

446 3544 614 3609 Lutetia
631 3543 702 3595 ltosce
717 3546 805 3595 RLO.
821 3572 848 3582 -
867 3546 952 3596 conset
967 3559 1012 3610 eqo
1028 3548 1098 3598 video
1115 3548 1193 3611 ghr;
1212 3550 1455 3613 consotom.kp5;
1473 3550 1636 3600 invocent
1651 3551 1679 3600 in
1694 3564 1781 3616 marg.

446 3618 543 3670 eadem
559 3630 596 3668 m.
615 3617 768 3683 suppletum
785 3621 835 3670 eet.
856 3647 883 3656 —
903 3625 926 3671 44
942 3621 1022 3671 dicere
1038 3624 1068 3672 de
1084 3635 1138 3686 qy.
1157 3649 1184 3660 -
1212 3623 1237 3675 4.
1256 3626 1383 3687 letmopo
1399 3628 1422 3674 44
1438 3637 1500 3686 quor
1514 3623 1568 3674 lom
1583 3625 1683 3675 dudm
1700 3630 1782 3677 truct-

446 3695 504 3745 dori
521 3708 544 3744 e.
564 3720 593 3730 -
611 3707 670 3744 voce
685 3695 796 3744 condem
813 3695 842 3745 C.
862 3720 890 3731 -
910 3696 934 3746 t.
952 3697 1021 3758 opud
1036 3698 1071 3747 Μ.
1090 3699 1199 3748 mom
1215 3713 1242 3764 q.
1260 3703 1294 3750 At
1309 3713 1334 3749 v.
1352 3699 1452 3750 Anecd.
1471 3700 1540 3750 rhet.
1559 3700 1645 3752 Paris.
1663 3715 1693 3765 p.
1713 3702 1741 3753 6.
1752 3729 1780 3740 -

444 3771 591 3835 ltlo]eol..
621 3796 648 3807 ·-
675 3769 907 3834 ddsleqmtlhlr.
935 3796 963 3806 -
990 3772 1214 3825 'tltomcbist
1241 3779 1378 3837 -portes
1396 3773 1466 3823 ece
1482 3787 1511 3832 ος
1536 3787 1563 3824 s.
1578 3777 1684 3837 pariter
1701 3791 1730 3828 n.
1751 3802 1778 3814 -

446 3846 470 3894 8.
488 3845 550 3894 scit.
569 3857 691 3907 etseyz,
717 3845 762 3907 lg.
780 3845 822 3894 te.
840 3846 896 3902 574
922 3858 1042 3896 susem.
1060 3847 1087 3898 b.
1108 3850 1380 3911 -pcatemcar5‚
1404 3850 1449 3912 lg.
1467 3850 1509 3900 2⁰.
1527 3850 1585 3900 ita
1611 3852 1779 3913 poreemm

441 3918 575 3980 pardulum
591 3919 679 3969 RLO.
699 3944 726 3954 -
746 3919 770 3969 9.
789 3931 839 3968 osce
856 3932 909 3969 om.
928 3935 954 3980 ς.
975 3947 1002 3956 -
1020 3922 1097 3971 etlam
1113 3928 1166 3972 4444
1182 3925 1202 3974 0
1219 3937 1252 3974 ex
1269 3924 1337 3973 coni.
1352 3922 1475 3973 Ernestli.
1497 3925 1531 3973 at
1541 3936 1567 3974 v.
1580 3924 1674 3976 adnot.
1688 3940 1779 3980 meam

446 3994 472 4044 ln
490 3993 532 4044 ed.
551 3993 620 4057 Llps.
640 3995 736 4056 (moror
751 3994 828 4043 edom
843 4008 910 4043 4444
920 3994 957 4056 d.)
971 4021 998 4030 -
1018 3998 1057 4046 40.
1071 3998 1178 4049 sonans
1194 4011 1247 4049 om.
1261 4011 1288 4062 p.
1302 4026 1330 4035 -
1349 4002 1372 4047 44
1387 4011 1412 4048 se
1428 3998 1534 4060 gbor;
1552 4003 1576 4049 st
1591 4000 1644 4062 ipsi
1657 4014 1712 4052 esse
1728 4015 1778 4065 ys.

447 4095 474 4104 -
492 4068 619 4129 lpsoom.
638 4067 656 4117 b
673 4080 766 4131 prm.
785 4093 813 4103 -
832 4069 1012 4131 ootedtevog.
1029 4097 1056 4107 -
1077 4074 1118 4122 tt.
1135 4073 1474 4134 metcmeolectogcum
1492 4072 1580 4125 Probo
1596 4077 1777 4137 (lnstlt.ll.t.

444 4143 485 4193 448.
505 4154 531 4204 p.
550 4141 607 4190 434.
625 4140 710 4203 lind.)
737 4143 764 4191 et
781 4139 890 4192 Claudio
907 4143 1051 4195 secerdote
1068 4159 1095 4209 p.
1113 4147 1169 4205 88.;
1194 4161 1235 4197 oce
1257 4162 1311 4198 meo
1331 4149 1359 4197 44
1378 4149 1439 4198 lecto
1457 4151 1475 4198 t.
1502 4148 1715 4211 (adlectionem
1733 4152 1776 4205 ed.

445 4218 532 4267 Garat.
556 4228 596 4266 me
615 4230 670 4267 meo
688 4218 717 4265 44
738 4216 838 4274 lectolo,
862 4229 943 4281 quam
964 4217 1050 4269 nullus
1067 4232 1189 4272 meorum
1206 4223 1300 4282 habet,
1324 4221 1484 4273 Niebuhrlus
1501 4222 1601 4275 nouam
1617 4227 1777 4279 varietatem

445 4290 523 4341 codd.
542 4291 620 4353 lagg.
639 4290 796 4355 exscripsit.)
822 4292 905 4341 Etiam
928 4293 954 4341 ln
977 4306 1016 4342 or.
1036 4293 1157 4345 Sullanae
1178 4296 1202 4359 s.
1221 4299 1262 4347 52.
1287 4298 1419 4347 incertum
1438 4298 1480 4347 est
1502 4299 1571 4348 sitne
1592 4300 1622 4350 444
1643 4314 1700 4351 meo
1717 4302 1777 4353 terso

445 4379 478 4416 an
494 4364 523 4414 44
536 4377 571 4413 m.
589 4364 677 4415 lectulo
694 4364 877 4416 scribendum.
897 4391 923 4401 —
951 4368 1123 4430 interfecturos
1138 4373 1303 4436 Vaquyz:
1328 4373 1412 4435 444444.
1430 4386 1481 4423 erre
1496 4375 1551 4434 ς44.
1577 4399 1605 4410 -
1635 4377 1677 4426 ti.
1694 4390 1777 4427 mos·

446 4453 538 4501 ome.
552 4465 580 4476 -
600 4440 640 4490 43.
659 4441 694 4490 cd
709 4452 748 4490 444
764 4440 940 4491 salutatum:
958 4445 992 4492 od
1007 4457 1046 4494 me
1061 4458 1136 4495 mane
1152 4448 1227 4497 44444.
1245 4448 1271 4508 4;
1287 4460 1362 4498 mose
1378 4448 1413 4497 od
1427 4449 1553 4498 44444444.
1567 4449 1598 4506 V,
1617 4451 1665 4513 Lg.
1678 4451 1774 4504 2843.

444 4516 501 4578 lo..
520 4515 582 4574 l.0;
606 4516 640 4565 sd
655 4528 695 4566 ose
711 4516 786 4565 salut.
804 4529 878 4567 morse
894 4518 922 4567 ll.
943 4518 1111 4580 (salutandum
1127 4523 1149 4571 V
1167 4526 1194 4573 et
1211 4525 1255 4586 ις.
1273 4522 1326 4585 844.)
1350 4548 1377 4559 -
1403 4522 1443 4575 44.
1461 4529 1486 4573 44
1501 4525 1604 4573 emme
1621 4526 1630 4574 i
1647 4527 1677 4576 ct
1692 4541 1723 4589 ς;
1745 4542 1776 4579 oo

444 4590 546 4642 4444444
561 4590 659 4641 excidit
675 4592 701 4641 in
719 4593 746 4641 L.
767 4617 794 4628 —
814 4595 853 4644 tc.
872 4606 922 4643 4444
938 4607 992 4644 em.
1010 4593 1069 4653 be;
1086 4602 1152 4645 vent.
1170 4610 1221 4648 esse
1235 4599 1262 4648 id
1278 4604 1351 4660 emp.
1371 4597 1406 4657 d;
1422 4604 1488 4648 eset.
1506 4600 1533 4648 td
1548 4604 1624 4662 ump.
1637 4614 1689 4653 esee
1706 4604 1774 4654 1..-

446 4666 486 4715 46.
504 4666 549 4715 sori
564 4665 681 4729 eprsdm
697 4665 724 4715 d.
739 4692 765 4702 -
786 4668 826 4718 47.
844 4668 950 4718 mem
965 4670 1018 4719 lom
1034 4672 1078 4720 cer
1094 4675 1118 4720 te
1134 4672 1287 4723 Rufinianus
1303 4674 1333 4722 ds
1347 4675 1391 4736 Μ.
1410 4679 1470 4723 cert.
1489 4674 1514 4737 5.
1526 4674 1582 4733 27.;
1599 4676 1711 4727 4444441444
1724 4678 1776 4728 lu

445 4743 468 4788 te
483 4738 529 4787 illo
544 4739 588 4787 dic
604 4750 631 4801 q.
650 4766 678 4776 ·-
696 4740 880 4804 memorem]
903 4744 982 4804 copto
998 4758 1021 4794 a.
1048 4772 1075 4781 -
1103 4747 1142 4797 48.
1161 4748 1286 4798 4444444444
1300 4749 1398 4810 Veyz
1419 4751 1447 4798 et
1467 4750 1483 4800 6
1500 4748 1542 4799 alli
1559 4750 1651 4814 lagg„
1669 4753 1699 4802 0.
1719 4754 1775 4816 (tus

446 4813 588 4876 4444444.)
609 4814 800 4865 -etlomom
819 4816 849 4865 V.
871 4843 897 4853 -
921 4822 1087 4870 tuotone.
1108 4847 1135 4856 -
1162 4823 1399 4873 484444444444.
1419 4850 1446 4859 -
1464 4826 1639 4883 4444444444ς
1663 4840 1773 4879 mem.

446 4901 471 4949 ς.
492 4888 542 4950 (ose
556 4893 625 4939 metu
639 4891 783 4941 Arusianus
800 4904 827 4955 p.
845 4891 912 4954 ild.)
928 4916 954 4928 -
968 4895 1009 4944 80.
1027 4906 1066 4943 mc
1082 4899 1106 4944 44
1122 4899 1145 4945 44
1161 4895 1187 4946 d.
1207 4923 1234 4932 -
1253 4898 1398 4947 conversore·
1414 4911 1437 4949 s.
1454 4926 1481 4935 —
1500 4900 1540 4949 2⁴.
1558 4914 1610 4950 noe
1625 4902 1711 4953 444444
1725 4917 1775 4954 soe

443 4964 533 5027 potior
549 4978 582 5024 e;
602 4965 757 5027 conpellar
773 4978 826 5016 om.
844 4979 882 5016 m.
902 4993 928 5002 -
953 4969 990 5017 dte
1006 4968 1081 5020 bis:
1111 4972 1158 5020 dile
1174 4971 1203 5021 0.
1224 4997 1250 5007 -
1269 4973 1310 5021 88.
1327 4974 1377 5034 tpct
1393 4986 1446 5023 cm.
1465 4986 1487 5024 e.
1508 5000 1535 5009 -
1552 4974 1628 5025 4444444
1642 4977 1774 5027 44444444-

445 5040 510 5090 clodi
526 5039 578 5091 cd.
598 5066 627 5077 ·-
644 5040 686 5091 2³.
703 5042 790 5105 pretio
810 5041 911 5093 habent
933 5045 994 5106 post
1013 5045 1125 5096 latendo
1142 5053 1178 5096 ert
1193 5048 1254 5107 Vc,
1279 5049 1323 5109 Lg.
1342 5050 1382 5098 20.
1401 5050 1442 5099 84.
1461 5051 1518 5110 65.,
1536 5051 1594 5100 LO.
1619 5077 1649 5093 -
1674 5059 1775 5116 tuaque

446 5114 539 5166 least.
559 5127 605 5165 er.
625 5141 653 5152 -
672 5122 725 5167 tom
740 5117 854 5180 infestam
871 5117 928 5168 Cd.
948 5144 975 5153 -
995 5118 1035 5169 il.
1053 5120 1107 5169 iem
1122 5122 1213 5171 tociens
1229 5122 1255 5172 d.
1275 5148 1302 5157 -
1322 5129 1356 5171 cst
1374 5137 1427 5174 om.
1441 5125 1476 5184 (1.,
1496 5126 1540 5187 Lg.
1553 5126 1595 5176 tt.
1608 5127 1666 5184 esa
1685 5133 1722 5179 eet
1735 5141 1774 5179 or

447 5190 548 5241 habent
564 5191 626 5242 aule
642 5205 748 5244 msc.
762 5218 789 5229 -
808 5194 860 5242 lom
876 5194 902 5243 in
917 5207 967 5243 uoo
979 5208 1004 5258 g.
1019 5222 1046 5232 -
1064 5197 1105 5245 st.
1121 5197 1209 5257 periet.
1227 5210 1326 5247 mmmc
1341 5199 1409 5248 seles
1426 5200 1487 5260 dm
1505 5201 1551 5251 sol.
1569 5214 1671 5254 mmo
1684 5203 1771 5269 periet.

448 5265 482 5323 V;
499 5265 567 5315 selus
582 5279 681 5318 sommo
696 5269 735 5320 rel
750 5268 796 5333 (rei
808 5281 837 5332 ρ.
857 5267 948 5319 lamb.
967 5269 993 5321 in
1009 5281 1093 5334 marg.
1113 5271 1156 5322 ed.
1174 5272 1246 5335 4884)
1261 5273 1349 5336 petet.
1366 5276 1395 5325 4..
