4367 6109
445 573 486 646 aa
571 576 723 645 omum
743 573 823 643 ruo
845 572 935 640 sus.
948 569 1096 639 uosuo
1117 571 1301 661 mauro
1324 572 1398 640 co.
1411 572 1492 639 mu.
1513 567 1634 658 stes.

445 750 582 827 numiui,
603 748 723 823 videte,
743 765 803 832 per
823 744 900 809 deos
920 744 1130 822 immortales,
1152 764 1247 830 quem
1267 745 1302 810 in
1315 744 1421 810 locum
1434 763 1501 808 rem
1516 743 1678 828 publicam
1690 764 1763 831 per-

446 851 612 911 venturam
632 841 759 925 putetis.

530 934 601 1000 t5t.
627 935 781 1000 Homines
807 933 967 1017 sapientes
994 939 1027 997 et
1052 934 1114 997 ista
1143 933 1327 997 auctoritate
1356 938 1389 997 et
1408 939 1564 1018 potestate
1584 932 1763 1018 praeditos,

447 1053 511 1119 qua
531 1052 588 1097 vos
610 1030 702 1105 estis,
725 1050 767 1094 ex
787 1029 903 1114 quibus
923 1028 1018 1091 rebus
1040 1027 1176 1092 maxime
1198 1047 1249 1091 res
1270 1027 1397 1112 publica
1411 1027 1547 1104 laborat,
1568 1028 1609 1093 iis
1625 1030 1763 1096 maxime

397 1130 401 1141 “
423 1127 565 1190 amederi
587 1124 744 1189 convenit.
774 1124 921 1187 Vestrum
942 1141 1035 1187 nemo
1058 1130 1106 1186 est
1123 1123 1202 1207 quin
1216 1117 1386 1205 intelligat,
1408 1122 1563 1206 populum
1576 1123 1762 1202 Romanum,

446 1220 502 1305 qui
523 1219 682 1304 quoram
704 1219 738 1282 iu
758 1217 868 1282 lrostes
889 1215 1069 1280 leuissimus
1084 1216 1336 1291 existimabatur,
1357 1215 1419 1279 hoc
1433 1224 1574 1300 tempore
1589 1218 1764 1283 domestica

446 1313 630 1377 erudelitate
651 1312 803 1377 laborare.
846 1312 936 1375 Hane
957 1310 1060 1374 tollite
1083 1330 1124 1374 ex
1144 1311 1287 1386 civitate,
1315 1310 1453 1387 iudices,
1473 1311 1556 1376 hane
1576 1313 1643 1396 pati
1663 1313 1762 1377 nolito

447 1407 564 1471 diutius
586 1408 620 1470 in
640 1406 700 1472 hac
721 1427 756 1470 re
777 1406 905 1490 publiea
924 1405 1063 1480 versari;
1088 1423 1170 1489 quae
1191 1424 1257 1468 nou
1278 1403 1372 1467 modo
1394 1404 1429 1467 id
1449 1405 1544 1470 hahet
1564 1407 1598 1470 in
1620 1428 1654 1472 se
1676 1408 1762 1484 mali,

446 1501 533 1587 quod
560 1508 607 1565 tot
636 1502 720 1565 cives
749 1501 944 1565 atrocissime
969 1500 1110 1576 sustulit,
1140 1519 1249 1563 verum
1271 1499 1366 1563 etiam
1386 1498 1568 1565 hominihus
1589 1502 1761 1566 lenissimis

410 1612 437 1659 ιο
446 1595 563 1659 ademit
584 1594 832 1659 misericordiam
853 1593 1081 1658 consuetudine
1102 1593 1385 1658 incommodorum.
1422 1595 1501 1658 Nam
1522 1616 1594 1659 cum
1614 1595 1761 1659 omnihus

445 1690 533 1754 horis
556 1689 677 1774 aliquid
699 1689 846 1753 atrociter
865 1686 934 1752 fieri
955 1689 1098 1753 videmus
1120 1695 1174 1751 aut
1194 1688 1358 1765 audimus,
1380 1688 1473 1752 etiam
1497 1688 1553 1774 qui
1574 1698 1686 1754 natura
1702 1691 1761 1752 mi·

445 1783 559 1846 tissimi
590 1804 716 1858 sumus,
748 1781 930 1848 assiduitate
960 1783 1173 1848 molestiarum
1199 1803 1327 1848 sensum
1349 1802 1475 1847 omnem
1496 1783 1699 1849 humanitatis
1719 1802 1761 1849 ex

391 1928 394 1933 .
446 1877 559 1940 animis
580 1877 763 1942 amittimus.

511 2100 535 2149 t.
561 2101 720 2151 domam
736 2113 809 2166 susp.
821 2101 913 2154 lamb.
932 2129 959 2139 -
976 2101 1001 2153 3.
1022 2101 1214 2164 operturum
1229 2102 1306 2153 trus.
1325 2102 1404 2153 Mese.
1422 2114 1449 2167 p.
1461 2100 1510 2153 tlt
1527 2101 1601 2154 llud.
1615 2126 1643 2140 -
1662 2107 1687 2153 et
1701 2102 1759 2169 teto]

446 2186 499 2225 om.
517 2180 541 2226 et
557 2178 586 2226 G.
607 2203 635 2212 -
653 2179 677 2228 5.
701 2177 769 2243 quo]
793 2178 836 2239 que
857 2178 910 2227 (ἓν.
930 2203 958 2214 -
980 2177 1004 2227 6.
1028 2176 1102 2228 lostts
1118 2178 1206 2228 Gllr.
1221 2204 1249 2213 -
1267 2176 1473 2228 mutamur.
1494 2203 1522 2214 -
1540 2177 1564 2227 9.
1582 2175 1761 2243 stimuleum

445 2251 511 2316 qood
527 2252 560 2312 ις
580 2251 629 2303 sed
645 2251 733 2303 firmat
747 2249 817 2316 vulg.
835 2252 895 2303 soh.
915 2278 943 2291 -
963 2252 1002 2302 lt.
1020 2263 1054 2302 so
1069 2251 1160 2302 ootots
1176 2265 1230 2303 om.
1248 2252 1341 2303 Fraus.
1361 2279 1389 2290 -
1407 2252 1448 2303 43.
1466 2252 1606 2304 mm
1620 2265 1649 2315 χ.
