4367 6109
458 548 522 617 rra
838 528 1422 623 n'vanneuacrrosnounna

358 768 364 783 .
457 743 568 799 neam,
597 723 733 806 pecunia
754 723 922 800 attributa,
944 732 1109 789 numerata
1130 732 1198 801 est3
1230 725 1392 809 proiectus
1414 734 1464 790 est
1485 734 1637 811 quaestor
1658 727 1693 790 in
1713 747 1788 811 pro-

458 817 611 893 vinciam3
639 818 728 881 venit
753 827 955 900 exspectatus
985 821 1018 882 in
1049 820 1184 883 Galliam
1211 821 1251 884 ad
1280 821 1454 884 exercitum
1486 821 1687 885 consularem
1715 843 1788 884 cum

456 912 610 994 pecunia;
640 912 772 975 simulac
793 912 931 994 primum
953 914 982 976 ei
1006 914 1133 977 occasio
1148 915 1216 977 visa
1245 923 1294 978 est
1324 912 1518 997 (cognoscite
1539 914 1679 979 bominis
1701 916 1789 999 prin-

457 1005 576 1089 cipium
597 1005 839 1088 magistratuum
857 1008 1070 1088 gerendorum
1085 1015 1117 1070 et
1133 1007 1178 1069 rei
1195 1009 1342 1091 publicae
1358 1007 1655 1090 administrandae),
1679 1029 1790 1073 aversa

432 1100 594 1181 epecnnia
620 1098 749 1182 publica
778 1106 931 1183 quaestor
952 1101 1133 1175 consulem,
1163 1102 1354 1176 exercitum,
1385 1110 1501 1165 sortem
1524 1103 1788 1188 provinciamque

457 1193 607 1257 desernit.
650 1190 701 1254 35.
727 1193 828 1256 Video
857 1195 934 1277 quid
965 1195 1100 1277 egerim:
1135 1195 1228 1277 erigit
1257 1216 1307 1271 se3
1340 1203 1449 1277 sperat
1479 1197 1538 1259 sibi
1561 1216 1670 1259 auram
1693 1217 1788 1279 posse

455 1289 597 1372 aliquam
619 1287 720 1350 afflari
742 1287 775 1349 in
796 1287 859 1350 boc
882 1289 1013 1352 crimine
1035 1289 1209 1353 voluntatis
1234 1286 1533 1375 [dissensionisque]
1559 1312 1690 1366 eornm,
1717 1291 1789 1376 qni-

455 1382 516 1445 bns
539 1381 594 1445 Cn.
618 1380 772 1444 Carbonis
794 1382 910 1444 mortni
934 1402 1051 1445 nornen
1074 1384 1149 1446 odio
1172 1383 1228 1456 sit,
1252 1383 1368 1466 quibus
1394 1384 1481 1447 illam
1495 1385 1695 1449 relictionem
1714 1407 1787 1469 pro-

456 1474 676 1559 ditionemque
697 1475 838 1538 consulis
862 1476 911 1539 sni
943 1485 1063 1559 gratam
1085 1485 1192 1560 sperat
1213 1476 1292 1539 lore.
1337 1477 1438 1552 Quasi
1460 1498 1535 1542 vero
1558 1478 1590 1540 id
1614 1481 1788 1562 cupiditate

418 1570 676 1637 rodelendendac
704 1569 879 1633 nobilitatis
908 1578 964 1632 aut
986 1569 1095 1632 studio
1121 1570 1258 1653 partium
1280 1568 1409 1645 iecerit,
1440 1592 1477 1635 ac
1499 1592 1564 1635 non
1587 1573 1788 1655 apertissime

455 1665 635 1739 consulem,
659 1663 832 1728 exercitum
854 1664 1118 1747 provinciamque
1142 1663 1321 1746 compilarit
1342 1672 1375 1727 et
1396 1673 1527 1747 propter
1548 1666 1788 1748 impudentissi-

455 1782 541 1824 mum
570 1758 690 1822 furtum
718 1756 886 1840 aufugerit
934 1759 991 1820 Est
1018 1757 1105 1820 enim
1133 1757 1304 1820 obscurum
1330 1765 1363 1821 et
1384 1758 1543 1822 eiusmodi
1565 1759 1684 1822 factum
1706 1761 1787 1835 eius,

454 1863 492 1919 ut
518 1853 621 1937 possit
649 1853 768 1935 aliquis
799 1852 955 1934 suspicari
979 1850 1011 1914 C.
1034 1852 1180 1925 Verrem,
1213 1851 1301 1934 quod
1322 1852 1405 1916 ferre
1429 1873 1529 1916 novos
1551 1854 1698 1917 bomines
1721 1875 1786 1918 non

454 1948 611 2032 potnerit,
634 1947 673 2009 ad
695 1945 909 2020 nobilitatem,
938 1944 1001 2007 boc
1024 1953 1089 2018 est,
1118 1945 1159 2008 ad
1184 1965 1260 2009 suos
1284 1944 1452 2021 transisse,
1474 1947 1554 2009 nihil
1575 1947 1691 2010 fecisse
1713 1967 1787 2030 pro·

418 2060 446 2108 to
455 2053 526 2127 pter
546 2041 726 2125 pecuniam.
770 2036 820 2100 36.
848 2039 1021 2102 Videamus
1051 2041 1192 2102 rationes
1215 2041 1486 2123 quemadmodum
1507 2043 1676 2105 rettulerit.
1720 2044 1784 2105 Iam

454 2137 523 2220 ipse
545 2133 705 2205 ostendet,
729 2133 936 2216 quamobrem
959 2133 1015 2195 Cn.
1039 2133 1215 2196 Carbonem
1237 2134 1422 2217 reliquerit:
1446 2134 1509 2198 iam
1531 2156 1565 2198 se
1580 2136 1650 2219 ipse
1664 2135 1786 2198 indica·

454 2231 511 2293 nir.
549 2228 632 2290 XIV.
660 2226 800 2288 Primum
829 2226 1015 2290 brevitatem
1038 2227 1231 2309 cognoscite.
1274 2229 1413 2303 Acceer,
1447 2229 1569 2312 inquit,
1601 2229 1661 2292 iis
1684 2249 1786 2292 vrcras

454 2340 598 2388 aroanna
622 2339 771 2384 rnrornra
793 2339 931 2395 errrore
955 2338 1047 2383 ariera
1071 2326 1331 2393 ovanarraonnros
1354 2342 1422 2385 xvir
1444 2343 1582 2386 nvunos.
1618 2323 1702 2386 llam
1723 2343 1786 2385 sri-

454 2436 587 2491 aennro,
617 2434 801 2489 aarnnnro,
832 2434 981 2488 nacarrs,
1011 2433 1072 2478 eno
1101 2435 1303 2490 ovaasroan,
1334 2434 1474 2479 coaoarr
1502 2435 1703 2483 aaaaroaran
1725 2415 1785 2480 HS

416 2530 555 2581 murana
589 2529 750 2574 saxonum
783 2527 934 2574 rarornra
967 2528 1105 2583 orrnovn
1140 2530 1231 2574 arara
1261 2528 1523 2583 ovannrnoanros
1551 2531 1619 2596 avar
1646 2530 1785 2574 aranos.

454 2609 591 2680 Rnnrovr
622 2606 756 2667 Aarrarnr
785 2603 845 2667 Hs·
875 2624 1037 2669 saxonicas
1066 2620 1171 2666 urnis.
1214 2605 1283 2667 Hoc
1313 2612 1362 2667 est
1385 2605 1524 2669 rationes
1546 2604 1690 2668 referret
1723 2603 1786 2667 boc

453 2701 549 2765 modo
572 2707 627 2763 aut
649 2719 707 2781 ego
730 2706 786 2761 ant
807 2707 858 2774 tn,
887 2699 1054 2770 Hortensi,
1077 2704 1134 2760 aut
1155 2699 1327 2781 quisquam
1351 2699 1495 2761 omnium
1516 2699 1662 2762 rettulit?
1699 2697 1784 2774 Quid

452 2796 515 2858 boc
537 2797 609 2857 estt
642 2813 724 2876 quac
747 2793 971 2875 impudentia?
993 2811 1077 2876 quae
1099 2791 1259 2854 andaciot
1281 2792 1369 2875 quod
1393 2793 1574 2875 exemplum
1598 2813 1639 2855 ex
1661 2799 1709 2856 tot
1727 2792 1786 2854 bo-

453 2890 576 2953 minum
597 2887 772 2950 rationibus
795 2887 902 2950 relatis
924 2885 1146 2949 huiuscemodi
1169 2889 1240 2949 esti
1272 2886 1331 2949 llla
1353 2895 1459 2949 umen
1475 2887 1535 2950 HS
1554 2893 1705 2950 sexcenta
1727 2884 1785 2948 mi-

415 2984 513 3058 salia,
546 3001 629 3066 quac
659 3002 698 3044 ne
719 2980 800 3044 falso
823 2982 954 3065 quidem
980 2981 1087 3064 potuit
1109 2980 1226 3062 quibus
1242 2981 1322 3057 ,data
1344 2988 1451 3044 essent
1472 2981 1669 3056 describere,
1702 3001 1784 3065 quae

453 3099 488 3143 se
509 3076 645 3141 Arimini
667 3074 777 3138 scribit
797 3074 983 3158 reliquisse,
1006 3094 1089 3157 qnae
1112 3073 1182 3156 ipsa
1204 3074 1263 3137 HS
1287 3084 1438 3138 sexcenta
1459 3076 1546 3138 milia
1561 3074 1784 3159 reliqnalacta

452 3170 544 3247 sunt,
573 3189 679 3254 neque
709 3168 810 3232 Carbo
840 3169 1079 3251 attigit-neque
1110 3167 1199 3230 Sulla
1221 3168 1302 3231 vidit
1323 3189 1428 3252 neque
1450 3170 1483 3232 in
1505 3169 1662 3255 aerarium
1683 3168 1784 3233 relata

452 3274 538 3331 sunt.
581 3264 743 3348 Oppidum
766 3262 826 3326 sibi
850 3262 946 3344 elegit
966 3261 1161 3335 Ariminum,
1184 3261 1272 3345 quod
1295 3269 1377 3339 tum,
1400 3283 1474 3326 cum
1495 3264 1555 3327 iste
1570 3264 1712 3327 rationes
1733 3283 1783 3326 re·

451 3359 590 3434 ferebat,
613 3378 802 3442 oppressum
826 3355 1051 3438 direptumque
1073 3364 1150 3418 erat
1193 3357 1263 3418 Non
1287 3356 1510 3438 suspicabatur
1532 3357 1564 3419 id
1587 3357 1675 3442 quod
1697 3377 1783 3419 nunc

415 3454 585 3528 assentiet,
607 3454 684 3516 satis
706 3451 823 3515 multos
845 3470 886 3513 ex
908 3450 963 3512 illa
976 3448 1153 3512 calamitate
1168 3449 1417 3513 Ariminensium
1432 3457 1529 3514 testes
1543 3451 1636 3514 nobis
1652 3451 1686 3513 in
1700 3450 1783 3513 banc

452 3569 519 3613 rem
540 3548 685 3631 reliquos
707 3566 787 3610 esse.
831 3542 882 3608 37.
905 3545 1015 3608 Recita
1037 3543 1154 3607 denuo.
1187 3545 1221 3607 Ρ.
1243 3546 1392 3610 Lanrrno
1414 3545 1602 3609 bleiseio
1626 3564 1784 3618 ovaasro·

452 3663 541 3707 nrnvs
572 3660 701 3704 meanis
726 3661 783 3703 aas
805 3659 965 3704 aaaronrrr
988 3659 1188 3703 messaara.
1231 3639 1350 3703 Recita.
1383 3638 1433 3702 Ex
1454 3659 1590 3703 serarvs
1613 3659 1783 3703 corworo.

452 3737 493 3801 Ut
519 3735 582 3798 boc
608 3742 701 3816 pacto
730 3733 885 3796 rationem
913 3730 1030 3796 referre
1052 3731 1181 3807 liceret,
1212 3751 1251 3794 eo
1274 3732 1424 3795 Sullanus
1446 3739 1578 3814 repente
1600 3733 1702 3797 factus
1725 3739 1783 3807 est,

452 3850 518 3893 non
541 3834 577 3892 ut
597 3827 701 3891 bonos
724 3833 756 3889 et
785 3825 922 3908 dignitas
944 3825 1104 3888 nobilitati
1127 3825 1356 3889 restitueretur.
1401 3825 1497 3900 Quod
1520 3826 1547 3889 si
1569 3826 1656 3890 illinc
1679 3826 1783 3889 inanis

415 3922 667 4006 atprofugisses,
690 3927 795 3982 tamen
817 3919 879 3982 ista
899 3925 955 3980 tua
975 3918 1050 4000 iuga
1071 3918 1194 3981 nefaria
1223 3918 1365 4001 proditio
1389 3920 1529 3983 consulis
1551 3919 1599 3983 tui
1622 3919 1784 3984 conscele-

452 4025 520 4081 rata
542 4014 746 4080 iudicaretur.
767 4045 809 4059 -
830 4013 934 4077 Malus
956 4011 1051 4087 civis,
1075 4013 1239 4095 improbus
1261 4013 1389 4088 consul,
1411 4014 1584 4078 seditiosas
1605 4013 1702 4078 bomo
1727 4014 1783 4078 Cn.

517 4288 541 4337 2.
560 4287 587 4337 io
604 4287 634 4338 G.
652 4299 722 4349 casp.
741 4283 789 4335 dtt.
808 4284 837 4334 0.
859 4309 886 4319 -
905 4283 928 4333 7.
948 4282 1039 4347 aspere
1055 4281 1124 4332 coni.
1143 4283 1245 4347 Zumpt.
1264 4281 1453 4349 probabiliter,
1472 4283 1608 4334 ettamen
1623 4280 1781 4333 Klotz.1.ea.

453 4375 474 4414 s.
493 4377 519 4413 v.
540 4390 567 4398 —
586 4361 790 4422 dusenuonisque
806 4356 884 4408 codd.
905 4359 972 4407 noti:
991 4359 1186 4420 osseuioaisqae
1202 4357 1264 4408 edd.
1278 4370 1358 4408 nonu.
1371 4359 1486 4418 Asconii,
1500 4359 1534 4416 0;
1553 4371 1607 4408 om.
1620 4357 1683 4407 edit.
1697 4357 1782 4421 princ.

451 4442 513 4491 Aac.
534 4439 626 4500 ltaque
644 4436 719 4486 uncis
736 4432 840 4484 inclusit
851 4431 938 4491 Klotz;
957 4445 1044 4494 neque
1063 4435 1134 4483 enim
1151 4433 1267 4482 dissensio
1285 4433 1311 4482 b.
1328 4431 1345 4483 i.
1364 4432 1457 4492 hobel,
1477 4446 1530 4496 quo
1547 4431 1686 4491 reieraiur,
1704 4432 1784 4481 inter·

452 4513 664 4581 pretnmentique
682 4512 800 4575 speciem
818 4508 900 4558 relcrt
917 4521 950 4557 ex
967 4521 1000 4556 eo
1018 4520 1131 4570 genere,
1150 4507 1221 4569 quod
1239 4521 1318 4571 supra
1337 4508 1361 4570 5.
1377 4508 1417 4557 32.
1437 4506 1717 4558 commemoravimus.
1740 4505 1784 4554 l'o·

452 4590 556 4639 tantalis
572 4588 642 4637 enirn
660 4599 754 4635 aarum
771 4598 802 4634 ex
820 4584 968 4637 dissensione
985 4583 1076 4631 daiam
1089 4580 1122 4644 (5.
1135 4581 1196 4642 34),
1214 4595 1283 4645 quae
1296 4582 1381 4632 iuerat
1392 4583 1461 4631 inter
1472 4581 1591 4632 Sullanos
1603 4584 1630 4630 et
1640 4581 1781 4641 Marianos,

453 4662 599 4728 proiectam
617 4673 677 4711 esse
695 4659 844 4724 significare
861 4657 943 4708 voluit
959 4658 1100 4720 interpres.
1122 4683 1145 4694 -
1168 4657 1191 4705 8.
1210 4657 1303 4706 mutui
1317 4670 1373 4706 om.
1393 4657 1438 4706 Gt.
1458 4658 1490 4706 At
1507 4654 1540 4706 ct.
1559 4654 1584 4718 5.
1603 4655 1643 4704 39.
1664 4681 1692 4690 —
1717 4655 1783 4705 raio-

453 4737 557 4788 cttooem
574 4734 652 4785 codd.
671 4735 725 4785 noti
743 4736 769 4784 et
786 4733 847 4784 edd.
866 4735 927 4783 ante
939 4733 1037 4783 Victor.
1053 4757 1080 4767 -
1101 4732 1141 4781 45.
1160 4744 1220 4780 nom
1237 4732 1273 4780 Gt
1291 4732 1319 4781 et
1335 4732 1373 4781 sic
1389 4729 1463 4779 inira.
1479 4757 1506 4766 -
1526 4729 1566 4780 47.
1578 4729 1701 4778 omiss·-
1712 4741 1785 4777 nane

452 4825 507 4862 mor
522 4813 551 4861 A.
579 4808 692 4860 Codices
709 4808 735 4861 b.
749 4806 766 4860 l.
784 4809 810 4858 in
829 4808 946 4858 numeris
963 4807 1036 4857 varie
1053 4804 1169 4856 turbant.
1186 4833 1213 4842 -
1232 4806 1272 4855 iil.
1288 4819 1337 4867 pro
1354 4810 1484 4867 quaestore
1501 4806 1535 4854 A:
1550 4817 1601 4866 pro
1612 4802 1784 4866 quaestoribu

452 4886 531 4938 codd.
550 4884 612 4934 noti.
633 4910 661 4919 -
688 4884 729 4933 22.
754 4884 878 4946 quispiam
900 4883 937 4933 62
955 4881 1000 4931 Ld.
1022 4907 1049 4917 -
1076 4881 1188 4930 amotam
1205 4879 1283 4930 codd.
1303 4880 1370 4940 noti,
1398 4879 1479 4928 etiam
1496 4893 1529 4940 g:
1556 4879 1683 4928 lominum
1700 4879 1729 4928 0.
1752 4905 1779 4916 -

451 4959 492 5012 ai.
510 4959 676 5014 taimeeaodi
693 4958 725 5007 64
738 4958 795 5017 ²6¹³
814 4958 952 5007 loiuenodi
969 4956 1017 5007 dtt.
1032 4957 1057 5006 0.
1075 4983 1102 4992 -
1120 4956 1161 5006 25.
1179 4968 1258 5017 aeque
1273 4955 1337 5018 [otro
1355 4953 1391 5003 63
1409 4955 1487 5016 lagg.
1507 4965 1609 5014 omnes,
1628 4952 1670 5002 alii
1688 4950 1737 5003 dit.
1753 4979 1780 4988 —

447 5033 603 5098 perscribere
619 5032 678 5082 cod.
697 5033 770 5092 Urs,
785 5033 867 5094 portet
883 5033 960 5081 deser.
979 5031 1068 5092 quibus
1084 5032 1109 5080 d.
1127 5036 1205 5081 essem
1222 5031 1270 5081 dtt.
1287 5057 1313 5066 -
1333 5030 1373 5079 27.
1392 5043 1471 5091 oeque
1482 5028 1563 5079 corbo
1576 5038 1635 5090 sqq.
1654 5026 1782 5077 victorin.

452 5123 478 5175 p.
497 5109 537 5159 90.
559 5135 586 5144 -
610 5108 651 5158 29.
668 5106 743 5171 nunc]
760 5121 810 5156 aon
827 5108 859 5156 64
871 5108 900 5166 2,
920 5107 946 5155 in
963 5106 1061 5169 quibus
1078 5119 1142 5166 ooo,
1165 5120 1246 5166 nunc,
1268 5118 1329 5153 oron
1345 5105 1501 5168 saepissime
1524 5101 1732 5153 contunduntur.
1753 5128 1781 5138 -

453 5184 493 5235 34.
513 5184 542 5247 Q.
563 5183 661 5233 iliade
678 5183 710 5233 64
723 5183 749 5232 2.
770 5205 797 5218 -
823 5180 862 5230 33.
884 5180 1010 5247 8144444443]
1031 5181 1070 5232 oet
1092 5180 1178 5231 emutat
1193 5181 1304 5231 silicara
1319 5179 1365 5229 64.
1386 5205 1413 5214 »-
1438 5180 1478 5229 35.
1502 5176 1670 5228 memorare
1691 5173 1784 5241 Gilp-

453 5259 530 5323 agro.
550 5257 583 5310 cr.
602 5254 891 5323 promanarunt.
909 5255 939 5306 o.
