4367 6109
480 579 521 648 32
745 587 895 654 ORATIO
916 588 994 655 PRO
1017 589 1106 656 SEX.
1126 587 1276 658 ROSCIO
1296 591 1480 663 memo

478 764 643 847 gnitatem,
665 767 837 824 exsenatu
859 759 893 823 in
913 759 975 824 hoc
997 761 1165 825 consilium
1187 764 1302 828 delecti
1330 767 1407 830 estis
1428 773 1559 851 propter
1580 771 1790 846 severitatem,

477 862 516 927 ab
537 859 586 923 bis
605 857 668 921 boc
688 855 849 939 postulare
870 853 1015 919 homines
1037 856 1169 921 sicarios
1191 865 1289 943 atque
1316 861 1522 944 gladiatores,
1551 884 1617 928 aon
1638 866 1735 930 modo
1756 873 1792 929 ut

476 954 631 1040 supplicia
650 949 768 1025 riteut,
792 968 873 1033 quac
894 969 913 1012 a
934 949 1024 1014 vobis
1046 970 1104 1034 pro
1127 949 1288 1016 maleficiis
1310 955 1376 1018 suis
1395 963 1535 1021 metuere
1550 964 1647 1041 atque
1661 958 1790 1023 horrere

475 1052 606 1125 debent,
627 1065 738 1111 verum
760 1044 854 1109 etiam
875 1050 912 1106 ut
925 1044 1036 1127 spoliis
1052 1064 1092 1107 ex
1106 1043 1168 1109 hoc
1182 1046 1302 1110 iudicio
1317 1050 1420 1112 ornati
1436 1053 1586 1136 auctique
1602 1053 1789 1118 discedant?

451 1147 526 1209 oIV.
552 1141 583 1207 9.
610 1141 667 1205 His
696 1140 735 1203 de
763 1137 858 1202 rebus
880 1139 975 1202 tantis
997 1144 1125 1225 tamque
1147 1140 1306 1205 atrocibus
1327 1162 1432 1227 neque
1455 1146 1531 1209 satis
1552 1167 1602 1211 me
1625 1150 1789 1215 commoda

472 1241 576 1304 dicere
596 1253 702 1319 neque
724 1233 800 1297 satis
822 1233 958 1316 graviter
979 1233 1131 1317 conqueri
1152 1253 1258 1317 neque
1279 1236 1356 1299 satis
1384 1237 1484 1302 libere
1504 1241 1671 1306 vociferari
1693 1264 1788 1328 posse

470 1331 624 1414 intelligo.
666 1330 745 1392 Nam
767 1327 981 1391 commoditati
1002 1324 1181 1410 ingenium,
1203 1328 1348 1411 gravitati
1363 1339 1464 1408 aetas,
1487 1334 1623 1400 libertati
1644 1344 1788 1422 tempora

470 1433 545 1491 sunt
565 1423 802 1508 impedimento.
844 1420 914 1483 Huc
935 1420 1058 1484 accedit
1079 1442 1220 1485 summus
1243 1423 1354 1500 timor,
1377 1447 1472 1511 quem
1494 1430 1572 1492 mibi
1594 1439 1708 1496 natura
1728 1454 1788 1517 pu·

469 1518 590 1604 dorque
620 1536 709 1580 meus
737 1513 894 1588 attribuit,
924 1520 956 1577 et
976 1521 1081 1578 vestra
1103 1516 1239 1600 dignitas
1262 1524 1294 1581 et
1314 1520 1362 1583 ris
1385 1521 1635 1588 adversariorum
1657 1534 1690 1590 et
1711 1527 1786 1589 Sex.

431 1613 573 1679 tolloscii
594 1609 745 1696 pericula.
775 1609 977 1691 Quapropter
996 1628 1054 1672 vos
1076 1628 1134 1673 oro
1155 1617 1252 1694 atque
1275 1612 1425 1690 obsecro,
1449 1615 1587 1692 iudices,
1609 1625 1646 1681 ut
1666 1626 1786 1685 attento

466 1711 613 1794 bonaque
644 1726 715 1769 oum
742 1703 836 1768 venia
856 1702 952 1766 verba
982 1722 1052 1766 mea
1073 1703 1220 1767 audiatis.
1263 1701 1314 1768 to.
1337 1707 1414 1770 Fide
1436 1710 1657 1796 sapientiaque
1679 1721 1785 1779 vestra

465 1804 565 1868 fretus
586 1801 658 1886 plus
680 1797 786 1862 oneris
808 1796 936 1871 sustuli,
960 1817 1055 1880 quam
1076 1796 1160 1860 ferre
1181 1818 1232 1862 me
1253 1819 1349 1882 posse
1370 1801 1524 1886 intelligo.
1560 1804 1629 1869 Hoc
1651 1828 1733 1872 onus
1755 1809 1784 1873 si

464 1919 522 1963 vos
543 1898 650 1981 aliqua
671 1913 712 1957 ex
733 1898 822 1977 parte
844 1890 1036 1966 alienabitis,
1065 1890 1181 1967 ieram,
1209 1898 1245 1955 ut
1266 1902 1397 1977 potero,
1431 1897 1537 1961 studio
1560 1907 1593 1963 et
1613 1902 1784 1979 industria,

464 1989 603 2054 iudices:
636 1988 685 2053 sin
711 2007 729 2049 a
757 1985 864 2061 vobis,
893 1985 927 2048 id
950 1985 1036 2068 quod
1057 2005 1123 2048 non
1145 2006 1257 2070 spero,
1286 1989 1427 2066 deserar,
1461 1998 1568 2056 tamen
1589 1995 1696 2060 animo
1718 2016 1783 2061 non

427 2101 455 2149 tc
464 2083 607 2149 deficiam
634 2090 666 2147 et
692 2083 740 2156 id,
769 2081 856 2166 quod
878 2078 1021 2162 suscepi,
1050 2080 1157 2162 quoad
1178 2089 1309 2164 potero,
1336 2083 1502 2168 perieram.
1546 2087 1641 2162 Quod
1663 2090 1690 2152 si
1711 2109 1784 2174 per·

462 2180 544 2244 serre
572 2199 636 2243 non
664 2184 793 2261 potero,
822 2173 959 2259 opprimi
981 2193 1031 2236 me
1053 2193 1150 2238 onere
1172 2172 1269 2240 officii
1291 2178 1375 2241 malo
1398 2199 1493 2263 quam
1515 2180 1565 2256 id,
1595 2184 1683 2267 quod
1704 2184 1782 2247 mibi

462 2294 534 2338 cum
555 2270 616 2336 fide
639 2269 738 2336 semel
758 2269 941 2353 impositum
964 2274 1028 2343 est,
1061 2277 1118 2331 aut
1137 2279 1269 2353 propter
1288 2269 1453 2356 perfidiam
1473 2274 1610 2339 abiicere
1632 2282 1687 2339 aut
1707 2297 1782 2360 pro·

461 2375 533 2452 pter
559 2364 772 2430 infirmitatem
800 2362 896 2428 animi
925 2364 1095 2445 deponere.
1139 2359 1190 2426 ll.
1219 2366 1264 2428 Te
1292 2387 1422 2451 quoque
1451 2389 1565 2453 magno
1596 2390 1711 2454 opere,
1738 2374 1780 2437 ll.

460 2461 577 2537 Fanni,
611 2478 747 2546 quaeso,
779 2464 832 2533 nt,
861 2457 989 2542 qualem
1011 2464 1041 2520 te
1069 2457 1133 2520 iam
1160 2466 1254 2522 antea
1281 2462 1402 2545 populo
1428 2463 1570 2527 Romano
1596 2465 1780 2548 praebuisti,

423 2573 533 2623 iocum
553 2555 629 2620 huic
650 2554 753 2617 eidem
775 2552 956 2637 quaestioni
980 2546 1101 2635 [iudex]
1125 2572 1307 2635 praeesses,
1336 2556 1431 2619 talem
1460 2565 1491 2620 te
1513 2566 1546 2620 et
1565 2559 1657 2622 nobis
1680 2568 1712 2624 et
1732 2560 1778 2623 rei

459 2651 605 2736 publicae
626 2649 688 2714 boc
710 2655 852 2731 tempore
873 2645 1046 2730 impertias.
1077 2646 1115 2708 V.
1139 2646 1265 2721 Quanta
1286 2649 1456 2714 multitudo
1477 2651 1641 2716 bominum
1663 2672 1779 2718 couve-

458 2749 541 2811 nerit
562 2745 684 2811 adhoc
706 2742 876 2816 iudicium,
898 2741 1004 2804 vides:
1037 2758 1120 2824 quae
1143 2741 1184 2803 sit
1206 2743 1348 2806 omnium
1369 2745 1550 2809 mortalium
1572 2750 1777 2831 exspectatio,

458 2861 540 2926 quae
563 2839 735 2921 cupiditas,
756 2844 793 2900 ut
813 2836 899 2900 acria
920 2854 957 2898 ac
979 2854 1089 2898 severa
1110 2835 1229 2899 iudicia
1243 2832 1333 2912 liant,
1356 2837 1520 2922 intelligis.
1547 2841 1659 2925 Longo
1681 2843 1778 2906 intor-

457 2935 541 2999 vallo
556 2933 709 2996 iudicium
724 2930 808 2994 inter
821 2929 952 2994 sicarios
966 2929 1028 2992 boc
1041 2930 1180 3013 primum
1195 2932 1418 3008 committitur,
1441 2954 1513 2997 cum
1528 2934 1648 2999 interea
1662 2938 1776 3001 caedoe

418 3027 694 3112 ssindignissimae
716 3025 937 3111 maximaeque
950 3022 1052 3087 factae
1068 3032 1159 3088 sunt:
1182 3043 1293 3090 omnes
1307 3028 1389 3091 banc
1404 3029 1624 3112 quaestionem
1638 3039 1670 3094 ta
1684 3049 1775 3115 prae·

456 3130 523 3186 tore
545 3120 720 3186 manifestis
743 3114 904 3184 maleficiis
927 3119 1180 3205 quotidianoque
1201 3123 1354 3204 sangnine
1369 3123 1561 3206 †dimissius
1576 3131 1705 3209 sperant
1725 3124 1775 3190 iu·

519 3348 543 3400 ⁴.
561 3345 718 3401 diiectittin
735 3357 818 3409 marg.
839 3372 866 3382 -
884 3343 909 3395 2.
928 3341 1020 3408 mio]
1038 3341 1275 3396 maimaitu-
1293 3344 1318 3396 3.
1336 3349 1462 3398 aomG.
1482 3373 1510 3385 -
1528 3346 1553 3400 i.
1571 3347 1773 3414 spolilsmoc]

453 3432 491 3488 sic
516 3434 637 3488 astructo
654 3432 687 3494 c.
714 3435 744 3482 ut
766 3429 910 3494 uncrinus
933 3429 1101 3483 emendant:
1125 3429 1211 3492 naso
1228 3431 1292 3480 nass
1309 3431 1355 3480 noc
1375 3433 1430 3493 ως
1456 3433 1541 3495 sporo
1560 3421 1617 3484 ssia·
1627 3433 1712 3484 onae
1728 3432 1774 3484 roc

453 3509 536 3571 Gud.;
562 3508 646 3573 spoliis
665 3509 724 3560 Sea.
746 3507 826 3558 Roscii
847 3507 892 3556 boc
913 3506 968 3566 lii,
991 3516 1071 3566 vae,
1089 3504 1119 3555 0.
1146 3505 1208 3569 (om.
1234 3506 1315 3556 dacii
1336 3507 1415 3557 etiam
1436 3507 1496 3557 ond.
1515 3509 1551 3558 st.
1570 3509 1636 3559 Vict.
1656 3511 1683 3558 ot
1698 3506 1772 3572 Pali.)

451 3585 569 3638 Similem
589 3584 806 3649 depravationem
826 3580 879 3632 vid.
897 3580 963 3630 lutra
981 3580 1005 3644 g.
1023 3579 1064 3630 23.
1083 3605 1113 3617 ·-
1139 3583 1164 3632 li.
1182 3595 1331 3632 oer--sec
1346 3582 1408 3645 Lag.
1426 3582 1468 3633 26.
1488 3609 1515 3618 -
1536 3597 1577 3634 me
1595 3584 1656 3635 sads
1671 3585 1722 3635 lli.
1741 3607 1770 3620 —-

450 3662 475 3712 8.
493 3662 549 3724 boo]
565 3661 622 3711 broc
637 3661 699 3722 bag.
717 3657 759 3709 26.
779 3682 806 3692 ·-
826 3657 866 3707 40.
885 3669 930 3706 oro
945 3656 1038 3706 iudices
1053 3660 1128 3717 atque
1144 3654 1194 3706 obs.
1212 3656 1274 3719 Lag.
1293 3656 1317 3706 9.
1337 3683 1365 3692 -
1384 3657 1424 3708 43.
1442 3657 1589 3708 αάἱουαῡᾱιὲο
1604 3661 1639 3720 G;
1665 3658 1772 3710 worn

450 3733 507 3786 bitlr
523 3736 581 3788 liv.
602 3759 629 3770 -
652 3732 807 3795 lapsuro,
828 3731 912 3793 potiar
936 3731 1043 3793 opprimi
1066 3731 1114 3780 Ha
1132 3733 1160 3780 et
1176 3728 1275 3794 aliquot
1291 3731 1369 3796 Lagg.
1398 3760 1426 3769 -
1449 3733 1510 3783 milo
1534 3734 1561 3783 in
1584 3734 1633 3798 pris
1656 3746 1676 3783 s.
1698 3733 1771 3796 porl-

449 3816 502 3862 tum
518 3811 568 3862 us.
588 3836 615 3845 -
639 3809 679 3859 ii.
702 3812 737 3858 ert
753 3819 806 3858 om.
824 3806 885 3869 Lag.
903 3804 944 3854 26.
964 3804 1005 3856 68.
1026 3832 1053 3841 -
1072 3805 1169 3856 obicere
1186 3807 1231 3856 Gv
1248 3807 1275 3856 et
1290 3805 1441 3872 complures
1452 3809 1530 3872 Lagg.
1550 3809 1579 3872 (G
1596 3822 1705 3874 semper
1721 3811 1771 3861 ba-

448 3887 496 3939 bet
511 3888 620 3948 αὸίεονο,
638 3884 716 3935 cicere
732 3882 806 3941 cet.);
824 3879 928 3931 obiiom
944 3881 993 3930 iit.
1014 3906 1042 3917 —-
1060 3881 1101 3930 48.
1119 3895 1211 3944 magno
1228 3893 1301 3942 opere
1317 3883 1338 3930 G
1355 3884 1381 3932 et
1402 3883 1464 3946 Lag.
1478 3885 1525 3934 ts:
1542 3897 1694 3949 mcgsropere
1709 3884 1766 3950 ple-

448 3966 539 4030 rique3
563 3963 677 4013 montoso
700 3970 773 4021 opere
795 3955 855 4006 Sch.
883 3958 910 4006 et
934 3955 963 4004 0.
984 3981 1012 3992 -
1035 3956 1071 4006 dl.
1091 3968 1143 4005 om.
1165 3957 1226 4018 Lag.
1242 3956 1283 4006 26.
1303 3980 1330 3992 -
1349 3958 1390 4008 20.
1409 3957 1494 4024 sidem]
1513 3960 1552 4009 sic
1569 3961 1629 4023 Lag.
1643 3960 1689 4023 26,
1707 3961 1766 4022 ri..

448 4040 508 4092 cod.
540 4040 658 4098 lictum,
689 4034 831 4086 ilartiauus
856 4029 961 4096 Capella
987 4032 1021 4096 (p.
1043 4028 1091 4082 iat
1116 4031 1225 4095 iioppl:
1261 4031 1325 4081 idem
1348 4034 1479 4084 GilOva
1490 4048 1520 4094 c,
1545 4033 1601 4084 rell.
1632 4062 1659 4074 -·
1688 4047 1768 4098 qaae-

446 4114 520 4167 stioni
536 4128 590 4165 om.
609 4115 638 4163 G.
658 4136 686 4148 -
704 4109 850 4158 iudanom.
869 4109 929 4170 Lag.
943 4106 1001 4168 26„
1019 4104 1092 4169 quod
1106 4105 1201 4157 vocab.
1214 4106 1278 4156 mibi
1295 4107 1402 4170 quidem
1420 4109 1617 4173 apertissimum
1634 4108 1767 4173 glossema

447 4191 561 4243 videtur.
580 4214 609 4226 -
627 4185 703 4237 mkm
719 4198 772 4235 om.
791 4183 852 4246 Lag.
870 4182 911 4231 26.
933 4209 960 4217 -
978 4186 1000 4231 tc
1016 4180 1086 4231 nobis
1101 4195 1127 4231 v.
1148 4205 1175 4217 -
1193 4179 1262 4231 cobis
1278 4183 1307 4232 G.
1327 4209 1355 4218 —
1376 4187 1400 4233 et
1414 4185 1452 4234 rel
1466 4182 1546 4249 psit]
1563 4186 1603 4236 sic
1620 4185 1678 4237 cod.
1698 4186 1764 4237 Gud.

449 4269 476 4320 ct
491 4270 575 4325 laun..
593 4263 736 4315 Arusianus
747 4260 826 4312 iicss.
846 4259 880 4324 (p.
893 4257 950 4308 2³7.
969 4257 1069 4320 Lindi:
1087 4262 1111 4308 et
1123 4258 1217 4321 popolo
1233 4258 1345 4308 lionwno
1359 4257 1415 4309 reli.
1429 4260 1463 4320 0;
1481 4259 1556 4310 mum
1572 4266 1594 4311 te
1609 4261 1680 4312 nobis
1690 4276 1767 4325 proe-

447 4350 525 4396 tnrem
541 4340 609 4391 coni.
627 4334 773 4388 Buechner.
793 4333 842 4385 sii.
855 4333 967 4384 Fannius
984 4332 1073 4383 eidem
1089 4334 1236 4396 quaestioni
1253 4332 1295 4384 bis
1308 4333 1433 4398 praetuit:
1452 4338 1529 4385 antea
1541 4336 1567 4386 in
1579 4337 1765 4391 communibus

446 4417 533 4471 causis
549 4411 646 4480 populo
663 4412 692 4462 ii.
710 4408 848 4465 satisiccit;
873 4421 942 4458 nunc
959 4408 985 4458 in
1002 4404 1127 4470 singulari
1142 4406 1238 4459 iudicio
1254 4408 1322 4459 tides
1339 4409 1396 4459 eius
1414 4411 1577 4474 exposcitur,
1603 4425 1654 4476 qua
1679 4413 1765 4465 ltoscii

445 4491 610 4546 innocentiae
628 4488 655 4538 et
670 4486 736 4550 reip.
753 4482 946 4549 perturbationi
962 4482 1128 4534 subveniat.»
1153 4485 1213 4534 Gar.
1231 4486 1256 4534 2.
1280 4509 1306 4521 -
1333 4485 1374 4534 it.
1392 4485 1525 4547 impartior
1542 4487 1597 4548 lit,
1616 4486 1632 4537 8
1649 4488 1713 4538 On.
1734 4513 1762 4524 -

444 4570 486 4621 22.
512 4563 652 4630 sopoctotlo
676 4560 816 4618 Gilvac,
842 4563 871 4610 ut
896 4559 950 4610 iore
974 4572 1083 4624 semper
1103 4557 1252 4622 (reportatio
1268 4560 1412 4610 mortalium
1428 4563 1462 4625 a).
1483 4589 1510 4599 -
1534 4563 1575 4613 23.
1593 4563 1675 4629 coia]
1700 4577 1765 4614 cern

445 4643 532 4704 Giit,
550 4656 576 4692 v.
596 4667 624 4678 -
650 4642 674 4688 et
689 4649 775 4686 seona
791 4638 845 4686 Gv.
871 4660 898 4671 -
921 4634 1002 4701 ungo]
1027 4634 1100 4698 ungo
1120 4635 1178 4683 bern
1194 4634 1254 4684 Scb.
1278 4635 1319 4698 (ex
1339 4636 1356 4685 l.
1375 4637 1482 4700 iumen).
1503 4664 1531 4674 -
1548 4638 1590 4687 88.
1608 4637 1691 4700 foetor
1706 4641 1764 4688 sunt

445 4718 618 4777 Giili‘lvc,
643 4713 704 4775 Lag.
723 4709 748 4761 9.
767 4711 806 4760 iii.
825 4711 865 4761 aa.
885 4713 912 4761 et
927 4711 942 4760 5
960 4709 1018 4761 alii:
1041 4710 1124 4773 tactae
1143 4709 1192 4757 sint
1208 4709 1252 4758 aO
1270 4712 1298 4759 et
1313 4709 1375 4761 edd.
1394 4709 1463 4775 vulg.
1483 4737 1512 4749 -
1530 4712 1571 4763 26.
1590 4715 1764 4777 cotidianoque

444 4798 477 4858 G,
495 4797 524 4846 ut
540 4802 656 4855 semper.
676 4813 704 4823 -
723 4785 853 4850 aimanos]
871 4787 909 4837 sic
928 4785 978 4850 (vel
994 4783 1127 4848 dimissffid
1138 4784 1259 4843 Gbin;
1279 4785 1400 4835 &mirari
1416 4786 1474 4836 cod.
1488 4787 1524 4835 St.
1538 4785 1618 4848 Vict.;
1637 4787 1763 4838 amsans

443 4870 547 4930 lonc,
569 4867 669 4927 Πομ,
692 4874 746 4921 ac,
769 4861 878 4910 dimicem
895 4861 953 4910 Par.
973 4860 995 4910 l.
1014 4859 1038 4911 i.
1056 4860 1097 4913 7.;
1123 4859 1221 4909 dmiccc
1244 4859 1323 4920 Scb.;
1349 4873 1381 4910 ex
1398 4862 1457 4924 Lag.
1476 4859 1558 4910 babet
1574 4862 1615 4912 26.
1634 4861 1759 4924 aermon

443 4944 536 5011 reliqui
557 4940 691 5000 diminica,
718 4936 857 4998 monos,
882 4937 1006 4987 domm
1039 4933 1123 4998 Vulgo
1141 4935 1213 4998 (item
1229 4934 1256 4984 iu
1273 4935 1302 4997 0)
1320 4948 1352 4985 ex
1368 4934 1567 5000 interpolatione
1584 4937 1708 5002 Naugerii
1725 4935 1762 4988 le·

443 5023 525 5085 gitur:
543 5023 565 5070 te
577 5019 696 5080 praetore
711 5012 741 5065 de
756 5010 893 5075 mandatis
907 5024 941 5061 m.
960 5023 984 5072 g.
1004 5012 1124 5074 rannone
1139 5010 1207 5060 bord
1221 5010 1347 5061 rnnissirss
1361 5016 1463 5073 nuans
1477 5012 1604 5075 moroan,
1628 5014 1655 5062 at
1672 5024 1760 5076 nequo

443 5100 569 5158 teneque
589 5091 656 5142 baud
675 5091 702 5141 la
723 5086 776 5138 uilo
799 5087 891 5138 codice
908 5087 1043 5137 inventum
1061 5089 1110 5137 est.
1146 5085 1289 5150 iladvigius
1306 5086 1332 5135 in
1350 5085 1392 5136 ed.
1411 5086 1453 5136 iii.
1472 5090 1537 5139 orat.
1556 5084 1613 5138 seii.
1634 5087 1759 5150 (liauuiae

443 5169 525 5232 rste.)
542 5168 611 5218 bane
627 5163 840 5218 emendationem
857 5162 1010 5229 proposuit:
1027 5161 1092 5211 banc
1103 5163 1269 5224 quaestionari
1285 5166 1307 5211 te
1320 5165 1438 5224 praem
1448 5175 1461 5212 s
1470 5162 1607 5225 manifestis
1616 5163 1677 5213 mol.
1690 5167 1757 5226 quot.

440 5244 561 5309 mpsim
577 5242 687 5292 &missal
701 5244 803 5304 speram
817 5239 931 5304 Moram
955 5238 1001 5289 «b.
1020 5250 1044 5289 e.
1064 5235 1224 5301 liberationi,
1242 5235 1427 5302 utaliquando
1444 5250 1476 5289 ex
1492 5238 1533 5289 bis
1550 5237 1625 5290 maiis
1641 5238 1760 5291 dimitta-

441 5333 503 5375 mur
519 5320 547 5371 et
563 5315 737 5371 moliamur.
771 5316 893 5369 Dimirrvt
908 5313 971 5367 alibi
986 5327 1040 5368 nou
1055 5310 1162 5380 legitur,
1183 5314 1234 5366 nisi
1254 5312 1327 5379 quod
1348 5311 1420 5380 apud
1436 5313 1585 5368 charisium
1600 5315 1637 5380 il,
1655 5312 1697 5381 tt,
1714 5313 1756 5365 2³.
