4367 6109
452 594 516 666 396
825 603 868 668 ΙΝ
889 602 1057 667 VERREM
1076 601 1200 668 serlo
1223 602 1407 668 SECUNBA

452 752 565 839 nauem
593 770 644 836 vel
671 790 771 855 usque
802 770 842 833 ad
865 769 1043 847 Oceanum,
1076 772 1103 835 si
1130 773 1388 856 imperassemus,
1420 780 1547 858 sumptu
1568 770 1782 859 periculoque

453 887 512 931 suo
534 874 683 930 armatam
705 870 801 949 atque
823 874 963 929 ornatam
985 869 1108 931 mittere
1130 867 1323 930 debuerunt:
1351 868 1381 930 ei
1403 888 1443 931 ne
1465 867 1499 930 in
1520 867 1600 931 freto
1623 874 1700 930 ante
1723 884 1782 929 sua

453 968 535 1024 tecta
557 966 588 1021 et
610 958 720 1021 domos
742 959 940 1042 navigarent,
963 980 1003 1023 ne
1026 981 1083 1025 sua
1098 961 1223 1025 moenia
1237 969 1412 1045 portusque
1427 961 1652 1036 defenderent,
1673 961 1780 1044 pretio

452 1054 507 1116 abs
530 1060 560 1115 te
582 1052 630 1115 ius
659 1050 797 1116 foederis
819 1059 851 1115 et
879 1053 1001 1138 imperii
1025 1055 1243 1118 condicionem
1265 1055 1477 1119 redemerunt
1520 1050 1571 1117 bl.
1593 1053 1681 1131 Quid
1705 1072 1781 1116 cen-

427 1148 526 1210 tsetis
560 1148 592 1209 in
621 1146 682 1210 boc
707 1146 837 1210 loedere
865 1146 1010 1212 iaciendo
1037 1149 1174 1212 voluisse
1201 1149 1404 1212 Mamertinos
1431 1149 1616 1232 impendere
1646 1147 1779 1222 laboris,

450 1259 585 1324 operae,
606 1242 774 1325 pecuniae,
803 1261 845 1304 ne
868 1241 946 1305 baec
967 1243 1096 1305 biremis
1118 1242 1365 1317 adscriberetur,
1393 1243 1419 1306 si
1441 1242 1474 1305 id
1496 1243 1562 1308 ullo
1584 1242 1679 1306 modo
1702 1260 1781 1324 poa·

449 1342 522 1397 sent
541 1354 561 1397 a
582 1335 699 1398 nostris
721 1335 892 1398 maioribus
914 1336 1103 1420 impetraret
1129 1338 1224 1410 Nam,
1247 1356 1317 1399 eum
1338 1335 1398 1399 boc
1420 1316 1532 1400 mrinus
1553 1335 1781 1419 imponebatur
1835 1333 1840 1341 '

450 1434 513 1491 tam
544 1446 636 1511 grave
666 1428 802 1503 ciuitati,
834 1429 937 1493 inerat
962 1430 1071 1493 nescio
1105 1450 1169 1515 quo
1201 1430 1297 1493 modo
1326 1431 1359 1492 in
1383 1429 1440 1493 illo
1461 1430 1591 1494 loedere
1606 1430 1780 1494 'societatis

451 1521 543 1605 quasi
572 1521 728 1606 quaedam
758 1531 835 1587 nota
857 1523 1030 1587 servitutis.
1074 1522 1168 1600 Quod
1191 1531 1258 1586 tum
1280 1524 1460 1588 recentibus
1483 1525 1549 1588 suis
1571 1521 1706 1599 officiis,
1730 1523 1780 1586 in-
1843 1572 1847 1579 .

413 1622 537 1698 compa
557 1635 608 1689 re,
629 1615 725 1679 nullis
746 1616 859 1700 populi
880 1617 1013 1680 Romani
1033 1614 1272 1681 difficultatibus
1286 1637 1305 1680 a
1321 1619 1494 1683 maioribus
1509 1619 1627 1682 nostris
1642 1616 1778 1682 loedere

449 1711 576 1795 assequi
596 1729 661 1774 non
683 1717 870 1792 potuerunt,
892 1711 924 1774 id
946 1730 1048 1784 nunc,
1071 1711 1160 1774 nullo
1183 1709 1289 1775 officio
1313 1731 1389 1787 suo,
1410 1719 1459 1776 tot
1479 1713 1570 1776 annis
1590 1720 1682 1798 post,
1706 1711 1780 1775 iure

449 1803 573 1888 imperii
595 1805 695 1869 nostri
717 1805 888 1887 quotannis
909 1812 1096 1888 usurpatum
1118 1824 1154 1869 ao
1176 1822 1302 1888 semper
1322 1813 1496 1882 retentum,
1518 1827 1641 1870 summa
1661 1807 1698 1870 in
1714 1806 1780 1870 ‹lir-

448 1897 588 1962 ticultate
610 1899 738 1962 navium
759 1917 778 1961 a
793 1896 828 1960 C.
842 1899 939 1962 Verre
959 1901 1062 1981 pretio
1084 1899 1221 1964 assecuti
1243 1907 1334 1974 sunt,
1357 1918 1394 1963 ac
1412 1920 1478 1964 non
1491 1901 1553 1965 hoc
1568 1901 1673 1966 solnm
1689 1920 1780 1965 asse·

450 1992 530 2067 cuti,
560 2012 601 2056 ne
627 2011 739 2057 navem
768 1992 894 2055 darent:
924 2012 1056 2078 ecquem
1079 2001 1223 2068 nauum,
1254 2013 1387 2076 ecquem
1410 1994 1557 2069 militem,
1585 1996 1641 2079 qui
1661 2002 1720 2058 aut
1740 1995 1779 2058 in

413 2084 550 2149 aaclasse
571 2086 679 2150 autin
701 2086 861 2170 praesidio
885 2095 984 2163 esset,
1012 2095 1043 2150 te
1069 2096 1215 2171 praetore
1234 2106 1291 2172 per
1316 2088 1486 2152 triennium
1512 2087 1692 2152 Mamertini
1718 2088 1780 2153 de·

450 2179 588 2245 derunt?

533 2274 620 2337 XXI.
648 2269 699 2336 52.
728 2274 874 2360 Denique
904 2295 976 2339 eum
1009 2295 1049 2339 ex
1078 2284 1206 2340 senatus
1229 2276 1375 2340 consulto
1396 2277 1536 2361 itemque
1558 2295 1599 2340 ex
1620 2275 1692 2360 lege
1714 2278 1780 2341 Το-

449 2368 551 2432 sentia
571 2374 603 2432 et
624 2367 733 2432 Cassia
753 2368 945 2433 trumentum
967 2370 1177 2454 aequabiliter
1197 2371 1260 2433 emi
1283 2370 1322 2434 ab
1344 2368 1492 2433 omnibns
1514 2369 1640 2433 Siciliae
1662 2369 1780 2437 civita·

448 2460 533 2523 tibus
567 2470 743 2545 oporteret,
775 2463 809 2525 id
841 2484 970 2548 quoque
1003 2485 1118 2528 munus
1152 2464 1221 2528 leve
1254 2472 1350 2550 atquo
1382 2483 1548 2527 commune
1576 2465 1779 2530 Mamertinis

410 2555 606 2620 toremisisti.
620 2590 662 2605 -
682 2558 774 2621 Dices
795 2556 987 2622 trumentum
1003 2559 1207 2622 Mamertinos
1229 2578 1294 2621 non
1309 2558 1434 2621 debere.
1449 2590 1491 2605 -
1509 2557 1580 2634 Quo
1595 2559 1692 2623 modo
1707 2580 1778 2624 non

448 2651 587 2714 deberet
608 2670 666 2726 an,
687 2659 724 2715 ut
744 2670 785 2714 ne
799 2651 994 2716 venderent?
1016 2673 1081 2716 non
1104 2652 1189 2716 enim
1211 2659 1279 2715 erat
1298 2651 1360 2715 boo
1382 2670 1482 2734 genus
1503 2652 1651 2717 frumenti
1675 2673 1717 2718 ex
1732 2674 1777 2719 eo

447 2764 579 2832 genere,
602 2745 688 2830 quod
711 2745 907 2828 exigeretur,
930 2747 986 2810 sed
1008 2767 1049 2810 ex
1072 2766 1126 2821 eo,
1149 2747 1236 2831 quod
1259 2753 1425 2810 emeretur.
1459 2746 1504 2808 Te
1524 2746 1621 2829 igitur
1641 2755 1778 2813 auctora

448 2847 480 2902 et
509 2840 682 2921 interprete
709 2859 750 2902 na
776 2839 847 2903 l'oro
880 2841 1009 2924 quidem
1032 2849 1064 2904 et
1085 2848 1261 2904 commeatu
1284 2839 1462 2903 Mamertini
1484 2840 1593 2904 iuvare
1614 2843 1779 2928 populum

447 2935 621 2997 Romanum
645 2934 830 2998 debuerunt.
867 2933 918 2996 53.
941 2935 1031 3011 Quae
1052 2936 1180 2999 tandem
1203 2935 1315 2997 civitas
1335 2933 1412 3010 l'uit,
1434 2953 1517 3017 quae
1534 2932 1683 2999 debemur
1706 2934 1777 3012 Qui

410 3027 592 3111 atpublicos
614 3047 706 3112 agros
727 3036 833 3103 arant,
856 3035 977 3091 certum
998 3036 1061 3104 est,
1083 3027 1194 3113 quide
1217 3028 1287 3111 lege
1309 3028 1453 3092 censoria
1467 3027 1619 3091 debeant:
1642 3029 1777 3094 ambis

448 3120 621 3207 quidquam
642 3130 805 3205 praeterea
827 3142 868 3185 ex
889 3122 952 3185 alio
975 3142 1088 3206 genere
1110 3122 1330 3206 imperavisti?
1363 3121 1448 3199 Quid
1471 3120 1664 3186 decumani?
1694 3144 1778 3188 num

448 3216 526 3301 quid
548 3223 673 3298 praeter
694 3216 833 3299 singulas
856 3218 1004 3280 decumas
1026 3236 1067 3280 ex
1089 3216 1158 3299 lege
1181 3217 1351 3279 Hieronica
1374 3214 1514 3278 debenti
1541 3215 1669 3279 curbis
1692 3238 1777 3302 quo·

449 3330 511 3395 que
533 3310 687 3384 statuisti,
710 3319 863 3395 quantum
887 3330 927 3374 ex
948 3311 1010 3374 boc
1032 3330 1148 3393 genere
1169 3308 1318 3372 immenti
1341 3309 1438 3392 empti
1454 3309 1588 3372 darenti
1610 3309 1697 3385 Quid
1712 3310 1776 3374 im·

448 3407 581 3466 munes?
603 3404 636 3466 bi
659 3411 742 3467 certe
766 3404 845 3466 nibil
868 3406 992 3468 debent
1014 3406 1055 3467 at
1076 3404 1123 3466 eis
1144 3423 1208 3466 non
1223 3404 1318 3466 modo
1333 3403 1513 3485 imperasti,
1535 3422 1646 3491 uerum
1662 3405 1772 3480 etiam,

410 3511 513 3581 aequo
543 3497 615 3579 plus
641 3498 765 3573 darent,
800 3518 895 3582 quam
917 3505 1078 3581 poterant,
1110 3497 1187 3560 baec
1210 3515 1367 3580 sexagena
1387 3495 1475 3559 milia
1498 3497 1652 3572 modium,
1689 3518 1775 3582 quae

448 3592 642 3655 Mamertinis
664 3593 840 3668 remiseras,
862 3592 1020 3656 addidisti.
1053 3594 1164 3674 Neque
1186 3592 1246 3654 boo
1261 3591 1344 3664 dico,
1365 3591 1478 3654 ceteris
1493 3610 1556 3654 non
1571 3598 1656 3654 recte
1671 3591 1775 3674 impe·

447 3693 566 3749 ratum:
589 3685 645 3749 sed
667 3687 878 3761 Mamertinis,
907 3688 963 3770 qui
985 3692 1074 3749 erant
1095 3687 1127 3747 in
1151 3686 1260 3748 eadem
1283 3703 1378 3747 causa
1399 3691 1431 3746 et
1452 3684 1568 3767 quibus
1590 3687 1774 3770 superiores

448 3797 575 3855 omnes,
597 3781 673 3843 item
694 3787 730 3843 ut
751 3783 880 3855 ceteris,
904 3781 1096 3863 imperarant
1115 3779 1347 3867 pecaniqnque
1369 3797 1410 3841 ex
1431 3785 1559 3842 senatus
1575 3777 1721 3842 consulto
1739 3787 1773 3842 et
1842 3800 1856 3823 ·

449 3874 579 3956 exlege
601 3874 828 3948 dissolverant,
856 3875 906 3937 his
935 3874 1005 3938 dieo
1034 3892 1099 3937 non
1126 3879 1210 3936 recte
1232 3873 1409 3935 remissum.
1451 3873 1492 3935 Et
1512 3880 1548 3935 ut
1569 3873 1631 3937 boe
1652 3869 1774 3936 benefi-

409 3968 548 4055 arcium,
571 3969 725 4053 quemad
747 3969 875 4032 modum
897 3970 1030 4044 dicitur,
1051 3968 1164 4032 trabali
1187 3966 1276 4031 clavo
1298 3963 1424 4050 figeret,
1447 3966 1673 4030 cumconsilio
1696 3986 1774 4030 oau-

330 4310 333 4317 ,
513 4256 538 4307 2.
557 4261 673 4307 matam
689 4262 765 4319 utque
780 4262 907 4307 annnam
924 4256 1001 4320 Late.
1021 4284 1048 4294 -
1068 4258 1100 4320 ei]
1116 4262 1139 4307 et
1156 4256 1206 4313 aa:
1229 4256 1254 4305 lai
1271 4256 1301 4307 0.
1320 4281 1347 4290 -
1366 4259 1424 4304 ante
1439 4265 1493 4304 orn.
1512 4252 1557 4303 113.
1577 4278 1604 4289 -
1623 4251 1648 4304 l.
1664 4255 1774 4318 foederis

447 4331 545 4393 imperii
560 4333 632 4382 cond.
650 4338 761 4382 enumeret
777 4334 855 4397 lagg.
873 4335 981 4398 praeter
996 4333 1037 4383 29.
1063 4358 1090 4367 -
1114 4333 1138 4381 5.
1155 4331 1269 4395 sumendo
1285 4329 1339 4380 ua:
1360 4329 1478 4392 faciundo
1495 4327 1559 4377 dett.
1578 4328 1607 4378 0.
1631 4355 1658 4365 -
1680 4332 1773 4394 tapam

451 4411 508 4460 aare
524 4408 553 4458 a.
574 4434 601 4443 -
620 4409 645 4458 7.
663 4407 828 4471 reponebatur
844 4408 879 4458 lta
891 4405 921 4456 l:
940 4407 1113 4470 imperabatur
1123 4407 1187 4457 dett.
1202 4433 1229 4442 -
1248 4404 1272 4456 8.
1291 4405 1390 4454 merant
1406 4405 1474 4453 ltm.
1486 4415 1541 4454 sec.
1556 4429 1583 4438 -
1600 4405 1730 4456 scrutares
1740 4408 1770 4458 lt.

451 4511 478 4521 -
498 4486 538 4534 lt.
558 4483 660 4545 adsequi
676 4484 710 4545 ll,
729 4483 810 4534 etsie
827 4483 962 4547 deinceps.
982 4510 1009 4520 -
1028 4482 1097 4532 nutlo
1112 4495 1176 4532 nouo
1191 4481 1272 4546 afficte
1288 4479 1352 4529 dett.
1371 4479 1400 4528 0.
1420 4504 1448 4514 -
1466 4483 1501 4527 tot
1512 4479 1639 4528 --nonri
1655 4492 1709 4530 om.
1722 4481 1771 4534 aa.

451 4584 478 4593 -
498 4559 538 4608 tt.
556 4558 696 4619 quodannis
712 4559 740 4607 ll.
760 4584 788 4595 -
811 4564 932 4620 usurpato
949 4571 981 4607 aa
996 4571 1092 4621 semper
1107 4562 1201 4607 retento
1217 4556 1282 4606 dett.
1308 4579 1335 4590 -
1358 4554 1399 4603 t3.
1421 4567 1452 4603 ac
1472 4567 1521 4603 non
1538 4554 1601 4603 RGt
1616 4555 1646 4603 2:
1673 4561 1701 4605 at
1720 4571 1774 4608 non

448 4632 510 4690 ld:
529 4638 557 4683 at
567 4633 661 4696 tugen
679 4633 710 4682 lt
726 4638 783 4683 suut
794 4634 823 4683 0.
842 4634 1040 4683 Distinctionem
1057 4631 1203 4682 verborum
1221 4630 1334 4681 correxit
1345 4627 1487 4691 Madvigius
1499 4640 1524 4692 p.
1537 4629 1594 4679 lto.
1608 4656 1636 4667 -
1649 4631 1689 4680 ti.
1702 4634 1774 4696 cum]

446 4709 544 4758 tumll.
564 4709 651 4758 -21,
670 4720 705 4756 an
720 4712 749 4757 ut
764 4707 803 4772 ne]
821 4721 856 4756 an
872 4712 899 4756 ut
917 4708 999 4765 lth;
1018 4711 1063 4756 aut
1078 4708 1168 4762 uth;
1186 4719 1221 4755 en
1236 4719 1286 4756 non
1303 4703 1349 4755 lsd.
1364 4728 1392 4740 -
1410 4704 1451 4753 22.
1468 4705 1511 4753 sed
1526 4717 1555 4754 eo
1571 4706 1649 4768 naga.
1662 4710 1774 4770 praeter

445 4780 487 4833 ta.
508 4809 535 4820 -
554 4787 681 4832 auctorem
697 4788 720 4832 et
735 4783 893 4845 interpretem
909 4783 954 4833 aa.
979 4809 1006 4818 -
1031 4780 1072 4831 23.
1090 4786 1254 4830 ammentum
1270 4781 1299 4829 ll.
1322 4804 1351 4817 -
1374 4779 1462 4828 iuuare
1482 4792 1541 4841 pop.
1559 4780 1588 4829 lt.
1606 4781 1642 4831 aa
1653 4779 1670 4830 λ
1682 4781 1770 4845 ngas:

444 4870 503 4919 pop.
521 4858 550 4907 ll.
567 4857 657 4907 iuvare
673 4856 738 4907 dett.
757 4857 785 4907 Ο.
806 4884 833 4894 -
851 4859 894 4907 tt.
913 4857 994 4919 slepe
1010 4855 1070 4908 al:
1093 4871 1111 4908 a
1127 4857 1180 4922 tepe
1196 4858 1245 4915 (ἃς
1269 4856 1321 4919 lepe
1337 4855 1386 4914 Gl;
1412 4869 1445 4905 ea
1461 4856 1513 4920 tepe
1529 4855 1593 4906 dett.
1611 4856 1640 4905 0.
1661 4881 1688 4891 -
1708 4857 1774 4909 dare

447 4931 550 4982 adeant
565 4932 643 4996 lagg.
662 4933 769 4995 praeter
784 4932 831 4992 293
857 4933 920 4982 dare
936 4931 1066 4983 inclusum
1083 4932 1167 4983 babet
1182 4932 1211 4982 0.
1232 4957 1258 4966 —
1277 4931 1315 4980 bts
1331 4931 1363 4980 ll:
1387 4930 1418 4980 tia
1433 4931 1462 4981 0.
1483 4958 1510 4967 -
1528 4931 1570 4981 td.
1588 4932 1716 4994 imperasti
1733 4934 1768 4983 Gt

447 5006 525 5070 [⁴8²⁹-
546 5034 572 5041 -
592 5007 632 5056 27.
650 5006 724 5057 birli
741 5007 818 5069 lagg.
839 5007 954 5071 (praeter
969 5006 1022 5068 lb):
1040 5008 1072 5058 iis
1087 5010 1117 5058 0.
1137 5034 1164 5043 -
1182 5006 1224 5056 28.
1243 5006 1303 5068 quid
1319 5005 1354 5054 Ra
1366 5003 1394 5054 l:
1413 5006 1457 5067 qui
1472 5011 1529 5055 ssent
1545 5006 1609 5057 dett.
1623 5007 1652 5057 0.
1673 5034 1700 5043 -
1719 5008 1773 5057 im-

446 5095 521 5133 mune
536 5083 565 5132 ll.
586 5107 614 5119 -
632 5082 674 5132 29.
691 5081 716 5131 ln'
733 5083 764 5133 ll:
786 5083 804 5131 ii
820 5079 877 5132 λΟ.
898 5109 924 5119 -
953 5083 988 5132 eis
1003 5082 1039 5132 aa
1051 5081 1080 5131 l:
1099 5083 1130 5131 tie
1146 5079 1227 5145 Lata,
1246 5080 1281 5140 03
1298 5078 1408 5129 luterell.
1427 5080 1504 5144 lagg.
1524 5106 1553 5119 -
1572 5081 1613 5132 32.
1630 5081 1672 5131 sed
1686 5082 1770 5134 Mam.

449 5157 485 5209 aa
497 5154 525 5206 λε
543 5171 609 5209 esse:
625 5158 704 5207 Mam.
722 5156 787 5207 dett.
806 5157 836 5206 0.
855 5183 882 5193 -
903 5158 943 5208 33.
962 5170 1044 5208 omnes
1061 5156 1097 5206 aa
1109 5155 1191 5222 agra:
1210 5166 1292 5204 omnes
1304 5159 1433 5216 praetores
1450 5154 1514 5206 dett.
1528 5158 1557 5207 0.
1572 5184 1599 5193 -
1617 5157 1773 5220 irrperarent

444 5232 578 5295 pecuniam
595 5232 638 5294 qui
654 5245 687 5283 aa
703 5231 748 5283 113.
768 5259 796 5269 -
814 5231 854 5284 tl.
871 5234 894 5282 is
910 5233 990 5297 L829.
1008 5231 1080 5283 unde
1097 5228 1290 5283 matituendum
1306 5228 1346 5280 iis.
1364 5228 1445 5283 Hau.
1465 5257 1492 5269 -
1511 5231 1552 5283 35.
1569 5231 1635 5297 cam]
1652 5233 1772 5295 promam

448 5308 526 5377 apr.
538 5321 591 5370 m.;
608 5308 729 5364 ammorii
745 5310 766 5360 a
782 5308 807 5360 2.
825 5320 862 5360 m.
880 5310 912 5359 Gt
929 5309 953 5359 2.
