4367 6109
648 561 718 627 nn.
739 560 794 625 nc
824 559 897 625 cn.
918 560 1206 625 xxvi-xxm.
1232 557 1288 644 sp.
1310 554 1457 624 oa-oi.
1648 555 1712 625 257

397 737 560 797 accusatos
582 736 614 795 et
633 738 737 794 vestra
758 736 790 794 et
817 729 1016 813 superiorum
1037 728 1188 793 memoria
1208 729 1294 793 scitis
1316 749 1402 794 esse:
1424 749 1556 813 ecquem
1576 728 1712 806 vidistis,

398 845 529 910 ecquem
551 824 685 888 audistis
706 826 739 889 in
761 824 856 887 tantis
877 823 988 899 furtis,
1009 825 1044 887 in
1065 831 1129 887 mm
1150 823 1267 906 apertis
1284 829 1370 887 unta
1384 822 1532 898 audacia,
1553 830 1640 886 444444
1655 823 1713 886 im·

396 919 550 1003 pudentia
571 939 641 983 esse
662 920 841 984 versatum?
884 916 934 980 65.
956 919 1116 1001 Apronius
1138 919 1305 1000 stipatores
1318 918 1470 981 Venerios
1492 938 1598 981 secum
1617 917 1714 980 bahe-

396 1012 466 1076 hut:
492 1011 628 1076 ducebat
654 1032 708 1075 eos
734 1013 853 1076 circum
875 1010 1035 1075 civitates:
1067 1011 1194 1094 publice
1216 1011 1276 1074 sibi
1297 1012 1443 1075 convivia
1463 1011 1584 1095 parari,
1617 1010 1714 1074 sterni

374 1182 378 1187 ·
398 1105 536 1170 triclinia
558 1113 590 1168 et
611 1106 644 1168 in
665 1106 735 1170 foro
758 1107 854 1170 sterni
875 1106 1020 1169 iubebat:
1043 1125 1080 1169 eo
1095 1104 1200 1168 vocari
1214 1104 1358 1168 homines
1372 1105 1628 1181 honestissimos,
1649 1118 1739 1169 none

396 1198 499 1263 solum
521 1196 662 1274 Siculos,
695 1198 751 1263 sed
780 1200 874 1265 etium
901 1200 1023 1284 equites
1051 1201 1224 1273 Romanos,
1256 1207 1308 1273 ut,
1341 1201 1468 1283 quicum
1494 1201 1599 1263 vivere
1621 1219 1714 1263 nemo

395 1310 546 1376 umquam
568 1293 629 1356 nisi
651 1294 753 1376 turpis
775 1294 983 1379 impurusque
1004 1296 1175 1369 voluisset,
1200 1294 1240 1358 ad
1262 1296 1331 1358 eius
1353 1294 1529 1359 convivium
1552 1295 1717 1377 spectatis-

396 1386 468 1450 simi
498 1394 592 1471 atque
619 1385 832 1451 honestissimi
863 1390 922 1452 viri
952 1397 1142 1453 tenerentur.
1185 1388 1271 1451 Haec
1298 1395 1351 1463 tn,
1375 1389 1515 1451 omnium
1536 1388 1715 1451 mortalium

395 1479 650 1563 profligatissime
672 1501 708 1544 ac
730 1480 956 1565 perditissime,
983 1506 1053 1547 cum
1075 1484 1190 1557 scires,
1219 1502 1290 1545 cum
1311 1482 1437 1546 audires
1459 1482 1615 1565 quotidie,
1644 1501 1715 1544 cnm

395 1571 541 1636 videres:
563 1573 590 1637 si
613 1575 682 1637 sine
704 1582 758 1638 tuo
781 1583 914 1658 quaestu
929 1578 1067 1640 maximo
1081 1577 1210 1651 tierent,
1232 1596 1302 1639 cum
1318 1582 1407 1639 tanto
1422 1582 1476 1638 tuo
1492 1575 1634 1657 periculo
1648 1571 1716 1638 heri
1726 1589 1753 1635 44

397 1674 543 1749 paterere
565 1675 661 1752 atque
684 1668 896 1732 concederes?
929 1671 1063 1734 Tantum
1085 1669 1170 1753 apud
1196 1678 1227 1734 te
1250 1676 1399 1755 quaestus
1421 1669 1567 1751 Apronii,
1595 1676 1716 1732 tantum

398 1761 467 1824 eins
489 1782 593 1826 sermo
615 1763 888 1847 inquinatissimus
910 1771 942 1827 et
970 1765 1142 1829 blanditiae
1163 1765 1338 1848 flagitiosae
1359 1764 1539 1836 valuerunt,
1568 1769 1603 1825 ut
1627 1781 1719 1824 num·

397 1873 494 1938 quam
527 1857 666 1920 animum
700 1865 787 1920 tuum
816 1878 892 1922 cura
922 1858 1119 1922 fortunarum
1150 1867 1275 1923 tuarum
1308 1857 1523 1942 cogitatioque
1550 1855 1718 1938 tangeret?

397 1946 449 2011 66.
474 1949 626 2026 Cernitis,
648 1952 785 2026 indices,
808 1953 894 2036 quod
916 1961 947 2016 et
968 1961 1120 2037 quantum
1142 1952 1323 2017 incendium
1339 1951 1584 2014 decumanorum
1599 1949 1719 2030 impetu

396 2062 462 2106 non
485 2043 587 2107 solum
609 2065 667 2127 per
687 2065 797 2128 agros,
820 2045 876 2109 sed
899 2046 992 2110 etiam
1013 2067 1071 2129 per
1091 2046 1231 2130 reliquas
1253 2046 1395 2109 fortunas
1418 2049 1592 2115 aratorum,
1615 2059 1757 2125 nequest

397 2135 502 2199 solum
530 2157 588 2221 per
617 2137 717 2212 bona,
747 2139 803 2202 sed
826 2140 919 2202 etiam
940 2141 1087 2223 periura
1109 2140 1260 2203 libertatis
1282 2148 1314 2203 et
1335 2137 1470 2202 civitatis
1490 2138 1552 2200 isto
1574 2141 1719 2217 praetore

396 2233 580 2311 pervaserit.
617 2231 738 2295 Videtis
759 2232 898 2316 pendere
919 2234 998 2297 alios
1020 2254 1061 2297 ex
1081 2233 1210 2308 arbore,
1232 2233 1352 2317 pulsari
1374 2239 1479 2295 autem
1500 2230 1581 2293 alios
1604 2236 1635 2292 et
1648 2248 1720 2293 ver·

396 2320 517 2399 6444444
539 2344 634 2407 porro
656 2325 736 2389 alios
757 2326 790 2389 in
811 2325 938 2409 publico
961 2327 1129 2402 custodiri,
1155 2327 1282 2390 destitui
1304 2326 1384 2390 alios
1404 2326 1438 2389 in
1460 2323 1622 2397 convivio,
1645 2342 1720 2385 con·

397 2416 539 2481 demnari
559 2418 639 2482 alios
661 2437 680 2481 a
699 2419 821 2483 medico
845 2427 876 2483 et
897 2439 1053 2504 praecone
1075 2421 1239 2503 praetoris,
1261 2421 1345 2483 bona
1359 2427 1464 2483 tamen
1479 2419 1600 2480 interea
1620 2417 1719 2481 nihilo

397 2509 501 2573 minus
523 2530 632 2574 eorum
653 2513 793 2576 omnium
816 2533 856 2575 ex
877 2515 959 2596 agris
981 2514 1098 2577 auferri
1119 2533 1155 2577 ac
1178 2512 1284 2597 diripi.
1327 2505 1483 2588 Quid'est
1502 2511 1587 2576 hoci
1608 2510 1757 2594 populito

397 2603 529 2666 Romani
550 2605 741 2688 imperium?
763 2606 873 2688 populi
894 2607 1027 2670 Romani
1048 2607 1158 2690 leges?
1180 2607 1317 2672 indicia?
1339 2605 1417 2669 socii
1437 2605 1570 2669 fideiesi
1591 2605 1720 2688 provin·

398 2695 448 2758 cia
469 2697 669 2761 suburbana?
702 2701 814 2763 Nonne
836 2701 941 2763 omnia
962 2701 1068 2785 potius
1091 2701 1159 2765 eius
1182 2701 1283 2774 modi,
1306 2719 1407 2784 quae,
1430 2700 1457 2762 si
1472 2699 1608 2763 Athenio
1629 2700 1721 2762 vicis·

399 2797 463 2865 set,
485 2792 518 2855 in
542 2791 649 2855 Sicilia
668 2812 732 2855 non
754 2793 903 2857 fecisset?
936 2796 1021 2868 Non,
1050 2797 1197 2878 inquam,
1219 2794 1354 2869 iudices,
1376 2801 1461 2858 esset
1480 2793 1577 2856 ullam
1598 2799 1719 2875 partem

397 2882 488 2946 istius
508 2885 670 2968 nequitiae
691 2886 896 2970 fugitivorum
918 2889 1086 2952 insolentia
1108 2895 1287 2951 consecuta.

482 2976 611 3040 xxvss.
633 2980 779 3044 Privatim
800 2979 861 3044 hoc
883 2982 994 3045 modo:
1018 2982 1119 3066 quidi
1141 2983 1267 3065 publice
1290 2983 1432 3045 civitates
1454 2986 1603 3044 4444444444
1625 2996 1756 3063 memte

398 3070 438 3133 ad
460 3070 587 3134 modum
610 3076 705 3136 sunt?
730 3073 869 3137 Audistis
891 3075 1055 3158 permulta,
1078 3074 1213 3150 iudices,
1235 3076 1414 3139 testimonia
1436 3074 1596 3138 civitatum
1618 3080 1650 3134 et
1670 3091 1720 3135 re·

398 3165 557 3249 liquatum
579 3167 725 3230 audietis.
768 3164 819 3230 67.
841 3170 886 3232 Ac
908 3169 1043 3252 primum
1058 3170 1098 3232 de
1112 3171 1300 3254 Agyrinensi
1322 3168 1442 3254 populo
1457 3165 1543 3230 fideli
1558 3174 1589 3230 et
1605 3164 1721 3230 illustri

396 3257 535 3323 hreviter
565 3261 755 3344 cognoscite.
796 3262 1002 3346 Agyrinensis
1031 3270 1079 3326 est
1105 3265 1138 3327 in
1159 3263 1268 3347 primis
1295 3263 1428 3326 honesta
1450 3260 1559 3324 civitas
1583 3259 1719 3336 Siciliae,

396 3351 561 3416 hominum
582 3362 655 3418 ante
668 3354 752 3417 hunc
767 3363 945 3438 praetorem
959 3356 1165 3440 locupletium
1181 3375 1438 3440 summorumque
1452 3361 1620 3418 aratorum.
1641 3353 1719 3416 Eius

397 3447 465 3530 agri
486 3447 634 3512 decumas
657 3468 728 3512 cum
750 3450 878 3513 emisset
898 3450 982 3514 idem
1001 3450 1178 3534 Apronius,
1198 3451 1348 3535 Agyrium
1370 3450 1467 3513 venit
1503 3447 1565 3524 Qui
1586 3467 1658 3511 cnm
1679 3464 1755 3512 coeo

462 3691 488 3741 4.
506 3704 605 3754 ecquem
621 3695 682 3744 ants
700 3694 804 3743 audistis
820 3706 873 3744 om.
887 3693 964 3758 Lgli.
984 3691 1087 3757 [tollitur
1104 3690 1258 3757 lampius]
1277 3719 1305 3728 -
1324 3690 1368 3757 [444]
1386 3696 1457 3742 ioum
1473 3691 1584 3742 4444644444
1594 3692 1623 3742 6.
1642 3691 1719 3742 Proe-

396 3765 574 3831 positionem,
593 3779 661 3832 quae
679 3771 764 3819 exstet
780 3769 806 3819 in
824 3768 914 3828 codd,
931 3771 1005 3819 recte
1022 3769 1160 3819 schiitzius
1177 3766 1281 3819 delevit.
1300 3767 1339 3818 ct.
1352 3767 1377 3831 S.
1391 3767 1448 3818 466.
1465 3768 1559 3818 erlem
1574 3770 1659 3817 4444444
1674 3778 1720 3815 oss·

396 3841 497 3904 44444444,
523 3847 609 3893 tcum
632 3844 806 3907 impudentiae.
831 3843 855 3907 g.
875 3842 931 3894 463.
949 3844 1186 3907 impudentissimum
1206 3842 1312 3906 4444444444.
1332 3869 1360 3880 -
1384 3842 1411 3892 in
1433 3847 1506 3892 teuto
1521 3840 1674 3905 impudentia
1689 3839 1717 3890 1³.

398 3914 484 3977 [Nieh.
502 3928 610 3982 quoque
627 3918 821 3971 montetenso
838 3918 951 3981 addidit,
977 3919 1025 3970 sed
1042 3918 1113 3971 nullo
1130 3917 1228 3969 codicis
1245 3921 1291 3969 aut
1309 3917 1431 3969 editionis
1447 3931 1559 3970 numero
1576 3916 1717 3980 adscripto,

398 4001 452 4054 qna
473 4003 504 4042 44
525 3992 686 4056 significasse
708 3993 813 4045 uidetur
835 4007 850 4043 4
868 3995 974 4058 Lagom.
992 3992 1184 4045 adlectionem
1199 3992 1227 4042 444
1242 3997 1316 4043 moto
1332 3990 1430 4044 nubam
1446 3993 1603 4043 varietatem
1620 3991 1721 4042 exscri-

397 4065 473 4128 pum
490 4064 571 4130 esse]
591 4093 618 4103 -
637 4066 660 4117 3.
679 4080 728 4118 erse
742 4072 868 4118 4444444444
885 4079 939 4119 om.
951 4067 1029 4132 Lgit.
1044 4095 1072 4105 -
1090 4069 1115 4118 6.
1133 4071 1157 4118 44
1171 4067 1198 4118 in
1212 4068 1269 4132 {oro
1284 4068 1361 4119 4444444
1377 4065 1445 4133 Lgli
1457 4069 1491 4119 F:
1510 4072 1533 4120 st
1548 4070 1628 4132 atque
1644 4065 1721 4116 444444

399 4150 453 4191 om.
471 4138 537 4191 dett.
554 4143 662 4206 praeter
677 4142 782 4206 64649,
800 4142 925 4208 aquibus
940 4157 1024 4195 unum
1041 4149 1064 4195 et
1079 4142 1164 4194 abest.
1179 4169 1207 4180 -
1226 4158 1254 4196 eo
1264 4143 1359 4210 444444]
1376 4144 1475 4195 euocari
1491 4141 1569 4196 codd.
1583 4140 1718 4207 plerique;

398 4211 503 4279 vulgate
515 4218 557 4267 est
567 4229 582 4267 a
593 4217 717 4269 Victorio.
737 4217 844 4283 [liabent
861 4232 889 4271 eo
898 4219 986 4270 oocors'
1001 4218 1069 4284 Lgli
1082 4220 1110 4270 et
1119 4218 1155 4284 6.]
1169 4243 1196 4255 -
1216 4219 1241 4269 6.
1259 4220 1358 4282 quium
1372 4217 1440 4282 Lgli
1451 4220 1521 4280 Νφι
1540 4228 1646 4280 procem
1660 4211 1719 4264 rell.

399 4286 438 4339 ct.
457 4301 507 4341 nos
523 4289 558 4340 ad
575 4303 614 4342 or.
626 4305 654 4357 p.
667 4293 779 4344 Caecina
797 4307 823 4358 p.
837 4292 884 4344 446
895 4307 936 4358 sq.
950 4319 979 4331 -
996 4295 1079 4344 4444444
1093 4292 1163 4357 Lgit
1174 4308 1214 4354 φι
1232 4294 1297 4343 inire
1311 4293 1451 4343 4444444444
1467 4293 1498 4353 Ν,
1516 4288 1573 4342 rell.
1586 4291 1616 4341 6.
1631 4316 1658 4325 -
1677 4288 1718 4339 46.

397 4368 503 4426 4444144444
517 4379 589 4417 mox.
601 4365 630 4418 l:
649 4379 720 4417 mox.
734 4371 812 4430 poti.
826 4369 887 4419 0.-
900 4373 943 4418 tuo
957 4368 1067 4432 periodo
1078 4366 1162 4432 ugit:
1177 4381 1233 4432 per.
1245 4373 1288 4418 4444
1299 4369 1344 4418 444.
1357 4368 1419 4418 0.-
1438 4368 1478 4417 44.
1492 4367 1605 4429 4444444444]
1616 4366 1649 4415 lit
1664 4368 1721 4414 tou·

398 4441 451 4487 444444
462 4437 510 4489 dtt.
523 4441 585 4491 0.-
603 4442 644 4492 44.
657 4443 825 4506 iniquissimus
836 4443 946 4508 Lg29.-
965 4444 1005 4495 43.
1024 4449 1095 4494 imon
1110 4443 1223 4493 4444444444
1233 4443 1300 4494 Non.
1313 4456 1340 4507 p.
1352 4440 1400 4492 468
1417 4441 1506 4506 ibique
1518 4443 1598 4493 44444.
1613 4465 1642 4478 -
1659 4439 1719 4502 [ort.

397 4516 502 4564 tuorum
517 4513 603 4579 lgli:
630 4521 733 4568 4444444444
753 4519 813 4583 {ort
832 4521 877 4570 cit.
895 4519 961 4570 Non.
980 4516 997 4568 l.
1017 4533 1041 4569 4.
1059 4519 1088 4569 0.
1118 4544 1145 4554 -
1173 4520 1213 4569 46.
1233 4531 1311 4581 uepres
1327 4515 1475 4581 LgltAo:
1499 4530 1549 4566 44444
1565 4512 1622 4565 rell.
1641 4513 1670 4563 0.
1691 4538 1719 4547 -

398 4587 439 4638 tl:
458 4593 542 4640 44444444
558 4591 621 4642 ullos
637 4591 722 4656 ugit:
748 4594 811 4644 olios
833 4598 916 4644 44444444
933 4594 1010 4657 Lagg.
1029 4592 1084 4645 rell.
1103 4595 1153 4645 AB
1164 4594 1201 4653 C;
1227 4594 1290 4644 ulios
1305 4598 1350 4643 out
1366 4592 1441 4643 etiam
1458 4593 1549 4642 Franc.
1571 4614 1599 4625 -
1617 4587 1658 4637 46.
1676 4586 1722 4636 ltoc

394 4666 484 4726 pretm
498 4663 631 4727 4444444444
647 4666 724 4731 Lgih.
736 4694 764 4705 —
783 4669 824 4718 44.
840 4669 914 4719 sotios
929 4668 1011 4733 fideles
1021 4667 1089 4732 Lgta
1108 4667 1151 4733 [de
1163 4681 1216 4734 quo
1227 4668 1298 4734 apud
1310 4670 1337 4718 Z.
1350 4665 1490 4731 erratum];
1507 4663 1585 4729 4444444
1595 4660 1663 4725 cgae
1672 4661 1721 4712 AB

398 4748 452 4787 om.
465 4738 534 4790 44444.
549 4767 577 4777 -
590 4740 631 4791 44.
650 4742 768 4792 eiusmodi
785 4741 870 4805 ugia:
888 4742 1007 4793 4444444464
1023 4749 1080 4794 suut
1090 4747 1136 4794 cit.
1150 4745 1179 4795 0.
1194 4770 1222 4780 -
1239 4744 1373 4794 ,4444444444
1388 4755 1437 4792 rea
1451 4740 1614 4805 [4444444444
1628 4736 1724 4786 eiciam

399 4810 486 4876 igin
505 4812 620 4877 glossm
633 4817 670 4883 [4]
688 4831 736 4868 reu
750 4818 823 4880 sugit.
842 4814 924 4867 hahet
940 4818 1019 4869 etiam
1035 4819 1066 4869 N.
1086 4844 1114 4853 -
1132 4817 1174 4870 44.
1192 4823 1322 4868 4444444444
1332 4816 1458 4881 --otrpis
1473 4820 1496 4865 44
1512 4814 1537 4878 5.
1550 4813 1591 4864 id.
1609 4825 1634 4862 4.
1647 4812 1721 4863 43.-

399 4885 483 4938 bahet
492 4888 556 4939 V.-
568 4890 609 4941 46.
622 4897 748 4943 trociotoe
758 4893 898 4956 4444444444.
910 4892 933 4943 V
944 4895 972 4943 et
983 4891 1012 4945 l:
1026 4892 1232 4955 444446444644444
1242 4897 1316 4943 troci.
1330 4889 1386 4943 rell.
1400 4891 1462 4941 0.-
1474 4889 1516 4939 46.
1528 4887 1577 4937 sint
1587 4886 1635 4937 AB
1645 4885 1723 4950 ugia.

402 4988 430 4998 -
440 4965 625 5026 pameliorum
641 4968 710 5018 coni.
728 4966 853 5017 lamb.-
866 4967 958 5017 44464444
967 4967 1029 5018 AV:
1046 4967 1141 5017 4444444444
1150 4967 1219 5031 ngas
1231 4966 1272 5029 44,
1285 4965 1340 5028 446;
1357 4967 1452 5017 iudicio
1462 4970 1486 5015 et
1497 4961 1575 5015 codd.
1588 4960 1723 5026 plerique;

400 5038 496 5090 indicto
511 5044 535 5091 44
549 5039 592 5093 alit
608 5045 636 5093 et
646 5044 675 5094 6.
686 5069 714 5080 -
732 5044 773 5093 44.
791 5042 891 5092 inlustri
908 5039 975 5106 (syll.
986 5041 1014 5091 444
1025 5053 1105 5107 supra
1116 5043 1232 5105 versum)
1244 5041 1275 5092 V.
1290 5065 1318 5077 -
1329 5041 1371 5092 48.
1388 5045 1424 5092 est
1434 5051 1488 5089 om.
1501 5036 1611 5100 44444.-
1624 5035 1726 5086 satus

400 5114 469 5165 44444.
482 5115 670 5182 44444449.-
683 5118 724 5169 49.
735 5122 798 5181 pret.
811 5117 958 5181 louepletum
965 5116 997 5167 V.
1010 5116 1048 5167 ct.
1059 5116 1145 5180 Reisig
1158 5116 1248 5167 Verisa.
1258 5129 1285 5180 p.
1295 5115 1336 5167 64.
1346 5117 1401 5166 not.
1412 5115 1484 5166 84-
1495 5110 1725 5176 mmmmbgli

401 5186 476 5239 l8.-
494 5187 535 5240 36.
548 5192 597 5256 Qut
606 5193 760 5255 --4444444441
773 5193 816 5255 qui
826 5205 883 5242 444444
894 5204 985 5254 oppos.
998 5203 1026 5241 oo
1037 5199 1061 5241 44
1070 5203 1127 5240 444444
1140 5193 1146 5250 Ι
1159 5191 1379 5256 oputnlweuleset
1390 5188 1474 5254 (deest
1483 5188 1509 5238 oi
1520 5188 1547 5238 in
1559 5185 1611 5237 flue
1622 5185 1725 5250 versus)

402 5262 437 5325 Vi
450 5264 561 5326 44444444
572 5264 930 5333 44444444.444444444444444444444
939 5266 1177 5332 camesensis
1188 5266 1289 5320 etitem
1300 5261 1580 5332 instestinis..
1592 5259 1727 5328 nisiqnod

446 5354 620 5410 lismoi.st
1470 5353 1513 5422 47
