4367 6109
458 558 520 626 730
869 560 1021 625 onusto
1042 560 1121 626 PRO
1143 561 1179 625 L.
1200 563 1367 629 MURENA

457 751 656 816 comparares
677 730 822 813 deposita
842 738 936 815 atque
961 731 1083 795 abiecta
1104 733 1277 815 petitione?
1324 729 1375 794 49.
1404 732 1531 796 litenim
1559 741 1590 797 te
1619 734 1786 818 inquirere

457 827 620 901 videbant,
642 825 763 888 tristem
785 826 905 907 ipsum,
928 835 1063 889 maestes
1085 827 1219 902 amicos;
1247 826 1500 902 observationes,
1529 827 1786 902 testificationes,

456 921 656 985 seductiones
683 919 829 994 testium,
857 920 1067 982 secessionem
1094 919 1340 1003 subscriptorum
1370 921 1680 995 animadvertebant,
1711 919 1785 1004 qui·

456 1014 515 1077 bus
535 1013 629 1076 rebus
650 1020 734 1075 certe
755 1012 817 1095 ipsi
831 1011 855 1092 i
870 1011 1108 1076 candidatorum
1123 1013 1228 1077 vultus
1250 1013 1413 1078 obscurior
1430 1015 1460 1078 ei
1475 1016 1576 1080 videri
1598 1015 1701 1080 solet:
1726 1014 1785 1077 Ca·

432 1109 576 1171 atitinam
598 1108 716 1170 interea
736 1107 871 1170 alacrem
893 1113 989 1190 atque
1011 1107 1142 1180 laetrrm,
1171 1107 1320 1190 stipatum
1342 1109 1440 1172 cbore
1463 1109 1652 1184 iuventutis,
1683 1108 1784 1172 valla·

457 1210 521 1264 tum
549 1200 706 1264 indicibus
735 1208 830 1283 atque
858 1201 992 1273 sicariis,
1019 1200 1160 1262 inflatum
1189 1220 1260 1262 cum
1289 1221 1345 1282 spe
1375 1203 1509 1266 militum
1539 1212 1606 1266 tum
1637 1202 1782 1284 collegae

455 1294 534 1368 mei,
555 1314 650 1377 quem
666 1293 705 1356 ad
721 1294 849 1372 modum
865 1293 989 1356 dicebat
1002 1295 1085 1377 ipse,
1108 1293 1287 1377 promissis,
1309 1296 1576 1360 circumfluentem
1591 1297 1782 1360 colonorum

453 1388 670 1451 Arretinorum
696 1394 728 1450 et
758 1387 1004 1451 Faesulanorum
1031 1388 1186 1461 exercitu,
1222 1407 1317 1470 quam
1347 1387 1469 1450 turbam
1499 1388 1712 1451 dissimillimo
1741 1406 1782 1448 ex

455 1499 570 1562 genere
585 1480 819 1563 distinguebant
832 1481 977 1545 bomines
992 1480 1129 1565 perculsi
1145 1479 1266 1543 Sullani
1281 1482 1431 1563 temporis
1446 1482 1633 1545 calamitate.
1662 1481 1781 1544 Vultus

417 1583 522 1636 tuerat
542 1574 641 1656 ipsius
663 1575 777 1656 plenus
798 1574 930 1649 furoris,
959 1577 1042 1639 oculi
1070 1573 1215 1647 sceleris,
1241 1593 1344 1637 sermo
1373 1577 1588 1656 arrogantiae,
1620 1575 1666 1639 sic
1690 1582 1729 1637 ut
1751 1577 1780 1637 ei

453 1666 515 1727 iam
538 1666 718 1749 exploratus
747 1676 778 1731 et
799 1668 885 1732 domi
913 1669 1057 1733 conditus
1084 1665 1265 1731 consulatus
1295 1666 1463 1730 videretur.
1506 1670 1670 1732 Murenam
1703 1688 1780 1731 con·

449 1760 627 1836 lemnebat3
658 1761 831 1845 Sulpicium
854 1771 1065 1825 accusatorem
1087 1782 1180 1825 suum
1202 1762 1403 1835 numerabat,
1431 1781 1495 1825 non
1518 1761 1779 1844 competitorem

454 1854 483 1916 ei
504 1855 566 1916 vim
588 1853 809 1929 denuntiabat,
836 1858 883 1919 rei
908 1855 1053 1938 publicae
1080 1854 1266 1918 minabatur.
1316 1855 1415 1917 XXV.
1445 1853 1496 1917 50.
1525 1853 1651 1930 Quibus
1680 1854 1780 1918 rebus

454 1947 508 2030 qui
530 1946 624 2010 timor
644 1947 735 2010 bonis
757 1949 903 2012 omnibus
925 1950 1060 2014 iniectus
1083 1949 1123 2012 sit
1145 1953 1326 2031 quarumque
1348 1948 1527 2031 desperatio
1548 1947 1595 2010 rei
1618 1948 1779 2031 publicae,

415 2041 479 2103 atsi
500 2039 553 2103 ille
575 2039 675 2103 factus
697 2049 797 2116 esset,
818 2042 917 2106 nolite
939 2063 958 2105 a
979 2064 1029 2106 me
1051 2042 1243 2107 commoneri
1265 2041 1362 2103 velle:
1387 2048 1510 2103 vosmet
1529 2041 1590 2124 ipsi
1612 2042 1777 2105 vobiscum

452 2134 670 2199 recordamini.
713 2136 898 2200 Meministis
920 2136 1018 2209 enim,
1052 2157 1124 2198 cum
1146 2138 1231 2201 illius
1252 2138 1364 2201 nefarii
1386 2139 1566 2221 gladiatoris
1588 2159 1684 2204 voces
1706 2160 1778 2224 per·

453 2228 679 2304 crebruissent,
702 2249 780 2312 quas
801 2230 952 2292 babuisse
973 2231 1006 2292 in
1029 2230 1178 2294 contione
1200 2230 1373 2294 domestica
1394 2231 1573 2305 dicebatur,
1594 2254 1666 2296 cum
1681 2236 1778 2298 mise·

452 2343 558 2386 rorum
579 2319 703 2385 fidelem
727 2321 923 2385 defensorem
946 2330 1093 2404 negasset
1113 2323 1248 2386 inveniri
1270 2343 1380 2408 posse,
1409 2325 1471 2388 nisi
1501 2346 1593 2400 eum,
1621 2328 1678 2409 qui
1706 2329 1776 2410 ipse

453 2417 549 2480 miser
576 2423 674 2479 esset:
705 2417 896 2498 integrorum
918 2425 949 2478 et
976 2415 1205 2480 fortunatorum
1232 2419 1395 2500 promissis
1422 2419 1548 2482 saucios
1578 2428 1611 2482 et
1640 2423 1776 2485 miseros

415 2509 581 2573 accredere
602 2529 667 2572 non
689 2517 848 2593 oportere:
881 2528 979 2592 quare
1002 2511 1056 2593 qui
1084 2516 1270 2592 consumpta
1290 2509 1428 2592 replere,
1458 2519 1565 2594 erepta
1584 2534 1775 2597 recuperare

452 2603 583 2677 vellent,
613 2608 791 2685 spectarent
819 2601 894 2687 quid
923 2602 991 2684 ipse
1014 2601 1159 2677 deberet,
1187 2604 1262 2685 quid
1293 2604 1486 2685 possideret:
1519 2606 1596 2688 quid
1627 2608 1774 2672 auderet:

452 2698 579 2760 minime
608 2696 752 2759 timidum
783 2705 815 2760 et
839 2695 930 2759 valde
961 2697 1178 2759 calamitosum
1208 2715 1277 2758 esse
1307 2706 1454 2778 oportere
1485 2719 1571 2775 eum,
1602 2702 1658 2783 qui
1688 2712 1775 2765 esset

451 2790 576 2854 futurus
598 2791 664 2853 dux
685 2797 717 2851 et
738 2789 868 2871 signifer
890 2790 1159 2852 calamitosorum:
1182 2785 1232 2850 bl.
1256 2798 1321 2852 tum
1336 2792 1448 2873 igitur,
1469 2793 1521 2856 bis
1536 2794 1631 2857 rebus
1645 2794 1774 2869 auditis,

451 2885 636 2948 meministis
656 2883 727 2946 fieri
748 2891 875 2946 senatus
898 2884 1075 2947 consultum
1097 2881 1251 2946 referente
1274 2903 1339 2958 me,
1361 2904 1402 2945 ne
1423 2893 1550 2966 postero
1573 2888 1625 2952 die
1646 2891 1774 2953 comitia

412 2978 657 3051 mbaberentur‚
680 2986 716 3041 ut
737 2978 777 3040 de
798 2977 848 3040 bis
870 2977 963 3041 rebus
984 2978 1017 3039 in
1040 2983 1153 3039 senatu
1175 2995 1267 3058 agere
1289 2997 1463 3058 possemus.
1492 2981 1603 3064 ltaque
1617 2982 1773 3064 postridie

449 3072 607 3156 frequenti
630 3079 741 3135 senatu
764 3070 930 3134 Catilinam
954 3071 1106 3143 excitavi,
1136 3077 1231 3151 atque
1261 3090 1331 3133 eum
1360 3070 1400 3134 de
1428 3073 1468 3134 iis
1495 3075 1589 3137 rebus
1618 3076 1716 3148 iussi,
1745 3077 1772 3139 si

449 3165 528 3248 quid
550 3163 663 3239 vellet,
685 3182 766 3248 quae
788 3164 828 3226 ad
850 3185 901 3227 me
922 3165 1035 3228 allatae
1058 3170 1181 3237 essent,
1203 3163 1317 3227 dicere.
1360 3167 1464 3249 Atque
1486 3167 1559 3243 ille,
1590 3177 1627 3232 ut
1646 3189 1773 3254 semper

448 3259 508 3323 fuit
529 3259 760 3342 apertissimus,
783 3278 846 3321 non
869 3279 904 3321 se
918 3258 1078 3340 purgavit,
1102 3257 1157 3320 sed
1172 3256 1322 3320 indicavit
1337 3269 1432 3342 atque
1447 3261 1560 3324 induit
1589 3265 1671 3326 Tum
1687 3265 1771 3327 enim

449 3352 530 3416 dixit
550 3352 613 3414 duo
636 3372 766 3436 corpora
787 3371 856 3415 esse
878 3353 924 3415 rei
946 3352 1100 3434 publicae,
1122 3372 1219 3413 unum
1243 3350 1345 3415 debile
1362 3351 1486 3416 infirme
1502 3355 1614 3438 capite,
1637 3356 1771 3418 alterum

412 3448 573 3510 aatirmum
603 3446 671 3509 sine
700 3447 820 3530 capitet
848 3445 940 3520 huic,
969 3447 995 3509 si
1022 3447 1066 3509 ita
1095 3445 1135 3508 de
1163 3465 1196 3508 se
1225 3445 1371 3509 meritum
1394 3456 1494 3521 esset,
1522 3456 1618 3532 caput
1640 3470 1675 3513 se
1698 3451 1770 3513 vivo

513 3626 537 3674 t.
555 3635 688 3685 comparas
705 3621 796 3673 Lamb.
814 3635 887 3687 susp.
909 3651 935 3659 -
959 3628 982 3674 te
995 3636 1043 3685 pro
1059 3622 1100 3672 tite
1116 3621 1243 3683 inquirere
1259 3626 1328 3671 testes
1342 3623 1457 3674 effluant
1473 3639 1498 3674 v.
1520 3652 1546 3661 -
1571 3625 1595 3676 3.
1615 3640 1722 3677 secessio
1738 3628 1767 3686 T,

446 3700 678 3750 secessionum·
698 3697 723 3749 4.
740 3699 823 3748 uultus
839 3713 869 3746 v:
889 3712 942 3749 om.
957 3700 1048 3758 EGM,
1067 3698 1157 3747 donn.
1170 3722 1197 3731 -
1216 3697 1343 3748 obscurior
1359 3700 1381 3748 ei
1396 3701 1476 3751 uideri
1492 3702 1551 3752 sciet
1567 3702 1769 3766 secusne

448 3774 504 3836 (sed
517 3777 538 3824 G
548 3775 645 3833 uidere,
664 3789 683 3833 χ
702 3774 798 3837 seland:
817 3774 970 3825 obscuriores
984 3775 1063 3824 uideri
1078 3773 1153 3822 saleru
1166 3774 1190 3823 44
1200 3774 1232 3830 Τ;
1249 3773 1331 3821 vuitus
1341 3773 1492 3825 obscuriores
1501 3776 1581 3826 videi
1597 3777 1675 3827 solent
1686 3791 1702 3826 v
1713 3780 1730 3828 4
1739 3779 1769 3828 0.

446 3851 480 3899 At
501 3849 570 3899 hanc
589 3848 720 3912 vulgatam
741 3847 882 3899 lectionem
905 3849 1010 3900 foedam
1032 3845 1259 3911 interpolationem
1288 3860 1347 3897 csse
1371 3849 1553 3914 comprobavit
1573 3851 1720 3915 Madvigius
1744 3853 1769 3902 in

448 3924 544 3988 Opusc.
558 3925 588 3973 ll.
607 3937 633 3988 p.
646 3923 703 3974 373.
722 3922 835 3974 Klotztus
852 3925 957 3989 scripsit
973 3927 999 3974 in
1011 3922 1053 3974 ed.
1067 3921 1164 3972 altera:
1182 3921 1270 3984 quibus
1285 3922 1358 3972 rebau
1373 3937 1422 3975 esse
1437 3925 1485 3987 ipsi
1495 3926 1631 3975 renudato
1642 3927 1771 3977 obscurior

446 4009 500 4059 spes
515 3998 593 4047 uideri
609 3998 676 4049 scien
702 3998 756 4061 Ego
774 4001 888 4048 tentavi:
907 3999 995 4061 quibrts
1010 3999 1082 4049 rebus
1097 4002 1162 4047 certa
1176 3997 1224 4059 ipsi
1240 3999 1373 4049 candidato
1388 4001 1512 4051 rationem
1526 4002 1709 4065 suptupionun
1725 4002 1770 4051 ob·

446 4072 582 4122 merens
599 4071 679 4122 uideri
700 4072 784 4134 liquet.
807 4099 833 4108 —
861 4075 885 4122 s.
909 4075 1027 4138 amum]
1051 4085 1134 4130 eutem
1158 4084 1187 4131 G.
1210 4105 1236 4114 -
1264 4080 1288 4129 6.
1306 4075 1427 4126 indicibsu
1442 4076 1542 4126 EGll:
1568 4075 1693 4125 iudicibus
1708 4076 1767 4137 Tv,

446 4146 583 4196 eudaubur
598 4148 626 4197 4.
647 4173 673 4181 -
700 4159 757 4195 cum
772 4149 839 4198 mei:
864 4162 919 4199 eum
936 4165 969 4210 χ,
992 4157 1045 4202 turn
1062 4155 1165 4204 Schutz.
1185 4156 1212 4204 et
1227 4153 1317 4205 Matth.
1338 4178 1365 4187 -
1388 4156 1440 4199 tun
1457 4152 1516 4200 Gv:
1544 4164 1598 4202 om.
1616 4152 1641 4202 44
1659 4164 1696 4201 m.
1715 4165 1767 4215 pn,

447 4222 595 4285 EGSTur.
621 4249 647 4257 —
674 4222 698 4271 7.
717 4222 776 4284 ipsis
791 4230 827 4286 ψ.
856 4251 883 4260 -
911 4225 935 4275 8.
959 4227 1155 4280 Faesulanorum
1179 4232 1214 4279 G:
1242 4228 1419 4279 Fesulanorun
1439 4226 1556 4276 EilOv.
1581 4253 1608 4263 -
1630 4227 1768 4276 uerutum

447 4298 501 4348 444
509 4312 537 4357 χ.
561 4324 587 4333 -
610 4297 634 4346 9.
654 4297 763 4359 percastu
782 4298 898 4358 ECLv,
924 4302 981 4351 Per.
1005 4303 1029 4362 7,
1048 4305 1154 4355 franc:
1177 4303 1289 4366 pumen
1308 4301 1373 4360 GM,
1391 4299 1406 4349 3
1423 4300 1507 4360 Pars,
1530 4300 1587 4351 rell.
1605 4299 1685 4350 codd.
1704 4303 1766 4351 noti.

446 4372 520 4422 Conl.
539 4370 650 4423 Ellendt.
668 4372 703 4422 ad
723 4373 773 4422 Cic.
792 4375 822 4422 de
841 4380 906 4424 erat
923 4375 980 4426 Vol.
999 4379 1029 4428 11.
1048 4392 1074 4443 p.
1093 4378 1150 4429 344.
1176 4404 1202 4413 -
1232 4379 1272 4428 44].
1296 4381 1351 4426 erat
1371 4375 1418 4438 ipsi
1434 4389 1468 4435 χ,
1489 4376 1568 4437 ipsius
1591 4381 1647 4426 erat
1663 4374 1717 4425 Ev.
1739 4402 1765 4411 -

445 4447 531 4496 oculus
546 4447 662 4496 ECHS.
688 4472 716 4482 -
740 4461 819 4500 sermo
836 4463 890 4500 om.
909 4451 941 4502 bl.
968 4480 994 4488 -
1018 4455 1195 4517 arrogantiam
1211 4454 1245 4503 bl.
1266 4479 1293 4487 -
1311 4458 1340 4502 ut
1355 4452 1474 4509 diurnis.
1495 4478 1521 4487 -
1541 4452 1581 4501 tt.
1600 4450 1768 4512 sapieniam

446 4534 471 4571 v.
494 4548 521 4556 -
547 4523 587 4571 42.
605 4523 753 4572 munerabat
770 4527 829 4585 Gv,
848 4526 1009 4576 enunerebet
1025 4529 1054 4578 E.
1079 4555 1107 4564 —
1130 4527 1169 4579 44.
1188 4527 1272 4592 inter]
1289 4527 1332 4576 tibi
1348 4528 1378 4576 G.
1398 4552 1426 4562 -
1447 4527 1486 4574 ss.
1504 4539 1548 4575 eos
1562 4525 1688 4575 uobism
1703 4530 1767 4574 met-

364 4645 369 4654 ,
444 4597 491 4659 ipsi
507 4610 533 4646 v.
559 4623 585 4632 -
610 4597 649 4646 46.
664 4597 873 4658 percrebruissent
889 4601 981 4651 Frenc.
1000 4605 1027 4652 et
1044 4603 1076 4652 L:
1091 4601 1286 4665 percrebuissent
1302 4603 1368 4661 mei,
1385 4600 1529 4650 custo.
1549 4626 1575 4635 -
1596 4601 1636 4649 ta.
1655 4599 1767 4649 condere

445 4673 537 4721 Etlv:
563 4671 679 4722 cendone
695 4673 724 4722 0.
745 4699 767 4708 -
798 4674 925 4725 dicebatur
940 4690 993 4727 om.
1013 4680 1041 4728 G.
1062 4705 1089 4714 -
1112 4677 1153 4727 20.
1171 4678 1238 4726 credi
1255 4691 1283 4736 χ.
1304 4702 1330 4711 -
1356 4675 1398 4736 qui
1414 4678 1514 4735 sumpta
1530 4674 1559 4723 E.
1579 4701 1607 4710 -
1625 4675 1767 4736 resipuere

444 4747 508 4797 blC.
532 4772 559 4782 -
584 4746 626 4796 24.
645 4747 705 4809 quid
723 4748 772 4810 ipsi
791 4748 887 4800 debeat
907 4753 943 4810 G,
966 4765 1018 4802 om.
1043 4755 1101 4803 Par.
1120 4752 1144 4804 4.
1167 4778 1195 4789 -
1217 4752 1259 4802 22.
1282 4751 1416 4800 timendus
1439 4763 1484 4808 xv
1501 4752 1529 4799 et
1543 4749 1564 4799 E
1580 4762 1618 4800 m.
1635 4761 1677 4813 pr.
1697 4774 1724 4783 —
1743 4754 1766 4797 et

445 4833 498 4871 om.
517 4823 547 4871 G.
576 4849 603 4857 -
629 4821 670 4873 23.
691 4823 901 4876 calcuniwsonni.
926 4829 988 4878 Tum
1003 4828 1065 4879 edd.
1082 4829 1326 4893 interpunctionem
1344 4827 1460 4877 correxit
1478 4824 1547 4875 Frid.
1567 4825 1626 4875 Car.
1643 4821 1765 4874 Woltfius

444 4895 471 4945 in
486 4895 702 4960 interpretatione
719 4901 889 4961 Germanica,
907 4903 984 4952 cuius
1000 4915 1025 4952 v.
1044 4902 1134 4952 adnot.
1152 4916 1179 4967 p.
1194 4902 1250 4952 434.
1266 4929 1293 4939 -
1306 4905 1359 4951 tum
1374 4900 1421 4949 biis
1436 4914 1496 4964 erpo
1512 4900 1559 4949 biis
1573 4899 1646 4949 rebus
1661 4897 1766 4948 winus

444 4972 474 5020 G.
486 4971 555 5021 -iis
571 4971 691 5024 4.-24.
706 4980 808 5037 postera
824 4989 858 5036 χ,
873 4981 998 5038 postremo
1014 4978 1042 5028 F..
1058 5004 1084 5012 -
1096 4978 1138 5028 25.
1155 4978 1203 5027 biis
1219 4978 1247 5027 E.
1262 5003 1289 5012 -
1301 4975 1374 5025 rebius
1389 4988 1442 5025 cm.
1461 4978 1491 5024 G.
1506 5002 1532 5012 -
1546 4976 1765 5038 apere--reutv

443 5058 497 5096 om.
517 5046 545 5096 E.
571 5071 598 5081 —
620 5049 766 5111 disportari
782 5051 811 5100 G.
836 5074 865 5086 -
892 5051 933 5102 26.
957 5053 986 5101 de
1001 5053 1033 5102 iis
1048 5053 1080 5102 E:
1104 5052 1135 5102 de
1150 5052 1188 5102 bis
1208 5053 1353 5103 aunon.
1378 5077 1406 5087 -
1428 5052 1469 5102 24.
1488 5063 1553 5111 quae
1568 5063 1586 5099 a
1601 5063 1641 5099 nse
1657 5049 1714 5106 lix.
1734 5073 1761 5082 -

443 5119 484 5171 28.
502 5121 544 5170 sed
558 5121 678 5172 indicauit
694 5136 747 5174 om.
766 5124 795 5175 E.
815 5126 937 5176 —induit
952 5127 1048 5178 EGbl:
1066 5128 1149 5178 innuit
1164 5142 1193 5189 v,
1211 5128 1335 5178 inuninuit
1350 5127 1378 5176 Τ.
1393 5152 1420 5161 -
1433 5127 1474 5175 29.
1492 5127 1565 5190 giunta
1581 5138 1638 5187 cap.
1655 5122 1763 5174 lianutii

444 5206 517 5258 susp.
532 5220 560 5229 —
578 5195 622 5246 alt.
639 5199 741 5261 {tnnun
756 5199 808 5251 sine
823 5214 879 5263 cap.
898 5214 952 5252 om.
970 5203 1000 5252 G.
1015 5228 1042 5240 -
1055 5203 1101 5253 att.
1118 5204 1246 5268 nuruum
1256 5217 1283 5254 v.
1297 5229 1325 5241 -
1336 5201 1377 5252 34.
1395 5203 1417 5250 si
1434 5203 1518 5263 EGv,
1535 5200 1626 5250 tion.
1639 5202 1667 5249 et
1683 5198 1760 5260 lagg.

446 5281 550 5322 omnes:
568 5283 625 5322 nen
641 5274 731 5327 4440.
747 5301 776 5313 -
794 5276 831 5328 ita
847 5277 873 5330 u
889 5287 926 5328 m.
944 5288 1000 5328 sec.
1018 5289 1078 5342 sup.
1096 5275 1141 5328 lin.
