4367 6109
467 564 528 633 lli
837 571 880 635 IN
901 570 940 648 Q.
963 568 1181 639 cancnmu
1202 571 1413 639 numano

464 738 561 825 plecti
584 747 616 804 et
637 738 779 802 oratione
800 758 987 824 expromere
1009 748 1041 805 et
1061 762 1140 806 voce
1161 763 1199 806 ao
1220 743 1340 808 vinbns
1362 743 1529 808 sustinere.
1567 741 1618 807 so.
1641 744 1787 809 Fortasse

465 834 567 896 dices:
599 834 705 910 Quid?
733 854 808 917 ergo
829 834 909 898 baec
931 837 964 898 in
987 843 1017 899 te
1040 845 1116 901 sunt
1138 841 1266 903 omnia?
1288 872 1330 886 -
1361 840 1487 902 Utinam
1510 840 1640 923 quidem
1662 840 1786 902 essent!

462 945 571 990 verum
587 934 693 990 tamen
713 935 750 991 ut
771 949 840 992 esse
861 938 1009 1012 possent,
1031 951 1146 1015 magno
1169 933 1274 997 studio
1297 933 1373 995 mibi
1389 953 1409 997 a
1424 934 1561 1018 pueritia
1582 939 1631 996 est
1644 931 1788 995 elabora·

462 1028 539 1084 tum.
578 1021 672 1097 Quod
704 1023 732 1085 si
761 1042 820 1106 ego
848 1025 927 1089 haec
956 1033 1088 1108 propter
1108 1027 1358 1110 magnitudinem
1383 1047 1488 1089 rerum
1510 1046 1547 1089 ac
1569 1024 1785 1090 difficultatem

437 1116 588 1200 eassequi
610 1136 677 1180 non
697 1119 804 1200 potui,
828 1119 882 1203 qui
905 1120 938 1181 in
961 1121 1048 1183 omni
1069 1121 1135 1183 vita
1156 1121 1235 1183 nihil
1258 1121 1344 1184 aliud
1366 1122 1437 1202 egi:
1464 1141 1560 1205 quam
1581 1121 1677 1204 longe
1698 1129 1734 1185 tu
1755 1128 1786 1183 te

462 1210 501 1273 ab
521 1209 572 1273 his
594 1211 688 1275 rebus
711 1212 822 1276 abesse
844 1213 1012 1290 arbitrare,
1035 1234 1115 1299 quas
1137 1233 1203 1276 non
1222 1215 1317 1277 modo
1332 1222 1425 1277 antea
1439 1234 1614 1299 numquam
1629 1215 1787 1299 cogitasti,

461 1304 517 1368 sed
539 1325 579 1368 ne
600 1326 685 1370 nunc
707 1307 854 1390 quidem,
884 1329 956 1371 cum
979 1310 1012 1372 in
1035 1329 1088 1373 eas
1112 1308 1303 1391 ingrederis,
1331 1329 1413 1391 quae
1436 1317 1468 1373 et
1489 1316 1627 1392 quantae
1649 1310 1714 1373 sint
1735 1332 1788 1374 su·

460 1399 576 1482 spicari
606 1404 721 1483 potest
764 1402 849 1464 XIII.
872 1399 923 1465 ll.
944 1404 1030 1487 Ego,
1060 1405 1132 1489 qui,
1163 1403 1247 1465 sicut
1263 1422 1383 1465 omnes
1405 1404 1527 1477 sciunt,
1555 1404 1589 1465 in
1610 1403 1682 1466 loro
1704 1404 1788 1468 iudi·

461 1492 584 1576 ciisque
606 1495 650 1559 ita
670 1516 794 1570 verser,
817 1503 853 1559 ut
873 1498 1016 1561 eiusdem
1038 1499 1151 1562 aetatis
1173 1504 1229 1560 aut
1251 1516 1344 1560 nemo
1367 1503 1423 1559 aut
1441 1497 1536 1580 pauci
1551 1497 1659 1580 plures
1675 1517 1787 1562 causas

423 1600 451 1650 to
461 1586 675 1666 defenderint3
698 1593 800 1676 etqui
817 1613 910 1657 omne
925 1601 1065 1677 tempus,
1089 1595 1177 1677 quod
1191 1593 1270 1655 mihi
1287 1592 1326 1655 ab
1342 1593 1517 1656 amicorum
1531 1593 1668 1675 negotiis
1684 1593 1786 1668 datur,

460 1683 493 1746 ln
514 1683 564 1745 his
587 1685 701 1747 studiis
722 1684 949 1772 laboribusque
972 1708 1174 1760 consumam,
1197 1707 1262 1770 quo
1285 1688 1426 1771 paratior
1448 1687 1488 1750 ad
1511 1707 1605 1749 usum
1626 1686 1786 1751 forensem

459 1779 700 1864 promptiorque
727 1800 798 1843 esse
826 1783 968 1864 possim:
998 1789 1118 1856 tamen,
1146 1782 1190 1845 ita
1213 1781 1290 1844 mihi
1312 1783 1390 1844 deos
1411 1781 1508 1845 velim
1529 1782 1703 1865 propitios,
1734 1790 1785 1857 ut,

459 1892 531 1934 cum
554 1872 640 1935 illius
661 1875 813 1956 temporis
836 1875 913 1938 mihi
934 1877 1022 1939 venit
1043 1877 1076 1938 in
1099 1884 1257 1950 mentem,
1281 1896 1346 1959 quo
1369 1876 1421 1938 die
1439 1877 1536 1938 citato
1557 1895 1612 1938 reo
1636 1876 1713 1939 mihi
1736 1877 1785 1939 di·

459 1966 595 2029 cendum
617 1968 672 2042 sit,
694 1988 759 2031 non
782 1970 886 2033 solum
909 1990 1112 2034 commoveor
1133 1971 1256 2044 animo,
1279 1969 1336 2032 sed
1359 1970 1453 2032 etiam
1476 1975 1544 2032 toto
1560 1989 1695 2052 corpore
1713 1990 1785 2054 per·

423 2061 618 2123 echonomo.
654 2058 705 2123 la.
727 2064 793 2126 lam
815 2084 900 2127 nunc
922 2073 1026 2127 mente
1042 2073 1073 2128 et
1088 2064 1281 2147 cogitatione
1296 2063 1475 2146 prospicio,
1500 2083 1583 2147 quae
1598 2072 1665 2128 tum
1680 2065 1786 2128 studia

458 2154 638 2230 hominum,
662 2157 718 2240 qui
740 2178 913 2221 concursus
928 2159 1028 2221 futuri
1043 2160 1123 2234 sint,
1148 2164 1298 2241 quantam
1313 2157 1583 2240 exspectationem
1599 2158 1784 2241 magnitudo

459 2249 568 2312 iudicii
591 2251 632 2312 sit
653 2250 802 2325 allatura,
831 2260 983 2336 quantam
1005 2252 1187 2316 auditorum
1209 2251 1446 2315 multitudinem
1468 2251 1598 2315 infamia
1621 2253 1655 2315 C.
1677 2253 1785 2315 Verris

459 2344 672 2418 concitatum,
695 2353 848 2430 quantam
870 2347 1010 2430 denique
1025 2347 1220 2410 audientiam
1236 2346 1373 2409 orationi
1390 2365 1478 2408 meae
1497 2346 1683 2429 improbitas
1697 2345 1785 2410 illius

457 2435 579 2501 factura
600 2439 650 2501 sit.
691 2439 782 2514 Quae
805 2460 876 2502 cum
900 2443 1020 2523 cogito,
1043 2442 1106 2505 iam
1127 2462 1212 2504 nunc
1228 2442 1342 2516 timeo,
1365 2441 1518 2524 quidnam
1534 2460 1593 2522 pro
1608 2441 1785 2503 offensione

419 2532 639 2608 sobominum,
663 2534 718 2618 qui
741 2532 788 2595 llli
811 2535 932 2597 inimici
955 2535 1138 2618 infensique
1161 2544 1250 2608 sunt,
1273 2541 1306 2598 et
1327 2535 1566 2617 exspectatione
1589 2536 1733 2598 omnium
1755 2541 1786 2598 et

458 2627 676 2708 magnitudine
698 2649 804 2690 rerum
826 2628 957 2712 dIgnum
981 2629 1090 2712 eloqui
1113 2631 1243 2711 possim.
1275 2625 1325 2690 43.
1349 2631 1397 2691 Tu
1419 2630 1535 2692 horum
1555 2628 1637 2692 nihil
1659 2630 1785 2703 metuis,

457 2720 537 2782 nibil
560 2723 699 2804 cogitas,
731 2724 812 2786 nibil
834 2724 979 2787 laboras:
1013 2723 1142 2806 siquid
1169 2743 1209 2786 ex
1230 2730 1337 2785 vetere
1358 2723 1468 2807 aliqua
1489 2723 1650 2798 oratione,
1683 2723 1786 2787 lovers

458 2834 520 2878 noo
548 2835 694 2881 carrucas
721 2838 886 2892 usxrnvu,
919 2825 974 2881 aut
1002 2837 1146 2891 vassen,
1176 2837 1204 2880 ss
1232 2837 1317 2880 nrnnr
1338 2837 1523 2892 norvssssr,
1556 2834 1697 2891 rvnscns,
1732 2824 1786 2880 aut

457 2908 580 2993 aliquid
610 2913 766 2977 eiusmodi
799 2915 940 2976 ediscere
969 2914 1130 2997 potueris,
1164 2912 1326 2996 praeclare
1347 2921 1379 2976 te
1407 2918 1552 2996 paratum
1573 2911 1608 2974 in
1629 2911 1784 2975 indicium

420 3013 629 3070 eventurum
651 3009 833 3072 arbitraris?
986 3087 987 3090 Ἴ

542 3097 593 3164 ll.
616 3102 661 3165 Ac
684 3104 711 3166 si
732 3103 788 3165 tibi
811 3123 904 3165 nemo
922 3121 1134 3184 responsurus
1150 3109 1248 3178 esset,
1271 3110 1376 3165 tamen
1391 3102 1493 3185 ipsam
1508 3122 1652 3177 oausam,
1674 3106 1713 3164 ut
1725 3120 1784 3185 ego

459 3195 610 3272 arbitror,
637 3198 852 3261 demonstrare
880 3218 945 3261 non
972 3217 1104 3279 posses:
1132 3217 1217 3259 nunc
1239 3217 1280 3259 ne
1303 3197 1383 3259 illud
1406 3197 1537 3280 quidem
1559 3198 1697 3281 cogitas,
1726 3198 1785 3261 tibi

459 3309 531 3351 cum
552 3289 682 3355 bomine
705 3292 913 3355 disertissimo
936 3300 969 3356 et
989 3292 1216 3355 addicendum
1237 3291 1438 3374 paratissimo
1460 3290 1602 3355 futurum
1624 3312 1695 3356 esse
1717 3312 1785 3356 cer·

458 3391 580 3457 umen,
602 3388 732 3470 quicum
753 3387 849 3451 modo
872 3388 1107 3460 disserendum,
1130 3386 1225 3448 modo
1248 3386 1334 3448 omni
1349 3386 1472 3448 ratione
1494 3387 1701 3469 pugnandum
1718 3406 1784 3450 cer-

420 3481 653 3564 ³0tandumque
676 3483 735 3544 sit:
758 3484 849 3544 cuius
872 3501 930 3564 ego
949 3481 1113 3563 ingenium
1134 3480 1178 3542 ita
1200 3479 1312 3553 laudo,
1335 3485 1371 3541 ut
1394 3500 1458 3543 non
1479 3481 1717 3562 pertimescam
1740 3482 1785 3544 ita

458 3575 576 3658 probo,
599 3584 635 3639 ut
656 3596 706 3639 me
728 3577 768 3640 ab
791 3596 829 3640 eo
852 3577 1002 3640 delectari
1024 3574 1150 3637 facilius
1174 3593 1269 3659 quarn
1292 3572 1396 3655 decipi
1418 3581 1528 3655 putem
1549 3592 1655 3656 posse.
1699 3575 1783 3637 XIV.

457 3671 637 3754 Numquam
660 3670 715 3734 ille
736 3692 787 3736 me
810 3672 967 3754 opprimet
989 3670 1141 3745 consilio,
1171 3688 1346 3751 numquam
1369 3668 1435 3730 ullo
1458 3663 1591 3730 artificio
1613 3676 1783 3750 pervertet,

458 3782 632 3846 numquam
661 3763 790 3846 ingenio
819 3785 869 3829 me
891 3784 950 3828 suo
973 3763 1162 3826 labefactare
1184 3771 1280 3845 atque
1303 3759 1461 3824 inlirmare
1484 3761 1660 3824 conabitur.
1702 3763 1784 3826 Nori

458 3878 567 3920 omnes
595 3857 733 3923 hominis
761 3859 933 3942 petitiones
953 3857 1160 3940 ratIonesque
1182 3855 1327 3929 dicendi3
1358 3874 1453 3938 saepe
1483 3854 1518 3916 in
1539 3855 1658 3931 isdem,
1687 3877 1782 3940 saepe

420 3951 491 4014 uin
513 3953 679 4014 contrariis
702 3953 805 4017 causis
826 3953 941 4018 versati
964 3971 1083 4014 sumus.
1118 3953 1166 4013 lta
1187 3957 1296 4013 contra
1318 3969 1368 4012 me
1390 3950 1444 4011 ille
1459 3949 1559 4024 dicet,
1582 3952 1727 4035 quamvis
1743 3953 1784 4016 sit

458 4045 660 4127 ingeniosus,
683 4054 719 4109 ut
740 4046 930 4109 nonnullum
952 4047 1047 4109 etiam
1070 4046 1109 4107 de
1131 4064 1190 4107 suo
1206 4044 1334 4127 ingenio
1349 4043 1503 4107 iudicium
1517 4041 1585 4107 fieri
1601 4045 1782 4109 arbitretur.

458 4137 509 4201 45.
533 4141 577 4201 Te
598 4158 691 4214 vero,
722 4140 854 4215 Caecili,
885 4139 1153 4223 quemadmodum
1179 4139 1220 4200 sit
1242 4137 1404 4212 elusurus,
1431 4159 1529 4222 quam
1550 4140 1636 4202 omni
1659 4140 1783 4203 ratione

458 4233 646 4310 iactaturus,
669 4234 776 4297 videre
798 4235 860 4297 iam
882 4234 1010 4310 videor3
1034 4234 1162 4318 quoties
1185 4232 1240 4294 ille
1262 4231 1320 4293 tibi
1343 4239 1531 4314 potestatem
1553 4234 1782 4320 optionemque

522 4465 546 4515 t.
565 4478 711 4527 expromere
727 4465 792 4515 631]
802 4463 979 4529 gngttlt:
998 4478 1122 4528 seponere
1133 4464 1212 4514 doto
1229 4461 1306 4528 prob.
1319 4463 1389 4512 Bake
1402 4461 1488 4514 schol.
1505 4465 1636 4530 Hypomn.
1651 4465 1670 4514 l.
1688 4477 1716 4529 p.
1728 4465 1781 4526 88.;

456 4544 596 4606 apstinere
607 4541 674 4590 coni.
688 4539 772 4590 Ilalm.
786 4539 1000 4605 probabiIIter.-
1014 4539 1150 4589 matribus
1161 4540 1193 4589 Gt
1206 4539 1313 4600 fugae:
1328 4543 1351 4587 et
1361 4539 1410 4587 vir.
1424 4539 1460 4587 62
1470 4537 1517 4588 dtt.
1529 4540 1558 4589 0.
1578 4539 1616 4589 Cl.
1630 4541 1733 4606 Zumpt.
1748 4540 1782 4591 ad

455 4619 486 4668 V.
507 4618 530 4682 S.
550 4617 589 4666 39.
611 4642 639 4652 -
663 4617 687 4665 2.
707 4617 771 4677 Quid
786 4616 866 4681 ergo?
888 4617 948 4666 boec
964 4617 1067 4679 Zumpt.
1087 4616 1115 4664 et
1130 4613 1169 4664 Kl.
1190 4641 1217 4648 -
1240 4613 1265 4663 8.
1283 4613 1310 4662 in
1326 4613 1471 4674 iudiciisque
1488 4615 1549 4677 ng.
1568 4617 1676 4679 praeter
1691 4616 1733 4668 le.
1753 4643 1781 4655 -

456 4695 480 4743 9.
498 4705 585 4742 uereor
601 4690 692 4740 Glbd.
709 4717 736 4726 -
755 4691 795 4740 lo.
814 4704 884 4741 omae
900 4692 947 4742 ret.
965 4696 1059 4752 tempas
1075 4691 1199 4739 Victoria.
1217 4702 1243 4753 p.
1264 4689 1303 4738 ⁴9.
1324 4715 1352 4724 -
1374 4689 1413 4738 lt.
1431 4689 1492 4738 miti
1508 4691 1564 4738 deos
1581 4691 1613 4740 Gt
1626 4691 1782 4755 lbbgttl

457 4769 537 4820 Prisc.
556 4768 586 4817 11.
611 4780 637 4831 p.
656 4763 732 4815 iit:
759 4766 815 4816 deos
838 4767 899 4816 mibi
921 4768 950 4817 0.
987 4767 1025 4817 Cl.
1045 4767 1075 4816 V.
1103 4766 1126 4829 S.
1146 4765 1186 4815 37.
1213 4764 1297 4815 Hand.
1320 4766 1394 4814 Turs.
1414 4766 1455 4815 lll.
1477 4779 1504 4829 p.
1523 4765 1580 4816 tal.
1602 4793 1628 4804 -
1653 4767 1693 4819 ts.
1716 4768 1784 4818 tillus

456 4851 529 4907 temp.
547 4842 607 4892 mibi
625 4842 656 4891 Gt
669 4838 709 4890 tl
721 4839 753 4891 al.
772 4843 852 4893 Prisc.
866 4844 896 4892 11.
916 4856 942 4906 p.
956 4842 996 4893 85.
1014 4842 1072 4892 852.
1091 4842 1149 4892 265.
1168 4842 1234 4891 Don.
1254 4840 1288 4890 ad
1305 4841 1363 4889 Ter.
1382 4838 1492 4904 Adelph.
1512 4842 1537 4903 5,
1550 4839 1574 4903 l,
1588 4840 1636 4893 ll:
1663 4843 1731 4893 wisse
1746 4858 1780 4894 m.

457 4925 531 4982 temp.
550 4918 617 4982 agae
635 4917 715 4967 Prisc.
735 4918 765 4966 ll.
786 4930 812 4981 p.
826 4916 901 4976 2l9.;
920 4918 980 4967 mibi
995 4917 1062 4967 illiso
1078 4918 1127 4967 diet
1142 4919 1164 4967 Α
1182 4917 1235 4979 (qui
1252 4913 1302 4965 alia
1319 4928 1426 4979 quoque
1443 4916 1470 4966 h.
1489 4914 1505 4965 l.
1525 4918 1643 4980 mutavit)
1661 4918 1740 4982 Lgtl.
1753 4947 1780 4956 -

456 4994 496 5043 dis
512 5006 564 5043 om.
584 4992 631 5042 Ld.
653 5019 677 5030 -
705 4990 745 5042 tl.
764 4997 814 5042 toto
831 5005 884 5043 om.
902 5006 945 5057 ap.
964 4993 1043 5043 Prisc.
1061 4993 1092 5042 ll.
1112 5006 1138 5056 p.
1160 4992 1201 5042 85.
1219 4989 1276 5041 ele.
1294 4991 1321 5040 in
1338 4989 1438 5054 aliquot
1454 4990 1532 5042 codd.
1554 5020 1581 5029 -
1603 4993 1643 5044 tl.
1663 4994 1689 5045 c.
1710 4996 1781 5046 Vm.

456 5070 564 5134 infamio
581 5068 628 5118 dtt.
648 5069 677 5118 0.
698 5094 726 5103 —
750 5069 790 5118 le.
808 5069 839 5117 sit
858 5081 911 5119 om.
933 5069 979 5119 dtt.
998 5070 1026 5118 0.
1044 5094 1071 5102 —
1090 5068 1131 5117 80.
1152 5067 1333 5129 eespectottooe
1348 5067 1473 5116 homiaem
1490 5069 1543 5125 G2;
1568 5080 1637 5130 susp.
1655 5069 1783 5120 hominm

456 5148 496 5195 oet
511 5145 621 5195 omnium
638 5145 682 5194 Gt.
698 5171 725 5179 -
744 5145 784 5194 22.
803 5145 824 5193 si
842 5144 908 5194 631)
927 5146 986 5207 ng.
1000 5154 1110 5193 omnes:
1129 5147 1151 5190 et
1167 5141 1189 5188 si
1205 5140 1253 5192 dtt.
1267 5143 1296 5192 0.
1311 5168 1339 5175 —
1357 5142 1397 5191 87.
1416 5155 1461 5191 aec
1477 5142 1539 5191 illud
1549 5142 1626 5205 agee.
1642 5170 1671 5180 -
1689 5144 1730 5195 3t.
1743 5159 1782 5196 ose

459 5217 678 5281 οω.68881)ς,
699 5249 726 5257 —
753 5219 1057 5279 assumendorum
1082 5215 1131 5266 sed
1154 5216 1180 5264 in
1198 5217 1229 5266 Gt
1251 5217 1725 5282 secessionemque-wasagum.
1752 5246 1779 5258 -

459 5293 499 5346 33.
518 5307 562 5344 mo
576 5307 616 5347 me
632 5295 678 5347 Gt.
699 5322 726 5332 -
745 5296 785 5350 38.
804 5295 915 5359 sunteas
931 5293 991 5344 642
1009 5297 1036 5344 et
1052 5293 1091 5344 sic
1107 5304 1224 5359 semper.
