4367 6109
775 595 920 660 nnn.
948 594 1168 661 cnr-m.
1193 593 1377 680 sps-s.
1675 600 1737 669 aas

415 783 508 838 num,
530 762 670 846 denique
691 763 770 827 nibil
792 764 902 840 istum,
925 767 1012 850 quod
1034 766 1074 830 ad
1096 767 1206 832 oculos
1225 768 1428 853 animumque
1443 770 1609 848 acciderit,
1630 793 1735 858 neque

415 858 528 942 privati
550 877 655 941 neque
676 859 794 940 publici
816 879 922 943 neque
943 860 1065 942 profani
1088 882 1195 945 neque
1210 863 1290 925 sacri
1305 869 1372 926 tota
1386 863 1419 925 in
1435 864 1545 928 Sicilia
1558 866 1735 950 reliquisse.

499 949 529 1013 3.
552 952 641 1015 Unde
663 951 760 1034 igitur
781 953 887 1036 potius
910 954 1057 1037 incipiam
1080 976 1174 1038 quam
1196 957 1235 1020 eb
1257 976 1295 1020 ea
1317 957 1459 1031 civitate,
1489 979 1571 1042 quae
1592 961 1649 1023 tibi
1671 981 1737 1026 una

415 1048 449 1110 in
477 1064 583 1109 amore
611 1053 707 1129 atque
735 1046 769 1108 in
797 1047 919 1110 deliciis
947 1047 1029 1110 fuit?
1061 1057 1115 1112 aut
1139 1070 1187 1118 ,ex
1210 1070 1273 1132 quc
1295 1051 1403 1132 potius
1424 1072 1555 1118 numero
1578 1076 1673 1139 quam
1695 1077 1736 1119 ex

416 1140 494 1224 ipsis
515 1138 731 1203 laudatoribus
753 1141 835 1203 tuis‘l
858 1141 993 1204 Facilius
1015 1143 1100 1204 enim
1122 1143 1348 1225 perspicietur,
1373 1145 1477 1228 qualis
1497 1147 1583 1229 apud
1598 1168 1653 1212 eos
1667 1148 1761 1213 fue-e

415 1236 475 1308 ris,
504 1234 613 1317 quite
635 1232 786 1309 oderunt,
816 1235 871 1316 qui
900 1243 1067 1309 accusant,
1097 1237 1151 1318 qui
1183 1245 1433 1319 persequuntur,
1463 1258 1535 1301 cum
1557 1241 1642 1323 apud
1663 1249 1736 1305 tuos

414 1327 619 1392 Mamertinos
640 1327 803 1392 inveniare
826 1328 1060 1412 improbissima
1080 1331 1204 1393 ratione
1220 1350 1288 1393 esse
1311 1331 1488 1413 praedatus.
1524 1333 1563 1395 11.
1589 1333 1622 1395 C.
1636 1333 1736 1398 Heius

415 1429 464 1486 est
477 1421 682 1486 Mamertinus
696 1453 738 1468 -
753 1441 863 1486 omnes
876 1422 938 1487 hoc
954 1424 1032 1486 mihi
1048 1425 1105 1508 qui
1119 1426 1299 1487 Messanam
1314 1435 1530 1501 accesserunt,
1551 1426 1645 1490 facile
1661 1446 1737 1490 con·

415 1516 586 1579 cedunt-
600 1517 746 1581 omnibus
767 1518 862 1581 rebus
883 1518 940 1581 illa
961 1520 994 1581 in
1017 1519 1143 1582 civitate
1166 1518 1395 1581 ornatissimus.
1428 1520 1531 1583 Huius
1553 1521 1666 1584 domus
1688 1527 1737 1584 est

415 1611 465 1675 vel
488 1609 606 1693 optim
626 1612 807 1686 Messanae,
828 1612 994 1677 notissima
1016 1612 1146 1696 quidem
1168 1619 1252 1675 certe
1268 1619 1300 1674 et
1317 1613 1435 1676 nostris
1448 1612 1630 1677 hominibus
1645 1635 1773 1698 aper-sc

416 1703 537 1768 tissima
558 1705 760 1788 maximeque
781 1704 959 1789 hospitalis.
991 1708 1037 1770 Ea
1059 1707 1172 1770 domus
1186 1713 1258 1769 ante
1272 1705 1364 1769 istius
1379 1706 1550 1770 adventum
1565 1716 1675 1771 ornata
1689 1709 1736 1772 sic

414 1799 491 1873 fuit,
518 1805 554 1861 ut
581 1799 651 1861 urbi
681 1818 810 1884 quoque
832 1808 915 1864 esset
937 1808 1133 1864 ornamento.
1176 1802 1255 1864 Nam
1275 1801 1345 1881 ipsa
1367 1801 1529 1876 Messana,
1558 1804 1734 1885 quaesitu,

414 1891 580 1955 moenibus
601 1901 758 1976 portuque
781 1901 892 1957 ornata
912 1894 970 1969 sit,
992 1895 1031 1958 eb
1047 1895 1098 1957 bis
1112 1895 1223 1968 rebus,
1247 1894 1364 1978 quibus
1380 1895 1440 1957 ists
1454 1894 1637 1971 delectatur,
1659 1915 1735 1960 sane

414 2005 513 2050 vacua
534 1994 631 2070 atque
652 1988 737 2050 nuda
759 1994 816 2050 est.
859 1984 890 2049 4.
911 1989 987 2051 Erat
1000 1989 1085 2071 apud
1100 1988 1217 2051 Heium
1233 1989 1403 2050 sacrarium
1417 2007 1531 2072 magna
1546 2010 1618 2052 cum
1633 1989 1736 2072 digni·

414 2088 478 2145 tate
499 2081 533 2143 in
554 2081 701 2155 aedibus,
723 2100 743 2144 a
765 2082 937 2144 maioribus
959 2082 1123 2155 traditum,
1150 2083 1390 2165 perantiquum,
1411 2082 1444 2144 in
1468 2102 1532 2166 quo
1555 2083 1644 2165 signa
1665 2082 1773 2164 pul-ss

414 2173 570 2238 cherrima
590 2182 756 2257 quattuor,
786 2196 908 2239 summo
931 2172 1079 2250 artificio,
1102 2195 1225 2239 summa
1247 2175 1426 2250 nobilitate,
1449 2195 1531 2258 quae
1552 2195 1618 2239 non
1639 2175 1735 2240 modo

413 2268 509 2332 istum
529 2268 707 2343 hominem,
731 2270 929 2353 ingeniosum
954 2278 989 2333 et'
1007 2269 1253 2351 intelligentem,
1273 2288 1383 2332 venam
1406 2268 1501 2333 etiam
1516 2270 1660 2354 quemvis
1677 2289 1736 2333 no-

413 2370 526 2436 strum,
556 2381 638 2444 quos
666 2365 725 2427 iste
755 2364 871 2427 idiotas
892 2363 1049 2446 appellat,
1081 2364 1238 2426 delectare
1263 2370 1412 2444 possent3
1441 2383 1541 2427 unum
1572 2364 1736 2447 Cupidinis

413 2475 622 2520 marmoreum
644 2456 810 2520 Praxiteli:
836 2491 872 2504 -
904 2459 1051 2520 nimirum
1073 2456 1171 2519 didici
1194 2457 1305 2530 etiam,
1328 2457 1403 2519 dum
1425 2457 1458 2519 in
1479 2458 1575 2519 istum
1596 2458 1735 2542 inquiro,

413 2547 566 2614 artificum
587 2551 726 2614 nomina.
767 2550 870 2626 Idem,
894 2553 1025 2633 opinor,
1047 2550 1163 2613 artilex
1184 2549 1327 2612 eiusdem
1348 2550 1435 2613 modi
1451 2551 1639 2634 Cupidinem
1660 2551 1773 2622 lecitsc

412 2645 519 2720 illurn,
541 2645 596 2729 qui
618 2652 668 2707 est
689 2645 852 2728 Thespiis,
873 2652 1004 2727 propter
1027 2664 1122 2729 quem
1145 2643 1301 2727 Thespiae
1323 2645 1485 2720 visuntur3
1510 2665 1584 2708 nam
1605 2645 1668 2709 alia
1689 2646 1736 2708 vi-

413 2740 502 2803 sendi
524 2758 619 2803 causa
640 2738 729 2803 nulla
750 2745 808 2802 est
850 2742 955 2823 Atque
977 2741 1032 2802 ille
1054 2741 1089 2801 L.
1113 2738 1302 2812 Mummius,
1326 2757 1397 2801 cum
1420 2739 1629 2822 Thespiadas,
1652 2757 1735 2823 quae

413 2833 453 2899 ad
481 2833 591 2897 aedem
621 2833 791 2895 Felicitatis
821 2841 910 2908 sunt,
937 2841 1106 2917 ceteraque
1127 2831 1259 2916 prolana
1281 2851 1321 2893 ex
1343 2831 1398 2895 illo
1423 2833 1541 2915 oppido
1563 2835 1654 2918 signa
1674 2834 1736 2897 tol-

414 2930 509 3002 leret,
530 2926 615 2990 hunc
638 2945 848 2990 marmoreum
872 2927 1075 3011 Cupidinem,
1099 2927 1185 3011 quod
1207 2933 1275 2989 erat
1294 2934 1512 3002 consecratus,
1534 2948 1600 2991 non
1621 2928 1734 3012 attigit.

414 3022 467 3084 111.
489 3019 519 3083 5.
542 3021 658 3084 Verum
681 3029 717 3083 ut
737 3022 777 3084 ad
794 3021 873 3084 illud
888 3022 1058 3085 sacrarium
1073 3021 1210 3094 redeam,
1233 3020 1358 3103 signum
1373 3028 1441 3085 erat
1454 3021 1525 3096 hoc,
1548 3022 1635 3106 quod
1651 3023 1773 3097 dicore

415 3114 580 3198 Cupidinis
602 3134 620 3177 e
642 3134 814 3179 marmore:
837 3134 877 3178 ex
898 3114 996 3179 altera
1017 3121 1106 3198 parte
1125 3112 1295 3188 Hercules,
1318 3114 1444 3197 egregie
1465 3113 1566 3179 lactus
1589 3135 1629 3178 ex
1650 3134 1733 3179 aere.

414 3209 444 3270 Is
467 3208 632 3271 dicebatur
653 3228 723 3271 esse
745 3209 903 3292 Myronis,
924 3217 961 3272 ut
975 3210 1105 3294 opinor,
1128 3216 1160 3272 et
1174 3214 1268 3270 certe.
1298 3209 1376 3271 ltem
1391 3213 1465 3272 ante
1479 3207 1539 3272 hos
1553 3209 1631 3273 deos
1645 3218 1735 3275 erant

414 3302 536 3377 arulae,
558 3322 640 3386 quae
662 3302 762 3366 cuivis
783 3303 967 3385 religionem
990 3303 1117 3368 sacrarii
1139 3296 1314 3384 significare
1336 3308 1476 3384 possent.
1517 3303 1616 3367 Erant
1635 3322 1735 3368 aenea

414 3399 478 3462 duo
506 3404 670 3478 praeterea
698 3397 805 3479 signa,
833 3417 898 3460 non
926 3399 1078 3472 maxima,
1106 3416 1215 3461 verum
1243 3396 1361 3460 eximia
1385 3403 1564 3472 venustate,
1586 3398 1734 3482 virginali

413 3491 523 3555 habitu
544 3497 642 3573 atque
662 3491 797 3566 vestitu,
820 3511 902 3574 quae
924 3491 1069 3554 manibus
1092 3489 1223 3553 sublatis
1244 3508 1333 3552 sacra
1355 3488 1511 3573 quaedam
1532 3511 1620 3555 more
1638 3492 1771 3564 Athe-sn

413 3583 572 3648 niensium
592 3585 751 3669 virginum
772 3586 913 3668 reposita
933 3585 966 3664 in
989 3585 1146 3667 capitibus
1167 3583 1373 3647 sustinebant
1418 3583 1623 3667 Canephoroe
1644 3586 1733 3670 ipsae

479 3966 502 4015 4.
521 3978 601 4028 pos-rc
623 3965 726 4028 deniqne
744 3966 790 4016 Gt.
819 3992 846 4002 -
873 3965 935 4015 44444
955 3978 1008 4016 om.
1032 3967 1111 4029 Legg.
1134 3966 1241 4030 praeter
1261 3965 1307 4025 49ς
1333 3965 1397 4014 nihil
1418 3966 1522 4029 4444444
1544 3967 1612 4017 4444.
1630 3967 1686 4019 Urs.
1705 3969 1734 4018 et

413 4041 554 4093 Fritzsche.
570 4069 598 4079 -
617 4042 734 4092 4444444444
750 4041 786 4092 443
797 4041 827 4100 E,
845 4038 861 4091 l
878 4039 956 4091 codd.
970 4040 1080 4091 Lamb:
1099 4041 1238 4090 accenderit
1248 4039 1323 4100 dett..
1342 4040 1387 4103 qui
1404 4041 1440 4090 od
1455 4041 1579 4092 omittunt
1595 4041 1653 4105 (sed
1664 4041 1732 4107 egla

413 4118 554 4181 4444444444.
581 4141 608 4153 -
637 4115 661 4168 l.
680 4122 755 4178 atque
770 4116 862 4167 44444444
878 4117 923 4166 Gt.
952 4142 981 4154 -
1007 4129 1084 4180 qoam
1101 4115 1133 4164 cb
1149 4116 1208 4177 ipsis
1224 4115 1239 4164 3
1256 4115 1334 4177 Lagg.
1359 4141 1387 4149 —
1413 4115 1437 4164 7.
1455 4115 1638 4178 inprcbtssasnc
1653 4117 1682 4167 44.
1703 4143 1731 4153 -

414 4193 444 4243 G.
462 4191 536 4242 444444
552 4192 585 4242 (44
600 4192 616 4241 4
633 4193 661 4241 44
676 4192 715 4243 444
731 4190 799 4241 alibi.
815 4219 842 4228 -
862 4191 886 4242 8.
905 4192 948 4254 qni
963 4193 999 4242 M.
1018 4195 1185 4249 accesserant,
1202 4189 1222 4252 s.
1240 4190 1375 4239 concedens
1390 4189 1426 4241 443
1438 4186 1454 4238 4
1465 4190 1534 4254 4449
1551 4190 1608 4254 (sed
1619 4190 1662 4240 hic
1673 4204 1735 4241 con-

413 4267 517 4330 cedentlt
535 4268 585 4322 444.
604 4269 747 4329 concedent,
766 4266 1045 4329 nonannoeane.
1062 4295 1088 4303 -
1108 4266 1132 4316 9.
1145 4265 1190 4314 4444
1206 4264 1292 4315 nna:
1312 4265 1340 4314 s'n
1355 4264 1518 4316 senectae.
1533 4293 1560 4302 —
1579 4267 1620 4317 40.
1632 4271 1735 4329 optem

413 4344 442 4394 ll.
464 4370 491 4379 -
510 4343 550 4392 44.
567 4343 681 4393 manime
697 4343 871 4406 perbosps‘tntts
886 4343 947 4406 ng.
966 4345 1073 4407 praeter
1088 4341 1129 4393 49.
1157 4369 1184 4378 -
1210 4341 1281 4390 444444
1299 4341 1431 4390 adventum
1447 4341 1515 4390 44444
1532 4339 1579 4389 Ld.
1597 4339 1641 4390 al:
1663 4340 1737 4390 44444

412 4419 470 4469 ndo.
489 4419 521 4469 Gt
535 4433 542 4478 ς
560 4420 617 4469 444.
636 4420 675 4469 ist.
694 4418 759 4469 dett.
778 4420 807 4469 0.
829 4446 856 4455 -
874 4418 909 4468 sic
925 4423 1017 4468 444444
1033 4417 1098 4467 dett.
1117 4417 1146 4466 0.
1162 4443 1189 4452 -
1209 4416 1249 4465 44.
1268 4419 1442 4465 manmentnm
1457 4414 1535 4478 ngas.
1556 4443 1584 4453 -
1603 4415 1643 4466 43.
1662 4415 1736 4466 44444

1693 4495 1709 4531 4

412 4553 485 4604 rebus
500 4549 604 4611 malim3
622 4551 649 4600 in
666 4550 699 4600 Gt
713 4550 729 4599 4
746 4552 788 4600 est
803 4550 864 4613 4444,
890 4551 921 4599 44
936 4562 1052 4615 semper.
1073 4572 1101 4584 -
1128 4545 1168 4598 44.
1187 4559 1244 4597 casn
1259 4559 1360 4608 444444,
1372 4545 1436 4596 dett.
1457 4571 1485 4581 -
1504 4546 1545 4598 45.
1559 4548 1736 4610 perosntqncns

412 4631 442 4681 ll.
462 4625 803 4688 -to.qncnncr]1111n.
823 4651 851 4662 -
870 4625 1135 4688 t'l.s'nqenoossnn1i.
1157 4650 1184 4661 -
1212 4627 1235 4672 et
1250 4623 1295 4671 s'nt.
1314 4623 1335 4672 R
1351 4622 1379 4671 et
1395 4620 1472 4672 codd.
1490 4620 1547 4672 rell.
1566 4624 1634 4673 noti:
1660 4629 1736 4686 ctqne

412 4704 457 4752 tnt.
475 4701 505 4752 0.
531 4701 561 4751 ln
578 4701 703 4751 litamen
720 4700 898 4766 intellegentes
913 4701 1041 4763 scriptum
1058 4701 1112 4760 est,
1131 4700 1158 4749 et
1174 4698 1212 4749 sic
1222 4709 1339 4761 semper.
1355 4724 1382 4734 -
1401 4696 1441 4747 48.
1460 4696 1603 4759 minen
1614 4695 1691 4761 Lglt.
1704 4725 1732 4734 -

413 4777 454 4827 49.
471 4776 594 4827 44444444
610 4777 631 4826 R
646 4788 673 4840 p.
693 4787 741 4825 m.:
758 4776 884 4827 44444444
900 4777 919 4826 ll
937 4788 992 4826 sec.
1011 4787 1058 4834 m..
1076 4771 1150 4824 463.
1169 4773 1203 4823 cl.
1223 4772 1248 4836 5.
1266 4773 1324 4830 44.;
1341 4771 1474 4823 erasnm
1490 4771 1555 4822 dett.
1570 4773 1599 4824 0.
1613 4799 1641 4810 -
1659 4773 1736 4823 ets'asn

413 4852 465 4901 ind.
485 4851 510 4912 (i.
529 4863 554 4901 e.
572 4851 671 4913 indices)
689 4852 749 4900 4444
764 4851 841 4915 ngas.
862 4879 889 4888 -
915 4851 956 4901 40.
974 4852 1112 4914 artificium
1128 4851 1157 4900 ll.
1180 4876 1207 4886 -
1234 4849 1275 4898 44.
1291 4846 1575 4912 propter--nisanstnrl
1592 4846 1625 4898 cl.
1644 4846 1732 4897 Sidon.

414 4926 462 4990 Ep.
474 4925 517 4975 lv.
535 4926 576 4976 44.
591 4953 619 4963 -
637 4927 678 4976 44.
696 4931 771 4988 44444
786 4923 865 4978 44344
883 4928 969 4988 444444
985 4924 1050 4976 dett.
1063 4926 1092 4976 0.
1109 4951 1136 4962 -
1157 4924 1303 4986 thespiades
1319 4920 1462 4986 44344344
1480 4923 1578 4987 (unias
1593 4922 1654 4984 G⁴l²
1674 4921 1735 4972 lhe-

413 5000 499 5062 sptods
510 4999 611 5052 dett.—
629 5001 671 5051 46.
684 5002 798 5065 egregios
808 5003 838 5052 il.
852 5028 878 5038 -
897 5003 937 5052 44.
954 5002 1022 5051 Fort.
1034 5006 1058 5050 44
1067 5005 1141 5051 reete.
1154 5001 1224 5051 43444.
1237 5024 1265 5034 -
1277 4999 1336 5048 tuns
1346 5011 1400 5049 cm.
1413 4999 1524 5062 Lgtb.-
1541 4998 1585 5047 bos
1596 4997 1647 5047 aa:
1664 4997 1735 5048 44444

415 5075 522 5126 detto.
535 5101 563 5112 -
575 5074 616 5125 48.
631 5075 719 5125 mne
734 5074 771 5125 443
783 5075 813 5135 c,
831 5075 884 5126 duo
901 5075 1051 5126 Memmiani
1068 5086 1112 5138 ap.
1124 5074 1227 5124 lamb:
1246 5072 1345 5123 4444444
1360 5071 1425 5123 dett.
1440 5099 1468 5110 -
1486 5085 1552 5122 socr.
1562 5072 1634 5136 reliq,
1652 5074 1730 5135 Legg.

414 5149 579 5215 praeteriti,
598 5150 626 5201 0.
638 5177 666 5187 ·-
684 5150 725 5200 49.
739 5156 875 5212 praetensa
889 5152 938 5201 dno
954 5153 1031 5213 lagg.
1049 5149 1157 5213 praeter
1172 5149 1216 5209 44,
1234 5149 1307 5198 0.-
1324 5149 1487 5197 4444444444.
1505 5173 1534 5184 -
1551 5145 1592 5196 30,
1609 5160 1733 5196 44444--

415 5224 536 5287 epona
545 5227 622 5277 Arne.
635 5226 670 5277 M.
681 5239 708 5291 p.
720 5225 777 5276 444.
789 5252 813 5264 -
834 5226 875 5277 34.
893 5225 1051 5288 Canephoroe
1066 5222 1144 5274 codd.
1158 5222 1294 5288 plerique:
1312 5222 1443 5286 conolores
1453 5222 1502 5283 (3⁴3
1521 5220 1730 5284 &nephanda

415 5304 440 5355 44
453 5299 549 5369 astute
564 5301 609 5355 (44.
628 5299 662 5355 ct.
680 5299 767 5357 schcl.
784 5300 865 5368 crnq.
883 5300 918 5352 sd
935 5301 1026 5352 444444.
1042 5299 1097 5351 Sat.
1114 5299 1147 5350 44.
1164 5297 1190 5362 8,
1203 5297 1244 5349 43.
