4367 6109
825 588 898 657 cu.
920 589 1088 656 u1-1x.
1114 587 1171 676 ss.
1192 585 1337 657 aa-ae.
1680 584 1741 651 too

422 760 486 824 lata
519 759 576 834 sil,
609 779 679 823 sese
711 760 745 823 in
774 760 901 824 iudiciis
932 760 1051 826 diutius
1073 762 1230 827 dominari
1250 781 1317 825 non
1336 781 1442 846 posse.
1485 760 1566 824 vm.
1587 757 1639 825 25.
1660 759 1743 822 Huic

422 875 482 938 ego
503 854 625 919 homini
648 855 712 918 iam
733 863 807 918 ante
830 856 997 930 denuntio,
1020 858 1046 920 si
1068 878 1087 921 a
1110 877 1160 921 me
1181 876 1309 920 causam
1330 857 1412 920 banc
1426 876 1483 920 vos
1503 857 1553 938 agi
1567 854 1742 928 volueritis,

422 949 579 1013 rationem
599 948 647 1012 illi
669 948 859 1012 defendendi
881 956 979 1012 totam
1002 971 1071 1015 esse
1093 951 1291 1025 mutandam,
1314 959 1346 1013 et
1367 952 1411 1014 ita
1430 960 1534 1016 tamen
1549 949 1743 1023 mutandam,

421 1051 458 1107 ut
478 1043 611 1107 meliora
634 1049 666 1106 et
686 1043 869 1107 honestiore
892 1046 1096 1120 condicione,
1125 1063 1220 1129 quam
1242 1064 1306 1127 qua
1326 1045 1395 1128 ipse
1417 1046 1501 1121 vult,
1523 1046 1665 1108 imitetur
1684 1045 1743 1108 ho-

422 1139 523 1204 mines
552 1157 623 1215 eos,
654 1158 735 1223 qnos
756 1139 826 1221 ipso
846 1138 928 1202 vidit
948 1139 1177 1222 amplissimos,
1206 1139 1240 1200 L.
1262 1137 1407 1202 Crassum
1435 1147 1468 1203 et
1493 1142 1536 1203 Μ.
1557 1140 1742 1214 Antonium,
1765 1147 1780 1197 o

423 1234 478 1319 qni
499 1233 580 1297 nibil
602 1255 636 1298 se
657 1233 890 1296 arbitrabantur
910 1233 950 1296 ad
971 1233 1091 1296 iudicia
1113 1252 1288 1316 causasque
1309 1234 1481 1297 amicorum
1504 1241 1629 1318 praeter
1648 1230 1743 1296 fidem

423 1336 454 1392 et
474 1329 639 1412 ingenium
661 1328 773 1391 adema
795 1334 951 1411 oportere.
993 1326 1080 1389 Nibil
1102 1328 1176 1402 erit,
1200 1327 1286 1410 quod
1308 1346 1358 1390 me
1378 1336 1490 1410 agente
1505 1330 1673 1392 arbitretur
1694 1329 1744 1390 iu·

422 1423 541 1486 dicium
563 1422 632 1486 sine
654 1441 768 1504 magno
790 1421 961 1485 multorum
981 1420 1124 1504 periculo
1146 1440 1241 1504 posse
1261 1424 1430 1506 corrumpi.
1465 1421 1516 1487 26.
1537 1426 1604 1507 Ego
1626 1424 1659 1486 in
1680 1423 1743 1484 hoo

422 1517 541 1583 iudicio
564 1517 642 1580 mibi
664 1516 844 1579 Siculorum
866 1536 993 1579 cansam
1008 1522 1182 1598 receptam,
1204 1516 1316 1599 populi
1330 1518 1463 1580 Romani
1478 1526 1656 1601 susceptam
1672 1536 1742 1581 esse

405 1610 573 1687 ¹arbitror,
600 1617 638 1673 ut
665 1611 742 1675 mibi
774 1630 838 1673 non
859 1632 942 1674 unus
963 1609 1060 1673 bomo
1083 1610 1247 1692 improbus
1269 1611 1494 1693 opprimendus
1517 1612 1571 1685 sit,
1599 1611 1633 1672 id
1654 1609 1742 1694 quod
1751 1620 1779 1669 to

422 1704 519 1768 Siculi
542 1705 737 1788 petiverunt,
766 1705 821 1767 sed
851 1706 981 1767 omnino
1004 1705 1107 1767 omnis
1129 1695 1329 1787 improbitas,
1357 1704 1390 1766 id
1412 1706 1499 1788 quod
1520 1704 1658 1788 populus
1680 1705 1743 1766 Ro·

420 1819 531 1863 manus
557 1800 620 1862 iam
646 1799 701 1862 diu
724 1795 857 1881 flagitat,
887 1799 1117 1881 exstinguenda
1138 1806 1235 1881 atque
1257 1796 1392 1861 delenda
1414 1799 1465 1862 sit.
1508 1801 1545 1863 ln
1572 1816 1636 1882 quo
1664 1797 1742 1880 quid

420 1894 497 1956 eniti
519 1902 574 1957 aut
596 1893 675 1979 quid
697 1890 822 1956 efficere
844 1893 980 1975 possim,
1003 1892 1086 1955 malo
1108 1893 1142 1956 ia
1164 1893 1300 1956 aliorum
1324 1912 1381 1976 spe
1402 1894 1584 1982 relinquere
1598 1911 1694 1976 quam
1709 1891 1742 1951 in

419 1987 565 2052 oratione
586 2007 656 2051 mea
676 2007 807 2070 ponere.

503 2078 556 2145 27.
577 2084 626 2145 Tu
648 2101 739 2157 vero,
762 2083 895 2158 Caecili,
918 2083 995 2168 quid
1016 2086 1131 2167 potest
1153 2104 1218 2167 quo
1241 2091 1383 2167 tempore
1404 2092 1459 2149 aut
1481 2104 1545 2170 qua
1566 2085 1600 2147 in
1621 2104 1656 2146 re
1677 2089 1779 2144 nunti

419 2176 515 2241 modo
546 2177 660 2239 ceteris
688 2178 849 2259 specimen
871 2177 1003 2262 aliquod
1026 2177 1155 2252 dedisti,
1185 2177 1240 2240 sed
1264 2186 1330 2242 tute
1352 2181 1398 2243 tui
1420 2179 1596 2263 periculum
1618 2177 1742 2241 iecisti?

419 2275 455 2336 ln
477 2278 615 2335 mentem
636 2271 695 2334 tibi
718 2290 783 2333 non
804 2273 908 2347 venit,
930 2272 1008 2356 quid
1030 2272 1150 2354 negotii
1173 2272 1215 2336 sit
1236 2293 1364 2337 causam
1384 2274 1545 2359 publicam
1569 2273 1742 2344 sustinere,

418 2369 516 2430 vitam
538 2363 669 2427 alterius
690 2371 789 2427 totam
812 2365 972 2447 explicare
1002 2372 1098 2450 atque
1122 2387 1190 2430 eam
1212 2389 1277 2431 non
1300 2369 1394 2432 modo
1414 2370 1448 2432 in
1463 2368 1576 2431 animis
1591 2367 1742 2438 iudicum,

419 2459 476 2524 sed
498 2459 594 2521 etiam
615 2459 650 2521 in
672 2459 774 2521 oculis
796 2467 1034 2543 conspectuque
1057 2462 1199 2524 omnium
1220 2483 1399 2546 exponere,
1422 2464 1580 2527 sociorum
1598 2461 1742 2532 salutem,

418 2552 587 2618 commoda
608 2554 860 2636 provinciarum,
889 2554 953 2617 vim
976 2555 1099 2638 legum,
1128 2559 1312 2640 gravitatem
1334 2558 1526 2622 iudiciorum
1548 2555 1779 2619 defenderetur

417 2650 473 2713 Ill.
496 2648 661 2730 Cognosce
683 2667 723 2710 ex
745 2667 812 2721 me,
835 2649 986 2731 quoniam
1007 2649 1069 2712 boc
1094 2651 1230 2732 primum
1254 2659 1378 2735 tempus
1401 2652 1543 2715 discendi
1565 2657 1676 2713 nactus
1698 2669 1741 2725 es,

419 2763 515 2829 quam
536 2741 636 2804 multa
657 2761 727 2804 esse
743 2748 888 2825 oporteat
902 2741 936 2802 in
953 2762 1006 2816 eo,
1030 2743 1085 2825 qui
1101 2743 1235 2806 alterum
1251 2753 1394 2809 accuset:
1417 2766 1457 2808 ex
1472 2745 1587 2829 quibus
1602 2745 1629 2807 si
1643 2764 1742 2808 unum

418 2836 550 2922 aliquod
572 2836 606 2898 in
628 2843 660 2898 te
682 2836 885 2918 cognoveris,
915 2856 973 2918 ego
1004 2837 1066 2898 iam
1092 2838 1148 2900 tibi
1179 2839 1248 2920 ipse
1270 2839 1369 2915 istuc,
1399 2841 1486 2925 quod
1509 2839 1644 2922 expetis,
1672 2857 1741 2900 mea

418 2930 581 2994 voluntate
604 2928 785 2992 concedam.
821 2930 958 2992 Primum
973 2931 1185 3014 integritatem
1200 2941 1297 3017 atque
1312 2935 1524 2998 innocentiam
1540 2933 1740 3015 singularem.

418 3023 503 3088 Nihil
525 3031 574 3087 eat
595 3024 695 3098 enim,
718 3024 805 3107 quod
828 3025 931 3087 minus
946 3025 1110 3088 ferendum
1127 3028 1185 3102 sit,
1209 3048 1304 3112 quarn
1318 3030 1474 3092 rationem
1488 3028 1528 3091 ab
1543 3028 1641 3090 altero
1658 3026 1778 3089 vitaeto

419 3137 585 3203 reposcere
607 3138 696 3193 eum,
726 3119 781 3202 qui
804 3138 868 3181 non
889 3120 993 3201 possit
1011 3140 1089 3183 suae
1110 3121 1254 3184 reddere.
1298 3119 1350 3184 28.
1372 3123 1432 3185 llio
1454 3140 1512 3205 ego
1534 3121 1574 3183 de
1596 3127 1626 3183 te
1649 3120 1741 3202 plura

418 3233 481 3278 non
506 3212 629 3276 dicam:
659 3233 758 3275 unum
780 3212 859 3274 illud
881 3214 976 3276 credo
999 3235 1109 3279 omnes
1131 3218 1397 3291 animadvertere,
1426 3225 1456 3280 te
1478 3215 1581 3278 adbuc
1603 3233 1622 3276 a
1643 3213 1741 3276 nullia

417 3307 478 3371 nisi
507 3327 526 3370 a
554 3306 670 3370 Siculis
697 3307 838 3389 potuisse
866 3309 1035 3390 cognosci:
1066 3310 1190 3372 Siculos
1218 3310 1280 3373 boc
1308 3312 1428 3385 dicere,
1457 3329 1528 3372 cum
1551 3309 1655 3372 eidem
1677 3308 1742 3370 sint

417 3402 506 3476 irati,
535 3401 587 3463 cui
610 3406 644 3463 tu
666 3408 697 3464 te
719 3401 882 3463 inimicum
904 3422 973 3465 esse
996 3403 1093 3478 dicis,
1125 3424 1195 3468 sese
1217 3412 1321 3467 mmen
1345 3412 1375 3468 te
1397 3411 1503 3467 actore
1525 3403 1565 3465 ad
1588 3403 1740 3466 iudicium

418 3516 483 3560 non
505 3493 682 3557 adiuturos.
719 3495 825 3570 Quare
846 3502 977 3576 negent,
1001 3516 1040 3558 ex
1063 3517 1113 3560 me
1136 3517 1200 3560 non
1223 3498 1350 3560 audies:
1372 3499 1431 3560 hos
1453 3504 1561 3580 patere
1583 3497 1616 3558 id
1637 3497 1777 3579 auspi-³⁰

419 3589 498 3664 cari,
521 3587 609 3671 quod
630 3607 760 3650 necesse
783 3594 839 3650 est.
873 3588 923 3650 llli
947 3589 1093 3671 quidem,
1116 3599 1151 3655 ut
1173 3598 1221 3654 est
1242 3592 1407 3655 bominum
1429 3612 1529 3675 genus
1550 3592 1644 3653 nimis
1666 3610 1741 3653 acu-

417 3693 484 3748 tum
506 3693 538 3748 et
559 3684 789 3767 suspiciosum,
811 3703 877 3746 non
899 3693 929 3746 te
953 3703 992 3746 ex
1012 3683 1121 3747 Sicilia
1142 3685 1262 3748 litteras
1284 3686 1317 3747 in
1333 3687 1462 3750 Verrem
1477 3685 1644 3767 deportare
1657 3685 1746 3748 velle

416 3779 626 3852 arbitrantur,
658 3779 733 3853 sed,
763 3779 849 3862 quod
877 3778 978 3841 isdem
1008 3776 1120 3840 litteris
1150 3779 1238 3841 illius
1267 3787 1415 3861 praetura
1442 3788 1474 3844 et
1494 3788 1548 3842 tua
1569 3785 1740 3862 quaestura

417 3874 604 3956 consignata
619 3873 669 3947 sit,
687 3880 848 3956 asportare
864 3878 895 3935 te
909 3871 991 3935 velle
1006 3890 1046 3933 ex
1059 3871 1169 3935 Sicilia
1182 3872 1303 3935 litteras
1319 3873 1530 3956 suspicantur.
1551 3869 1603 3936 29.
1619 3874 1739 3937 Deinde
1852 3954 1858 3963 ⁶

482 4108 505 4157 l.
524 4119 575 4157 soso
590 4106 622 4156 64
635 4104 745 4168 angae:
763 4117 789 4153 sc
805 4103 892 4155 otto,
908 4128 934 4141 -—
954 4104 1047 4153 diutius
1063 4116 1117 4154 om.
1131 4104 1178 4154 dtt.
1195 4133 1221 4141 -
1240 4104 1265 4154 3.
1283 4111 1305 4154 ct
1322 4106 1359 4154 ito
1375 4110 1458 4154 tomen
1468 4111 1530 4156 mut.
1547 4119 1600 4156 om.
1614 4106 1737 4158 64464),

416 4194 444 4244 ln
461 4191 494 4242 64
517 4193 543 4240 at
560 4188 592 4240 al.
611 4189 659 4238 dtt.
677 4202 726 4254 pro
743 4193 826 4238 tamon
842 4190 883 4238 est
899 4201 1015 4250 coccam,
1034 4191 1121 4238 ortum
1139 4203 1154 4238 e
1171 4175 1320 4251 notaffin,
1340 4201 1408 4252 quae
1426 4203 1478 4239 non
1495 4203 1555 4241 raro
1574 4191 1600 4240 in
1612 4189 1691 4241 codd.
1704 4189 1741 4241 le·

416 4268 496 4332 gitur,
515 4278 564 4330 pro
581 4251 634 4315 ιᾶῖη
651 4265 667 4313 4.
686 4276 710 4313 o.
729 4269 820 4314 tameo.
840 4266 872 4324 (ct
887 4263 924 4312 ito
940 4276 996 4312 corn
1012 4270 1073 4313 mut.
1093 4263 1229 4327 Halmius.)
1244 4293 1270 4302 -
1289 4265 1314 4317 4.
1334 4271 1357 4315 ot
1372 4266 1508 4315 bonottore
1523 4279 1577 4317 om.
1592 4271 1613 4316 Α
1630 4267 1657 4316 in
1675 4265 1740 4317 lem-

416 4343 495 4392 mate.
517 4367 544 4375 -
563 4341 705 4389 condicione
722 4339 783 4398 63ς
799 4339 815 4388 8
832 4340 892 4402 ng.
912 4341 975 4389 ltau.
989 4341 1019 4389 ll.
1039 4353 1065 4404 p.
1079 4340 1139 4390 ⁴39:
1158 4341 1300 4390 conatam
1315 4342 1347 4390 sit
1357 4343 1377 4390 Α
1387 4340 1456 4404 6345
1466 4343 1495 4391 0.
1511 4369 1539 4379 -
1556 4343 1609 4391 cult
1620 4343 1656 4391 63
1666 4342 1702 4392 Ld
1711 4357 1737 4402 ς,

414 4415 491 4482 prob.
511 4417 570 4466 Gar.
582 4417 613 4466 ll.
632 4416 696 4464 Rau.
709 4412 727 4464 l.
741 4412 772 4464 l.:
792 4427 842 4463 osso
856 4414 908 4463 cult
920 4416 951 4464 64
965 4414 1013 4464 dtt.
1024 4415 1052 4466 0.
1068 4442 1095 4449 -
1113 4416 1224 4465 imitetur
1235 4416 1301 4467 G3D
1314 4415 1358 4466 al:
1376 4422 1404 4466 at
1420 4418 1530 4466 imitatur
1546 4414 1656 4479 Lgitlal.
1667 4417 1696 4465 0.
1709 4441 1736 4452 -

415 4493 454 4543 40.
472 4503 523 4541 ooo
538 4503 603 4540 aaut
618 4488 701 4540 alal:
728 4503 778 4539 ooo
798 4489 846 4537 alsi
867 4501 933 4537 unus
949 4490 981 4537 64
996 4490 1033 4548 4);
1055 4503 1106 4539 oon
1125 4494 1222 4540 tontum
1238 4506 1303 4542 unus
1319 4494 1365 4544 63.
1385 4518 1414 4530 -·
1439 4493 1630 4543 boccona
1651 4519 1677 4527 -
1696 4491 1737 4542 44.

414 4569 513 4619 malso
529 4567 608 4617 omnis
624 4567 741 4616 Iannoct.
760 4565 796 4614 st.
808 4565 840 4623 L,
860 4563 955 4614 Osann.
975 4562 1009 4612 ad
1025 4564 1090 4627 llep.
1108 4577 1134 4628 p.
1146 4566 1203 4616 395.
1223 4565 1282 4616 coll.
1297 4566 1380 4617 Hand.
1393 4568 1468 4618 ans.
1480 4568 1523 4618 lv.
1541 4581 1567 4632 p.
1581 4567 1637 4617 378.
1656 4566 1736 4630 Seyd.

413 4639 533 4695 adbeel.
551 4654 578 4706 p.
591 4641 657 4692 lta:
683 4641 782 4690 omnim
799 4642 844 4689 ctt.
863 4638 941 4689 codd.
961 4641 988 4688 et
1004 4640 1063 4688 cod.
1082 4641 1186 4691 Asconii
1203 4655 1246 4707 ap.
1265 4646 1375 4700 Graev.;
1394 4645 1474 4694 omnic
1488 4642 1585 4707 Aibiq.
1598 4645 1692 4694 Baiter.
1709 4671 1735 4679 -

413 4720 532 4781 qual·-
546 4718 578 4768 stt
600 4715 724 4768 Claudius
745 4715 875 4766 Sacerdos
895 4729 922 4780 p.
940 4716 980 4765 74.
1002 4742 1028 4749 -
1053 4716 1092 4765 43.
1111 4717 1234 4781 efflagitat
1255 4719 1333 4768 Prob.
1357 4732 1384 4783 p.
1403 4718 1459 4771 444.
1481 4745 1508 4754 -
1532 4721 1643 4770 accincta
1664 4725 1739 4780 atquc

413 4796 491 4846 deletu
506 4794 538 4844 sit
554 4791 658 4843 Probus
675 4794 702 4842 et
718 4791 825 4842 Sacerd.
844 4789 861 4841 l.
878 4789 896 4840 4.
918 4817 945 4827 -
966 4790 993 4838 ta
1009 4802 1059 4850 quo
1075 4791 1154 4853 63ςε
1180 4793 1207 4842 in
1225 4807 1273 4855 quo
1289 4807 1334 4857 epo
1351 4792 1399 4843 dtt.
1417 4795 1446 4843 0.
1467 4820 1495 4831 -
1513 4794 1554 4844 46.
1571 4807 1635 4855 spec.
1653 4793 1739 4842 ceteris

414 4872 460 4922 dtt.
479 4871 509 4921 0.
530 4897 557 4906 -
582 4869 622 4919 47.
641 4868 701 4930 qaid
722 4868 814 4931 nogotii
834 4867 866 4916 ait
886 4879 939 4916 om.
958 4866 1053 4915 Donat.
1070 4865 1105 4917 ad
1122 4867 1180 4917 Ter.
1199 4868 1265 4918 Eun.
1284 4868 1309 4929 3,
1328 4867 1352 4930 4,
1370 4867 1411 4919 Sl.
1433 4896 1460 4905 -
1479 4870 1519 4919 48.
1536 4870 1615 4918 vitum
1632 4894 1646 4903 -
1659 4894 1673 4903 ·
1690 4881 1738 4917 an-

410 4946 505 5009 plicare
529 4945 596 4994 Non.
624 4956 651 5007 p.
676 4943 734 4992 299.
761 4968 787 4976 -
811 4942 852 4992 at.
877 4946 972 5002 empus
993 4939 1102 4991 dismas
1124 4943 1192 4992 th)
1209 4943 1246 4992 St.
1271 4941 1320 4992 al.:
1348 4943 1444 4993 decadi
1470 4948 1565 5004 tenpus
1587 4941 1678 4992 cato.
1706 4969 1733 4978 -

413 5020 452 5071 2³.
472 5019 575 5083 aliquod
591 5030 644 5068 om.
664 5015 804 5079 Gibdgl.
831 5013 970 5078 vulgatam
986 5013 1056 5065 benc
1076 5016 1166 5066 tuetur
1182 5015 1263 5067 Klotz.
1282 5019 1343 5068 Lex.
1361 5032 1383 5069 s.
1403 5033 1428 5068 v.
1447 5019 1538 5079 aliquis
1554 5031 1580 5081 p.
1599 5016 1656 5066 300.
1675 5014 1733 5066 coll.

412 5093 457 5145 lib.
475 5094 496 5146 l.
515 5092 539 5158 5.
558 5092 599 5143 63.
618 5091 652 5144 de
670 5095 735 5142 orat.
755 5094 784 5143 ll.
804 5091 827 5155 5.
842 5091 899 5140 292.
918 5117 945 5125 -
965 5089 1015 5151 ipso
1031 5102 1084 5140 om.
1104 5090 1151 5141 dtt.
1166 5119 1193 5129 -
1212 5094 1278 5143 istud
1294 5093 1386 5144 obad.
1402 5121 1428 5129 -
1446 5095 1488 5143 27.
1506 5092 1537 5142 ab
1554 5091 1628 5141 cultu
1644 5090 1692 5140 (444.
1703 5092 1732 5141 0.

415 5195 441 5205 -
459 5166 501 5219 28.
518 5181 538 5218 a
555 5166 646 5218 statis
662 5168 740 5228 4463,
763 5167 796 5219 cl.
816 5167 857 5216 lll.
883 5166 907 5229 ἓ.
926 5164 982 5214 473.
1001 5166 1042 5215 tv.
1062 5165 1086 5230 ἓ.
1108 5168 1170 5218 lod:
1197 5170 1229 5219 ab
1250 5171 1300 5220 Sic.
1319 5172 1351 5222 64
1373 5169 1406 5220 al.
1434 5169 1467 5220 cl.
1486 5169 1510 5232 5.
1529 5169 1569 5218 33.
1588 5167 1628 5219 48.
1648 5165 1687 5216 63.
1708 5168 1735 5216 el

413 5244 509 5294 Osann.
528 5240 563 5293 ad
579 5244 644 5308 llep.
662 5255 694 5308 p.'
704 5242 744 5294 84.
767 5240 851 5293 Hand.
870 5241 945 5291 rurs.
958 5241 977 5290 1.
996 5253 1022 5304 p.
1036 5242 1060 5290 5.
1077 5266 1104 5278 -
1124 5243 1164 5294 34.
1183 5246 1219 5308 ut]
1235 5248 1301 5308 qood
1317 5247 1362 5297 63.
1383 5269 1409 5281 -
1428 5246 1502 5294 simis
1518 5256 1571 5294 om.
1590 5240 1682 5291 GiLd.
1704 5267 1731 5278 -

413 5315 453 5368 33.
471 5316 539 5379 qaod
549 5316 582 5367 ot
594 5318 713 5382 SchiS
724 5317 758 5371 al.
770 5319 844 5370 Serv.
858 5315 892 5367 ad
903 5318 968 5368 Aen.
981 5316 1012 5366 ll.
1025 5316 1086 5368 778:
1105 5331 1162 5369 aaa
1178 5319 1227 5372 dtt.
1242 5347 1270 5359 -
1288 5319 1329 5374 34.
1342 5319 1481 5388 asportare]
1493 5319 1650 5385 importare
1660 5316 1731 5383 643.
