4367 6109
438 596 501 664 646
811 596 865 659 DE
886 594 992 660 LEGE
1014 594 1192 659 adelmi
1214 594 1333 658 LIBER
1353 593 1394 656 11.

440 767 716 841 machinabantur,
747 765 773 828 si
795 766 886 829 vobis
909 763 1056 828 exomni
1087 763 1208 847 populo
1232 761 1391 845 deligendi
1413 767 1561 845 potestas
1585 764 1681 822 esset
1702 757 1784 831 data,

442 880 662 946 quaecumque
684 879 734 922 res
757 866 856 933 esset,
879 860 911 921 in
935 879 998 942 qua
1020 855 1115 932 fides,
1141 856 1320 939 integritas,
1341 856 1457 930 virtus,
1479 854 1664 917 auctoritas
1687 870 1784 936 quae-

441 964 581 1028 reretur,
603 972 659 1016 vos
681 972 749 1015 eam
772 953 841 1015 sine
863 952 1060 1015 dubitatione
1079 952 1119 1014 ad
1136 951 1191 1013 Cn.
1207 950 1391 1031 Pompeium
1406 949 1587 1033 principem
1605 945 1783 1010 delatums.

442 1049 585 1121 Etenim,
616 1066 711 1131 quem
733 1066 831 1109 unum
857 1066 898 1107 ex
920 1047 1042 1108 cunctis
1062 1044 1278 1127 delegissetis,
1305 1051 1340 1106 ut
1361 1063 1433 1105 eum
1456 1040 1614 1104 omnibus
1639 1038 1782 1102 omniurn

418 1143 583 1226 agentium
604 1140 696 1202 bellis
718 1147 803 1201 terra
819 1141 962 1221 marique
984 1138 1233 1222 praeponeretis,
1256 1145 1339 1200 certe
1354 1136 1387 1199 in
1403 1134 1597 1199 decemviris
1612 1131 1783 1206 faciendis,

444 1238 510 1299 sive
531 1232 610 1297 lides
632 1232 802 1296 haberetur
823 1232 890 1295 sive
912 1232 1032 1305 honos,
1054 1239 1086 1295 et
1108 1231 1260 1294 committi
1282 1231 1355 1293 huic
1375 1230 1495 1313 optime
1511 1237 1544 1291 ct
1558 1227 1674 1291 ornari
1697 1227 1783 1289 bunc

442 1327 614 1392 iustissime
635 1346 731 1409 posse
752 1325 980 1408 intelligebant.
1024 1321 1074 1387 2⁴.
1097 1325 1208 1408 ltaque
1230 1324 1387 1407 excipitur
1407 1323 1466 1385 bac
1487 1323 1559 1405 lege
1583 1340 1654 1384 non
1672 1319 1783 1383 adole·

445 1420 582 1493 scentia,
605 1439 670 1482 non
692 1419 867 1502 legitimum
889 1419 1020 1502 aliquod
1041 1421 1317 1503 impedimentum,
1345 1437 1408 1480 non
1431 1423 1594 1500 potestas,
1624 1434 1695 1477 non
1718 1433 1783 1477 ma·

445 1515 594 1597 gistratus
621 1512 707 1576 ullus
728 1511 799 1575 aliis
822 1512 957 1595 negotiis
981 1509 1029 1595 [ac
1051 1508 1185 1595 legibus]
1209 1512 1391 1597 impeditus;
1421 1531 1495 1574 reus
1518 1509 1685 1593 denique,
1718 1528 1782 1593 quo

369 1595 374 1619 l
408 1608 550 1670 ruminus
573 1606 733 1670 decemvir
752 1605 822 1668 fieri
844 1606 960 1690 possit,
982 1626 1046 1669 non
1069 1606 1240 1689 excipitur:
1264 1606 1319 1668 Cn.
1341 1605 1511 1688 Pompeius
1533 1602 1720 1684 excipitur,
1742 1620 1781 1663 ne

446 1721 517 1764 cum
539 1701 572 1762 P.
594 1699 705 1774 Rullo,
727 1708 816 1763 taceo
838 1699 878 1762 de
900 1701 1027 1773 ceteris,
1050 1699 1210 1762 decemvir
1230 1696 1298 1762 fieri
1320 1699 1431 1781 possit.
1465 1699 1678 1761 Praesentem
1697 1694 1781 1757 enim

445 1792 588 1876 profiteri
610 1793 713 1867 iubet,
736 1792 823 1876 quod
847 1792 933 1856 nulla
954 1794 1016 1856 alia
1037 1796 1069 1856 in
1093 1792 1163 1874 lege
1184 1813 1334 1877 umquam
1355 1792 1430 1866 luit,
1461 1812 1501 1854 ne
1524 1791 1557 1852 in
1580 1790 1624 1852 iis
1647 1788 1781 1871 quidem

447 1885 693 1968 magistratibus,
717 1907 853 1970 quorum
875 1894 979 1949 certus
1002 1887 1080 1950 ordo
1104 1896 1168 1961 est,
1200 1908 1256 1960 ne,
1286 1888 1312 1950 si
1334 1894 1464 1970 accepta
1484 1885 1537 1948 lex
1559 1889 1666 1958 esset,
1689 1881 1781 1945 illum

446 1979 506 2042 sibi
530 1978 683 2060 collegam
706 1980 927 2043 adscriberetis
948 1982 1112 2045 custodem
1135 2001 1171 2044 ac
1192 1982 1348 2044 vindicem
1371 1979 1589 2063 cupiditatum.

410 2087 438 2134 iu
532 2073 572 2134 X.
595 2071 671 2148 llic,
703 2073 852 2157 quoniam
882 2072 976 2137 video
1006 2094 1062 2137 vos
1092 2075 1231 2138 hominis
1254 2074 1406 2155 dignitate
1428 2081 1459 2136 et
1480 2072 1682 2135 contumelia
1704 2071 1782 2154 legis

448 2186 519 2229 esse
550 2172 741 2241 commotos,
771 2167 931 2229 renovabo
964 2167 1060 2241 illud,
1088 2168 1173 2252 quod
1203 2168 1294 2231 initio
1317 2167 1400 2240 dixi,
1428 2185 1560 2248 regnum
1582 2165 1782 2248 comparari,

443 2259 623 2322 libertatem
653 2267 788 2323 vestram
810 2260 869 2323 hac
894 2262 965 2344 lege
986 2261 1129 2326 funditus
1153 2263 1232 2326 tolli.
1275 2259 1326 2323 25.
1349 2263 1396 2323 An
1418 2280 1476 2322 vos
1497 2258 1593 2321 aliter
1615 2257 1783 2321 existima-

447 2353 543 2427 batis,
571 2372 641 2415 cum
672 2353 710 2416 ad
741 2354 848 2417 omnia
870 2364 974 2417 vestre
995 2357 1088 2439 pauci
1110 2357 1256 2419 homines
1280 2348 1483 2439 [cupiditatis]
1507 2351 1623 2415 oculos
1645 2349 1783 2414 adiecis-

448 2452 537 2520 sent,
559 2466 624 2508 non
647 2448 753 2510 cosin
777 2448 886 2531 primis
909 2447 941 2509 id
973 2459 1115 2524 acturos,
1143 2458 1178 2512 ut
1200 2470 1239 2512 ex
1262 2450 1347 2512 omui
1368 2446 1512 2511 custodia
1533 2452 1662 2508 vestrae
1687 2443 1784 2506 liber-

411 2540 537 2616 totatis,
560 2541 709 2604 exomni
733 2548 908 2624 potestate,
937 2544 1117 2617 curatione,
1143 2542 1317 2625 patrocinio
1338 2548 1514 2604 vestrorum
1536 2536 1784 2601 commodorum

449 2634 506 2696 Cn.
526 2635 695 2719 Pompeius
724 2634 960 2719 depelleretur?
992 2636 1149 2699 Viderunt
1177 2645 1208 2700 et
1234 2637 1357 2709 vident,
1391 2636 1418 2698 si
1446 2654 1503 2718 per
1527 2631 1784 2714 imprudentiam

448 2736 601 2802 vestram,
630 2729 854 2812 negligentiam
883 2749 1002 2803 meam,
1033 2730 1135 2813 legem
1162 2731 1356 2812 incognitam
1384 2727 1586 2811 acceperitis,
1620 2724 1695 2788 lore
1738 2724 1785 2787 uti

448 2828 560 2903 postea
591 2822 726 2903 cognitis
748 2822 889 2897 insidiis,
918 2843 988 2885 cum
1018 2824 1215 2886 decemviros
1244 2824 1378 2897 creetis,
1410 2830 1477 2884 tum
1509 2819 1597 2883 vitiis
1632 2818 1785 2882 omnibns

450 2922 482 2978 et
504 2915 677 2978 sceleribus
698 2915 777 2998 legis
800 2914 855 2979 Cn.
878 2917 1021 2999 Pompeii
1043 2918 1234 3000 praesidium
1251 2917 1474 3002 opponendum
1497 2913 1629 2997 putetis.
1656 2914 1703 2976 Et
1723 2913 1786 2976 boc

411 3021 580 3092 suparvum
602 3017 822 3093 argumentum
844 3010 935 3072 vobis
958 3011 1032 3085 erit,
1054 3032 1073 3073 a
1095 3011 1188 3074 certis
1209 3012 1393 3075 hominibus
1414 3008 1670 3073 dominationem
1694 3014 1787 3092 pote·

450 3109 625 3186 statcmque
655 3103 793 3166 omnium
824 3123 928 3166 rerum
958 3106 1084 3187 quaeri,
1114 3126 1184 3168 cum
1211 3105 1345 3168 videatis
1376 3125 1463 3177 eum,
1492 3121 1588 3185 quem
1614 3101 1788 3166 custodem

449 3203 573 3258 vestrae
594 3196 748 3260 libertatis
769 3196 836 3260 lore
859 3197 1002 3272 videant,
1025 3208 1189 3282 expertem
1211 3199 1280 3262 fieri
1303 3198 1487 3283 dignitatis?

534 3285 585 3350 26.
615 3289 802 3372 cognoscite
836 3311 936 3365 nunc,
970 3311 1051 3375 quae
1080 3300 1219 3375 potestas
1251 3292 1434 3357 decemviris
1465 3300 1497 3354 et
1525 3297 1652 3374 quanta
1682 3292 1789 3356 detur.

450 3383 588 3446 Primum
610 3384 681 3467 lege
703 3385 820 3448 curiata
836 3385 1031 3449 decemviros
1056 3395 1156 3449 ornat.
1194 3388 1257 3449 lam
1280 3388 1342 3450 hoc
1363 3386 1540 3449 inauditum
1556 3390 1589 3445 et
1612 3383 1717 3467 plane
1733 3407 1791 3450 no-

412 3492 534 3551 aovum,
556 3485 592 3539 ut
613 3478 641 3539 ei
665 3479 784 3541 curiata
801 3480 869 3562 lege
885 3482 1082 3562 magistratus
1099 3481 1200 3555 detur,
1222 3482 1271 3543 cui
1294 3481 1390 3544 nullis
1413 3478 1550 3542 comitiis
1574 3486 1654 3542 ante
1671 3482 1718 3544 sit
1737 3481 1793 3545 da·

450 3581 510 3634 tus.
547 3573 624 3632 Eam
647 3572 748 3653 legem
769 3573 807 3635 ab
831 3594 868 3636 eo
892 3583 1051 3655 praetore,
1075 3576 1130 3657 qui
1153 3576 1194 3638 sit
1214 3575 1333 3658 primus
1355 3573 1473 3645 factus,
1504 3570 1581 3633 terri
1605 3574 1714 3638 iubet.
1753 3580 1794 3639 m

450 3684 514 3745 quo
537 3663 656 3727 modo‘t
689 3666 729 3729 Ut
750 3667 770 3728 ii
794 3666 1038 3730 decemviratum
1059 3668 1211 3743 habeant,
1235 3689 1315 3752 quos
1337 3668 1426 3752 plebs
1442 3667 1677 3747 designaverit.
1702 3670 1796 3733 Obli-

451 3765 500 3819 tus
533 3765 581 3821 est
619 3760 723 3822 nullos
753 3780 771 3823 a
800 3761 891 3843 plebe
920 3761 1089 3842 designari.
1137 3763 1177 3824 Et
1204 3764 1230 3824 is
1266 3763 1374 3824 orbem
1404 3770 1560 3823 terrarum
1590 3767 1798 3849 constringit

451 3853 541 3915 novis
562 3852 700 3935 legibus,
722 3855 796 3937 qui,
819 3855 907 3937 quod
928 3855 961 3917 in
983 3855 1124 3918 secundo
1146 3857 1248 3939 capite
1271 3857 1422 3938 scriptum
1445 3862 1510 3927 est,
1541 3873 1611 3916 non
1642 3842 1799 3924 meminit

518 4159 542 4207 ⁴.
561 4158 677 4221 diiigeudi
694 4159 720 4208 F.
741 4185 767 4194 -
788 4159 811 4208 b.
830 4158 945 4219 morique
962 4160 1022 4208 ET:
1042 4167 1064 4209 ci
1080 4162 1147 4210 mini
1166 4163 1210 4211 ΡΑ
1222 4160 1305 4214 LEO.
1321 4186 1346 4194 -
1365 4160 1485 4223 iaciendis
1501 4172 1555 4208 om.
1576 4160 1603 4210 F.
1620 4188 1652 4199 -
1676 4167 1704 4217 6.
1724 4168 1802 4235 bime]

452 4232 509 4281 tuic
525 4235 596 4282 1⁴.-
616 4233 640 4282 7.
659 4232 718 4297 ispe]
736 4234 788 4297 irps
801 4238 911 4295 potestas
928 4234 945 4283 F
963 4237 990 4283 et
1007 4248 1076 4285 corr.
1090 4237 1118 4286 E.
1143 4265 1169 4273 -
1188 4238 1212 4288 8.
1231 4236 1422 4299 inpedimentum
1439 4236 1467 4284 Ε.
1481 4260 1508 4269 -
1529 4234 1553 4283 3.
1573 4249 1606 4285 cc
1624 4238 1733 4303 tegibus
1744 4257 1802 4297 om,

453 4307 482 4356 E.
505 4334 531 4343 -
550 4306 615 4371 reus]
632 4322 683 4356 nun
698 4321 756 4357 rcus
773 4321 835 4358 cum
854 4308 1008 4359 Lauredauo
1027 4312 1044 4359 L
1054 4310 1079 4364 tt.
1102 4339 1127 4346 —
1149 4313 1188 4362 ⁴0.
1206 4327 1255 4361 nou
1273 4311 1397 4371 scripum
1407 4335 1443 4346 --
1453 4310 1508 4373 iteri
1522 4311 1603 4371 possit
1620 4314 1644 4363 E
1656 4317 1678 4366 F
1689 4320 1724 4367 P:
1745 4334 1802 4371 om.

454 4380 566 4435 ulit.
588 4408 615 4417 —
634 4383 674 4431 ⁴⁴.
693 4382 765 4447 enim]
789 4383 945 4435 eumGLt‘.
966 4411 992 4420 -
1012 4387 1052 4434 43.
1072 4387 1181 4437 iisncs:
1207 4388 1301 4442 tiisF3
1328 4382 1525 4437 neuntio.
1553 4411 1582 4420 —
1612 4391 1802 4448 quidmom,

454 4457 482 4508 E.
503 4483 529 4492 -
554 4457 594 4507 ⁴3.
613 4462 662 4517 est,
686 4471 716 4507 nc
731 4459 753 4508 si
769 4461 803 4508 A:
827 4460 929 4508 estsine
946 4460 1033 4514 Eis:
1057 4466 1099 4509 esi.
1127 4462 1234 4510 Timebat
1250 4462 1327 4519 enim,
1350 4460 1478 4520 Pompeius
1501 4473 1532 4509 uc
1547 4460 1570 4508 si
1587 4464 1712 4530 adesset,
1737 4472 1805 4535 [ms

452 4546 503 4582 nors
520 4536 613 4594 posset:
635 4537 680 4581 out
696 4546 727 4582 ne
743 4534 764 4582 si
781 4546 812 4582 ex
831 4533 907 4584 loeda
926 4533 1125 4598 interpolatione
1145 4537 1266 4599 liervagii
1285 4538 1317 4595 (a.
1337 4534 1422 4596 4534.)
1440 4531 1493 4584 Li.
1518 4535 1595 4586 Conl.
1613 4539 1805 4614 Wesenberg

454 4605 486 4655 ad
505 4618 544 4655 or.
563 4618 588 4669 p.
607 4605 692 4656 Sestio
710 4620 735 4670 p.
754 4609 778 4658 5.
801 4633 828 4642 —
857 4607 896 4658 44.
917 4610 1082 4659 assentireris
1100 4611 1118 4659 Ε
1142 4612 1177 4671 [ct
1197 4613 1236 4661 sic
1253 4624 1361 4674 semper
1381 4612 1407 4660 in
1425 4612 1475 4660 hac
1492 4611 1626 4676 oratione)
1649 4618 1680 4670 F.
1705 4650 1736 4661 ..
1762 4626 1803 4692 aq

453 4686 476 4731 et
493 4681 519 4731 F.
541 4708 567 4717 —
590 4680 629 4729 ⁴7.
647 4681 759 4743 funditus
774 4682 911 4733 libertatem
926 4691 1035 4734 cestram
1051 4686 1098 4733 tac
1115 4686 1166 4747 icco
1184 4687 1211 4735 E.
1233 4713 1259 4721 -
1289 4686 1328 4736 ⁴8.
1347 4685 1490 4747 cupidticiis
1505 4697 1559 4734 om.
1580 4686 1617 4748 E,
1649 4696 1707 4746 sed
1725 4712 1804 4751 mar-

454 4757 505 4817 gini
526 4756 687 4820 adscriptum
710 4760 760 4807 est.
789 4783 815 4793 -
844 4758 882 4807 ⁴9.
901 4774 950 4808 non
971 4773 1012 4809 cus
1032 4761 1058 4808 id
1079 4762 1194 4822 inprimis
1215 4761 1246 4819 F,
1272 4776 1323 4810 non
1344 4762 1433 4822 primis
1454 4761 1480 4809 id
1503 4761 1566 4821 (om.
1586 4776 1630 4813 cos
1654 4769 1699 4835 in)
1718 4774 1750 4825 Ε,
1773 4803 1800 4816 -

453 4831 494 4879 33.
513 4832 600 4880 crectis
617 4832 782 4896 Wesenberg
800 4832 840 4895 (ad
859 4845 897 4883 or.
917 4848 943 4898 p.
963 4836 1047 4885 Sestio
1065 4851 1090 4900 p.
1106 4836 1168 4895 ⁴8⁴:
1188 4838 1306 4885 crcurciis
1322 4837 1436 4895 EFPO;
1455 4836 1572 4886 creariiis
1588 4852 1656 4893 curn
1673 4848 1722 4898 ed,
1736 4852 1804 4903 lun.

455 4907 507 4955 tina
525 4902 584 4964 Lss;
608 4906 724 4956 creabitis
745 4909 844 4970 Ussing.
870 4935 896 4943 -
919 4908 959 4959 2⁴.
976 4913 1074 4971 pompei
1092 4912 1117 4960 F.
1139 4938 1165 4948 —
1189 4911 1357 4973 obponendum
1375 4914 1403 4962 Ε.
1424 4938 1450 4946 -
1477 4912 1518 4960 25.
1534 4925 1634 4973 purum
1653 4920 1750 4976 EFP.
1772 4953 1800 4963 -

454 4981 495 5030 26.
514 4995 560 5043 quc
577 4983 688 5032 omnium
704 4996 757 5033 om.
772 4984 800 5034 E.
815 5010 841 5018 -
862 4984 902 5032 39.
921 4998 1012 5032 ηουωη
1029 4986 1061 5033 E:
1081 4987 1193 5043 nouul'3
1212 4999 1275 5034 noco
1292 5000 1360 5035 more
1376 4984 1490 5038 ALEO.
1508 5013 1536 5021 -
1555 4986 1598 5039 30.
1617 4998 1649 5041 ut
1668 4998 1803 5053 eine„

454 5055 486 5103 L:
504 5056 590 5104 min
602 5058 642 5107 cui
658 5059 735 5108 ΕΒΑ
746 5059 779 5115 0;
798 5058 835 5106 uti
846 5083 883 5094 -·
894 5059 936 5119 qut
953 5072 1014 5108 cum
1027 5060 1069 5109 ed.
1084 5062 1184 5110 Iuntina
1197 5059 1223 5113 3.
1239 5088 1265 5096 -
1285 5060 1326 5110 34.
1342 5058 1467 5123 pructurc]
1482 5066 1603 5122 praetore
1617 5066 1647 5116 Ρ.
1662 5070 1696 5120 R,
1710 5073 1732 5123 Ε
1742 5075 1800 5127 pp,

456 5154 483 5164 -
500 5130 571 5196 serm]
592 5134 648 5195 ficri
664 5134 748 5184 EFP.
767 5159 794 5168 —
823 5134 862 5182 32.
881 5134 908 5197 ii]
932 5135 954 5184 ei
972 5137 998 5183 P.
1020 5160 1046 5168 -
1075 5135 1115 5184 33.
1134 5135 1222 5197 nuiics]
1239 5136 1266 5183 ni
1283 5135 1336 5183 iilos
1354 5136 1381 5183 Ε.
1403 5162 1430 5171 -
1456 5134 1660 5197 accenseam
1680 5146 1802 5201 Ernestii

455 5206 543 5266 operis
561 5207 581 5256 0
598 5210 625 5256 et
642 5206 765 5259 Klotzius.
784 5235 811 5244 -
834 5210 968 5272 ursmari.
987 5212 1019 5259 iii
1034 5211 1064 5271 is]
1082 5211 1243 5272 designaretis
1260 5210 1320 5264 Ei:
1347 5211 1509 5270 designaretis
1528 5212 1549 5261 is
1569 5214 1599 5265 P.
1630 5242 1662 5255 -
1691 5221 1737 5274 34,
1756 5226 1802 5289 qus

456 5280 522 5346 quod
538 5279 693 5332 Lambinus:
712 5282 962 5346 quaesiissem
982 5286 1025 5347 cui
1042 5285 1102 5351 quid
1118 5297 1179 5336 cum
1197 5285 1239 5336 ed.
1259 5283 1350 5336 Aldina
1368 5282 1422 5339 Li.
