4367 6109
433 517 496 587 242
798 523 841 590 m
860 523 1026 590 VERREM
1047 518 1171 590 ACTIO
1194 525 1377 594 SECUNDA

431 692 576 779 nequitia
605 712 672 755 nou
700 690 803 755 solum
828 692 926 757 libido
953 701 985 758 et
1004 692 1174 784 uoluptas,
1201 718 1312 762 verum
1339 697 1434 762 etiam
1462 697 1564 781 ipsius
1585 699 1747 784 nequitiae

430 787 514 855 4000
541 787 691 862 delectat,
718 793 756 850 ut
782 787 890 851 multis
918 788 952 850 iu
980 788 1058 853 locis
1079 799 1172 854 notas
1193 810 1231 855 00
1252 792 1386 875 vestigia
1408 812 1537 855 suorum
1558 789 1749 876 flagitiorum

429 884 568 969 relinqui
588 882 697 947 velint
741 876 812 944 446.
840 881 979 945 Ardebat
998 902 1106 948 amore
1127 884 1214 949 illius
1234 885 1396 969 hospitae,
1425 895 1555 970 propter
1575 908 1672 972 quam
1691 889 1750 951 ho·

429 979 516 1062 spitii
537 978 606 1040 iura
626 976 769 1040 violarat.
811 976 878 1040 400
900 998 964 1041 000
986 977 1089 1041 00400
1113 979 1186 1042 sciri
1208 987 1289 1055 tum,
1311 1000 1421 1044 verum
1443 983 1538 1045 etiam
1561 1001 1752 1047 commemo-

405 1072 490 1137 erari
512 1090 637 1154 semper
657 1070 794 1135 volebat.
837 1072 948 1155 ltaque
970 1092 1010 1136 ex
1031 1072 1086 1136 illa
1112 1073 1181 1157 ipsa
1202 1094 1254 1149 re,
1288 1095 1384 1158 quam
1405 1084 1573 1156 accusante
1593 1077 1752 1160 Agathino

428 1172 588 1249 gesserat,
605 1165 722 1229 Veneri
743 1164 943 1247 potissimum
966 1165 1075 1230 deberi
1096 1168 1271 1250 praemium
1293 1169 1418 1246 statuit,
1441 1191 1523 1254 quae
1545 1170 1632 1234 illam
1653 1179 1752 1236 totam

427 1260 662 1324 accusationem
684 1257 902 1342 iudiciumque
924 1261 1084 1324 condarat.
1120 1262 1266 1324 Putarem
1287 1269 1318 1325 te
1341 1272 1464 1346 gratum
1485 1267 1519 1327 40
1535 1264 1627 1340 deos,
1649 1266 1675 1328 si
1690 1266 1752 1328 hoc

428 1353 546 1418 donum
567 1353 683 1418 Veneri
705 1372 770 1416 non
793 1352 833 1415 de
856 1353 980 1416 Sthenii
1000 1355 1093 1418 bonis
1116 1355 1277 1431 dedisses,
1299 1358 1355 1420 sed
1377 1357 1417 1422 de
1442 1359 1523 1434 tuis,
1546 1357 1631 1444 quod
1646 1358 1752 1422 iacere

427 1447 582 1522 debuisti,
603 1447 791 1529 praesertim
812 1467 884 1509 cum
906 1447 962 1509 tibi
985 1447 1040 1511 illo
1062 1449 1133 1532 ipso
1155 1469 1239 1514 auno
1263 1471 1283 1515 0
1304 1452 1477 1517 Chelidone
1499 1454 1640 1518 venisset
1660 1454 1751 1516 here·

389 1541 518 1610 reditas.
562 1535 634 1604 447.
656 1540 715 1603 llic
737 1560 812 1624 ego,
835 1540 863 1604 si
883 1539 965 1604 hanc
987 1560 1115 1609 causam
1137 1563 1201 1607 nou
1223 1547 1366 1609 000400
1380 1547 1560 1610 Siculomm
1574 1554 1688 1629 rogatu
1701 1567 1753 1609 re-

426 1637 597 1722 cepissem,
626 1634 653 1698 si
680 1633 742 1698 hoc
764 1655 783 1699 0
805 1655 855 1699 00
877 1636 1016 1699 muneris
1038 1656 1102 1701 000
1125 1639 1274 1704 universa
1294 1641 1458 1724 provincia
1479 1642 1693 1723 poposcisset,
1723 1640 1752 1704 04

425 1754 476 1800 00
504 1733 629 1798 animus
656 1737 753 1814 atque
782 1749 868 1794 amor
895 1731 928 1793 40
957 1751 1024 1793 rem
1051 1731 1210 1813 publicam
1232 1734 1487 1818 existimatioque
1510 1737 1630 1800 0440000
1650 1735 1752 1800 nostri

426 1827 547 1893 ordinis
577 1846 615 1890 ac
643 1824 835 1888 iudiciorum
862 1845 925 1888 non
952 1824 1014 1890 hoc
1043 1827 1149 1891 lacere
1179 1829 1333 1910 coegisset
1354 1835 1450 1912 atque
1470 1829 1550 1894 haec
1571 1851 1636 1895 000
1657 1850 1753 1895 causa

424 1924 553 1999 luisset,
584 1920 671 2006 quod
704 1920 841 1984 amicum
867 1927 963 2003 atque
994 1919 1151 2005 hospitem
1172 1942 1278 1986 meum
1300 1922 1485 1999 Sthenium,
1518 1945 1613 2008 quem
1635 1944 1696 2008 ego
1717 1925 1752 1986 in

386 2025 598 2103 tequaestura
628 2035 699 2079 mea
731 2014 932 2096 singulariter
963 2013 1163 2091 dilexissem,
1196 2016 1236 2079 de
1269 2036 1332 2100 quo
1361 2018 1479 2100 optime
1512 2019 1752 2093 existimassem,

427 2133 522 2200 quem
544 2113 577 2174 40
599 2109 764 2195 provincie
785 2109 1027 2173 existimationis
1049 2128 1139 2172 0000
1161 2109 1428 2174 studiosissimum
1444 2112 1754 2196 cupidissimumque

426 2226 628 2292 cognossem,
649 2213 715 2268 tam
737 2202 922 2278 crudeliter,
943 2203 1094 2267 scelerate
1116 2204 1301 2287 nefarieque
1322 2213 1507 2269 tractasses:
1528 2215 1635 2269 40000
1656 2204 1754 2288 digna

427 2299 719 2374 causarideretur,
741 2318 798 2361 cur
819 2296 1001 2360 iuimIcitias
1020 2296 1158 2361 hominis
1173 2297 1399 2381 improbissimi
1412 2299 1623 2384 susciperem,
1645 2307 1682 2363 ut
1694 2300 1754 2362 ho-

427 2397 517 2482 spitis
545 2396 678 2460 salutem
698 2393 905 2475 fortunasque
935 2390 1147 2455 defenderem.
1190 2387 1263 2454 448.
1291 2394 1447 2457 Fecerunt
1473 2394 1535 2458 hoc
1556 2395 1646 2458 multi
1668 2394 1752 2478 apud

390 2492 561 2556 atmaiores
582 2495 725 2554 nostros:
746 2487 822 2550 40044
843 2486 938 2549 04400
959 2506 1060 2569 nuper
1079 2487 1176 2551 homo
1197 2487 1408 2562 clarissimus,
1432 2488 1487 2551 Cn.
1502 2489 1674 2565 Domitius,
1697 2489 1753 2572 qui

426 2587 469 2650 nt.
492 2584 653 2658 Silanum,
676 2581 876 2645 consularem
895 2580 1074 2655 hominem,
1097 2582 1257 2645 accusavit
1271 2590 1400 2665 propter
1413 2582 1622 2665 Aegritomari
1637 2585 1754 2646 Trans·

426 2679 526 2764 alpini
546 2677 684 2759 hospitis
705 2674 847 2738 iniurias.
890 2675 1037 2738 Putarem
1058 2695 1109 2738 00
1131 2675 1298 2750 idoneum,
1320 2676 1376 2758 qui
1399 2676 1578 2758 exemplum
1601 2695 1754 2760 sequerer

426 2771 633 2837 humanitatis
655 2776 751 2852 atque
773 2765 869 2832 044οἰ4
889 2788 1162 2852 proponeremque
1184 2788 1272 2852 spem
1287 2770 1365 2832 meis
1386 2767 1566 2853 hospitibus
1588 2791 1625 2834 ac
1642 2790 1754 2834 ueces-

428 2868 529 2943 sariis,
552 2885 617 2950 quo
640 2864 788 2927 tutiorem
809 2882 879 2925 sese
893 2864 990 2926 vitam
1011 2883 1082 2927 meo
1104 2864 1263 2946 praesidio
1279 2863 1414 2927 victuros
1431 2883 1501 2926 0000
1516 2864 1752 2927 arbitrarentur.

390 2961 508 3026 aeCum
529 2979 604 3024 vero
627 2958 661 3021 40
682 2956 898 3021 0000004400
920 2957 1046 3020 iniuriis
1060 2957 1158 3020 totius
1175 2957 1357 3041 provinciae
1372 2956 1494 3020 Sthenii
1515 2977 1643 3041 quoque
1658 2975 1754 3020 causa

429 3056 626 3122 contiueatm
657 3050 811 3135 multique
839 3070 903 3114 000
932 3058 1071 3134 tempore
1100 3070 1119 3114 a
1148 3071 1198 3115 me
1223 3050 1366 3134 hospites
1393 3058 1489 3133 atque
1514 3052 1607 3114 amici
1627 3051 1754 3136 publice

427 3150 639 3237 privatimque
662 3144 888 3209 defendantur:
910 3145 1050 3229 proiecto
1072 3146 1174 3209 vereri
1197 3165 1260 3210 000
1283 3145 1401 3219 debeo,
1423 3163 1465 3207 ue
1480 3145 1551 3227 quis
1565 3143 1643 3220 boo,
1667 3142 1754 3226 quod

426 3246 519 3320 40040,
540 3263 605 3308 000
619 3240 779 3305 existimet
800 3260 850 3303 me
871 3241 985 3303 summi
1008 3235 1104 3302 officii
1125 3239 1247 3304 ratione
1264 3238 1436 3322 impulsum
1457 3245 1666 3320 coactumque
1684 3256 1755 3298 sus-

430 3339 561 3423 cepisse.
603 3335 745 3399 XLVIII.
766 3334 869 3417 Atque
896 3333 1126 3416 utaliquando
1154 3332 1194 3398 de
1215 3333 1310 3398 rebus
1331 3333 1371 3396 ab
1393 3331 1454 3395 isto
1475 3333 1611 3414 coguitIs
1633 3331 1755 3393 iudica·

391 3432 535 3515 actisque
557 3436 589 3493 04
610 3430 650 3492 de
671 3428 795 3492 iudiciis
817 3427 897 3492 datis
919 3427 1025 3490 dicere
1047 3429 1234 3492 desistamus
1256 3436 1303 3504 04,
1327 3427 1478 3512 quoniam
1500 3427 1584 3489 iacta
1604 3426 1697 3489 istius
1719 3424 1754 3486 40

316 3553 318 3557 ’
428 3525 480 3590 his
508 3523 677 3609 generibus
704 3519 829 3584 infinita
854 3527 946 3596 0004,
974 3541 1033 3585 000
1055 3522 1185 3586 modum
1206 3523 1345 3605 aliquem
1366 3528 1398 3585 et
1420 3518 1514 3585 linem
1536 3522 1672 3585 orationi
1695 3539 1754 3583 no-

429 3626 513 3684 strae
535 3617 784 3698 criminibusque
805 3615 975 3678 faciamus:
997 3635 1100 3698 pauca
1121 3637 1162 3680 ex
1183 3617 1255 3681 aliis
1277 3616 1448 3699 generibus
1470 3634 1641 3680 sumemus.

513 3707 585 3773 449.
606 3710 749 3774 Audistis
771 3709 812 3772 ob
833 3709 883 3772 400
904 3709 1075 3773 dicendum
1098 3711 1137 3786 Q.
1152 3711 1282 3774 Varium
1304 3709 1411 3774 dicere
1431 3717 1654 3792 procuratores
1676 3729 1753 3774 0000

429 3806 483 3870 isti
504 3811 633 3869 centum
654 3803 782 3886 triginta
804 3802 891 3864 milia
915 3822 1079 3866 nummum
1102 3803 1247 3869 dedisse:
1275 3804 1463 3868 meministis
1487 3804 1525 3880 Q.
1548 3806 1637 3868 Varii
1665 3805 1754 3868 testi·

391 3899 573 3963 samonium
593 3918 724 3982 remque
745 3895 828 3961 hauc
848 3903 946 3959 totam
970 3897 1004 3960 C.
1027 3899 1224 3974 Sacerdotis,
1254 3899 1392 3963 hominis
1423 3898 1632 3975 ornatissimI,
1666 3900 1755 3963 testi·

428 3994 537 4057 monio
560 3992 777 4075 comprobari:
808 3990 896 4053 scitis
920 3991 974 4053 Cu.
998 3993 1152 4068 Sentium,
1182 3994 1223 4055 ll.
1246 3994 1404 4068 Modium,
1434 3993 1560 4077 equites
1582 3994 1755 4073 44000000,

428 4094 596 4152 sexcentos
617 4093 780 4168 praeterea
802 4084 887 4148 eires
909 4086 1068 4151 Romanos
1090 4087 1273 4170 multosque
1289 4087 1413 4149 Siculos
1435 4086 1557 4150 dlxisse
1579 4107 1613 4151 00
1628 4087 1680 4151 isti
1698 4108 1756 4170 pe·

428 4181 555 4244 000400
576 4180 617 4243 04
639 4180 689 4243 400
711 4178 882 4242 dicendum
904 4179 1039 4243 dedisse.
1081 4181 1129 4243 lle
1158 4200 1224 4264 quo
1247 4181 1378 4244 crimine
1401 4180 1481 4265 quid
1502 4200 1562 4264 ego
1583 4180 1754 4264 disputem,

492 4337 517 4387 4.
534 4350 603 4387 seror.
620 4338 681 4401 4403.
699 4334 725 4396 4,
742 4335 781 4384 V:
808 4335 927 4385 scelerum
942 4349 1044 4386 suorum
1061 4335 1110 4388 dtt.
1128 4336 1158 4387 0.
1178 4363 1207 4374 -
1225 4336 1249 4388 4.
1268 4338 1327 4387 ectri
1343 4336 1405 4402 tam]
1428 4337 1558 4400 rcire‘ptom
1573 4337 1608 4400 V;
1634 4339 1756 4402 scriptore

426 4409 495 4476 4344
512 4425 539 4477 p.
557 4424 594 4462 0.
616 4438 644 4447 -
664 4412 688 4462 6.
706 4411 871 4460 beatissimum
890 4411 975 4461 Venere·
991 4412 1022 4462 V.
1043 4438 1070 4449 -
1095 4413 1120 4463 7.
1136 4417 1260 4475 potorem
1276 4411 1396 4475 Igilii.
1416 4439 1443 4448 -
1468 4417 1491 4462 40
1507 4425 1561 4463 00.
1579 4413 1611 4478 V,
1629 4412 1679 4466 sed
1694 4427 1756 4479 gro·

425 4491 479 4536 400
494 4485 536 4536 440
553 4486 635 4550 pouit.
655 4513 682 4522 -
710 4487 750 4535 46.
770 4486 897 4550 0403444000
918 4486 987 4550 4344
1004 4501 1031 4551 p.
1049 4500 1086 4538 m.
1105 4489 1143 4548 bl,
1162 4501 1215 4538 000
1233 4485 1347 4552 improb.
1367 4489 1453 4537 Garat.
1471 4489 1502 4537 ll.
1522 4487 1581 4538 coll.
1598 4489 1704 4552 ocrem
1720 4486 1755 4539 nd

424 4561 483 4612 biv.
501 4563 544 4611 lll.
563 4561 603 4611 69.
623 4563 651 4611 04
668 4561 768 4612 Charis.
787 4574 814 4624 p.
833 4561 890 4611 434.
908 4561 994 4621 hlud,
1011 4561 1058 4612 ubl
1074 4564 1203 4627 04030400
1218 4576 1267 4627 pro
1283 4563 1420 4627 0403040440
1436 4561 1579 4627 40300400
1595 4564 1709 4617 videtur.
1724 4593 1753 4602 —

425 4637 466 4687 44.
484 4649 630 4701 cognoscere
645 4635 732 4700 4344;
750 4649 921 4700 cognoscerem
936 4639 958 4687 A
976 4638 1002 4685 et
1019 4635 1092 4686 multi
1110 4638 1158 4688 dtt.
1178 4665 1207 4676 -
1234 4638 1274 4688 48.
1290 4638 1418 4687 eldeum
1433 4636 1463 4698 4,
1482 4638 1554 4699 llo:
1581 4653 1635 4691 om.
1654 4641 1703 4692 dtt.
1724 4668 1753 4680 -·

424 4709 466 4762 44.
484 4711 607 4762 bominem
624 4710 655 4764 l:
673 4714 757 4762 einen
774 4712 821 4762 dtt.
840 4711 869 4762 0.
890 4740 918 4749 -
935 4712 1105 4775 Aegritomari
1121 4715 1156 4763 1²:
1183 4714 1336 4764 Acritomori
1351 4712 1437 4776 4344;
1453 4714 1611 4778 Epritomori
1626 4713 1705 4779 vulgo
1722 4717 1753 4767 0.

425 4784 458 4837 ci.
475 4787 560 4838 blein.
581 4787 605 4852 5.
624 4788 665 4837 67.
686 4814 714 4822 -
732 4787 773 4838 44.
791 4787 900 4851 hospitis]
918 4786 1024 4836 4004040
1039 4786 1108 4851 4344
1124 4801 1151 4852 p.
1170 4801 1207 4839 m.
1227 4816 1255 4824 -
1273 4787 1314 4839 44.
1333 4801 1384 4838 sere
1398 4788 1477 4838 044000
1494 4788 1528 4840 l:
1545 4803 1570 4840 0.
1588 4803 1639 4840 sere
1654 4788 1703 4842 (444
1722 4791 1752 4842 0.

426 4883 452 4899 ··
472 4861 513 4912 43.
530 4868 570 4912 me
586 4861 671 4925 4344;
699 4875 753 4913 00.
779 4863 909 4929 plerique.
935 4889 960 4901 -
990 4861 1030 4912 30.
1054 4869 1077 4913 04
1096 4864 1195 4913 iudiciis
1215 4862 1283 4927 4344
1305 4877 1332 4929 p.
1350 4875 1387 4914 m.
1412 4889 1441 4900 -
1468 4864 1509 4915 34.
1530 4877 1659 4916 manue
1674 4868 1703 4916 4.
1723 4893 1752 4902 -

423 4933 464 4984 33.
482 4935 611 4985 (44000400
627 4935 696 5000 4344
713 4952 740 5002 p.
758 4950 809 4989 m.:
836 4938 970 4988 44400600
986 4935 1043 4987 rell.
1062 4938 1091 4987 0.
1114 4964 1141 4975 -
1167 4939 1196 5000 o.
1218 4938 1344 4988 40404400
1359 4936 1392 4987 04.
1411 4938 1438 4988 40
1459 4950 1543 5002 marg.
1562 4939 1655 4992 4004.
1673 4940 1752 4999 44434ς

423 5015 543 5070 queritas
559 5010 627 5075 4344
644 5024 670 5077 p.
689 5025 726 5064 m.
744 5015 779 5064 44.
799 5040 827 5052 ·-
851 5012 891 5065 34.
910 5013 1016 5077 triptota
1032 5011 1101 5076 4344
1117 5026 1145 5077 p.
1163 5024 1211 5063 m.:
1230 5018 1253 5062 04
1268 5013 1327 5077 trtp.
1346 5015 1391 5063 ott.
1410 5013 1439 5062 0.
1460 5039 1488 5050 -
1514 5015 1543 5077 ο.
1564 5015 1658 5064 Valerii
1673 5013 1708 5065 el.
1726 5016 1755 5066 ln

422 5095 507 5150 marg.
525 5086 618 5138 4004).
632 5087 710 5151 teet,
728 5091 759 5140 ut
774 5092 816 5141 004
831 5090 858 5140 40
869 5089 938 5152 4344
953 5102 995 5153 pr.
1008 5101 1044 5139 0.
1060 5116 1087 5126 -
1107 5090 1148 5141 36.
1160 5089 1271 5140 sortirer»
1281 5089 1360 5153 4349,
1380 5092 1411 5141 04
1420 5089 1544 5139 videtur:
1561 5089 1668 5140 64044400
1683 5089 1755 5153 4344

420 5159 466 5222 [00
484 5174 516 5212 ex
532 5162 682 5227 semmoth
700 5163 829 5229 Sergiam,
846 5165 973 5227 60004400,
991 5164 1131 5214 serviam
1146 5165 1226 5230 4033.
1244 5164 1308 5226 dtt.;
1331 5166 1444 5216 8004400
1460 5166 1565 5231 Zumpt.
1584 5187 1612 5202 -
1635 5164 1676 5216 34.
1694 5179 1757 5216 4004-

421 5235 512 5301 emtor]
530 5235 582 5287 cl.
597 5250 621 5288 0.
640 5242 737 5288 certem
752 5237 822 5302 4344
837 5252 864 5305 p.
883 5251 920 5290 0.
937 5240 965 5276 -“-
983 5251 1009 5292 se
1025 5238 1095 5304 4344
1111 5253 1152 5304 φτ
1170 5253 1224 5293 00.
1244 5241 1288 5292 044.
1303 5266 1331 5277 -
1350 5240 1391 5293 33.
1408 5241 1540 5295 ctorem
1554 5240 1648 5307 40334
1666 5240 1758 5294 etme-

421 5308 482 5362 400
498 5310 527 5364 0.
550 5311 594 5366 Slc
609 5312 675 5367 4400
689 5327 718 5382 p.
736 5313 794 5380 443,
814 5314 839 5366 6.
