4367 6109
683 538 752 604 ns.
773 538 799 603 r.
828 536 903 607 cn.
925 538 1217 609 suu-xxvn.
1245 537 1303 626 33.
1325 537 1479 607 os-ro.
1686 537 1744 607 rsr

413 706 541 793 primus
566 714 601 774 et
625 707 891 774 honestissimus:
920 730 978 793 pro
1006 730 1041 773 se
1063 709 1201 795 quisque
1223 729 1337 775 manus
1359 711 1469 775 affert:
1502 731 1589 797 aqua
1610 711 1750 800 denique

413 800 553 867 ferventi
572 822 593 868 a
612 803 734 867 Rubrio
754 804 827 888 ipso
848 803 1052 867 Philodamus
1074 802 1287 886 perfunditur.
1330 805 1418 869 Haec
1438 805 1494 869 ubi
1516 803 1582 871 filio
1604 808 1750 871 nuntiata

414 902 508 973 sunt,
529 896 637 963 statim
658 897 920 961 exanimatus'ad
942 898 1037 961 aedes
1060 898 1241 973 contendit,
1262 906 1300 961 ut
1321 905 1354 962 et
1374 899 1458 963 vitae
1480 901 1580 983 patris
1602 908 1636 965 et
1655 900 1751 983 pudi-

414 989 510 1057 citiae
531 990 652 1056 sororis
674 997 882 1055 succurreret
927 989 1045 1054 Omnes
1074 991 1187 1054 eodem
1210 992 1317 1055 animo
1340 992 1567 1075 Lampsaceni,
1597 994 1693 1058 simul
1714 1001 1752 1058 ut

411 1083 477 1149 boo
500 1083 688 1161 andierunt,
711 1084 799 1169 quod
822 1103 878 1149 eos
901 1104 972 1147 cum
994 1084 1173 1147 Philodami
1196 1085 1351 1169 dignitas,
1378 1092 1447 1150 tum
1467 1086 1606 1153 iniuriae
1629 1088 1775 1171 magni-s

412 1177 492 1243 tudo
513 1179 676 1257 movebat,
698 1178 739 1242 ad
761 1177 857 1242 aedes
879 1184 976 1242 noctu
999 1184 1227 1242 convenerunt.
1260 1178 1320 1242 Hic
1342 1179 1436 1244 lictor
1457 1181 1549 1245 istius
1573 1181 1751 1257 Cornelius,

415 1270 475 1357 qni
500 1292 573 1355 cqun
599 1273 668 1337 eins
696 1273 797 1337 servis
826 1280 894 1335 erat
920 1292 940 1337 a
967 1271 1087 1335 Rubrio
1116 1271 1209 1356 quasi
1238 1272 1273 1335 in
1301 1274 1463 1357 praesidio
1485 1274 1525 1338 ad
1545 1274 1752 1340 auferendam

413 1365 583 1431 mulierem
605 1367 800 1441 collocatus,
822 1365 998 1440 occiditur,
1020 1365 1104 1429 servi
1118 1365 1267 1429 nonnulli
1282 1366 1507 1443 vulnerantur,
1528 1369 1598 1453 ipse
1612 1368 1751 1433 Rubrius

413 1460 450 1525 in
470 1460 564 1525 turba
584 1462 753 1525 sanciatur.
796 1459 877 1534 Iste,
904 1459 960 1544 qui
990 1477 1049 1523 sua
1070 1459 1246 1543 cupiditate
1269 1467 1375 1526 tantos
1396 1461 1552 1527 tumultus
1574 1463 1751 1529 concitatos

414 1556 553 1631 videret,
576 1574 693 1639 cupere
709 1554 819 1639 aliqua
833 1553 979 1628 evolare,
1003 1553 1031 1617 si
1049 1560 1170 1636 posset
1206 1553 1337 1617 xxvll.
1360 1550 1411 1616 68.
1432 1554 1591 1621 Postridie
1604 1557 1789 1621 bominesio

414 1649 565 1715 manain
587 1649 770 1714 contionem
792 1648 1005 1712 conveniunt:
1036 1655 1214 1733 quaerunt,
1237 1647 1316 1731 quid
1331 1648 1488 1730 optimum
1501 1648 1588 1714 factu
1610 1650 1669 1726 sit;
1691 1667 1752 1733 pro

413 1766 450 1811 se
471 1745 627 1830 quisque,
655 1749 692 1807 ut
719 1742 753 1807 in
776 1762 907 1827 quoque
930 1750 997 1805 erat
1018 1741 1218 1805 auctoritatis
1240 1740 1434 1823 plurimum,
1464 1742 1504 1805 ad
1526 1740 1683 1827 populum
1703 1740 1753 1806 lo·

415 1838 595 1925 quebatur;
616 1838 766 1901 inventus
789 1844 838 1901 cst
858 1856 968 1910 nemo,
992 1836 1085 1900 cuius
1110 1854 1175 1897 non
1196 1834 1276 1899 baec
1298 1843 1332 1899 et
1351 1835 1513 1915 sententia
1527 1842 1612 1901 esset
1632 1842 1665 1900 et
1682 1855 1753 1901 ora·

415 1933 480 1998 tio:
510 1933 609 1996 «Non
637 1950 707 1995 esse
729 1931 954 2005 metuendum,
981 1930 1009 1992 si
1040 1929 1133 1992 istius
1156 1929 1314 1992 nefarium
1336 1928 1440 1994 scelus
1462 1930 1670 2013 Lampsaceni
1692 1928 1752 1994 ulti

416 2027 449 2090 vi
470 2046 634 2112 manuque
656 2034 780 2101 essent,
810 2046 851 2088 ne
873 2032 1003 2089 senatus
1031 2024 1237 2106 populusque
1259 2024 1421 2087 Romanus
1443 2024 1477 2086 in
1499 2044 1569 2089 eam
1593 2024 1752 2088 civitatem
1760 2042 1790 2093 ts

416 2119 730 2189 animadvertendum
761 2125 898 2204 putaret.
942 2116 1038 2194 Quod
1068 2118 1096 2181 si
1124 2116 1187 2179 boc
1217 2117 1287 2181 iure
1309 2116 1406 2199 legati
1427 2119 1541 2203 populi
1562 2118 1697 2183 Romani
1718 2117 1754 2181 in

417 2213 522 2281 socios
550 2214 764 2297 nationesque
791 2219 916 2276 exteras
944 2219 1126 2288 uterentur,
1153 2219 1190 2274 ut
1219 2211 1409 2295 pudicitiam
1431 2212 1604 2278 liberorum
1625 2233 1753 2279 servare

417 2307 457 2374 ab
478 2326 592 2373 eorum
614 2305 747 2371 libidine
769 2313 871 2369 tutam
893 2325 959 2369 non
981 2306 1107 2381 liceret,
1140 2304 1269 2389 quidvis
1291 2324 1362 2369 esse
1384 2306 1510 2390 perpeti
1531 2309 1633 2373 satius
1656 2328 1753 2395 quam

417 2403 451 2467 in
472 2406 560 2466 muta
582 2400 614 2464 vi
636 2407 732 2485 atque
755 2400 927 2464 acerbitate
948 2400 1099 2462 versari.»
1134 2396 1185 2461 69.
1208 2400 1295 2461 llaec
1318 2419 1390 2463 cum
1412 2420 1523 2464 omnes
1545 2403 1700 2467 sentirent
1722 2410 1755 2469 et

417 2518 488 2561 cum
521 2496 556 2559 in
585 2514 656 2559 eam
683 2494 842 2569 rationem
869 2514 929 2577 pro
958 2514 1017 2557 suo
1046 2493 1184 2577 quisquc
1214 2513 1311 2558 sensu
1343 2512 1380 2557 ac
1409 2493 1520 2557 dolore
1547 2495 1791 2582 loqueretur,to

417 2610 528 2655 omnes
549 2587 590 2653 ad
612 2610 682 2653 eam
705 2587 850 2664 domum,
873 2588 907 2651 in
929 2608 995 2671 qua
1009 2587 1069 2651 iste
1090 2587 1331 2661 deversabatur,
1354 2587 1488 2672 profecti
1504 2596 1596 2653 sunt:
1620 2591 1754 2654 caedere

418 2684 548 2749 ianuam
569 2685 674 2758 saxis,
695 2684 814 2746 instare
835 2683 937 2757 ferro,
960 2682 1047 2764 ligna
1061 2688 1093 2744 et
1108 2690 1267 2744 sarmenta
1281 2681 1478 2746 circumdare
1493 2683 1665 2769 ignemque
1680 2683 1754 2749 sudr-

416 2778 513 2845 iicere
536 2784 721 2862 coeperunt.
758 2779 839 2839 Tum
862 2777 947 2840 cives
963 2775 1115 2850 Romani,
1138 2776 1194 2860 qui
1209 2775 1377 2857 Lampsaci
1391 2777 1655 2860 negotiabantur,
1678 2798 1755 2842 con-

416 2880 569 2939 currunt:
604 2878 698 2935 orant
723 2869 976 2954 Lampsacenos,
1011 2877 1047 2933 ut
1074 2871 1200 2953 gravim
1231 2871 1317 2954 apud
1350 2890 1406 2934 eos
1434 2891 1551 2935 nomen
1583 2872 1753 2956 legationis

416 2987 515 3053 quam
536 2966 655 3029 iniuria
676 2964 772 3048 legati
794 2970 982 3047 putaretur3
1010 2984 1080 3026 sese
1103 2963 1281 3047 intelligere
1303 2962 1468 3029 bominem
1488 2965 1580 3030 illum
1602 2986 1673 3031 esse
1694 2967 1793 3037 imas

420 3080 537 3147 purum
560 3080 597 3124 ac
619 3058 794 3133 nefarium,
824 3056 881 3120 sed
907 3058 1060 3141 quoniam
1082 3077 1141 3120 nec
1163 3057 1367 3141 perfecisset,
1391 3058 1480 3142 quod
1503 3067 1636 3124 conatus
1658 3067 1753 3138 esset,

416 3175 522 3240 neque
550 3153 678 3217 futurus
707 3159 792 3216 esset
820 3151 986 3234 Lampsaci
1008 3158 1137 3234 postea,
1165 3151 1268 3215 levius
1290 3171 1401 3215 eorum
1422 3160 1591 3234 peccatum
1611 3151 1696 3228 fore,
1724 3154 1751 3217 si

416 3250 540 3315 bomini
563 3247 718 3312 scelerato
739 3247 974 3331 pepercissent,
997 3264 1093 3328 quam
1116 3245 1143 3307 si
1165 3245 1268 3327 legato
1289 3264 1354 3307 non
1375 3246 1603 3329 pepercissent
1633 3242 1684 3308 70.
1700 3245 1754 3311 Sic

417 3346 477 3408 iste
498 3343 602 3406 multo
625 3339 812 3405 sceleratior
833 3348 864 3402 et
885 3339 1022 3423 nequior
1045 3357 1141 3421 quarn
1163 3338 1217 3402 ille
1239 3338 1436 3414 Hadrianus,
1470 3339 1634 3423 aliquanto
1657 3340 1753 3403 etiam

417 3436 544 3501 felicior
563 3435 645 3499 fuit:
667 3435 740 3509 ille,
765 3433 854 3519 quod
877 3434 945 3496 eius
960 3432 1126 3496 avaritiam
1141 3431 1226 3495 cives
1241 3432 1377 3495 llomani
1391 3432 1474 3496 ferre
1489 3453 1554 3497 non
1568 3441 1791 3519 potuerunt‚ao

417 3531 526 3601 Uticae
548 3528 635 3594 domi
657 3549 734 3594 suae
756 3529 849 3593 vivus
872 3534 1004 3591 exustus
1026 3534 1083 3602 est,
1106 3525 1203 3609 idque
1225 3526 1273 3589 illi
1287 3527 1400 3590 merito
1420 3527 1575 3591 accidisse
1590 3529 1753 3615 existima-

482 3839 507 3888 4.
525 3836 626 3901 prtmus
647 3833 727 3887 codd.
750 3833 783 3885 cl.
803 3835 907 3899 Zumpt.
926 3833 961 3885 ed
978 3834 1004 3885 b.
1023 3833 1040 3885 4.
1059 3837 1087 3884 ct
1103 3832 1139 3883 ad
1154 3834 1198 3885 lv,
1216 3833 1242 3897 5.
1260 3833 1309 3884 to:
1336 3833 1479 3895 periodos
1502 3834 1570 3885 Non.
1593 3845 1622 3898 p.
1640 3833 1697 3887 347.
1717 3834 1751 3887 cf.

418 3913 444 3978 S.
463 3911 504 3965 44.
523 3913 580 3965 435.
600 3912 656 3962 iou.
676 3912 707 3961 ll.
727 3910 751 3975 5.
764 3910 805 3960 8t.
824 3911 866 3959 444.
885 3909 909 3972 5.
929 3910 984 3959 rat.
1005 3909 1062 3959 436.
1082 3907 1157 3965 alibi;
1176 3909 1285 3971 aptiores
1300 3923 1325 3969 ς.
1353 3909 1439 3960 Unum
1455 3905 1519 3957 illud
1536 3909 1626 3960 tamen
1643 3909 1754 3961 offendit

418 3988 444 4039 in
467 3986 546 4040 codd.
569 3988 715 4052 scriptura,
742 3982 815 4049 quod
832 3981 930 4034 Tullius
948 3996 1023 4035 vrnvr
1035 3984 1191 4047 primarium
1215 3986 1243 4035 et
1257 3995 1377 4034 norrun
1390 3984 1503 4045 mum
1519 3982 1610 4035 dicere
1627 3982 1704 4036 solet.
1725 4012 1752 4022 —

417 4064 600 4114 missuum
616 4058 774 4124 6334344ε
793 4061 866 4109 tomo
882 4060 973 4109 tonost.
993 4061 1060 4109 Non.
1078 4058 1095 4109 4.
1116 4057 1132 4109 4.
1152 4058 1200 4110 dtt.
1219 4060 1248 4109 0.
1278 4059 1367 4110 secuti
1383 4057 1493 4123 quidem
1510 4071 1603 4110 sumus
1617 4059 1645 4110 b.
1658 4057 1675 4109 4.
1688 4059 1755 4124 opti·

417 4150 524 4190 morum
541 4136 621 4187 codd.
640 4137 840 4194 auctoritatem
862 4134 911 4185 sed
929 4133 1003 4185 facile
1021 4134 1079 4185 fieri
1097 4135 1197 4199 potuit,
1216 4136 1246 4183 ut
1262 4136 1372 4198 propter
1387 4135 1536 4198 primarum
1552 4132 1700 4185 litterarum
1717 4135 1754 4186 si·

417 4213 594 4267 militudinem
610 4211 762 4263 librariusa
779 4212 868 4276 priore
885 4211 920 4261 ad
936 4211 1070 4277 posterius
1081 4209 1195 4261 verbum
1213 4208 1290 4261 oculo
1307 4209 1437 4261 aberrans
1454 4209 1517 4261 iilud
1534 4211 1677 4262 omitteret.
1706 4212 1754 4263 At-

418 4303 470 4354 que
488 4288 652 4355 deteriorum
668 4285 747 4337 codd.
766 4286 898 4350 scriptura
916 4298 968 4335 non
986 4284 1072 4336 solum
1089 4285 1164 4335 Nonii
1182 4286 1338 4336 auctoritate
1356 4285 1493 4348 firmatur,
1511 4284 1560 4336 sed
1578 4286 1753 4337 commenda-

417 4365 518 4414 tionem
535 4363 615 4413 etiam
632 4360 715 4411 habet
731 4374 779 4420 eo,
793 4361 874 4425 quod
898 4361 991 4411 Cicero
1008 4358 1139 4410 vocabula
1160 4360 1201 4410 tir
1216 4361 1243 4408 et
1259 4359 1331 4408 bomo
1347 4372 1429 4425 saepe
1446 4361 1486 4411 sic
1503 4361 1638 4424 coniungit
1657 4363 1707 4423 (ex.
1727 4374 1751 4412 c.

417 4440 528 4491 Divinat.
548 4438 572 4502 Β.
586 4438 627 4487 56.
640 4450 667 4502 p.
681 4438 758 4487 Rosc.
777 4436 853 4486 Com.
867 4435 891 4498 ἓ.
906 4436 945 4487 43.
964 4450 990 4500 p.
1004 4437 1088 4487 Deiot.
1109 4436 1133 4500 5.
1147 4436 1188 4485 46.
1202 4435 1256 4486 Fin.
1267 4436 1298 4486 44.
1311 4436 1335 4499 5.
1347 4436 1414 4499 449.)
1427 4438 1455 4487 et
1466 4436 1628 4488 adiectlvnm
1638 4438 1756 4487 demtis·

416 4515 493 4565 simm
503 4513 559 4565 fere
572 4524 681 4576 semper
690 4511 805 4572 bominis,
819 4525 871 4561 non
882 4512 933 4561 oiri
948 4511 1033 4562 verbo
1045 4512 1204 4575 adiungit·
1223 4511 1248 4561 4.
1260 4517 1332 4562 aaut.
1350 4518 1407 4561 neat
1421 4511 1475 4576 tilio
1486 4512 1519 4563 Gi
1535 4515 1627 4563 contra
1639 4512 1753 4563 Nonium

416 4587 434 4640 4.
443 4587 493 4640 4.-
504 4588 529 4640 3.
542 4588 612 4639 aedis
622 4589 688 4638 Non.
701 4599 729 4652 p.
741 4586 831 4638 464-
842 4585 867 4636 4.
880 4586 954 4636 simut
962 4586 998 4648 ot]
1010 4600 1035 4637 v.
1048 4586 1135 4637 Madv.
1148 4585 1182 4636 de
1195 4586 1248 4637 Pin.
1262 4600 1289 4651 p.
1302 4587 1392 4637 463-
1405 4588 1431 4638 5.
1444 4587 1580 4637 audimini
1591 4587 1623 4636 64
1637 4587 1679 4647 ic
1691 4586 1752 4650 433.

417 4666 526 4731 praeter
541 4663 591 4716 ii:
610 4663 760 4713 audiverunt
779 4659 812 4711 al.
831 4662 860 4711 0.
882 4689 909 4698 -
928 4674 984 4710 cuin
1002 4661 1112 4724 gigno:
1132 4665 1185 4710 taen
1202 4662 1264 4712 644
1281 4663 1329 4714 dtt.
1349 4664 1378 4714 0.
1392 4691 1419 4700 -
1439 4663 1480 4713 46.
1498 4663 1584 4725 6443440
1595 4661 1648 4720 4.(4ς
1667 4662 1755 4725 aliquia

414 4745 490 4804 porte
506 4738 583 4803 4344.
604 4765 631 4774 -
650 4738 760 4787 tumim
775 4749 849 4786 moue
866 4737 898 4785 64
911 4732 1026 4797 alge:
1055 4750 1130 4787 mooe
1145 4738 1210 4787 bom,
1229 4736 1278 4788 dtt.
1297 4739 1326 4789 0.
1347 4766 1374 4775 —
1394 4740 1435 4789 44.
1453 4739 1602 4789 conveniunt
1619 4739 1651 4788 64
1664 4737 1751 4800 acc:

416 4814 518 4866 omioni
535 4812 583 4863 dtt.
602 4814 631 4863 0.
652 4839 680 4850 -
697 4814 794 4877 [actum
811 4813 843 4863 64
857 4812 940 4873 4349ς
957 4812 1028 4875 facto
1044 4814 1136 4863 tuetur
1152 4814 1232 4863 ctiam
1249 4815 1279 4864 A.
1295 4840 1322 4849 -
1343 4813 1382 4864 44.
1401 4814 1428 4864 in
1445 4827 1544 4878 quoquo
1561 4812 1609 4865 dtt.
1631 4811 1664 4863 cf.
1682 4813 1755 4864 lieu-

417 4890 484 4952 sing.
503 4886 538 4939 ad
555 4887 602 4937 044.
622 4889 641 4938 l.
661 4888 701 4949 ⁴5,
721 4889 746 4937 4.
767 4913 794 4922 -
814 4888 855 4937 43.
873 4891 897 4936 et
913 4886 980 4935 ratio
997 4886 1033 4936 64
1041 4898 1067 4943 ς.
1090 4889 1124 4938 At
1141 4888 1174 4939 cf.
1192 4889 1335 4950 uenerant
1351 4890 1375 4953 5.
1394 4890 1435 4940 69.
1454 4891 1510 4942 init.
1531 4917 1558 4927 -
1577 4889 1618 4938 44.
1636 4887 1755 4940 ᾶουονεα·

418 4962 493 5013 botnr
513 4975 546 5023 5:
571 4961 746 5013 doermbmw
767 4963 828 5012 644
845 4963 950 5026 8ng.;
973 4962 1122 5013 vetabatur
1138 4964 1170 5015 44.
1189 4965 1266 5016 blein.
1298 4965 1336 5016 ct.
1357 4966 1381 5029 5.
1401 4965 1442 5017 64.
1461 4966 1502 5017 78.
1523 4991 1549 4998 -
1573 4963 1676 5013 caedere
1692 4977 1752 5029 sqq.

418 5039 485 5089 Non.
508 5049 535 5101 p.
553 5037 611 5087 444.
629 5038 715 5087 liufrn.
734 5038 753 5087 4.
772 5037 813 5087 36.
835 5064 861 5072 -
881 5037 922 5086 44.
940 5041 964 5086 et
981 5049 1034 5088 om.
1053 5038 1090 5088 64
1100 5037 1146 5089 Ld.
1167 5065 1194 5073 -
1213 5039 1332 5091 subiicere
1348 5037 1365 5089 4
1382 5039 1446 5091 du:
1471 5041 1566 5089 wesen
1581 5036 1700 5090 mtiicm
1716 5041 1749 5090 64

419 5113 499 5175 acc.
518 5111 556 5164 Cf.
575 5113 660 5164 Hand.
680 5113 754 5165 Turs.
773 5114 804 5163 ll.
823 5126 850 5178 p.
863 5112 894 5162 69
909 5125 950 5175 sq.
972 5139 999 5149 -
1024 5111 1064 5163 43.
1083 5117 1142 5162 tunc
1158 5115 1191 5163 64
1203 5115 1253 5175 43.
1274 5142 1301 5152 -
1320 5116 1361 5166 49.
1379 5116 1506 5166 Adrianus
1521 5113 1647 5165 victorin.
1665 5126 1692 5179 p.
1711 5112 1751 5165 36.

420 5187 505 5240 liuiln.
523 5189 543 5240 l.
562 5188 602 5240 34.
622 5186 695 5253 [item
711 5192 733 5239 A
749 5187 776 5237 h.
791 5188 819 5250 l.,
838 5188 897 5239 cod.
916 5188 974 5237 Vat.
993 5188 1019 5237 tn
1037 5186 1113 5238 Verr.
1126 5189 1157 5239 V.
1176 5188 1200 5252 5.
1214 5188 1255 5241 94.
1274 5191 1381 5242 Orosius
1399 5189 1430 5240 V.
1447 5186 1500 5253 46]
1515 5216 1543 5226 -
1561 5187 1603 5239 34.
1618 5190 1754 5250 portentat

421 5261 484 5324 633
499 5260 548 5316 ab:
570 5268 708 5331 potuerant
724 5262 758 5317 al.
776 5264 824 5317 dtt.
842 5265 872 5317 Ο.
892 5289 921 5301 -
939 5262 981 5314 34.
998 5262 1037 5314 illi
1053 5262 1131 5326 aas:
1150 5264 1189 5317 tto
1203 5264 1241 5317 4444
1260 5264 1308 5317 dtt
1326 5264 1356 5315 0.
