4367 6109
443 578 504 644 652
855 574 1008 639 ouarlo
1030 573 1109 639 PRO
1133 573 1168 639 C.
1188 574 1352 639 RABIRIO

443 770 515 814 esse
542 746 789 819 arbitrabantur,
817 763 902 807 arma
931 744 1105 827 cepissent:
1137 743 1212 827 quid
1234 743 1361 807 tandem
1385 743 1418 808 C.
1440 743 1574 807 Rabirio
1597 743 1796 808 iaciendum

444 843 525 905 suist
568 834 619 900 Pl.
641 841 687 901 De
710 845 740 900 te
762 839 844 921 ipso,
865 839 1011 921 inquam,
1033 838 1180 912 Labiene,
1203 857 1339 921 quaero:
1361 857 1431 900 cum
1452 837 1494 900 ad
1515 858 1610 902 mma
1634 838 1796 902 consules

446 956 487 999 ex
517 939 644 995 senatus
672 932 815 994 consulto
843 933 1059 1006 vocavissent,
1089 952 1159 994 cum
1185 939 1321 995 armatus
1351 934 1393 994 bl.
1421 931 1597 1006 Aemilius,
1633 933 1795 1016 princeps

445 1033 590 1098 senatus,
617 1027 650 1088 in
680 1025 810 1087 comitio
838 1025 1047 1100 constitisset,
1077 1026 1132 1108 qui
1162 1047 1233 1088 cum
1261 1026 1384 1107 ingredi
1412 1027 1466 1088 vix
1488 1032 1620 1110 posset,
1656 1045 1728 1088 non
1751 1025 1793 1088 ad

424 1118 679 1202 einsequendum
708 1118 769 1180 sibi
799 1118 976 1181 tarditatem
1006 1118 1139 1201 pedum,
1173 1119 1228 1181 sed
1259 1119 1299 1182 ad
1328 1118 1513 1201 fugiendum
1545 1118 1792 1202 impedimento

444 1214 512 1277 iore
534 1212 680 1296 putabat3
709 1231 779 1273 cum
803 1211 941 1295 denique
969 1212 1007 1287 Q.
1030 1212 1198 1286 Scaevola,
1225 1211 1387 1276 coniectus
1415 1219 1600 1287 senectute,
1634 1214 1791 1295 perditus

445 1308 573 1378 morbo,
600 1324 729 1366 mancus
751 1313 783 1366 et
804 1304 952 1367 membris
975 1306 1121 1368 omnibus
1143 1315 1252 1389 captus
1275 1326 1311 1368 ae
1333 1306 1462 1380 debilis,
1491 1306 1601 1369 hastili
1627 1307 1733 1371 nixus
1757 1315 1792 1370 et

445 1400 541 1465 animi
563 1400 626 1462 vim
657 1405 689 1460 et
716 1395 926 1461 infirmitatem
957 1400 1099 1481 corporis
1129 1400 1327 1475 ostenderet;
1357 1421 1427 1462 cum
1450 1400 1484 1462 L.
1507 1400 1682 1475 Metellus,
1714 1402 1789 1465 Ser.

446 1493 562 1566 Galba,
596 1491 628 1553 C.
660 1493 828 1564 Serranus,
857 1491 890 1553 P.
920 1492 1072 1566 Rutilius,
1102 1492 1136 1554 C.
1165 1493 1318 1566 Fimbria,
1349 1492 1388 1568 Q.
1418 1494 1549 1557 Catulus
1579 1515 1788 1579 omnesque,

410 1588 503 1672 ioqui
526 1596 592 1649 tum
631 1591 734 1658 amnt,
764 1584 945 1647 consulares
979 1607 1035 1668 pro
1065 1585 1167 1647 salute
1197 1588 1354 1649 communi
1383 1607 1468 1649 arma
1496 1588 1679 1669 cepissent3
1710 1610 1789 1651 eum

445 1701 555 1743 omnes
581 1686 758 1762 praetores,
796 1685 908 1741 cuncta
935 1678 1083 1741 nobilitas
1116 1699 1153 1741 ac
1181 1680 1326 1742 iuventus
1357 1689 1550 1755 accurreret,
1587 1680 1648 1744 Cn.
1682 1691 1717 1745 et
1748 1684 1786 1745 L.

445 1774 588 1847 Domitii,
618 1774 653 1834 L.
677 1771 822 1845 Crassus,
854 1771 892 1847 Q.
914 1773 1052 1848 Mucius,
1084 1773 1117 1835 C.
1140 1773 1305 1846 Claudius,
1335 1774 1377 1836 bl.
1398 1776 1537 1848 Drusus;
1567 1795 1643 1838 cum
1668 1795 1787 1840 omnes

446 1868 583 1940 Octavii,
612 1864 746 1938 Metelli,
767 1865 859 1939 Iulii,
883 1866 996 1939 Cassii,
1020 1866 1171 1942 Catones,
1200 1867 1344 1949 Pompei,
1373 1888 1444 1929 cum
1467 1867 1502 1929 L.
1524 1866 1716 1950 Philippus,
1748 1870 1785 1932 L.

447 1961 570 2043 Scipio,
600 1980 670 2022 cum
700 1960 741 2021 M.
771 1959 927 2042 Lepidus,
949 1979 1020 2022 cum
1046 1961 1084 2021 D.
1106 1962 1237 2033 Brutus,
1267 1980 1338 2023 cum
1366 1960 1419 2021 bio
1447 1960 1516 2042 ipse
1543 1962 1579 2023 P.
1605 1962 1784 2037 Servilius,

409 2066 512 2137 usquo
535 2060 568 2115 tu
590 2053 796 2136 imperatore,
822 2053 979 2128 Labiene,
1006 2052 1165 2128 meruisti;
1197 2073 1268 2115 cum
1289 2052 1342 2115 bic
1364 2052 1403 2128 Q.
1426 2052 1572 2127 Catulus,
1601 2055 1784 2121 admodum

447 2156 513 2212 tum
536 2146 740 2219 adolescens,
771 2166 841 2209 cum
863 2148 915 2210 bic
938 2148 971 2209 C.
995 2147 1107 2220 Curio,
1138 2167 1208 2208 cum
1230 2146 1368 2228 denique
1390 2164 1500 2207 omnes
1522 2145 1696 2210 clarissimi
1719 2149 1784 2213 viri

447 2263 517 2305 cum
541 2240 722 2303 consulibus
745 2249 867 2303 essent:
890 2241 966 2324 quid
989 2240 1116 2303 tandem
1135 2240 1169 2301 C.
1183 2240 1344 2302 Rabirium
1357 2238 1460 2301 iacere
1476 2238 1648 2302 convenit?
1669 2248 1783 2304 unum

447 2335 602 2399 inclusum
631 2341 727 2416 atque
760 2332 901 2397 abditum
929 2336 1028 2398 latere
1057 2334 1090 2395 in
1120 2332 1244 2395 occulto
1274 2341 1370 2415 atque
1395 2331 1551 2414 ignaviam
1573 2353 1668 2397 suam
1690 2342 1784 2397 tene·

446 2432 571 2492 brarum
593 2449 630 2491 ac
653 2430 807 2510 parietum
829 2427 981 2492 custodiis
1011 2437 1134 2508 tegere,
1164 2446 1204 2488 an
1234 2426 1268 2488 in
1297 2426 1487 2509 Capitolium
1516 2445 1653 2509 pergere
1680 2437 1782 2512 atque

408 2543 438 2590 su
448 2524 491 2585 ibi
514 2544 548 2586 se
571 2542 641 2585 cum
665 2531 719 2584 tuo
742 2530 855 2605 patruo
879 2532 910 2584 et
931 2522 1044 2585 ceteris
1066 2522 1106 2583 ad
1128 2529 1261 2582 mortem
1290 2525 1418 2604 propter
1438 2520 1521 2582 vitae
1543 2520 1780 2603 turpitudinem

447 2615 699 2697 confugientibus
729 2619 939 2697 congregare?
972 2636 1012 2679 an
1045 2635 1115 2677 cum
1146 2615 1264 2686 Mario,
1300 2614 1434 2686 Scauro,
1470 2613 1597 2688 Catulo,
1631 2614 1778 2688 Metello,

447 2710 615 2783 Scaevola,
644 2730 715 2771 cum
738 2710 830 2772 bonis
860 2710 998 2792 denique
1021 2709 1167 2771 omnibus
1190 2708 1275 2769 coire
1299 2726 1364 2769 uon
1386 2705 1482 2769 modo
1505 2707 1634 2782 salutis,
1666 2727 1778 2771 venam

447 2806 539 2867 etiam
562 2802 693 2887 periculi
716 2804 920 2865 societatem?
944 2804 1033 2865 vlit.
1056 2799 1107 2863 PL.
1130 2804 1176 2863 Tu
1200 2801 1352 2883 denique,
1375 2800 1529 2874 Labiene,
1551 2801 1631 2883 quid
1653 2801 1776 2865 faceres

447 2897 501 2961 tali
524 2898 555 2959 in
579 2917 613 2959 re
635 2917 670 2959 ac
693 2900 853 2979 temporat
875 2916 946 2959 cum
968 2897 1110 2979 ignaviae
1132 2895 1214 2957 ratio
1239 2902 1269 2956 te
1291 2896 1324 2957 in
1346 2893 1450 2976 fugam
1473 2901 1568 2976 atque
1586 2896 1621 2957 in
1634 2897 1775 2960 latebras

410 2991 641 3073 seimpelleret,
670 2990 853 3072 improbitas
882 2999 913 3052 et
942 2990 1029 3052 furor
1056 2989 1090 3050 L.
1114 2988 1274 3050 Saturnini
1307 2988 1339 3049 in
1368 2987 1557 3069 Capitolium
1587 2997 1774 3064 arcesseret,

448 3085 594 3148 consules
616 3084 656 3147 ad
676 3083 798 3165 patriae
821 3083 953 3145 salutern
974 3103 1010 3145 ac
1032 3083 1208 3144 libertatem
1224 3091 1389 3144 vocarent:
1412 3101 1506 3164 quam
1521 3081 1650 3146 tandem
1665 3092 1776 3147 aucto-

447 3178 587 3252 ritatem,
617 3198 710 3261 quam
733 3197 860 3251 vocem,
887 3178 975 3239 cuius
998 3184 1115 3239 sectam
1137 3177 1244 3258 sequi,
1273 3176 1362 3237 cuius
1384 3176 1519 3257 imperio
1541 3195 1653 3259 parere
1674 3178 1775 3259 potis·

447 3273 561 3334 simum
584 3272 706 3334 velles‘l
728 3304 770 3315 -—
791 3271 940 3344 Patruus,
962 3271 1084 3354 inquit,
1114 3290 1202 3331 meus
1224 3290 1294 3330 cum
1318 3270 1488 3332 Saturnino
1509 3270 1578 3333 luit.
1600 3302 1644 3316 -
1666 3270 1775 3345 Quint

447 3372 536 3447 paler
558 3366 705 3447 quicum?
735 3362 834 3446 quid?
861 3364 1032 3447 propinqui
1063 3364 1177 3436 vestri,
1205 3365 1327 3446 equites
1356 3365 1509 3427 Romanii
1528 3364 1640 3447 ,quida
1671 3366 1776 3428 omnis

409 3458 651 3542 30praeiectura,
674 3458 772 3539 regio,
795 3457 940 3519 vicinitas
956 3461 1082 3520 vestra?
1107 3458 1209 3539 quid‘l
1231 3476 1305 3538 ager
1320 3458 1454 3519 Picenus
1468 3458 1645 3531 universus,
1669 3466 1776 3521 utrum

447 3552 648 3615 tribunicium
669 3551 806 3613 furorem
829 3572 868 3613 an
892 3553 1090 3614 consularem
1111 3550 1328 3613 auctoritatem
1352 3558 1478 3613 secutus
1494 3555 1563 3614 esti
1599 3548 1652 3614 23.
1677 3553 1777 3635 Equi·

448 3647 519 3709 dem
547 3646 608 3708 hoc
636 3645 774 3718 affirmo,
813 3645 898 3727 quod
928 3655 960 3707 tu
991 3666 1075 3707 nunc
1105 3645 1144 3706 de
1174 3652 1230 3706 tuo
1258 3652 1371 3726 patruo
1401 3646 1577 3727 praedicas,
1612 3646 1777 3709 neminem

447 3760 596 3822 umquam
618 3740 720 3801 adhuc
742 3740 781 3802 de
805 3759 838 3802 se
861 3760 930 3802 esse
953 3738 1149 3802 confessum:
1173 3758 1265 3800 nemo
1289 3746 1352 3811 est,
1374 3738 1517 3820 inquam,
1539 3739 1690 3803 inventus
1712 3749 1777 3803 tam

448 3834 646 3916 profligatus,
668 3842 731 3895 tam
753 3833 913 3916 perditus,
936 3842 998 3896 tam
1021 3833 1060 3894 ab
1083 3831 1168 3895 omni
1192 3851 1254 3893 non
1276 3831 1370 3893 modo
1391 3831 1574 3906 honestate,
1597 3832 1653 3896 sed
1678 3834 1777 3896 etiam

409 3926 649 3994 assimulatione
670 3927 844 3990 honestatis
866 3928 1013 4001 relictus,
1037 3928 1090 4010 qui
1113 3947 1147 3989 se
1168 3927 1201 3988 in
1219 3926 1373 4009 Capitolio
1396 3924 1493 3988 fuisse
1516 3947 1587 3989 cum
1603 3928 1776 3992 Saturnino

447 4019 607 4082 fateretur.
621 4054 663 4063 —
678 4021 718 4083 At
740 4020 800 4082 fuit
821 4028 925 4083 vester
938 4029 1077 4104 patruus.
1093 4055 1134 4064 -
1149 4020 1273 4093 Fuerit,
1296 4028 1327 4081 et
1340 4018 1437 4082 fuerit
1449 4020 1537 4084 nulla
1551 4019 1777 4103 desperatione

448 4132 552 4174 rerum
574 4133 720 4187 suarum,
751 4114 847 4177 nullis
873 4114 1055 4176 domesticis
1077 4113 1260 4177 vulneribus
1283 4121 1428 4189 coactus;
1458 4114 1621 4178 induxerit
1641 4135 1717 4178 eum
1740 4117 1776 4180 L.

449 4206 610 4269 Saturnini
632 4206 846 4281 familiaritas,
869 4216 904 4269 ut
926 4207 1092 4271 amicitiam
1115 4209 1243 4289 patriae*
1257 4216 1481 4291 praeponeret:
1503 4206 1665 4272 idcircone
1681 4228 1778 4293 opor·

513 4524 537 4573 6.
553 4522 666 4585 perditus
683 4521 761 4572 codd.
781 4524 831 4572 mei
851 4526 877 4574 et
894 4523 986 4587 reliqui
1001 4525 1055 4574 uoti
1067 4537 1175 4574 omnes:
1191 4525 1352 4586 praepeditus
1362 4524 1406 4574 ed.
1421 4523 1498 4585 tila,
1516 4525 1575 4574 LO.
1596 4524 1651 4575 lloc
1662 4529 1777 4577 Graevio

447 4597 556 4662 aliisque
573 4596 656 4647 levius
674 4596 791 4657 videtur,
815 4603 905 4648 contre
922 4598 979 4649 aliis
993 4601 1106 4662 perditus
1122 4602 1240 4649 nimium.
1271 4598 1389 4649 Valerius
1407 4601 1535 4649 Maximus
1552 4600 1593 4649 lli.
1613 4600 1644 4659 2,
1663 4602 1711 4662 ts,
1730 4609 1777 4666 qui

448 4689 494 4726 sua
514 4688 545 4724 ex
563 4675 614 4723 hoc
634 4671 692 4721 loco
716 4672 878 4736 desumpsit,
905 4673 1001 4723 habet:
1028 4674 1120 4736 Quibus
1141 4675 1225 4723 allatis
1247 4674 1336 4722 uuima
1355 4678 1475 4722 senectute
1494 4673 1631 4735 consectam
1652 4680 1677 4723 at
1696 4689 1779 4737 pocus

448 4751 571 4811 dilapsum
591 4761 682 4811 corpus
703 4748 784 4796 induit
804 4750 945 4810 spiculoque
966 4751 1068 4798 inuisus
1089 4755 1147 4798 acte
1168 4750 1234 4812 sores
1252 4751 1339 4798 curiae
1358 4750 1466 4798 constitit
1488 4751 1538 4798 etc.
1564 4774 1591 4783 -
1615 4749 1640 4797 9.
1663 4749 1779 4799 &aare

449 4824 515 4874 cik.
537 4850 562 4860 -
583 4821 887 4885 omnesquiebedeh
911 4827 937 4872 et
960 4824 974 4873 l
996 4825 1096 4873 Oxoun.
1123 4849 1148 4860 -
1174 4826 1213 4874 ⁴0.
1236 4838 1284 4885 pro
1305 4826 1383 4874 salute
1406 4825 1516 4873 omnium
1538 4822 1723 4883 abcdehx.
1749 4853 1777 4860 -

449 4899 488 4948 lt.
508 4897 562 4961 Cu]
580 4898 606 4947 C.
627 4897 706 4947 codd.
725 4897 814 4947 iidem.
831 4924 857 4932 -
873 4898 911 4946 tu.
930 4899 1033 4948 Domitii
1051 4901 1195 4949 Manutius:
1213 4901 1337 4949 Domitius
1348 4899 1425 4948 codd.
1439 4901 1492 4949 mei
1503 4901 1530 4947 et
1541 4897 1602 4947 edd.
1617 4901 1735 4952 veteres.
1748 4927 1776 4935 —

448 4975 542 5024 Metita
559 4975 584 5021 S.
599 4999 625 5006 —
640 4974 679 5022 ⁴3.
699 4973 785 5022 Octaui
802 4972 1023 5034 Saegiklmn.
1040 4975 1162 5024 -Cressi
1179 4973 1300 5024 bodei.
1315 5002 1341 5010 -
1355 4976 1453 5036 Pompei
1470 4972 1554 5024 ccd:
1573 4974 1776 5034 Pomueiicodd.

449 5047 505 5098 rell.
524 5049 581 5097 l.0.
603 5074 628 5084 -
650 5049 689 5097 ⁴5.
710 5051 738 5110 O.
757 5048 868 5098 Malodes
885 5061 908 5096 e.
930 5074 955 5080 -
977 5049 1016 5098 te.
1035 5054 1087 5098 tum
1105 5063 1157 5100 cur.
1178 5051 1202 5098 S.
1216 5077 1244 5085 -
1258 5051 1298 5099 il.
1318 5064 1375 5098 cum
1393 5052 1425 5100 ll.
1444 5052 1540 5099 &auro
1557 5049 1613 5098 SC.
1627 5074 1655 5083 -
1675 5050 1720 5099 25.
1738 5065 1780 5100 rs-

449 5122 547 5184 pslteret
564 5130 599 5185 ψ.
620 5149 647 5158 -
666 5124 707 5173 29.
727 5124 787 5186 quid
802 5123 877 5171 ciunt
891 5123 1027 5185 propinqui
1043 5125 1068 5173 k.
1091 5153 1117 5160 -
1136 5125 1214 5173 nostri
1235 5124 1377 5173 abcdeh
1401 5128 1427 5173 et
1444 5124 1458 5174 l
1476 5126 1575 5174 Oxonn.
1595 5149 1623 5158 -
1643 5123 1685 5173 33.
1704 5126 1737 5176 de
1753 5140 1780 5177 ss

449 5196 673 5259 STigiklmu,
692 5198 750 5248 cod.
770 5199 859 5248 Turn:
878 5200 907 5247 de
923 5210 973 5247 sete
989 5196 1045 5247 rell.
1064 5200 1153 5261 legg..
1172 5200 1229 5248 LO.
1249 5225 1275 5234 —
1295 5199 1334 5249 36.
1353 5204 1380 5248 ct
1396 5200 1445 5261 fuit
1461 5198 1503 5249 ad.
1521 5196 1614 5247 Aldina
1632 5199 1716 5249 sats:
1740 5202 1781 5264 e!-

448 5271 496 5334 tltit
512 5270 591 5321 codd.
611 5297 638 5306 —
656 5273 821 5336 suscitastis
837 5274 863 5323 l:
880 5272 1080 5337 [malesuada
1096 5270 1186 5332 ikln;
1203 5272 1408 5335 fuerittunello
1424 5274 1441 5322 S
1458 5269 1557 5323 etrell.
1576 5272 1657 5336 lagg.
