4367 6109
475 565 518 635 98
894 566 1045 632 oaar10
1067 567 1146 631 PRO
1167 567 1211 632 lt.
1232 568 1380 632 TULLIO

476 737 527 805 37.
550 761 609 825 ego
631 737 794 822 intelligo;
823 744 982 802 ettamen
1005 737 1175 802 dicendum
1198 744 1247 802 est
1267 736 1306 800 ad
1330 757 1384 812 ea,
1413 756 1496 821 quae
1520 736 1602 800 dixit
1624 737 1804 814 Quinctius,

476 857 541 899 non
564 855 627 919 quo
651 832 691 897 ad
713 853 780 896 rem
802 832 976 915 pertineat,
1000 832 1055 896 sed
1078 831 1233 916 nequid,
1264 832 1339 915 quia
1361 850 1381 894 a
1401 851 1452 894 me
1474 833 1735 914 praetermissum
1756 831 1805 908 sit,

476 950 533 1014 pro
556 947 708 992 concesso
730 932 868 1009 putetur.

561 1019 612 1084 38.
642 1021 728 1084 Dicis
761 1028 909 1105 oportere
933 1020 1061 1103 quaeri,
1090 1017 1237 1082 homines
1260 1020 1302 1081 ll.
1317 1019 1414 1081 Tullii
1437 1018 1554 1082 iniuria
1576 1021 1675 1085 occisi
1698 1030 1806 1085 essent

452 1137 585 1185 enecne.
627 1118 674 1179 De
705 1135 769 1199 quo
798 1114 859 1177 boc
888 1116 1025 1196 primum
1055 1131 1193 1196 quaero,
1228 1112 1352 1175 venerit
1380 1131 1418 1175 ea
1438 1133 1490 1175 res
1512 1114 1544 1176 in
1565 1114 1628 1177 hoc
1650 1115 1805 1179 iudicium

475 1232 585 1276 necne.
630 1209 662 1272 Si
695 1227 760 1271 non
788 1208 892 1283 venit,
920 1205 997 1289 quid
1026 1207 1140 1270 attinet
1160 1213 1216 1269 aut
1237 1225 1295 1269 nos
1318 1207 1424 1270 dicere
1455 1214 1511 1270 aut
1542 1207 1603 1271 bos
1629 1213 1804 1293 quaereret

476 1306 509 1369 Si
531 1312 636 1369 autem
658 1303 761 1376 venit,
786 1302 864 1386 quid
886 1300 1015 1365 attinuit
1036 1309 1067 1363 te
1089 1310 1153 1363 tam
1175 1300 1283 1363 multis
1305 1301 1410 1365 verbis
1432 1310 1615 1385 apraetore
1630 1303 1804 1385 postulare,

474 1406 511 1462 ut
531 1398 662 1463 adderet
682 1398 716 1458 in
738 1395 891 1458 iudicium
915 1412 1055 1469 larvale,
1087 1403 1135 1468 et,
1168 1395 1329 1478 quianon
1352 1397 1569 1478 impetrasses,
1592 1395 1740 1460 tribuum
1761 1397 1804 1479 pl.

475 1493 637 1578 appellare
659 1498 691 1554 et
711 1491 763 1553 hic
784 1490 819 1552 in
841 1490 960 1554 iudicio
982 1490 1073 1574 queri
1096 1490 1253 1572 praetoris
1268 1490 1488 1573 iniquitatem,
1511 1489 1599 1574 quod
1620 1490 1660 1553 de
1687 1491 1804 1554 iniuria

439 1607 540 1656 tonon
562 1585 746 1650 addiderit?
790 1581 840 1645 39.
863 1585 949 1647 llaec
971 1603 1043 1646 cum
1065 1591 1243 1665 praetorem
1264 1583 1465 1666 postulabas,
1489 1603 1560 1646 cum
1580 1582 1728 1647 tribunos
1749 1603 1804 1665 ap-

475 1682 636 1767 pellabas,
657 1699 761 1760 nempe
781 1679 826 1741 ita
848 1677 991 1752 dicebas,
1014 1684 1203 1760 potestatem
1219 1677 1276 1739 tibi
1293 1673 1359 1740 lieri
1375 1683 1541 1759 oportere,
1562 1686 1614 1750 ut,
1638 1677 1664 1739 si
1681 1696 1803 1759 posses,

475 1774 738 1859 reciperatoribus
761 1772 986 1855 persuaderes,
1010 1792 1073 1834 non
1096 1790 1165 1833 esse
1188 1770 1305 1833 iniuria
1326 1774 1367 1834 M.
1384 1770 1490 1834 Tullio
1512 1770 1663 1834 damnum
1683 1772 1802 1834 datum.

477 1871 571 1948 Quod
594 1888 668 1951 ergo
691 1869 764 1930 ideo
787 1868 820 1929 in
842 1865 996 1928 iudicium
1018 1865 1092 1928 addi
1114 1863 1262 1939 voluisti,
1291 1873 1327 1927 ut
1357 1865 1396 1927 de
1418 1885 1457 1929 eo
1480 1865 1537 1928 tibi
1567 1863 1653 1947 apud
1680 1867 1803 1949 recipe-

475 1973 597 2029 ratores
619 1962 724 2026 dicere
746 1962 872 2033 liceret,
895 1979 933 2022 eo
956 1979 1021 2022 non
1043 1958 1154 2021 addito
1170 1958 1270 2021 nihilo
1286 1959 1392 2021 minus
1407 1968 1513 2021 tamen
1532 1959 1576 2021 ita
1590 1959 1686 2034 dicis,
1710 1962 1801 2043 quasi

439 2074 466 2122 ⁴⁵
476 2060 507 2122 id
530 2060 651 2141 ipsum,
683 2077 700 2119 a
723 2076 787 2141 quo
816 2053 968 2137 depulsus
991 2073 1042 2126 es,
1069 2054 1272 2135 impetratis?
1305 2056 1345 2115 At
1374 2054 1490 2136 quibus
1511 2053 1616 2117 verbis
1638 2053 1672 2115 in
1695 2054 1803 2117 decer·

475 2154 581 2218 nendo
602 2152 750 2216 Metellus
771 2171 848 2213 usus
871 2157 919 2213 est
933 2148 1096 2231 ceterique
1111 2166 1193 2230 quos
1215 2146 1405 2229 appellasti?
1438 2149 1551 2210 Nonne
1566 2144 1646 2210 baec
1660 2148 1802 2211 omnium

474 2246 536 2309 fuit
557 2245 675 2318 oratio,
699 2241 786 2328 quod
808 2242 840 2304 vi
861 2241 1044 2304 hominibus
1073 2240 1202 2303 armatis
1224 2240 1382 2303 coactisve
1405 2239 1525 2303 familia
1546 2239 1659 2304 iecisse
1682 2242 1802 2306 dicere·

475 2349 542 2415 tur,
564 2340 596 2402 id
618 2339 742 2402 tametsi
757 2337 846 2399 nullo
862 2337 930 2399 iure
947 2332 1012 2399 lieri
1028 2337 1186 2419 potuerit,
1210 2343 1315 2398 tamen
1331 2355 1364 2398 se
1379 2335 1459 2398 nihil
1474 2335 1662 2398 additurost
1696 2332 1749 2400 40.
1763 2338 1802 2399 Et

474 2440 575 2505 recte,
604 2432 842 2513 reciperatores.
888 2431 967 2491 Nam
997 2450 1068 2491 curn
1097 2429 1245 2512 perfugio
1275 2429 1363 2492 nullo
1393 2431 1567 2493 constituto
1590 2437 1697 2494 tamen
1723 2431 1801 2495 baec

438 2526 596 2591 roscelera
624 2510 707 2587 servi
736 2522 946 2587 audacissime
968 2522 1101 2597 iaciant,
1132 2524 1252 2585 domini
1275 2523 1551 2607 impudentissime
1573 2521 1800 2601 confiteantur,

476 2621 552 2705 quid
575 2620 711 2682 censetis
732 2618 818 2692 iore,
841 2620 868 2681 si
890 2626 1017 2701 praetor
1038 2617 1158 2680 iudicet
1179 2617 1337 2681 eiusmodi
1360 2619 1474 2681 caedes
1496 2615 1564 2680 fieri
1586 2618 1656 2681 iure
1678 2624 1798 2701 posset
1851 2654 1856 2661 ·

473 2716 523 2779 An
545 2715 717 2797 quicquam
739 2713 885 2784 interest,
915 2720 1019 2774 utrum
1050 2711 1250 2793 magistratus
1280 2720 1409 2793 peccato
1440 2710 1660 2775 defensionem
1681 2714 1800 2778 consti·

475 2815 581 2882 tuant,
608 2827 649 2868 au
677 2803 831 2888 peccandi
862 2812 1052 2887 potestatem
1082 2803 1304 2888 licentiamque
1338 2806 1544 2887 permittant?
1587 2799 1640 2867 ll.
1664 2806 1799 2881 Etenim,

474 2902 719 2983 reciperatores,
747 2918 812 2961 non
841 2900 956 2961 damno
979 2907 1219 2961 commoventur
1241 2900 1455 2982 magistratus,
1488 2907 1524 2962 ut
1546 2900 1578 2961 in
1600 2900 1679 2964 haec
1703 2902 1797 2966 verba

437 3013 466 3060 te
474 2995 628 3059 iudicium
650 2995 734 3057 dent.
777 2996 856 3056 Nam
878 2993 906 3055 si
926 2993 959 3054 id
981 2998 1079 3065 esset,
1106 3011 1164 3054 nec
1187 2994 1416 3076 reciperatores
1437 2993 1545 3076 potius
1567 2993 1681 3057 darent
1703 3015 1798 3078 quam

539 3174 562 3222 4.
582 3171 634 3235 eqo]
653 3169 692 3221 Ab
710 3170 761 3219 hac
778 3182 845 3219 voce
863 3169 954 3231 incipit
971 3167 1060 3218 lolium
1077 3169 1239 3219 Taurinense
1257 3171 1371 3219 sertum.
1406 3168 1465 3232 [Nec
1480 3183 1540 3219 cero
1556 3171 1617 3231 qaid
1633 3171 1739 3220 attimet
1754 3186 1800 3220 or-

471 3252 590 3312 gamenta
607 3258 739 3307 quaerere,
758 3243 847 3304 quibas
863 3243 969 3306 defensio
986 3244 1057 3292 istius
1073 3248 1126 3292 tarn
1142 3244 1201 3292 lenis
1211 3246 1397 3308 nugatoriaque
1407 3246 1547 3309 internatus
1558 3259 1590 3295 ac
1600 3246 1739 3311 didonem]
1756 3261 1799 3311 epo

471 3322 534 3379 ao,
554 3320 646 3385 [Caesa
664 3320 735 3369 Tadii
750 3324 803 3369 tcto
818 3320 958 3368 continetur
972 3320 1098 3380 praetoris
1113 3319 1236 3381 tumulo,
1264 3334 1292 3369 re
1307 3326 1389 3383 gesta,
1414 3321 1555 3369 metant
1578 3321 1747 3383 contemtores
1772 3324 1800 3372 de

471 3396 509 3444 liis
525 3409 582 3445 curn
597 3395 658 3444 satis
673 3395 767 3443 dictam
782 3394 825 3453 sit,
844 3393 942 3455 reliqna
959 3394 985 3441 in
1000 3398 1083 3441 cestra
1098 3394 1147 3455 tide
1163 3408 1193 3442 cc
1210 3396 1341 3457 religione,
1359 3410 1408 3445 non
1425 3397 1452 3444 in
1469 3396 1606 3458 &tensione
1616 3402 1705 3447 nasta
1717 3398 1799 3460 posito

472 3469 529 3533 csse]
547 3483 592 3533 eqo
608 3470 638 3517 44.
660 3492 686 3503 -·
706 3479 844 3517 insenesco
861 3468 889 3516 T.
910 3494 937 3504 -
966 3468 1104 3530 dicendam]
1122 3467 1225 3531 Syllaba
1244 3473 1270 3519 di
1287 3485 1301 3520 e
1320 3473 1441 3533 Peyrono
1459 3470 1579 3535 supplete
1597 3469 1702 3521 licllero
1720 3473 1798 3522 etiam

471 3546 497 3595 in
520 3544 611 3594 codice
629 3545 771 3606 conspicua
789 3542 844 3591 luit.
866 3570 892 3579 —
911 3544 936 3592 t.
952 3544 1095 3604 pertineant
1113 3545 1139 3592 P.
1160 3571 1188 3580 -
1206 3547 1238 3594 sit
1254 3559 1302 3596 nos
1314 3561 1319 3594 :
1347 3552 1382 3595 cst
1400 3547 1507 3596 PBOll
1518 3547 1546 3597 44.
1579 3547 1655 3610 «Ego
1673 3549 1699 3596 ln
1717 3560 1796 3598 versu

471 3618 513 3667 le
534 3616 629 3680 legibili
653 3616 736 3667 oculis
753 3616 906 3666 discernere
923 3629 975 3666 non
994 3619 1078 3681 potui,
1101 3630 1148 3668 ssr
1165 3632 1199 3670 an
1215 3632 1256 3671 ser
1272 3620 1427 3671 habeatur·
1447 3623 1523 3671 llere.
1543 3649 1570 3658 —
1595 3620 1620 3672 4.
1639 3622 1702 3671 lidii
1723 3622 1797 3672 TPB

471 3695 532 3744 HK.
553 3718 580 3728 -
603 3693 627 3742 t.
645 3704 676 3740 ec
690 3691 739 3753 res]
758 3693 909 3753 «Peyronus
927 3692 980 3741 duo
997 3692 1064 3743 haec
1081 3693 1164 3743 verba
1180 3708 1229 3759 pro
1247 3698 1354 3746 incertis
1371 3696 1497 3746 exhibuit.
1527 3695 1657 3761 Equidem
1675 3695 1797 3746 distincte

472 3767 598 3831 conspexi
617 3778 711 3823 stass,
736 3768 762 3815 et
778 3765 851 3828 quod
867 3767 976 3818 Beierus
996 3768 1178 3831 interrogavit,
1197 3783 1229 3819 an
1247 3772 1376 3834 scriptum
1394 3770 1486 3821 luisset
1501 3772 1639 3832 amedee,
1659 3770 1797 3833 haudqua-

472 3855 553 3907 quam
575 3840 666 3890 dubito
688 3852 811 3901 negare.»
832 3842 907 3890 Kree.
924 3870 950 3878 -
969 3843 1060 3892 indicio
1078 3857 1170 3893 errore
1183 3845 1299 3907 quodam
1318 3834 1388 3895 P.'-
1407 3848 1431 3897 6.
1452 3847 1503 3912 laos]
1525 3860 1570 3897 nos
1586 3847 1615 3897 Ρ.
1644 3846 1698 3897 Sed
1713 3844 1798 3897 Beieri

472 3916 622 3968 emendatio
640 3914 812 3964 confirmatur
830 3917 886 3978 ipso
904 3915 1009 3973 codice,
1028 3920 1053 3967 iu
1072 3932 1125 3981 quo
1143 3917 1261 3969 Kelleras
1278 3920 1391 3972 litteram
1409 3935 1427 3971 a
1443 3922 1596 3986 perspexit,
1615 3934 1679 3971 com
1696 3923 1797 3984 Peyro-

472 4005 522 4043 nos
539 3988 646 4052 legisset
660 4000 686 4040 a.
708 4016 734 4026 -
754 3990 777 4039 9.
797 4003 886 4049 avarae
902 3992 930 4039 T.
952 4018 978 4027 -
998 3993 1037 4041 to.
1057 3995 1116 4042 addi
1133 3995 1200 4043 dedet
1217 3996 1277 4050 PB,
1302 3996 1434 4046 addidisset
1452 3997 1482 4045 44.
1509 3995 1560 4045 Sed
1579 3999 1607 4046 et
1624 3998 1746 4059 Peyrono
1764 3996 1797 4059 (in

472 4063 648 4126 corrigendis)
675 4066 702 4113 et
727 4062 828 4114 Kellero
854 4067 921 4115 teste
944 4079 997 4115 oon
1019 4067 1133 4117 discerni
1158 4072 1244 4132 potest
1261 4072 1349 4120 utrum
1371 4074 1396 4120 in
1415 4071 1507 4121 codice
1523 4071 1622 4121 sitarr
1638 4083 1671 4120 en
1687 4083 1744 4131 mr,
1770 4073 1799 4119 ut

472 4138 558 4192 Orellii
575 4138 726 4189 emendatio
743 4141 806 4189 satis
824 4139 898 4189 firma
918 4141 959 4191 sit.
986 4143 1123 4204 Peyronus
1141 4157 1249 4209 quoque
1267 4146 1292 4195 in
1311 4146 1497 4209 corrigendis:
1517 4160 1585 4195 «non
1601 4146 1735 4195 addiderit.
1763 4145 1799 4195 lta

471 4215 572 4276 corrige
590 4213 748 4277 sullragante
766 4215 846 4265 etiam
863 4214 1061 4280 Palimpsesto.»
1082 4243 1109 4253 -
1129 4233 1186 4267 carn
1202 4221 1313 4270 tribanos
1330 4223 1455 4272 PROH:
1476 4261 1482 4271 .
1499 4221 1651 4272 ..tribanos
1667 4222 1702 4281 T,
1726 4226 1800 4284 atque

469 4291 581 4340 tabanos
597 4291 626 4338 K.
659 4290 762 4341 Scilicet
787 4291 866 4342 trium
892 4290 1037 4342 litterarum
1064 4293 1267 4345 obscuraturum
1291 4298 1428 4358 Peyronus
1453 4298 1558 4346 tertiam
1574 4309 1594 4347 ι
1611 4308 1671 4347 esse
1688 4297 1798 4362 putavit,

469 4363 588 4416 Kellerus
605 4377 670 4415 vero
688 4364 721 4416 dc
739 4367 815 4416 tertia
832 4380 942 4430 prorsus
959 4368 1074 4418 incertus
1091 4370 1204 4431 primam
1221 4383 1236 4418 e
1260 4370 1339 4421 luisse
1365 4373 1523 4435 suspicatur.
1546 4398 1572 4408 —
1600 4372 1642 4421 tt.
1659 4385 1748 4435 nerem
1763 4372 1800 4422 ite

470 4441 624 4490 PBOllll:
645 4479 650 4490 .
664 4454 715 4491 ,1.
728 4479 734 4490 .
746 4479 751 4492 .
765 4480 770 4492 .
783 4480 788 4490 .
807 4443 840 4501 Τ,
864 4443 983 4491 nimirem
1010 4444 1130 4503 Beierus,
1157 4449 1210 4493 tam
1225 4459 1305 4495 nonne
1322 4447 1480 4497 Huschlrius.
1516 4447 1642 4497 litteram
1658 4458 1675 4496 a
1693 4445 1798 4498 finalem

468 4515 542 4565 vocis
560 4528 599 4564 rra
617 4516 771 4579 conspicere
788 4515 838 4566 sibi
850 4517 922 4567 visus
934 4519 974 4567 est
986 4514 1111 4566 Kellcrus.
1128 4544 1154 4553 -
1173 4518 1217 4566 tibi
1235 4531 1324 4568 errore
1343 4521 1534 4584 typographico
1546 4533 1599 4571 om.
1613 4523 1642 4571 0.
1659 4549 1686 4559 -
1705 4524 1748 4574 ta.
1760 4536 1799 4574 re·

468 4591 620 4653 ciperotcres
635 4592 722 4641 Tl‘ll.
749 4591 905 4641 Emendavit
921 4592 1037 4641 listerus.
1065 4591 1189 4641 blandum
1207 4597 1295 4644 ortum
1306 4597 1348 4643 est
1358 4594 1400 4645 vel
1413 4610 1445 4646 ex
1457 4608 1505 4654 eo,
1524 4596 1596 4658 quod
1608 4600 1717 4661 praeter
1728 4598 1797 4649 hunc

467 4666 556 4717 locum
574 4664 673 4729 ubique
689 4665 716 4715 in
733 4666 783 4715 hac
800 4668 917 4715 oratione
929 4668 1064 4716 vocativus
1077 4666 1117 4715 vel
1130 4669 1298 4718 accusativus
1309 4667 1403 4732 legitur
1415 4669 1456 4732 (cl.
1472 4669 1512 4733 35.
1533 4671 1557 4720 4.
1571 4669 1595 4721 4.
1609 4672 1634 4721 ’4.
1648 4674 1688 4723 444.
1704 4671 1744 4724 44.
1757 4674 1795 4725 ld.
1825 4698 1832 4714 ·

468 4743 509 4792 25.
522 4741 563 4791 34.
574 4739 614 4791 ld.
625 4740 687 4802 44),
700 4738 740 4789 vel
753 4754 785 4791 ex
795 4754 836 4800 eo,
850 4741 922 4803 quod
933 4740 1029 4791 librarii
1043 4742 1135 4793 oculus
1146 4742 1181 4791 ad
1192 4748 1350 4806 sequentem
1360 4746 1393 4806 (v.
1405 4747 1454 4807 43.)
1465 4747 1646 4799 accusativum
1656 4746 1796 4801 muravit.

470 4817 548 4867 -43,
559 4816 743 4879 apatTPil.-
758 4815 797 4866 tl.
810 4817 899 4880 dicere]
911 4830 1019 4868 nrcsarr
1029 4816 1118 4867 T.Vid.
1130 4816 1163 4866 ad
1175 4818 1286 4881 544.-
1299 4821 1341 4869 tt.
1354 4826 1450 4880 oront
1466 4857 1472 4870 .
1486 4823 1642 4882 ..s..ssT,
1655 4826 1799 4885 enodetis

467 4908 510 4943 sas
524 4907 550 4943 es
562 4896 579 4943 Ρ
597 4894 622 4943 in
641 4891 766 4942 contextu
777 4889 836 4953 (aaa
854 4893 967 4953 aprinae
983 4906 1007 4941 es
1023 4892 1050 4940 in
1066 4892 1285 4956 adnotatione).-
1304 4894 1408 4943 idaeas
1424 4897 1590 4958 celantique
1602 4911 1664 4959 qaas
1675 4899 1795 4963 (carme.

469 4968 540 5031 ovas)
552 4963 700 5030 appellasti?
710 4966 797 5014 Nonne
808 4964 952 5028 Madvigius
964 4967 1010 5029 Ep.
1022 4968 1079 5015 crit.
1091 4980 1116 5029 p.
1124 4968 1190 5017 taor
1205 4980 1260 5019 vsvs
1274 4973 1278 5028 Ι
1292 4981 1613 5031 asrcrrearovoseersrees
1628 4976 1632 5031 Ι
1648 4985 1760 5027 renones
1767 4976 1794 5036 T,

468 5055 527 5091 asar
543 5041 597 5093 est?
613 5041 700 5100 ceteri,
718 5053 779 5102 qaas
790 5040 941 5102 appetent?
966 5043 1052 5091 Nonne
1065 5042 1084 5091 44
1095 5043 1124 5102 Κ,
1143 5056 1201 5092 esus
1212 5048 1259 5104 est,
1277 5044 1365 5104 ceteri,
1384 5059 1444 5106 qnos
1461 5047 1604 5109 appellasti,
1622 5051 1794 5110 -sonneBO,

467 5130 527 5166 esus
538 5123 584 5177 est,
604 5116 651 5183 [ea]
664 5116 738 5166 ceteri
753 5129 814 5179 qnos
827 5117 957 5178 appellasti
972 5116 1178 5181 [conflrmanentl.
1200 5120 1287 5169 Nonne
1304 5122 1331 5168 P.
1347 5148 1373 5157 —
1387 5121 1435 5183 terit
1452 5124 1562 5171 omnium
1574 5135 1667 5174 errore
1679 5125 1795 5189 quodam

470 5190 529 5240 4444.
551 5219 577 5227 -
598 5194 637 5243 tc.
656 5190 760 5256 menetai]
778 5204 863 5241 ress.
879 5203 922 5243 .sr
938 5194 966 5242 T.
986 5194 1014 5242 ln
1032 5188 1108 5239 litura
1126 5191 1239 5243 duarum
1256 5191 1402 5244 litterarum
1418 5208 1437 5247 n
1455 5198 1483 5246 et
1499 5210 1514 5245 r
1529 5196 1640 5259 vestigia
1657 5201 1793 5265 apparent.

473 5267 1770 5339 -at.eaedtsror1.-25.mudnataomantdesntraeamtdstessnttx.
