4367 6109
443 570 506 637 688
828 571 869 633 IN
892 569 929 633 L.
952 568 1174 635 CATILINAM
1195 570 1315 635 LIBER
1336 571 1389 640 lli.

445 763 601 828 exponam
625 740 781 813 breviter,
810 738 968 815 Quirites,
997 749 1031 803 ut
1053 749 1085 804 et
1108 748 1226 824 quanta
1248 747 1281 803 et
1302 761 1365 824 qua
1385 740 1510 804 ratione
1535 740 1745 824 investigata
1766 747 1797 806 et

444 836 672 922 comprehensa
695 836 777 908 sint,
799 854 872 909 vos,
894 835 949 917 qui
972 835 1124 916 ignoratis
1147 843 1178 898 et
1200 836 1407 917 exspectatis,
1430 836 1512 899 scire
1537 837 1696 921 possitis.

528 929 702 1012 Principio,
738 937 774 990 ut
807 927 940 991 Catilina
971 929 1082 1009 paucis
1113 937 1185 991 ante
1219 928 1331 991 diebus
1364 931 1466 1012 erupit
1497 950 1540 993 ex
1575 931 1684 1006 urbe,
1724 952 1793 994 arm

444 1028 571 1093 sceleris
600 1024 649 1087 sui
675 1023 794 1096 socios,
828 1023 960 1085 huiusce
989 1020 1100 1084 nefarii
1128 1023 1203 1085 belli
1226 1023 1395 1086 acerrimos
1416 1023 1529 1099 duces,
1559 1026 1693 1087 Romae
1719 1024 1793 1087 reli·

422 1123 582 1207 liquisset,
604 1135 729 1198 semper
751 1115 879 1197 vigilavi
901 1122 932 1177 et
954 1116 1097 1197 providi,
1120 1116 1281 1191 Quirites,
1305 1137 1399 1200 quem
1421 1118 1461 1179 ad
1484 1118 1622 1180 modum
1639 1119 1678 1181 in
1695 1119 1793 1181 uatis

446 1226 477 1280 et
498 1223 561 1277 tam
583 1208 775 1275 absconditis
797 1210 920 1272 insidiis
943 1210 1020 1272 salvi
1042 1230 1113 1273 esse
1134 1230 1311 1292 possemus.
1355 1211 1393 1272 11.
1425 1213 1502 1273 Nam
1526 1220 1615 1287 tum,
1650 1232 1791 1276 eumer

446 1308 523 1371 urbe
546 1305 711 1369 Catilinam
734 1302 897 1366 eiiciebam
912 1322 1032 1365 —non
1055 1304 1140 1366 enim
1163 1304 1226 1366 iam
1249 1323 1360 1366 vereor
1381 1304 1475 1367 buius
1497 1306 1587 1368 verbi
1613 1306 1791 1381 invidiam,

446 1422 517 1464 cum
540 1399 593 1462 illa
615 1397 713 1479 magis
735 1398 774 1459 sit
796 1397 952 1471 timenda,
976 1397 1061 1480 quod
1083 1399 1174 1461 vivus
1197 1399 1309 1462 exierit
1323 1432 1381 1474 —,
1404 1399 1459 1462 sed
1481 1406 1568 1473 tum,
1591 1420 1673 1463 cum
1695 1399 1789 1463 illum

447 1492 648 1557 exterminari
670 1491 830 1565 volebam,
853 1499 906 1555 aut
927 1491 1084 1574 reliquam
1106 1492 1342 1555 coniuratorum
1364 1513 1492 1555 manum
1507 1493 1605 1556 simul
1623 1496 1789 1557 exituram

410 1596 501 1652 ruant
528 1607 600 1661 cos,
626 1585 681 1667 qui
708 1585 915 1659 restitissent,
944 1585 1086 1647 infirmos
1116 1584 1197 1647 sine·¹
1214 1585 1269 1648 illo
1301 1606 1337 1648 ac
1366 1586 1488 1650 debiles
1515 1586 1586 1649 lore
1618 1588 1789 1670 putabam.

447 1680 476 1744 4.
504 1684 607 1764 Atque
629 1698 688 1761 ego
710 1687 746 1741 ut
767 1678 851 1753 vidi,
881 1698 962 1761 quos
985 1679 1123 1742 maximo
1144 1678 1252 1742 lurore
1275 1687 1307 1742 et
1328 1679 1446 1742 scelere
1468 1700 1539 1742 esse
1563 1680 1789 1743 inflammatos

447 1776 602 1849 sciebam,
630 1793 684 1835 eos
712 1772 877 1835 nobiscum
906 1792 975 1834 esse
1005 1780 1036 1834 et
1064 1772 1182 1834 Romae
1211 1773 1418 1846 remansisse,
1447 1774 1480 1835 in
1502 1792 1541 1835 eo
1572 1793 1692 1836 omnes
1715 1774 1789 1837 dies

446 1877 619 1952 noctesque
649 1866 846 1947 consumpsi,
875 1874 925 1939 ut,
954 1864 1031 1948 quid
1054 1873 1197 1946 agerent,
1227 1865 1305 1947 quid
1331 1866 1533 1940 molirentur,
1564 1868 1727 1930 sentirem
1750 1885 1788 1929 ac

447 1961 604 2035 vidercm3
625 1967 677 2032 ut,
701 1958 851 2041 quoniam
873 1959 1001 2021 auribus
1019 1959 1131 2021 vestris
1145 1967 1274 2042 propter
1289 1959 1507 2022 incredibilem
1523 1961 1787 2043 magnitudinem

410 2055 577 2119 tusceleris
605 2054 758 2116 minorem
786 2048 880 2114 fidem
909 2051 1027 2114 faceret
1054 2052 1155 2115 oratio
1185 2073 1270 2127 mea,
1297 2074 1363 2116 rem
1389 2053 1433 2116 ita
1462 2052 1787 2135 comprehenderem,

446 2156 483 2211 ut
504 2156 570 2210 tum
593 2146 719 2208 demum
742 2145 855 2208 animis
878 2145 971 2208 saluti
993 2154 1115 2209 vestrae
1131 2146 1357 2229 provideretis,
1380 2166 1450 2209 cum
1466 2146 1570 2210 oculis
1584 2147 1784 2210 maleficium

447 2243 550 2323 ipsum
573 2239 733 2303 videretis.
776 2239 887 2321 ltaque
909 2248 945 2301 ut
966 2240 1105 2322 comperi
1128 2241 1246 2323 legatos
1261 2240 1466 2322 Allobrogum
1487 2240 1564 2304 belli
1587 2240 1785 2323 transalpini

448 2342 479 2397 et
501 2334 653 2396 tumultus
675 2332 787 2396 Gallici
810 2332 968 2395 excitandi
993 2353 1087 2396 causa
1109 2336 1175 2397 aP.
1191 2334 1324 2397 Lentulo
1346 2354 1416 2397 esse
1438 2332 1631 2397 sollicitatos
1655 2334 1783 2417 eosque

447 2428 481 2490 in
503 2427 635 2490 Galliam
658 2427 697 2490 ad
720 2446 795 2491 suos
818 2427 901 2490 cives
923 2426 1098 2508 eodemque
1120 2427 1235 2490 itinere
1258 2449 1329 2490 cum
1352 2427 1464 2491 litteris
1487 2426 1718 2512 mandatisque
1741 2428 1782 2491 ad

409 2521 614 2584 aoCatilinam
642 2540 710 2583 esse
738 2520 850 2584 missos
885 2521 1093 2603 comitemque
1121 2521 1159 2583 iis
1190 2520 1372 2584 adiunctum
1410 2540 1479 2584 esse
1511 2522 1547 2581 T.
1576 2519 1780 2583 Volturcium

446 2623 541 2698 atque
567 2614 642 2677 huie
670 2633 740 2675 esse
770 2612 809 2675 ad
841 2613 1006 2676 Catilinam
1033 2615 1124 2676 datas
1154 2614 1288 2688 litteras,
1319 2614 1500 2678 facultatem
1529 2613 1607 2677 mibi
1638 2615 1780 2677 oblatam

446 2708 571 2790 putavi,
592 2716 643 2781 ut,
667 2706 753 2790 quod
776 2714 843 2768 erat
864 2705 1082 2770 difficillimum
1105 2708 1255 2790 quodque
1279 2728 1338 2790 ego
1361 2729 1486 2791 semper
1508 2707 1660 2790 optabam
1676 2708 1716 2771 ab
1732 2710 1780 2771 dis

446 2800 691 2874 immortalibus,
715 2808 782 2862 tota
803 2819 853 2861 res
875 2820 940 2862 non
962 2800 1063 2862 solum
1086 2821 1106 2864 a
1126 2822 1193 2874 me,
1220 2799 1275 2863 sed
1298 2802 1391 2864 etiam
1413 2823 1432 2866 a
1453 2808 1565 2865 senatu
1589 2807 1622 2864 et
1646 2822 1667 2864 a
1690 2802 1779 2865 vobis

447 2895 613 2958 manifesto
641 2894 937 2976 deprehenderetur.
987 2890 1016 2954 5.
1045 2893 1156 2976 ltaque
1183 2893 1330 2956 hesterno
1358 2895 1409 2958 die
1438 2897 1473 2956 L.
1501 2896 1654 2958 Flaccum
1687 2905 1719 2959 et
1746 2896 1779 2959 C.

409 2990 648 3072 ssPomptinum
669 2995 850 3070 praetores,
872 2985 1059 3050 fortissimos
1082 2994 1176 3069 atquc
1198 2989 1431 3052 amantissimos
1452 2989 1499 3051 rei
1517 2988 1667 3071 publicae
1683 2989 1778 3064 viros,

448 3084 487 3146 ad
510 3104 560 3147 me
581 3081 709 3154 vocavi,
731 3100 797 3142 rem
821 3081 969 3162 exposui,
992 3080 1070 3162 quid
1093 3077 1160 3142 fieri
1182 3081 1321 3161 placeret
1342 3082 1475 3146 ostendi.
1507 3082 1557 3144 Illi
1571 3089 1699 3157 autem,
1724 3084 1778 3167 qui

447 3177 553 3240 omnia
577 3176 616 3239 de
638 3195 671 3236 re
693 3173 817 3259 publica
839 3172 1001 3256 praeclara
1023 3181 1117 3257 atque
1140 3174 1265 3256 egregia
1287 3176 1457 3250 sentirent,
1485 3176 1554 3239 sina
1578 3179 1778 3240 recusatione

448 3291 483 3334 ac
506 3272 573 3334 sinc
596 3269 661 3333 ulla
682 3287 770 3331 mora
785 3267 945 3350 negotium
960 3273 1170 3349 susceperunt
1184 3275 1231 3342 et,
1254 3290 1325 3333 eum
1339 3270 1629 3353 advesperasceret,
1655 3271 1778 3335 occulte

512 3622 536 3670 t.
557 3618 663 3680 Quirites
679 3631 732 3667 om.
752 3630 766 3665 a
784 3619 811 3667 et
828 3618 873 3679 Lg.
892 3617 932 3666 5⁰.
950 3617 992 3668 57.
1007 3643 1033 3655 ·-
1052 3621 1076 3666 et
1092 3621 1189 3678 queste
1205 3616 1332 3680 aghtc,
1350 3616 1395 3677 bg.
1414 3616 1454 3666 440.
1473 3616 1513 3665 53.
1532 3616 1579 3666 st:
1599 3621 1624 3668 et
1639 3626 1779 3679 emieat

448 3706 524 3756 quam
540 3694 673 3757 mandute
690 3694 777 3742 libo.
799 3719 825 3727 —
845 3694 946 3743 stante
963 3704 1085 3751 queom.
1104 3690 1132 3741 b.
1152 3717 1179 3725 -
1198 3692 1223 3741 2.
1241 3689 1461 3749 suutdhkv,2
1479 3692 1661 3753 lege-eos
1678 3708 1734 3746 om.
1751 3710 1777 3745 u.

449 3797 476 3805 -
501 3770 544 3831 qui
566 3764 1488 3832 stipuoratisabcilubg.50.bi,l.;atquiigaoratis1t.-
1511 3770 1535 3815 et
1558 3771 1722 3833 exspectatis]
1747 3784 1780 3821 ea

447 3845 509 3894 actis
529 3844 711 3908 VCmqrtu
733 3845 777 3904 Lg.
796 3843 837 3891 il.
856 3840 887 3890 53
905 3843 932 3891 et
949 3841 956 3891 i
974 3841 1000 3891 in
1017 3854 1100 3905 marg.
1120 3867 1147 3876 -
1167 3839 1192 3891 4.
1210 3841 1288 3891 socies
1304 3845 1327 3890 st
1342 3840 1442 3889 misses
1457 3840 1550 3898 BVL;
1568 3843 1651 3892 sotios
1666 3844 1780 3896 butem

446 3920 513 3968 modi
530 3917 556 3967 d.
576 3944 603 3952 —
622 3918 646 3966 6.
665 3917 769 3981 insidiis]
785 3916 902 3978 periodis
919 3917 953 3976 C,
973 3918 1018 3977 Lg.
1036 3917 1077 3965 il.
1096 3916 1141 3976 5³3
1157 3916 1277 3978 periculis
1292 3919 1315 3964 et
1331 3915 1426 3963 insidiis
1443 3915 1488 3976 Lg.
1506 3913 1532 3963 3.
1551 3914 1575 3963 6.
1597 3941 1625 3950 -
1645 3932 1707 3968 mun
1724 3933 1777 3972 om.

447 4007 473 4043 u.
495 4021 521 4028 -
541 3995 565 4043 7.
583 4006 670 4043 uereor
686 3992 739 4040 iam
756 3991 798 4042 ed.
818 3993 912 4040 Graev.
932 3994 1023 4040 contra
1041 3991 1119 4040 codd.
1142 4017 1168 4026 —
1189 3992 1213 4042 8.
1232 3990 1341 4041 timeudu
1356 3990 1388 4038 sit
1404 4004 1440 4048 v;
1464 3989 1496 4037 sit
1512 4001 1565 4038 om.
1585 3991 1603 4041 i.
1624 4019 1652 4027 -
1679 3994 1778 4059 ωαῐι]

445 4081 558 4129 egressus
573 4073 608 4118 est
623 4068 654 4116 V.
675 4092 701 4100 -
721 4067 761 4115 40.
779 4066 923 4115 restitissent
939 4064 1123 4126 Babciszg
1140 4067 1184 4129 Lg.
1204 4067 1228 4116 9.
1246 4067 1287 4115 50.
1305 4065 1346 4115 tt.
1365 4065 1411 4114 65:
1437 4064 1613 4115 resnousisssnt
1629 4068 1659 4117 lt.
1683 4097 1711 4106 —
1729 4072 1779 4120 sias

444 4142 497 4206 illo]
515 4143 567 4191 siut
583 4141 636 4190 illos
653 4154 679 4190 u.
694 4166 720 4174 —
736 4142 776 4188 44.
795 4154 839 4203 ege
855 4139 897 4189 udi
914 4140 946 4199 d;
965 4146 993 4190 ut
1009 4154 1053 4204 ego
1070 4139 1085 4190 4
1102 4141 1193 4203 Lagg.;
1211 4145 1240 4190 ut
1256 4154 1310 4191 om.
1330 4141 1398 4203 (ante
1416 4137 1546 4202 syllabam
1562 4141 1599 4204 ut)
1618 4143 1664 4193 Ba
1675 4145 1777 4209 cgbp,

446 4215 462 4264 3
480 4212 522 4264 alii
540 4217 616 4278 Lagg.
638 4242 664 4251 -
684 4227 745 4275 quos
761 4228 814 4264 om.
833 4228 855 4264 r.
877 4241 904 4250 -
922 4216 1033 4264 mucius
1049 4217 1059 4264 t
1076 4213 1156 4266 solus.
1177 4243 1204 4251 —
1229 4220 1252 4265 et
1268 4215 1357 4265 scelere
1373 4227 1427 4264 om.
1445 4230 1476 4274 ςς
1499 4226 1530 4263 cc
1546 4214 1605 4265 scel.
1624 4217 1655 4267 C.
1678 4247 1706 4257 -
1725 4221 1778 4284 isti.

444 4304 496 4341 esse
513 4292 597 4354 an,
615 4290 630 4341 4
647 4287 688 4340 ulii
706 4292 784 4352 Lagg.
806 4317 832 4325 —
852 4291 891 4339 li.
911 4303 960 4340 esse
977 4290 1102 4339 uobiscum
1118 4292 1164 4340 Vz
1181 4293 1225 4354 Lg.
1244 4289 1285 4341 46.
1304 4290 1349 4351 53,
1368 4291 1396 4339 L.
1417 4316 1445 4325 -
1464 4289 1504 4339 te.
1522 4289 1614 4351 osidae
1628 4294 1780 4344 molirentur

447 4366 526 4430 Bqt,
545 4366 559 4414 3
577 4364 617 4415 alii
635 4366 713 4427 Lagg.
727 4392 754 4400 -
775 4365 814 4414 46.
833 4364 920 4414 soluts
936 4379 963 4424 a;
982 4366 1105 4427 solutique
1120 4365 1163 4416 vel
1181 4380 1212 4416 oc
1227 4366 1302 4415 solui
1319 4379 1337 4429 q
1354 4369 1382 4414 et
1397 4365 1413 4415 8
1430 4363 1471 4413 ulii
1490 4366 1567 4427 Lagg.
1589 4392 1618 4400 -
1633 4370 1779 4429 promeae

445 4442 478 4489 tis
494 4442 512 4490 t.
533 4467 559 4475 -
579 4440 618 4489 48.
637 4439 714 4489 sollic.
732 4452 782 4489 esse
799 4453 823 4501 g.
839 4465 865 4473 —
885 4441 1028 4503 eosdemque
1044 4440 1235 4506 bdlmqtv3
1254 4442 1350 4491 eosdem
1366 4454 1415 4490 uz.
1432 4468 1457 4475 -
1473 4440 1513 4490 49.
1532 4440 1676 4506 morse]
1695 4444 1778 4492 eodm

446 4515 505 4565 Vl„
525 4542 552 4549 -
572 4514 613 4564 20.
631 4526 681 4562 esse
697 4516 758 4563 ante
775 4516 862 4563 missos
879 4528 933 4565 orn.
952 4516 982 4565 V.
1003 4544 1029 4551 —
1048 4517 1086 4566 bis
1102 4517 1164 4567 mei.
1185 4546 1212 4554 -
1232 4530 1281 4567 esse
1298 4518 1443 4566 adiunctum
1459 4517 1505 4578 bg.
1523 4517 1565 4565 44.
1583 4514 1633 4575 46;
1652 4530 1707 4567 esse
1723 4531 1775 4568 om.

446 4588 778 4651 gl1r‚ll.agg.delt.-
802 4590 827 4639 T.
847 4590 929 4641 bois
946 4593 990 4654 Lg.
1010 4589 1055 4640 li:
1076 4592 1101 4640 Τ.
1120 4604 1173 4640 om.
1193 4593 1221 4641 n.
1237 4617 1264 4627 -
1281 4591 1433 4640 Volturcium
1449 4587 1651 4640 abcdirstx
1669 4592 1774 4655 Lg.53:

448 4663 601 4713 Volturcium
617 4663 704 4713 RLO.
717 4688 744 4697 -
755 4663 797 4712 il.
816 4677 866 4715 esse
883 4666 916 4714 od
933 4666 987 4715 Cet.
1007 4666 1081 4714 dotus
1097 4666 1192 4715 litteras
1208 4666 1262 4716 mei
1280 4666 1393 4730 (praeter
1409 4663 1485 4727 bds)
1504 4665 1531 4713 et
1542 4664 1622 4727 lagg.
1640 4662 1774 4729 plerique:

446 4737 479 4785 od
497 4738 551 4788 Cet.
569 4750 620 4789 esse
636 4737 709 4787 detes
725 4736 742 4787 l.
761 4736 844 4798 bds;
871 4752 922 4788 esse
937 4740 1010 4788 dotes
1026 4740 1112 4790 literas
1128 4741 1162 4789 od
1178 4740 1232 4791 Cet.
1252 4742 1273 4801 i;
1300 4742 1352 4790 det.
1370 4752 1420 4790 esse
1437 4740 1470 4788 ud
1490 4738 1545 4789 tat.
1563 4739 1651 4789 literas
1668 4741 1727 4790 LO.
1748 4767 1773 4777 -

445 4812 550 4863 ntalem
566 4812 640 4866 bes.
655 4840 682 4848 -
695 4813 736 4862 ii.
755 4812 788 4861 ab
804 4814 842 4862 dis
858 4814 900 4863 ab
913 4816 1056 4876 cistvx,
1075 4818 1121 4879 Lg.
1134 4815 1166 4867 46
1185 4815 1240 4878 (sed
1258 4817 1322 4867 aiv
1338 4815 1408 4876 diislt
1427 4827 1445 4861 o
1460 4812 1508 4862 diis
1524 4813 1612 4863 liLO.
1627 4839 1654 4849 -
1669 4815 1712 4864 23.
1725 4819 1775 4864 teto

446 4886 642 4952 Vcbquvvx,
662 4889 677 4939 2
695 4886 738 4938 alii
755 4890 851 4950 Lagg:
870 4895 898 4938 ut
915 4895 968 4939 tete
986 4892 1014 4940 R.
1030 4917 1057 4925 -
1076 4897 1099 4941 et
1114 4891 1182 4941 cobis
1197 4892 1213 4940 5
1230 4892 1308 4953 Lagg.
1322 4915 1349 4924 —-
1362 4886 1404 4939 al.
1421 4887 1550 4951 manifeste
1566 4887 1623 4939 db.
1639 4894 1704 4939 -et
1721 4902 1773 4940 om.

445 4973 473 5022 z,
491 4960 507 5012 4
524 4961 567 5011 alii
583 4964 662 5026 Lagg.
676 4989 703 4998 -
718 4963 755 5024 C.]
772 4964 858 5026 poium
875 4976 897 5013 r.
910 4990 936 4998 -
948 4965 987 5013 25.
1008 4965 1164 5027 Pomptinum
1180 4966 1327 5031 abcpsw
1343 4965 1388 5027 Lg.
1402 4965 1431 5014 a:
1450 4963 1631 5026 Poruplirtistrn,
1649 4965 1774 5027 hortuli—

444 5048 519 5095 uum,
536 5036 730 5099 homeliarum,
748 5038 928 5099 Prmoptiuiauu
944 5040 978 5097 tt;
999 5040 1137 5090 Pomtiaurn
1155 5044 1182 5091 L.
1202 5067 1228 5075 —
1248 5041 1289 5090 46.
1308 5040 1342 5088 od
1357 5052 1398 5088 me
1413 5038 1477 5103 voe]
1495 5038 1618 5088 edoceam
1636 5042 1654 5090 t.
1675 5065 1703 5075 -
1722 5052 1773 5088 ress

445 5108 645 5177 Babcipsg,
664 5113 710 5176 Lg.
728 5113 769 5164 50.
788 5114 833 5163 57:
852 5126 906 5163 rem
922 5127 1018 5163 omrem
1035 5117 1122 5165 nno,
1142 5142 1168 5150 —
1188 5116 1229 5166 27.
1248 5114 1349 5178 egregie
1366 5119 1442 5175 utque
1454 5112 1551 5176 praed.
1571 5113 1588 5163 d
1606 5114 1713 5177 (prud.
1733 5119 1772 5164 et·

445 5194 492 5242 que
508 5196 560 5246 egr.
578 5184 668 5236 firmat
683 5188 828 5239 Artrsianus
844 5201 871 5253 p.
889 5187 958 5249 26³.)
968 5214 995 5224 -
1007 5191 1137 5253 sentirent,
1155 5193 1231 5242 etium
1246 5191 1299 5241 siue
1314 5188 1343 5238 B.
1356 5215 1382 5223 -
1394 5190 1554 5241 metium
1564 5186 1591 5239 d.
1603 5214 1631 5225 -
1646 5188 1688 5241 28.
1701 5201 1772 5240 meru

447 5255 504 5307 ullu
519 5255 550 5317 d,
570 5270 624 5311 om.
641 5259 696 5311 ullu
710 5273 748 5314 m.
768 5289 795 5299 -
813 5263 914 5329 mgotie
930 5260 981 5315 bs.
