4367 6109
785 595 1111 661 emaum-xx.
1137 592 1364 680 §scr-ar.
1670 591 1732 660 sar

414 764 564 829 mebatur.
607 764 648 825 H.
670 763 805 827 Baebius
833 766 872 829 de
903 787 960 831 suo
982 768 1115 832 consilio
1135 768 1308 850 Diogenem
1330 773 1488 850 emptum,
1509 785 1543 829 se
1565 773 1730 849 praesente

415 857 638 921 Scamandrum
660 878 731 921 cum
746 878 869 923 veneno
890 864 1086 946 pecuniaque
1099 861 1330 944 deprehensum
1345 881 1414 925 esse
1429 860 1560 924 dicebat.
1582 862 1615 923 P.
1631 858 1731 935 Quin-

414 953 499 1015 tilius
521 952 635 1025 Varus,
657 952 751 1016 bomo
773 974 894 1017 summa
915 955 1067 1038 religione
1089 963 1121 1018 et
1146 976 1267 1019 summa
1288 956 1473 1020 auctoritate
1495 954 1669 1038 praeditus,
1691 953 1730 1016 de

413 1046 550 1120 insidiis,
573 1065 654 1128 quae
674 1042 788 1109 fierent
807 1047 940 1123 Habito,
962 1057 994 1111 et
1016 1048 1055 1110 de
1077 1048 1298 1112 sollicitatione
1315 1050 1466 1131 Diogenis
1487 1049 1605 1111 recenti
1626 1068 1660 1111 re
1683 1068 1732 1110 se-

414 1160 485 1202 cum
501 1139 726 1222 Cleophantum
749 1140 940 1204 collocutum
956 1161 1026 1205 esse
1041 1141 1173 1205 dicebat
1216 1139 1267 1204 54.
1289 1144 1392 1225 Atque
1409 1143 1442 1203 in
1456 1142 1511 1205 illo
1526 1142 1645 1206 iudicio
1659 1153 1754 1204 cumb

414 1232 637 1296 Scamandrum
659 1253 717 1296 nos
739 1231 908 1296 defendere
929 1233 1125 1308 videremur,
1154 1236 1250 1298 verbo
1273 1235 1327 1298 ille
1349 1256 1421 1298 reus
1443 1243 1525 1310 erat,
1546 1256 1581 1299 re
1604 1237 1731 1320 quidem

413 1347 485 1391 vcra
507 1334 539 1391 et
559 1326 700 1410 periculo
722 1333 788 1390 tota
809 1330 1008 1391 accusatione
1031 1327 1231 1412 Oppianicus.
1274 1331 1385 1412 Neque
1406 1329 1439 1390 id
1459 1329 1590 1393 obscure
1612 1327 1733 1392 ferebat

413 1443 471 1484 nec
500 1420 699 1485 dissimulare
727 1420 793 1483 ullo
817 1420 910 1485 modo
932 1428 1072 1506 poterat:
1103 1422 1212 1484 aderat
1232 1420 1398 1505 frequens,
1429 1423 1616 1496 advocabat,
1646 1421 1732 1485 omui

413 1515 518 1578 studio
539 1516 703 1599 gratiaque
724 1515 904 1598 pugnabat:
930 1523 1102 1599 postremo,
1124 1516 1157 1577 id
1180 1514 1267 1599 quod
1289 1516 1425 1579 maximo
1447 1517 1530 1578 malo
1551 1516 1597 1577 illi
1619 1535 1732 1579 causae

412 1607 486 1683 fuit,
516 1609 576 1673 boc
602 1610 672 1692 ipso
699 1610 732 1671 in
753 1608 839 1682 loco,
874 1609 964 1692 quasi
987 1628 1059 1672 reus
1081 1609 1149 1693 ipse
1171 1616 1272 1683 esset,
1305 1609 1442 1672 sedebat
1479 1609 1571 1672 Oculi
1592 1610 1732 1673 omnium
1743 1621 1771 1669 to

413 1702 550 1765 iudicum
573 1722 637 1765 non
659 1703 692 1766 in
714 1701 955 1777 Scamandrum,
981 1703 1036 1766 sed
1059 1704 1092 1766 in
1114 1703 1324 1785 Oppianicum
1346 1701 1612 1765 coniiciebantur:
1640 1705 1733 1767 timor

413 1797 496 1870 eius,
525 1796 734 1880 perturbatio,
762 1816 935 1879 suspensus
957 1797 1162 1880 incertusque
1183 1796 1305 1869 vultus,
1327 1796 1436 1859 crebra
1457 1795 1570 1859 coloris
1591 1797 1733 1870 mutatio,

414 1909 494 1972 quae
516 1897 606 1954 erant
626 1898 719 1954 antea
739 1890 928 1973 suspiciosa,
948 1891 1028 1953 baec
1048 1898 1156 1974 aperta
1176 1896 1209 1953 et
1231 1888 1395 1952 manifesta
1409 1886 1574 1951 faciebant.
1596 1889 1667 1950 XX.
1681 1886 1733 1951 55.

415 1983 492 2045 Cum
513 1983 547 2044 in
569 1983 734 2046 consilium
757 1983 797 2046 iri
820 1993 994 2066 oporteret,
1017 1984 1175 2067 quaesivit
1195 1982 1234 2046 ab
1255 2002 1311 2045 reo
1334 1983 1368 2046 C.
1382 1982 1491 2045 lunius
1512 1983 1673 2065 quaesitor
1693 2000 1734 2044 ex

414 2075 483 2157 lege
505 2075 560 2139 illa
582 2076 742 2151 Cornelia,
765 2097 846 2160 quae
868 2085 934 2140 tum
957 2084 1040 2152 erat,
1063 2077 1143 2141 clam
1164 2099 1206 2141 an
1227 2079 1331 2161 palam
1353 2079 1392 2141 de
1409 2099 1444 2141 se
1458 2077 1645 2141 sententiam
1659 2076 1734 2140 ferri
1744 2090 1772 2137 45

413 2169 518 2232 vellet.
552 2171 600 2233 Ile
621 2171 789 2255 Oppianici
811 2173 965 2235 sententia
987 2190 1172 2255 responsum
1195 2179 1261 2245 est,
1284 2172 1371 2255 quod
1386 2173 1413 2235 is
1429 2170 1535 2234 Habiti
1549 2169 1735 2234 familiarem

414 2263 536 2325 lunium
558 2283 628 2328 esse
650 2264 788 2339 dicebat,
818 2265 898 2327 clam
919 2264 1000 2328 velle
1022 2263 1107 2328 ferri.
1139 2267 1220 2327 ltum
1243 2267 1345 2329 estin
1367 2265 1544 2329 consilium.
1580 2264 1734 2327 Omnibus

414 2357 579 2419 sententiis
607 2365 732 2442 praeter
752 2377 865 2432 unam,
896 2378 989 2441 quam
1012 2377 1101 2421 suam
1124 2358 1269 2421 Staienus
1292 2378 1362 2421 esse
1385 2358 1522 2432 dicebat,
1545 2357 1735 2420 Scamander

413 2449 513 2532 prima
534 2451 658 2515 actione
680 2451 903 2516 condemnatus
925 2459 982 2515 est
1019 2451 1098 2528 Quis
1121 2460 1186 2515 tum
1208 2460 1277 2516 erat
1294 2453 1450 2526 omnium,
1474 2453 1528 2535 qui
1543 2453 1733 2516 Scamandro

417 2546 622 2609 condemnato
645 2566 708 2609 non
732 2545 884 2610 iudicium
906 2545 947 2608 de
969 2545 1143 2630 Oppianico
1165 2545 1279 2610 facturn
1306 2566 1376 2610 esse
1397 2547 1623 2610 arbitraretur?
1657 2547 1773 2631 quidao

414 2645 463 2701 est
489 2639 543 2702 illa
572 2640 770 2702 damnatione
799 2638 985 2714 iudicatum,
1016 2640 1076 2703 nisi
1098 2660 1257 2704 venenum
1278 2641 1326 2714 id,
1355 2641 1441 2724 quod
1463 2640 1576 2704 Habito
1598 2641 1735 2715 daretur,

415 2752 484 2795 esse
508 2732 711 2815 quaesitum?
745 2731 834 2808 Quae
855 2753 948 2817 porro
971 2734 1156 2797 tenuissima
1178 2735 1316 2817 suspicio
1338 2734 1452 2798 collata
1465 2733 1499 2796 in
1512 2733 1735 2797 Scamandrum

415 2835 463 2890 est
488 2833 544 2890 aut
572 2826 705 2891 conferri
733 2830 852 2910 potuit,
882 2835 918 2889 ut
944 2828 971 2890 is
1002 2846 1059 2890 sua
1080 2836 1193 2910 sponte
1215 2848 1326 2892 necare
1348 2828 1487 2892 voluisse
1508 2827 1657 2891 Habitum
1677 2848 1735 2910 pu·

416 2922 559 2983 tareturl

498 3011 549 3076 56.
578 3016 683 3098 Atque
712 3016 773 3078 boc
801 3025 866 3080 tum
895 3015 1012 3079 iudicio
1033 3015 1117 3079 facto
1140 3024 1172 3079 et
1193 3015 1369 3101 Oppianico
1391 3036 1425 3079 re
1448 3024 1480 3079 et
1501 3016 1773 3080 existimationem

415 3109 494 3183 iam,
516 3109 585 3192 lege
608 3116 639 3173 et
659 3110 915 3192 pronuntiatione
938 3108 1079 3173 nondum
1103 3109 1328 3184 condemnato,
1350 3117 1455 3173 umen
1471 3110 1603 3176 Habitus
1618 3111 1736 3196 Oppia-

415 3203 520 3267 nicum
542 3222 631 3266 reum
653 3204 756 3267 statim
777 3223 842 3267 nou
863 3202 946 3267 fecit.
989 3202 1099 3266 Voluit
1120 3222 1329 3286 cognoscere,
1354 3211 1459 3266 utrum
1481 3203 1604 3268 iudices
1624 3206 1658 3269 in
1680 3225 1734 3268 eos

415 3297 498 3361 solos
521 3306 627 3361 essent
647 3298 768 3373 severi,
791 3318 871 3382 quos
885 3317 1041 3362 venenum
1057 3296 1206 3360 babuisse
1220 3298 1307 3380 ipsos
1322 3298 1561 3381 comperissent,
1583 3320 1624 3363 au
1639 3301 1735 3363 etiam

415 3392 544 3455 consilia
565 3392 836 3476 conscientiasque
858 3393 926 3455 eius
948 3391 1034 3454 modi
1055 3390 1230 3454 facinorum
1248 3390 1402 3474 supplicio
1424 3390 1534 3474 dignas
1548 3393 1735 3458 iudicarent.

414 3485 523 3567 ltaque
551 3483 585 3546 C.
607 3484 799 3559 Fabricium,
832 3506 926 3569 quem
953 3492 1080 3569 propter
1113 3483 1355 3549 familiaritatem
1383 3484 1546 3568 Oppianici
1575 3488 1773 3551 consciumso

415 3576 460 3639 illi
481 3575 613 3640 facinori
635 3576 732 3642 fuisse
755 3579 978 3654 arbitrabatur,
1001 3598 1090 3641 reum
1105 3578 1209 3642 statim
1230 3577 1321 3653 fecit,
1344 3578 1454 3661 utique
1469 3579 1498 3641 ei
1513 3579 1603 3644 locus
1617 3582 1735 3665 primus

414 3671 671 3745 constitueretur,
693 3681 823 3756 propter
843 3692 956 3737 causae
971 3673 1225 3735 coniunctionem
1247 3672 1435 3757 impetravit.
1467 3673 1526 3736 Hic
1547 3681 1614 3736 tum
1629 3674 1736 3737 Fabri·

414 3764 482 3826 cius
504 3784 569 3827 non
590 3763 686 3827 modo
708 3765 747 3828 ad
769 3785 819 3828 me
838 3786 926 3830 meos
940 3766 1063 3829 meinos
1078 3774 1111 3829 et
1125 3766 1261 3842 amicos,
1282 3765 1491 3842 Aletrinates,
1512 3785 1577 3830 non
1592 3765 1735 3842 adduxit,

414 3858 471 3921 sed
501 3860 569 3942 ipse
600 3859 640 3922 iis
668 3879 772 3942 neque
801 3858 1018 3924 defensoribus
1046 3861 1092 3923 uti
1119 3867 1228 3943 postea
1255 3880 1360 3943 neque
1386 3859 1600 3923 laudatoribus
1621 3861 1734 3944 potuit.

414 3950 465 4015 57.
486 3954 564 4015 llem
586 3953 670 4015 enim
693 3953 846 4037 integram
865 3954 1005 4018 bominis
1027 3974 1092 4018 non
1114 3954 1209 4016 alieni
1232 3952 1374 4037 quamvis
1395 3953 1604 4037 suspiciosam
1626 3951 1772 4018 delen-ss

416 4047 489 4108 dere
509 4045 711 4109 humanitatis
733 4066 803 4110 esse
825 4048 1028 4130 putabamus,
1049 4047 1217 4111 iudicatam
1238 4045 1426 4111 labefactare
1440 4047 1548 4110 conari
1568 4047 1735 4132 impuden-

416 4141 487 4207 tiae.
529 4140 638 4222 ltaque
670 4147 736 4204 tum
764 4140 820 4204 ille
848 4141 956 4225 inopia
977 4150 1010 4206 et
1031 4142 1218 4206 necessitate
1240 4147 1366 4204 coactus
1387 4141 1420 4203 in
1441 4159 1537 4205 causa
1557 4142 1625 4205 eius
1647 4142 1735 4206 modi

416 4233 456 4294 ad
479 4233 647 4316 Caepasios
674 4233 783 4298 fratres
813 4234 968 4318 confugit,
998 4235 1145 4299 homines
1172 4233 1343 4297 industrios
1364 4242 1460 4319 atque
1482 4253 1521 4298 eo
1545 4234 1667 4311 animo,
1699 4241 1736 4299 ut

416 4345 632 4410 quaecumque
661 4327 787 4391 dicendi
813 4336 952 4414 potestas
981 4338 1065 4393 esset
1094 4329 1182 4404 data,
1210 4329 1243 4391 iu
1268 4328 1389 4393 bonore
1410 4336 1506 4414 atque
1526 4329 1561 4391 in
1581 4327 1734 4394 beneficio

482 4547 505 4598 l.
523 4547 629 4600 Baebius
645 4550 723 4602 codd.
737 4551 958 4615 Lagomarsiutsni
975 4553 1043 4603 duo:
1061 4552 1150 4604 Belius
1165 4553 1225 4610 ST,
1243 4552 1400 4611 Boeotum
1417 4551 1520 4602 Bebn‘sss
1535 4549 1675 4604 Facto.
1694 4551 1733 4604 ct.

416 4621 440 4687 5.
458 4622 500 4674 41.
521 4651 548 4661 -
567 4627 755 4677 44041141-
774 4628 901 4691 Diogenes
917 4629 969 4679 ST.
983 4654 1010 4664 -
1026 4632 1182 4691 prmum
1198 4625 1292 4690 (littera
1307 4640 1334 4676 m
1350 4625 1491 4691 expuncta)
1507 4626 1573 4676 s.-
1591 4627 1616 4677 2.
1635 4627 1736 4690 044444·

415 4699 463 4748 ltus
480 4697 647 4765 (Quinctllias)
664 4714 726 4752 cum
742 4702 802 4752 Car.
821 4702 953 4766 Stephano
970 4703 1035 4753 to:
1055 4703 1169 4766 0445444444
1187 4700 1335 4766 (0444444444)
1351 4698 1440 4754 aaa.
1454 4727 1482 4738 -
1500 4699 1525 4751 l.
1542 4702 1646 4753 montis
1661 4703 1689 4751 Τ.
1704 4727 1732 4738 -

415 4787 440 4823 se
456 4774 747 4837 cumClcopbaotoSl'.
767 4802 794 4811 -
812 4777 837 4827 5.
854 4777 1051 4828 collocamus:
1074 4777 1184 4828 4004444444
1199 4778 1291 4828 ceteri.
1317 4775 1355 4826 Cl.
1374 4774 1399 4839 S.
1416 4775 1457 4826 41.
1477 4801 1504 4811 -
1523 4775 1548 4825 7.
1565 4781 1618 4826 tota
1634 4777 1694 4826 ST:
1711 4780 1736 4826 st

416 4853 469 4898 totas
485 4847 626 4902 144140.
645 4875 673 4888 -
692 4849 732 4900 43.
749 4855 774 4901 et
789 4851 847 4902 ST:
865 4864 897 4902 sc
913 4851 1055 4906 nauto.
1076 4879 1104 4889 -
1120 4853 1229 4917 sedebat
1244 4854 1277 4904 11.
1298 4878 1325 4889 -
1343 4850 1384 4902 44.
1401 4855 1497 4914 oportet
1515 4852 1543 4901 T.
1563 4874 1590 4885 -
1610 4863 1628 4899 a
1642 4863 1686 4900 seo
1702 4851 1733 4909 S;

417 4921 449 4972 ub
465 4935 493 4973 eo
510 4924 573 4984 FA,
594 4923 626 4974 ab
642 4937 670 4975 eo
684 4922 765 4977 root.
779 4951 807 4962 -
826 4927 865 4989 c]
882 4928 977 4990 (4.51.
994 4954 1021 4964 -
1040 4928 1209 4979 lassatam
1224 4927 1312 4979 81⁸0:
1332 4923 1601 4978 ammantat.
1619 4926 1662 4976 slc
1677 4924 1734 4975 fere

419 4999 578 5048 constanter.
597 4999 635 5050 Ct.
655 4997 678 5063 3.
690 4999 732 5050 2⁰.
744 4999 785 5051 14.
800 5026 828 5038 -
846 5001 887 5053 44.
905 5002 932 5052 id
947 5001 1019 5054 delet
1035 5004 1225 5055 llommsenlus
1241 5000 1300 5053 coll.
1314 5014 1340 5067 p.
1353 5001 1410 5052 559.
1428 5014 1454 5051 v.
1466 5000 1507 5051 28.
1524 5001 1559 5050 at
1573 4998 1627 5050 vld.
1639 5011 1666 5063 p.
1675 4998 1733 5049 511.

419 5073 752 5140 v..u.-qo0qqos.
772 5102 801 5114 -
822 5077 1258 5141 ss.qoassomp0msr.-
1281 5077 1506 5140 naemu·
1529 5069 1733 5137 stupens.

420 5173 450 5186 ·-
468 5148 683 5213 4414444141.-
701 5150 1273 5213 33.1.ω44444ω81“;.1444ήω4α4141ω4411.
1292 5150 1331 5203 Cf.
1350 5150 1470 5215 546.-
1488 5148 1530 5200 34.
1547 5148 1597 5214 sed]
1613 5161 1639 5199 se
1654 5149 1688 5199 11.
1703 5171 1731 5182 -

418 5223 471 5285 lpse
485 5222 524 5288 tls]
541 5224 573 5274 lla
588 5225 649 5289 [om.
666 5225 726 5289 lpse)
744 5227 777 5288 Τ;
794 5227 854 5291 lpsls
868 5228 1088 5282 llsWeislrlus.-·
1106 5229 1148 5283 38.
1165 5227 1280 5294 Omasloe
1294 5225 1411 5289 Ab20;
1429 5225 1494 5278 ilem
1510 5224 1536 5291 5.
1554 5225 1596 5278 llll.
1618 5223 1658 5278 Cf.
1676 5225 1730 5276 Cic.

420 5297 493 5350 Brut·
510 5298 535 5363 3.
552 5298 611 5354 144.
628 5299 708 5356 lullus
723 5302 812 5355 Victor
827 5316 854 5371 p.
871 5302 930 5358 148.
946 5317 973 5359 v.
991 5304 1032 5358 35.
