4367 6109
452 569 516 640 348
825 578 870 643 m
889 577 1056 644 vacanti
1075 576 1199 644 ACTIO
1222 576 1406 643 SECUNDA

452 765 535 811 mam
556 745 708 810 iniuriam
728 746 1000 831 ignominiamque
1021 748 1224 833 pervenerit?
1245 748 1363 830 quibus
1382 767 1454 811 cum
1469 746 1617 812 decumas
1632 747 1709 812 dare
1723 747 1781 812 de·

450 841 581 915 berent,
603 842 657 905 vix
677 840 757 923 ipsis
779 839 930 905 decumae
951 840 1081 906 relictae
1104 850 1198 907 sunt:
1219 862 1292 906 cum
1312 842 1450 926 pecunia
1463 842 1649 917 deberetur,
1673 841 1781 906 soluta

450 956 517 1000 non
536 942 603 999 est:
624 954 696 997 cum
718 935 838 1017 optima
859 935 1079 1000 aestimatione
1101 945 1230 1000 senatus
1247 936 1440 999 immentum
1454 956 1510 1001 eos
1524 936 1558 999 in
1575 937 1687 1000 cellam
1702 937 1780 1000 dare

450 1030 619 1104 voluisset,
640 1027 736 1091 444444
758 1028 969 1093 inemumenta
989 1047 1139 1112 agrorum
1159 1032 1297 1096 vendere
1319 1031 1418 1094 coacti
1435 1038 1519 1095 sunt.
1547 1031 1688 1095 XCVIII.
1703 1028 1779 1094 227.

427 1123 525 1187 aliisi
553 1123 619 1186 iam
643 1129 754 1197 antea,
782 1122 920 1198 iudices,
949 1131 987 1186 ut
1012 1122 1071 1187 has
1092 1144 1203 1189 omnes
1223 1126 1357 1188 iniurias
1378 1125 1517 1200 tollatis,
1546 1132 1653 1188 tamen
1673 1124 1779 1207 ipsam

450 1217 607 1281 radonem
639 1216 748 1279 mandi
779 1237 836 1300 spe
864 1217 964 1299 magis
991 1224 1023 1280 et
1050 1218 1247 1284 iucunditate
1275 1219 1412 1303 quadm
1434 1239 1531 1303 quam
1551 1218 1655 1283 liuctu
1677 1227 1779 1303 atque

450 1310 664 1375 emolumento
680 1310 791 1374 teneri.
818 1309 945 1375 Etenim
962 1313 1003 1376 ad
1017 1313 1174 1375 incertum
1189 1333 1297 1376 casum
1312 1320 1345 1376 et
1358 1320 1506 1377 eventum
1521 1320 1627 1377 certus
1642 1319 1781 1396 quotan-

449 1406 500 1470 nis
521 1406 613 1469 labor
633 1412 665 1469 et
686 1412 791 1469 certus
814 1411 959 1488 sumptus
979 1406 1184 1489 impenditur.
1226 1409 1362 1469 Annona
1382 1426 1477 1491 porro
1500 1406 1637 1489 pretinm
1659 1406 1723 1470 nisi
1745 1407 1781 1468 iu

450 1500 629 1565 calamitate
650 1498 813 1563 Imctuum
834 1518 900 1564 non
920 1499 1031 1563 habete
1053 1500 1080 1563 si
1102 1509 1209 1564 autem
1230 1501 1358 1564 ubertas
1380 1500 1414 1563 in
1436 1500 1650 1584 percipiendis
1667 1499 1783 1564 tructi-

412 1593 510 1658 tobus
529 1593 607 1667 fuit,
629 1593 839 1677 consequitur
859 1593 964 1657 vilitas
985 1595 1020 1658 in
1041 1594 1233 1671 vendendis,
1264 1601 1301 1657 ut
1320 1602 1377 1658 aut
1397 1595 1480 1658 male
1501 1593 1706 1659 vendendam
1729 1594 1782 1656 in·

450 1687 592 1771 telligas‚
626 1685 653 1750 si
681 1686 764 1751 ben’e
792 1687 963 1772 processit,
997 1695 1052 1751 aut
1080 1688 1162 1752 male
1182 1695 1351 1772 perceptos
1372 1687 1512 1763 fructus,
1545 1688 1573 1750 si
1594 1695 1681 1752 recte
1702 1686 1782 1751 licet

450 1782 596 1846 vendere.
626 1782 728 1844 Totae
748 1788 854 1844 autem
875 1800 927 1844 res
949 1782 1085 1844 rusticae
1107 1781 1277 1845 eiusmodi
1298 1789 1388 1857 sunt,
1409 1789 1446 1845 ut
1467 1801 1522 1846 eas
1544 1802 1609 1846 non
1624 1783 1706 1846 ratio
1721 1802 1782 1845 ne-

450 1897 516 1961 que
546 1876 653 1950 labor,
686 1874 743 1938 sed
768 1895 819 1938 res
846 1875 1093 1950 incertissimae,
1125 1877 1213 1939 venti
1242 1883 1528 1959 tempestatesque,
1561 1877 1780 1940 moderentur.

448 1969 532 2034 Hinc
553 1990 626 2033 cum
646 1988 731 2031 unae
751 1968 903 2033 decumae
923 1968 993 2051 lege
1015 1976 1048 2033 et
1060 1970 1292 2033 consuetudine
1308 1969 1529 2044 asumuntur,
1551 1969 1669 2034 alterae
1683 1969 1781 2033 novis

412 2062 602 2127 senescatis
629 2070 762 2146 propter
788 2082 933 2126 annonae
959 2063 1116 2127 rationem
1138 2064 1349 2147 imperentur,
1382 2070 1505 2127 ematur
1525 2073 1690 2147 praeterea
1711 2063 1782 2126 iru-

449 2165 593 2221 mentum
621 2159 794 2240 quotannis
821 2156 964 2240 publice,
992 2166 1154 2240 postremo
1181 2158 1276 2221 etiam
1298 2159 1332 2220 in
1353 2156 1465 2220 cellam
1488 2157 1723 2240 magistratibus
1745 2163 1781 2220 et

449 2250 562 2334 legatis
591 2250 779 2334 imperetur:
809 2250 887 2335 quid
916 2257 972 2314 aut
993 2259 1147 2335 quantum
1175 2256 1340 2334 praeterea
1361 2257 1426 2324 est,
1458 2249 1544 2333 quod
1566 2259 1623 2314 aut
1642 2250 1780 2314 liberum

448 2344 553 2428 possit
572 2344 689 2407 habere
710 2344 766 2407 ille
786 2353 892 2408 arator
913 2365 950 2408 ac
972 2343 1120 2408 dominus
1141 2346 1175 2407 in
1201 2351 1358 2429 potestate
1389 2362 1519 2407 suomm
1540 2343 1698 2408 fructuum
1721 2350 1781 2407 aut

448 2438 483 2501 in
504 2437 583 2520 ipsis
604 2436 760 2502 inrctibua
780 2438 943 2503 solutum?
987 2434 1059 2501 228.
1082 2438 1176 2514 Quod
1198 2439 1226 2501 si
1248 2437 1328 2501 haec
1349 2437 1457 2500 ferunt
1477 2437 1600 2511 omnia,
1622 2437 1650 2500 si
1669 2439 1780 2520 potius

411 2532 539 2595 torohis
562 2551 599 2595 ac
621 2533 667 2596 rei
695 2532 844 2616 publicae
872 2552 968 2617 quam
990 2532 1051 2596 sibi
1073 2539 1106 2595 et
1126 2532 1193 2596 suis
1215 2531 1391 2594 commodis
1414 2550 1529 2613 opera,
1558 2537 1704 2613 sumptu,
1731 2529 1781 2593 la·

448 2625 526 2689 bore
550 2627 749 2690 deserviunt:
772 2627 908 2691 etiamne
929 2627 1009 2691 haec
1031 2646 1115 2690 nova
1136 2626 1253 2689 debent
1274 2626 1379 2691 edicta
1393 2631 1425 2688 et
1447 2625 1581 2709 imperia
1594 2632 1781 2708 praetorum

448 2729 481 2784 et
496 2721 630 2804 Apronii
653 2721 902 2785 dominationem
916 2729 949 2784 et
962 2721 1171 2785 Veneriorum
1186 2739 1350 2783 sertorum
1364 2718 1449 2783 furta
1462 2719 1657 2803 rapinasque
1670 2718 1780 2782 ferrei

449 2815 587 2878 etiamne
607 2814 801 2879 frumentum
822 2835 881 2898 pro
902 2823 1009 2898 empto
1032 2815 1129 2897 gratis
1152 2814 1249 2876 darei
1278 2814 1416 2877 etiamne
1437 2812 1472 2875 in
1494 2812 1606 2875 cellam
1629 2830 1701 2874 cum
1722 2832 1781 2874 cu·

448 2909 540 2992 piant
566 2909 663 2991 gratie
692 2911 784 2984 dare,
815 2909 901 2972 ultro
929 2909 1097 2992 pecuniam
1126 2908 1277 2989 mandem
1299 2906 1439 2970 adderet
1472 2906 1609 2969 etiamne
1629 2905 1708 2970 haec
1730 2912 1781 2969 tot

410 3003 638 3067 ”detrimenta
659 3011 755 3087 atque
776 3004 892 3067 damna
913 3022 985 3066 cum
1007 3001 1154 3066 maximis
1175 3001 1301 3064 iniuriis
1323 3000 1589 3084 contumeliisque
1610 3001 1779 3084 perterret

448 3096 560 3181 ltaque
581 3096 661 3168 llaec
681 3096 819 3171 iudices,
842 3116 925 3180 qarae
947 3097 1015 3179 pati
1036 3095 1125 3159 nullo
1147 3095 1243 3158 modo
1265 3101 1454 3179 potuerunt,
1481 3114 1546 3157 nnn
1566 3096 1778 3178 pertulerunt.

447 3190 620 3254 nationes
637 3209 749 3254 omnes
770 3197 837 3253 tnta
852 3189 962 3252 Sicilia
978 3189 1119 3252 desertas
1134 3196 1230 3272 atque
1244 3208 1264 3252 a
1278 3189 1415 3252 dominis
1429 3188 1642 3253 relictas-esse
1657 3209 1779 3272 cogno·

448 3285 553 3348 4444444
582 3304 689 3367 neque
717 3285 892 3368 quidquam
921 3284 1007 3347 aliud
1030 3283 1135 3366 egitirr
1154 3282 1217 3346 hoc
1239 3282 1377 3357 iudicio,
1406 3283 1469 3346 nisi
1491 3282 1539 3345 nti
1561 3281 1780 3367 antiquissimi

448 3379 528 3443 socii
549 3374 806 3463 fidelissimique,
829 3377 945 3453 Siculi,
968 3377 1075 3441 coloni
1096 3376 1207 3462 populi
1230 3377 1364 3442 Romani
1379 3385 1476 3463 atque
1490 3384 1648 3451 aratores,
1670 3383 1778 3440 vestra

511 3712 537 3764 4.
554 3711 622 3777 ipsit]
639 3717 668 3763 ut
682 3712 721 3762 bis
736 3710 820 3776 Lgi23
837 3713 908 3776 ipsos
923 3713 951 3763 1.
972 3738 1000 3748 -
1019 3711 1044 3762 3.
1061 3712 1089 3761 in
1105 3711 1169 3763 44444
1184 3709 1263 3774 1444.
1283 3736 1311 3747 -
1334 3711 1359 3760 b.
1378 3710 1490 3773 quodam
1504 3710 1632 3774 4444444444
1648 3709 1730 3761 idem.
1746 3735 1775 3746 -·

446 3788 471 3840 8.
490 3801 606 3840 annonae
623 3790 651 3839 et
665 3789 777 3852 [suctum
792 3789 871 3852 lagg.
890 3790 997 3853 praeter
1013 3785 1055 3838 44.
1071 3813 1099 3822 -
1117 3788 1143 3837 9.
1158 3785 1354 3849 4444ρί44444-
1365 3784 1621 3849 -44444444441444,
1641 3815 1669 3824 -
1688 3788 1730 3839 44.
1748 3790 1778 3836 stt

447 3863 501 3927 nat]
517 3865 555 3913 ito
570 3862 692 3928 441344.
714 3889 742 3900 -
758 3863 913 3914 vendendum
928 3861 1060 3928 intellipos]
1077 3862 1187 3912 oeadoat
1203 3861 1285 3911 idem.
1300 3883 1328 3896 -
1348 3861 1388 3910 44.
1406 3861 1436 3924 st]
1453 3860 1556 3924 quodsi
1572 3860 1650 3926 Lgli.
1670 3888 1697 3899 -
1716 3860 1778 3912 beas

448 3949 502 3988 nm.
521 3939 541 3990 0
559 3941 651 3988 contra
668 3936 747 3988 codd.
762 3965 790 3974 -
808 3944 837 3989 44
852 3938 918 3988 mou
931 3942 1071 4000 peremptos
1086 3935 1164 4001 Lgli.
1180 3963 1207 3972 -
1225 3937 1299 3986 444444
1314 3934 1396 3985 idem.
1424 3935 1497 3986 coni.
1515 3936 1666 4000 Zumptlus:
1684 3940 1713 3985 ut
1729 3942 1777 3987 444

446 4013 513 4064 44444
527 4014 632 4075 vendas,
649 4014 670 4064 si
686 4013 746 4064 bene
759 4014 891 4076 pmcescit,
910 4017 955 4062 out
969 4013 1037 4064 mole
1050 4013 1177 4075 percipias
1191 4012 1301 4076 (nutas,
1319 4011 1341 4059 st
1356 4014 1421 4060 recte
1432 4009 1609 4062 4444444444.
1623 4036 1650 4046 -
1669 4009 1710 4061 44.
1724 4023 1777 4061 44-

447 4085 504 4151 um]
522 4087 587 4137 44444
603 4088 619 4138 6
635 4089 713 4152 lagg.
732 4085 798 4139 dett.
819 4115 843 4126 -
863 4086 1003 4138 4444444444·
1018 4088 1128 4139 nodone
1143 4086 1221 4151 Lgtt.
1241 4114 1269 4123 -
1292 4086 1331 4136 43.
1350 4091 1437 4136 centus
1456 4091 1632 4148 tempestasque
1648 4083 1730 4137 idem.
1745 4111 1774 4123 -

447 4159 487 4212 tt.
500 4174 558 4211 cum
568 4161 642 4227 4444]
654 4174 783 4213 committit
794 4161 909 4213 idem·
921 4163 1096 4214 cmmetadtssa
1105 4161 1175 4226 Lgii
1187 4163 1223 4213 N:
1241 4162 1380 4212 condittoue
1395 4158 1452 4211 rell.
1465 4160 1494 4211 0.
1512 4158 1665 4222 intelligitur
1674 4172 1778 4211 conate-

446 4235 539 4286 tasdbsts
554 4237 608 4297 tus,
626 4236 660 4287 de
678 4250 731 4301 qun
749 4251 775 4288 v.
794 4236 828 4287 de
845 4238 989 4288 14444411.
1009 4237 1033 4301 s.
1046 4238 1087 4287 ot.
1101 4238 1158 4287 444.
1184 4239 1251 4287 Nam
1269 4237 1294 4286 in
1312 4236 1385 4286 omni
1402 4235 1577 4286 decumarum
1594 4235 1695 4284 ratione
1712 4247 1777 4285 con-

445 4311 615 4362 suetudinem
632 4310 746 4362 valuisse
765 4323 827 4362 cum
843 4324 893 4377 per
910 4324 939 4362 se
957 4311 1083 4363 credibile
1101 4313 1147 4373 sit,
1167 4315 1222 4363 tum
1239 4324 1291 4362 una
1309 4312 1383 4362 inre
1401 4312 1513 4361 testatur
1522 4306 1621 4359 Tullius
1638 4308 1663 4372 s.
1676 4307 1734 4358 489.
1746 4335 1775 4346 -

446 4387 692 4452 4444444144
709 4390 736 4439 44
752 4387 911 4439 Lambinus:
930 4389 1065 4438 trabuntur
1077 4387 1156 4438 codd.
1169 4386 1226 4437 rell.
1240 4387 1270 4438 0.
1285 4414 1312 4422 —
1326 4382 1577 4449 olteroe1opeLgii.
1593 4406 1620 4420 -
1637 4383 1677 4433 46.
1693 4383 1778 4446 publi-

445 4476 503 4514 casse
513 4464 594 4515 idem.
607 4492 634 4502 -
648 4463 688 4514 48.
701 4464 814 4526 momen]
830 4475 961 4513 remonon
977 4463 1044 4513 id.-
1064 4462 1106 4512 44.
1118 4460 1297 4525 4444414444
1315 4461 1428 4524 [aester
1438 4457 1506 4516 rell.;
1523 4458 1734 4522 (emmarricus.
1744 4459 1776 4510 0.

447 4562 477 4576 -
495 4540 582 4588 nussia
596 4550 650 4589 om.
668 4538 747 4603 Lgii.
767 4563 795 4576 ·-
811 4539 895 4600 potius
910 4537 979 4588 oobts
994 4537 1023 4590 t:
1049 4538 1118 4588 uobis
1132 4537 1216 4600 potius
1231 4534 1288 4587 rell.
1307 4537 1336 4585 0.
1357 4561 1384 4570 -
1403 4536 1445 4585 44.
1463 4534 1501 4584 rei
1516 4547 1544 4595 p.
1563 4532 1656 4584 codd:
1680 4534 1778 4596 populo

444 4613 474 4665 lt.
492 4616 575 4678 Naug.
594 4614 651 4666 10.
671 4641 698 4651 -
723 4612 831 4678 sumptu]
853 4615 939 4678 inccta
954 4613 1031 4678 Lgti.
1053 4641 1080 4649 —
1104 4613 1145 4663 44.
1162 4612 1230 4675 serre
1245 4610 1331 4673 Lgta:
1354 4609 1469 4673 perterre
1484 4606 1541 4659 rell.
1560 4608 1589 4659 0.
1615 4607 1680 4660 illud
1698 4621 1777 4660 com—

445 4688 587 4740 mendatur
603 4688 784 4755 praecedente
801 4701 860 4740 voc.
877 4690 965 4753 serem.
983 4715 1011 4728 -
1030 4689 1072 4740 43.
1090 4690 1198 4738 etiam
1212 4687 1240 4736 is
1256 4686 1343 4736 4444444
1359 4699 1416 4734 uem
1432 4685 1536 4747 captust
1550 4685 1775 4748 praeteream.

444 4762 523 4828 1444.
538 4790 566 4800 -
584 4763 625 4816 44.
644 4763 815 4828 4444441344
827 4779 865 4825 cp:
885 4763 1012 4816 dorerell.
1026 4766 1055 4814 0.
1065 4790 1092 4801 -
1111 4764 1152 4813 aa.
1173 4761 1252 4812 ...4ο
1267 4762 1341 4810 modo
1358 4772 1444 4824 usque
1461 4758 1495 4809 ad
1512 4758 1595 4811 tinem
1611 4758 1693 4810 habet
1703 4758 1774 4810 V.-

443 4839 722 4903 enspertrstemtnm.
733 4840 796 4890 V.-
809 4841 851 4891 44.
864 4839 1027 4903 4444441444
1038 4841 1110 4902 vo:
1129 4852 1183 4890 nm.
1194 4836 1283 4889 rell-
1296 4838 1332 4888 cd
1342 4837 1448 4886 dominis
1459 4837 1538 4886 444444
1547 4834 1593 4886 set.
1605 4832 1674 4898 agla
1685 4846 1713 4899 p.
1724 4846 1775 4896 m.,

444 4968 478 5021 44
493 4969 600 5023 44444444
615 4969 727 5021 44444444
742 4985 765 5022 r.
784 4983 840 5021 sec.
858 4983 894 5022 m.
914 4971 976 5033 [non
993 4974 1118 5023 accurate
1135 4970 1207 5036 apud
1223 4970 1277 5033 Ζ.];
1295 4968 1328 5019 ob
1344 4916 1535 5019 onmimretiotos
1557 4967 1597 5018 sic
1613 4967 1644 5016 V.
1663 4964 1725 5029 (Bc.)
1744 4990 1773 5000 —

443 5055 567 5119 4444444444
583 5056 650 5106 coni.
669 5052 747 5106 Orelli
764 5057 791 5105 et
807 5055 922 5119 Zumpt.;
941 5057 968 5105 at
984 5055 1018 5106 ct.
1037 5068 1087 5106 nos
1104 5054 1137 5106 ad
1155 5067 1195 5106 cr.
1213 5068 1240 5120 p.
1259 5037 1339 5106 ca'ec.
1358 5066 1385 5118 p.
1404 5052 1461 5103 466.
1483 5078 1510 5089 -
1528 5050 1570 5101 48.
1588 5051 1626 5100 uti
1642 5048 1728 5114 Lgii:
1746 5055 1778 5100 at

442 5127 467 5178 V
478 5129 553 5192 (144),
570 5127 628 5180 rell.
642 5129 672 5180 0.
682 5154 709 5165 -
728 5129 770 5180 44.
785 5130 922 5194 4444444444
932 5128 1000 5194 1444
1014 5130 1047 5188 4Ῑ;
1065 5129 1129 5180 binc
1145 5130 1214 5181 conl.
1227 5127 1300 5180 illota
1315 5125 1505 5193 probabiliter:
1524 5126 1691 5189 antiquissimi
1701 5125 1774 5187 44444,

440 5201 578 5268 mittini
592 5204 673 5255 colossi
684 5207 736 5257 oet.
753 5203 796 5269 [tt
811 5203 895 5256 babet
903 5205 935 5268 V,
954 5204 1027 5270 quod
1043 5205 1127 5258 144444
1143 5205 1332 5271 praetermisit,
1349 5203 1410 5254 socii
1425 5208 1450 5255 et
1463 5202 1610 5268 4444444444,
1629 5199 1702 5266 quod
1718 5201 1776 5251 iam

442 5276 639 5331 restituendum
655 5280 705 5332 444.
723 5278 763 5332 cl.
780 5280 812 5332 11.
830 5278 856 5345 4.
874 5278 1044 5346 4444444141
