4367 6109
806 568 879 636 cn.
901 569 1086 638 xr-xnr.
1114 569 1171 657 §t-
1193 568 1342 639 ae-ao.
1367 643 1370 649 ,
1691 570 1732 637 eo

500 743 571 806 ΧΠ.
594 739 645 805 33.
667 740 834 805 Hominem
855 740 949 823 longe
971 742 1217 806 audacissimum
1239 763 1341 825 nuper
1361 743 1530 808 habuimus
1551 744 1732 808 incivitate

417 838 450 901 C.
473 837 644 900 Fimbriam
666 844 711 909 et,
734 835 823 918 quod
844 835 927 898 inter
949 856 1058 899 omnes
1074 843 1214 910 constat,
1237 839 1298 900 nisi
1314 839 1479 912 intereos,
1502 840 1558 922 qui
1573 841 1635 923 ipsi
1652 859 1733 922 quo-

415 950 481 1015 que
501 931 683 1004 insaniunt,
711 930 957 992 insanissimum.
1000 931 1030 992 ls
1061 951 1132 994 cum
1155 941 1296 995 curasset
1317 934 1350 995 in
1371 933 1482 996 iuuere
1506 934 1538 996 C.
1560 933 1667 1008 Marii,
1697 939 1733 995 ut

416 1027 456 1103 Q.
479 1025 631 1089 Scaevola
658 1023 896 1099 vulneraretur,
923 1025 972 1087 vir
1000 1025 1218 1088 sanctissimus
1246 1035 1342 1110 atque
1365 1029 1584 1091 ornatissimus
1605 1034 1732 1091 nostrae

415 1119 568 1194 civitatis,
590 1151 632 1185 -.
654 1117 694 1181 de
725 1119 816 1182 cuius
845 1118 939 1181 laude
968 1138 1072 1201 neque
1100 1118 1153 1180 bic
1183 1117 1272 1181 locus
1300 1127 1348 1183 est
1376 1128 1413 1183 ut
1444 1122 1543 1185 multa
1571 1119 1770 1198 dicantur,s

415 1234 523 1298 neque
546 1214 638 1296 plura
659 1221 763 1276 tamen
787 1213 850 1276 dici
872 1221 1022 1296 possunt,
1051 1232 1147 1296 quam
1169 1215 1308 1295 populus
1331 1216 1491 1279 llomanus
1512 1215 1664 1278 memoria
1684 1236 1733 1278 re-

416 1309 510 1382 tinet;
532 1340 573 1353 -
597 1307 679 1371 diem
702 1307 873 1371 Scaevolae
895 1307 991 1380 dixit,
1013 1314 1222 1389 posteaquam
1244 1310 1398 1391 comperit
1420 1330 1492 1373 eum
1506 1330 1601 1394 posse
1615 1311 1732 1373 vivere.

417 1403 497 1467 Cum
519 1403 618 1465 abeo
642 1409 863 1486 quaereretur,
886 1401 962 1485 quid
986 1400 1113 1463 tandem
1135 1409 1340 1465 accusaturus
1355 1409 1439 1467 esset
1453 1423 1540 1477 eum,
1563 1424 1659 1488 quem
1673 1423 1732 1487 pro

416 1495 568 1579 dignitate
589 1516 630 1559 ne
652 1495 783 1559 laudare
805 1496 935 1580 quidem
956 1496 1128 1580 quisquam
1152 1495 1227 1557 satis
1248 1498 1412 1560 commode
1426 1504 1550 1580 posset:
1573 1499 1663 1562 aiunt
1674 1498 1733 1561 ho·

415 1590 547 1664 minem,
569 1597 605 1652 ut
626 1598 692 1654 erat
713 1590 868 1663 furiosus,
895 1589 1117 1672 respondisse,
1141 1588 1250 1672 «quod
1270 1610 1335 1654 non
1357 1598 1458 1655 totum
1479 1591 1578 1654 telum
1600 1610 1732 1673 corpore
1742 1607 1770 1653 io

415 1685 616 1767 recepisset.»
662 1685 734 1760 Quo
756 1684 896 1768 populus
917 1685 1076 1747 Romanus
1099 1682 1179 1745 nibil
1200 1684 1280 1746 vidit
1301 1684 1479 1767 indignius,
1505 1684 1567 1747 nisi
1589 1685 1733 1748 eiusdem

415 1777 475 1842 viri
492 1786 642 1853 mortem,
665 1798 747 1862 qnae
764 1776 897 1862 [tantum
912 1779 1031 1860 potuit,
1055 1773 1100 1859 ut]
1120 1797 1229 1840 omnes
1244 1778 1328 1841 cives
1343 1778 1517 1861 perdiderit
1530 1783 1563 1840 et
1576 1777 1733 1851 afflixerit,

416 1893 498 1959 quos
520 1874 597 1957 quia
619 1892 743 1936 servare
765 1891 823 1954 per
845 1872 1108 1953 compositionem
1130 1871 1272 1945 volebat,
1306 1873 1374 1955 ipse
1402 1871 1503 1935 abiis
1526 1871 1732 1953 interemptus

415 1974 472 2032 est.
516 1962 567 2028 3t.
589 1968 686 2029 Estne
708 1967 769 2029 boc
792 1966 839 2028 illi
861 1966 946 2028 dicto
968 1974 1065 2049 atque
1086 1965 1169 2028 lacto
1185 1966 1365 2029 Fimbriano
1387 1965 1603 2029 simillimuml
1631 1966 1732 2028 Accu-

414 2063 490 2127 satio
513 2061 586 2122 Sex.
608 2061 768 2122 Roscium.
805 2059 891 2135 Quid
913 2059 979 2121 itai
1002 2059 1078 2143 quia
1101 2059 1139 2121 de
1162 2059 1306 2123 manibus
1320 2060 1433 2124 vestris
1453 2059 1577 2142 etiugit,
1600 2059 1676 2144 quia
1697 2076 1769 2123 sees

414 2154 518 2220 occidi
540 2175 653 2238 passus
676 2160 820 2217 nonest
863 2152 962 2226 lllud,
992 2153 1067 2236 quia
1097 2153 1132 2215 in
1155 2153 1307 2216 Scaevola
1327 2154 1445 2217 iactum
1467 2160 1530 2227 est,
1563 2153 1662 2235 magis
1683 2153 1732 2214 in·

413 2250 545 2333 dignum
567 2248 710 2311 videtur:
733 2247 811 2321 hoc,
834 2248 910 2330 quia
931 2242 966 2309 lit
987 2245 1245 2330 aCbrysogono,
1267 2268 1343 2310 num
1366 2255 1414 2310 est
1433 2245 1621 2310 serendum?
1642 2248 1732 2320 Nam,

414 2362 472 2426 per
493 2342 569 2404 deos
591 2341 804 2404 immortalesl
827 2339 905 2422 quid
928 2348 975 2402 est
996 2340 1030 2401 in
1051 2340 1110 2401 hac
1126 2359 1237 2415 causa,
1260 2341 1346 2424 quod
1362 2340 1556 2404 detensionis
1571 2339 1731 2421 indigeat?

415 2435 472 2520 qui
504 2435 595 2498 locus
628 2434 789 2518 ingenium
821 2434 947 2516 patroni
979 2434 1115 2517 requirit
1142 2440 1197 2496 aut
1224 2435 1358 2498 oratoris
1380 2433 1595 2519 eloquentiam
1617 2452 1731 2515 magno

415 2550 511 2614 opere
532 2530 716 2593 desiderati
750 2531 861 2592 Totam
879 2547 1020 2602 causam,
1043 2526 1183 2601 iudices,
1205 2529 1401 2611 explicemus
1418 2535 1515 2612 atque
1532 2533 1606 2590 ante
1620 2526 1768 2592 oculosao

415 2624 593 2709 expositam
615 2623 870 2688 consideremus:
900 2623 943 2685 ita
964 2621 1128 2697 facillime,
1157 2641 1239 2704 quae
1260 2642 1311 2685 res
1332 2630 1434 2686 totum
1456 2620 1609 2685 iudicium
1631 2621 1731 2684 conti-

414 2727 489 2783 ueat
510 2726 541 2781 et
563 2719 680 2802 quibus
703 2717 742 2781 de
764 2716 858 2780 rebus
879 2736 938 2778 nos
953 2715 1058 2778 dicere
1074 2721 1220 2796 oporteat
1234 2722 1265 2778 et
1279 2715 1358 2799 quid
1371 2735 1429 2778 ros
1445 2716 1537 2799 sequi
1552 2716 1731 2791 conveniat,

414 2814 608 2897 intelligetis.

498 2908 582 2970 Xlll.
612 2904 662 2969 35.
692 2908 770 2970 Tres
796 2914 871 2970 sunt
897 2925 961 2979 res,
995 2909 1150 2989 quantum
1179 2922 1238 2987 ego
1266 2903 1447 2968 existimare
1468 2923 1614 2988 possum,
1647 2924 1731 2989 qnae

415 3005 541 3069 obstent
560 3002 622 3065 hoc
644 3009 786 3084 tempore
809 3001 881 3063 Sex.
904 2999 1036 3063 lloscio:
1067 2998 1186 3061 crimen
1214 2997 1466 3063 adversariorum
1488 3006 1521 3063 et
1545 2997 1678 3063 audacia
1699 3005 1768 3064 ets

414 3098 566 3182 potentia.
611 3096 758 3160 Criminis
794 3092 1013 3158 confictionem
1040 3101 1207 3157 accusator
1231 3095 1366 3159 Erucius
1394 3093 1549 3176 suscepit,
1580 3093 1731 3156 audaciae

414 3198 519 3274 partes
547 3191 652 3253 Roscii
681 3190 741 3253 sibi
774 3196 1005 3272 poposcerunt,
1034 3188 1258 3272 Chrysogonus
1280 3197 1399 3264 autem,
1430 3189 1458 3252 is
1480 3188 1537 3272 qui
1558 3187 1731 3271 plurimum

413 3291 532 3369 potest,
564 3284 706 3369 potentia
735 3291 865 3366 pugnat.
908 3285 955 3346 De
981 3282 1070 3345 bisce
1100 3282 1247 3346 omnibus
1268 3284 1362 3346 rebus
1383 3301 1433 3345 me
1457 3282 1562 3344 dicere
1584 3289 1732 3364 oportere

414 3378 566 3461 intelligo.
609 3375 659 3439 36.
690 3377 777 3453 Quid
805 3377 902 3459 igitur
930 3380 1000 3440 esti
1041 3378 1110 3439 Non
1135 3376 1252 3447 ¹eodem
1282 3377 1377 3441 modo
1399 3377 1439 3440 de
1461 3375 1624 3451 omnibus3
1657 3375 1730 3438 ideo

415 3543 478 3599 tut
496 3541 624 3593 mendosa
641 3543 745 3593 inducta
762 3545 837 3600 sunt.
857 3541 953 3593 delevit
969 3541 1054 3593 Madv.
1073 3544 1128 3607 [Op.
1147 3545 1165 3592 t.
1184 3555 1209 3607 p.
1224 3543 1305 3607 448),
1324 3542 1395 3607 quod
1412 3557 1444 3594 ex
1462 3545 1546 3595 Roscii
1562 3555 1677 3609 persona
1689 3541 1730 3593 illa

415 3619 502 3669 omnia
519 3617 649 3668 dieantur.
682 3620 715 3667 at
731 3617 794 3681 quid
812 3615 914 3677 obstat,
932 3629 985 3681 quo
1003 3619 1089 3667 minus
1106 3619 1253 3669 statuamus
1269 3617 1356 3669 iudea
1374 3631 1417 3668 vv.
1436 3620 1501 3681 0446
1515 3619 1590 3668 outtis
1605 3619 1733 3681 amptius?

415 3695 548 3744 oratorem
568 3693 655 3756 ipsum
672 3705 764 3743 rursus
782 3692 883 3743 iudices
899 3689 1054 3757 appellaret
1078 3692 1187 3742 Accedit
1203 3692 1288 3756 quod,
1312 3694 1333 3744 si
1351 3694 1377 3743 S.
1395 3695 1509 3744 64444444
1525 3692 1646 3753 abesset,
1669 3706 1732 3757 pro-

415 3781 512 3821 nomen
527 3781 567 3818 me
583 3780 662 3832 aegre
679 3767 884 3819 desideraretur.
911 3769 949 3818 Ct.
968 3781 1038 3818 nunc
1055 3769 1135 3817 etiam
1152 3765 1233 3817 illota.
1251 3768 1277 3817 in
1294 3766 1378 3818 Praei.
1391 3766 1433 3818 ed.
1447 3769 1477 3818 11.
1495 3780 1522 3833 p.
1535 3768 1600 3818 xiil.
1621 3794 1649 3804 -
1667 3767 1691 3818 8.
1710 3769 1732 3818 is

414 3842 478 3908 crea]
495 3843 536 3894 cui
552 3845 581 3893 G.
603 3871 630 3880 -
648 3843 773 3903 mnusque
787 3843 884 3892 sceooto
901 3844 929 3892 G.
951 3870 978 3878 —
997 3843 1021 3892 6.
1040 3847 1104 3892 teau
1119 3841 1177 3892 cod.
1198 3841 1290 3895 Ursini.
1310 3869 1338 3878 —
1357 3842 1380 3892 9.
1401 3841 1440 3905 ne]
1457 3856 1502 3893 nec
1519 3845 1547 3893 G.
1568 3868 1597 3879 -
1616 3843 1657 3893 42.
1675 3848 1731 3892 444-

414 3916 611 3981 supponitur]
634 3917 701 3968 haec
722 3920 752 3967 ut
770 3919 940 3983 suppositicia
961 3920 1046 3967 Garat.
1066 3918 1098 3980 (2)
1121 3919 1229 3967 auctore
1250 3915 1352 3967 inclusi.
1382 3918 1534 3978 «Quaenam
1551 3921 1593 3971 est
1607 3919 1676 3970 baec
1692 3916 1733 3969 lo-

415 3994 513 4060 quendi
528 3995 616 4044 ratio‘t
641 3998 738 4043 tontum
751 3995 847 4057 potuit!
872 3996 913 4043 est
929 3992 1082 4044 admirantis
1099 3992 1253 4055 adscriptio,
1272 4005 1325 4056 qua
1342 3992 1425 4044 semel
1442 3995 1469 4043 in
1486 3993 1607 4044 ordinem
1623 3996 1733 4058 recepta

413 4075 441 4120 ot
457 4069 572 4120 adiicere
590 4081 701 4119 necesse
719 4068 791 4119 tuit.»
819 4067 980 4132 Sutiragatur
995 4070 1073 4117 acuto
1090 4068 1222 4118 Garatonii
1237 4066 1333 4117 iudicio
1350 4068 1404 4126 ut.
1430 4069 1457 4118 in
1483 4082 1536 4133 quo
1552 4073 1580 4118 ut
1596 4068 1681 4119 deest.
1702 4095 1730 4104 -

415 4145 512 4197 Contra
529 4144 707 4206 Heusingerus
724 4156 766 4193 vv.
784 4157 848 4205 quoe
866 4148 963 4193 4444444
979 4141 1114 4207 usquead
1132 4142 1253 4207 afflinem
1271 4140 1419 4192 inducenda
1436 4143 1602 4194 existimarit.
1623 4170 1650 4179 -
1667 4143 1732 4192 44444

416 4217 465 4283 (vel
480 4217 551 4283 ciuis)
568 4214 751 4281 unusqu,
769 4217 783 4267 3
801 4219 889 4268 Pare:
907 4219 972 4268 cives
988 4231 1045 4268 suos
1061 4219 1144 4275 0vc;
1162 4219 1227 4267 44444
1242 4219 1335 4268 occisus
1351 4220 1386 4276 G.
1405 4217 1463 4268 Per.
1480 4220 1503 4269 4.
1523 4218 1547 4270 4.
1566 4217 1615 4269 soli
1632 4232 1665 4269 ex
1682 4231 1732 4269 no·

415 4295 455 4346 tis.
476 4320 503 4328 -
522 4293 581 4357 odit.
600 4295 629 4344 G.
650 4317 677 4328 —
697 4293 737 4342 43.
755 4306 856 4343 semare
872 4295 989 4343 thvc:
1012 4305 1159 4342 conservare
1175 4293 1285 4345 CHSe.
1306 4316 1333 4328 -
1348 4304 1396 4353 per
1411 4305 1517 4354 coopoa
1536 4306 1591 4343 ac:
1608 4307 1655 4357 per
1670 4307 1732 4343 corr-

413 4380 516 4420 4444444
528 4367 673 4430 positionem
691 4371 723 4425 G;
739 4383 786 4431 per
801 4382 850 4419 cos.
869 4369 920 4433 (eor
931 4371 967 4419 Mt
979 4369 1003 4432 v)
1021 4368 1193 4430 repositionem
1203 4368 1228 4417 ld
1238 4380 1266 4425 νς
1288 4379 1336 4428 per
1346 4366 1494 4428 pectenem
1506 4367 1535 4417 C.
1550 4395 1578 4404 -
1596 4368 1654 4434 ipse]
1672 4369 1729 4418 isv.

422 4472 443 4481 -
461 4442 494 4492 ab
509 4443 602 4500 biisG;
620 4442 802 4503 4414444144,
822 4445 854 4494 ob
870 4445 927 4494 otiis
943 4445 979 4495 ut
1004 4445 1121 4507 titurius:
1137 4441 1172 4492 nb
1191 4440 1297 4490 bertilam
1310 4441 1411 4503 patriae
1425 4442 1548 4506 essartis).
1564 4471 1591 4480 -
1611 4441 1651 4493 tt.
1665 4444 1732 4492 Fim-

414 4518 502 4568 briano
518 4517 678 4583 simillimae]
696 4520 734 4570 sic
751 4520 901 4573 Rufinianus
919 4519 952 4571 de
970 4520 1013 4582 tig.
1032 4518 1055 4582 fl.
1074 4518 1129 4574 23..
1148 4519 1177 4566 ut
1193 4516 1261 4566 coni.
1280 4518 1308 4566 R.
1326 4517 1520 4567 Boemoraeus:
1540 4516 1666 4567 mutuae
1681 4532 1731 4567 uon

413 4593 565 4643 simittirmm
582 4592 660 4644 codd.
675 4621 702 4631 -
720 4596 760 4645 46.
779 4607 806 4646 se
820 4606 875 4649 om.
891 4606 918 4646 v.
933 4625 960 4632 —
981 4595 1020 4645 46.
1038 4607 1088 4643 ooo
1104 4598 1164 4643 44444
1180 4607 1203 4643 a.
1219 4620 1245 4627 -
1264 4593 1401 4654 illudquod
1416 4593 1478 4642 iou.
1494 4619 1521 4630 -
1540 4593 1580 4643 tt.
1595 4594 1730 4656 44444444.

414 4669 591 4720 ilotomenns:
609 4683 659 4719 uon
675 4675 709 4720 est
723 4670 743 4733 s.
756 4668 835 4741 codd.
846 4670 883 4732 0,
900 4682 982 4736 quam
996 4669 1136 4720 lectionem
1148 4668 1293 4720 detendunt
1302 4667 1394 4719 Lamb.
1408 4671 1435 4718 et
1448 4666 1543 4718 lordan
1554 4665 1571 4717 l.
1584 4681 1608 4718 c.
1622 4681 1648 4732 p.
1661 4668 1729 4728 664.;

414 4747 441 4794 44
451 4757 475 4794 v.
486 4744 548 4795 Ern.
558 4744 619 4808 (ooo
629 4743 680 4797 del.
691 4746 830 4799 Victorius.
847 4744 905 4797 vid.
919 4746 971 4797 Get.
981 4745 1043 4795 dos.
1056 4745 1080 4794 d.
1093 4744 1150 4806 toy.
1159 4744 1238 4794 44446.
1252 4742 1324 4794 4846.
1337 4756 1363 4808 p.
1376 4742 1443 4805 824.)
1457 4768 1485 4778 -
1500 4742 1538 4792 48.
1552 4743 1611 4805 quid
1622 4743 1665 4806 444]
1675 4755 1728 4793 om.

414 4825 449 4870 ert
465 4820 521 4880 ut;
541 4821 600 4882 quid
616 4826 650 4872 est
666 4823 731 4882 quod
747 4823 774 4871 in
789 4820 837 4871 lico
853 4835 931 4871 causo
947 4821 1029 4871 Prisc.
1041 4819 1128 4869 xvut.
1142 4819 1181 4869 36.
1194 4832 1220 4884 p.
1233 4819 1282 4869 263
1293 4819 1337 4867 tir.
1352 4843 1379 4852 —
1398 4818 1438 4867 49.
1451 4830 1601 4880 magnopere
1617 4819 1729 4877 Mvac;

412 4896 765 4960 monopodoGsetoqueutio
777 4910 811 4946 m.
825 4895 1044 4954 desidautwldt).
1060 4920 1087 4930 -
1100 4894 1140 4943 22.
1153 4895 1182 4943 de
1193 4906 1246 4943 om.
1260 4893 1306 4943 GC
1318 4908 1346 4953 χ.
1359 4919 1385 4928 -
1399 4893 1523 4953 quidom.
1537 4893 1587 4943 bit.
1599 4918 1626 4928 -
1639 4891 1680 4941 23.
1693 4893 1731 4941 iu-

413 4971 520 5036 tettigttis
530 4972 560 5022 G.
575 4997 602 5007 -
614 4971 912 5032 successurorum,
931 4970 1040 5027 3Parr.;
1058 4968 1154 5018 obstant
1165 4983 1197 5028 χ,
1215 4970 1272 5018 Per.
1283 4967 1308 5017 7.
1320 4968 1344 5018 8.
1361 4995 1387 5004 -
1400 4968 1440 5018 26.
1453 4968 1620 5031 sermionem
1631 4978 1684 5015 om.
1698 4968 1727 5017 G.

415 5072 442 5081 -
459 5045 500 5095 27.
518 5045 711 5108 depoposcerunt
726 5046 794 5097 coni.
812 5045 915 5105 bamb..
934 5047 963 5094 ut
980 5047 1022 5095 est
1037 5044 1060 5107 5.
1079 5043 1120 5094 95.
1140 5070 1167 5078 —
1185 5043 1207 5092 ir
1223 5043 1266 5105 qui
1280 5041 1315 5104 pt.
1330 5047 1409 5105 potest
1420 5055 1472 5092 om.
1487 5040 1635 5092 Victorinus
1646 5052 1673 5104 p.
1687 5038 1728 5090 64.

413 5131 437 5169 v.
449 5118 490 5168 as.
504 5118 547 5169 sn.
560 5119 604 5169 or.
619 5146 646 5156 -
664 5121 705 5170 aa.
717 5121 774 5185 non]
786 5121 916 5179 nonem
934 5133 995 5169 eom
1006 5118 1087 5180 cun..
1106 5115 1262 5182 quaererem
1273 5114 1372 5167 codron
1383 5114 1572 5180 corruptissimi
1585 5104 1729 5166 mutorum

412 5193 520 5260 plausus
537 5192 608 5252 tulit;
626 5192 675 5245 sed
691 5198 763 5245 recte
780 5208 810 5246 se
827 5194 910 5245 habet
926 5193 1046 5246 codicum
1061 5195 1162 5245 tantum
1174 5204 1227 5243 non
1238 5191 1357 5242 omnium
1368 5188 1455 5241 lectio.
1474 5189 1622 5241 cumcuim
1635 5188 1729 5240 dixerit

412 5269 516 5320 orator:
534 5269 564 5320 de
578 5268 642 5322 44444
657 5268 769 5324 comibus
784 5269 857 5322 retur
871 5269 1001 5324 44464444
1016 5273 1159 5334 oportere
1174 5266 1293 5332 44444644,
1309 5267 1383 5318 recte
1393 5265 1494 5333 pergit:
1513 5263 1727 5328 144444444ιά444
