4367 6109
733 560 807 625 cn.
828 559 1115 625 xxxvm-xu.
1142 557 1199 643 ss.
1221 552 1410 622 eos-ul.
1672 554 1734 620 ere

414 732 453 794 ab
475 729 637 804 omuibus,
666 729 833 793 verborum
855 738 1039 794 ornamenta
1063 749 1129 793 non
1152 735 1318 814 quaerunt.
1354 726 1467 804 Qualis
1488 727 1538 789 vir
1558 728 1600 790 ll.
1622 728 1735 790 luven-

414 828 477 889 tius
496 823 582 887 Pedo
603 822 663 887 luit
685 845 725 888 ex
747 831 852 887 vetere
875 825 930 886 illa
952 824 1091 888 iudicum
1115 825 1303 907 disciplina?
1326 823 1430 906 qualis
1452 821 1487 884 L.
1511 822 1639 885 Caulius
1652 824 1735 886 ller-

414 921 496 1001 gus‘l
529 918 571 980 ll.
592 918 741 980 Besilus?
775 917 807 980 C.
832 917 1016 981 Caudinus‘l
1038 918 1093 1002 qui
1116 938 1225 981 omnes
1247 918 1279 979 in
1301 915 1427 979 iudiciis
1441 915 1577 998 publicis
1591 916 1654 980 iam
1668 923 1735 979 tum

413 1015 546 1075 llorente
568 1031 602 1073 re
624 1010 750 1093 publice
772 1007 955 1073 floruerunt
989 1012 1038 1073 Ex
1052 1012 1164 1074 eodem
1181 1030 1312 1073 numero
1331 1011 1365 1071 L.
1382 1010 1528 1085 Cassius,
1552 1009 1608 1073 Cu.
1623 1010 1734 1083 lleius,

413 1107 480 1190 pari
509 1114 541 1167 et
563 1105 739 1186 integritate
762 1113 793 1168 et
818 1105 1008 1187 prudentia:
1037 1123 1172 1186 quorum
1194 1104 1313 1166 nullius
1335 1105 1493 1167 sententia
1515 1112 1564 1167 est
1584 1103 1759 1187 oppiani-e

414 1221 470 1262 eus
491 1198 666 1262 absolutus.
696 1200 800 1282 Atque
823 1199 856 1260 iu
877 1197 927 1259 his
942 1197 1088 1259 omnibus
1103 1205 1178 1259 natu
1194 1197 1360 1270 minimus,
1383 1197 1511 1280 ingenio
1527 1206 1559 1260 et
1574 1197 1736 1280 diligentia

414 1304 446 1357 et
467 1295 619 1376 religione
647 1311 704 1375 per
729 1291 786 1366 iis,
815 1310 896 1374 quos
917 1299 1010 1353 autea
1033 1291 1291 1363 commemoravi,
1321 1291 1354 1353 P.
1378 1291 1537 1366 Saturius,
1568 1291 1601 1353 in
1624 1291 1735 1354 eadem

414 1387 570 1452 sententia
595 1384 666 1447 luit.
710 1380 830 1447 108.0
858 1384 1072 1447 innocentiam
1101 1381 1267 1466 Oppianici
1297 1383 1505 1464 singularem!
1536 1404 1599 1467 quo
1625 1386 1658 1447 in
1679 1405 1735 1448 reo

415 1483 469 1565 qui
492 1479 626 1543 absolvit
647 1477 849 1551 ambitiosus,
879 1478 932 1560 qui
956 1476 1078 1541 distulit
1100 1485 1228 1549 cautus,
1257 1476 1313 1560 qui
1342 1476 1564 1541 condemnavit
1588 1486 1736 1541 constans

416 1575 622 1638 existimatur.
1747 1588 1776 1634 to

498 1666 647 1732 xxxix.
676 1666 762 1729 llaec
793 1673 858 1729 tum
889 1673 1001 1749 agente
1030 1666 1180 1742 Quinctio
1209 1684 1314 1748 neque
1342 1665 1377 1726 in
1406 1667 1554 1728 contione
1576 1686 1682 1752 neque
1704 1669 1737 1730 iu

416 1761 531 1824 iudicio
552 1758 766 1823 demonstrata
787 1767 876 1823 suut:
904 1779 1010 1843 neque
1032 1762 1117 1823 euim
1140 1761 1208 1842 ipse
1231 1760 1294 1822 dici
1315 1759 1494 1840 patiebatur
1506 1780 1565 1823 nec
1586 1783 1644 1844 per
1657 1762 1738 1824 mul·

417 1854 583 1919 titudinem
606 1853 792 1916 concitatam
814 1854 986 1916 consistere
1008 1853 1157 1938 cuiquam
1179 1854 1212 1916 in
1226 1851 1362 1916 diceudo
1385 1851 1508 1915 licebat
1534 1854 1644 1937 ltaque
1658 1857 1737 1938 ipse,

415 1958 582 2033 postquam
605 1947 730 2009 lunium
752 1948 919 2030 pervertit,
949 1953 1045 2009 totam
1067 1967 1194 2010 cansam
1215 1945 1353 2029 reliquit
1385 1947 1496 2009 Paucis
1518 1948 1603 2011 enim
1625 1948 1737 2012 diebus

415 2045 478 2107 illis
499 2045 620 2125 etipse
642 2042 785 2123 privatus
806 2050 855 2116 est
875 2040 976 2105 lactus
991 2048 1023 2104 et
1044 2042 1206 2104 bominum
1224 2038 1331 2102 studia
1344 2037 1516 2102 defervisse
1532 2040 1778 2123 intelligebatis

416 2135 511 2214 Quod
532 2137 576 2210 si,
597 2155 654 2220 per
675 2154 757 2218 quos
779 2135 847 2199 dies
869 2135 994 2198 lunium
1012 2133 1188 2206 accusavit,
1210 2131 1443 2195 Fidiculanium
1457 2153 1605 2199 accusare
1620 2136 1740 2199 voluis·

416 2239 478 2306 set,
507 2228 720 2312 respondendi
749 2228 948 2292 Fidiculanio
976 2235 1116 2311 potestas
1136 2226 1219 2290 iacta
1239 2246 1305 2288 non
1330 2232 1424 2289 esset.
1467 2228 1511 2290 ilc
1539 2230 1641 2312 primo
1668 2231 1739 2313 qui·

416 2324 488 2387 dem
510 2323 657 2386 omnibus
679 2321 743 2385 illis
764 2321 937 2395 iudicibus,
960 2324 1015 2405 qui
1030 2321 1243 2405 Oppianicum
1264 2318 1528 2402 condemnarant,
1551 2324 1739 2387 minabatur.

417 2414 487 2479 100.
509 2417 575 2478 lam
606 2415 810 2479 insolentiam
839 2416 958 2479 noratis
987 2415 1141 2489 bominis,
1169 2414 1289 2477 noratis
1317 2414 1440 2477 animos
1462 2416 1530 2480 eius
1552 2439 1589 2482 ac
1611 2418 1739 2503 spiritus

416 2509 612 2573 tribunicios.
649 2509 743 2585 Quod
774 2517 840 2573 erat
869 2508 993 2583 odium,
1024 2507 1056 2570 di
1079 2507 1290 2570 immortales!
1322 2527 1404 2591 quae
1427 2510 1590 2591 snperbia!
1621 2518 1778 2596 quantam

416 2604 571 2687 ignoratio
593 2603 663 2666 suit
686 2623 782 2686 quam
804 2604 906 2686 gravis
927 2611 1024 2687 atque
1046 2601 1254 2665 intolerabilis
1276 2602 1471 2684 arrogantia!
1499 2603 1555 2687 qui
1575 2603 1653 2667 illud
1676 2604 1739 2668 iam

416 2701 520 2780 ipsum
542 2696 654 2760 acerbe
675 2697 799 2770 tulerit,
826 2717 867 2760 ex
888 2716 952 2781 quo
982 2697 1037 2758 illa
1061 2702 1135 2758 nata
1156 2701 1230 2758 suut
1250 2695 1374 2769 omnia,
1404 2715 1469 2758 non
1491 2697 1551 2759 sibi
1573 2717 1609 2760 ac
1631 2697 1740 2760 deien-

417 2794 500 2857 sioni
521 2812 596 2856 suae
619 2791 829 2854 condonatum
852 2810 922 2853 esse
943 2789 1169 2873 Oppianicum,
1200 2788 1333 2871 proinde
1356 2790 1447 2873 quasi
1470 2810 1535 2854 non
1558 2793 1635 2854 satis
1656 2791 1739 2873 sigui

417 2906 487 2950 esse
515 2886 658 2949 debuerit
692 2884 731 2947 ab
760 2885 905 2947 omuibus
934 2903 1006 2946 eum
1035 2882 1136 2945 fuisse
1159 2881 1334 2957 desertum,
1367 2884 1422 2967 qui
1450 2904 1485 2947 se
1506 2885 1547 2948 ad
1573 2894 1740 2968 patronum

417 2980 507 3043 illum
530 2979 725 3041 contulisset.
755 2979 831 3040 Erat
853 2978 937 3040 enim
959 2977 1076 3039 Romae
1092 2994 1213 3037 summa
1227 2976 1319 3058 copia
1333 2986 1554 3059 patronorum,
1576 2980 1778 3043 bominumee

418 3073 747 3157 eloquentissimorum
769 3079 864 3154 atque
885 3070 1169 3153 amplissimorum,
1191 3087 1326 3153 quorum
1348 3079 1432 3134 certe
1450 3072 1567 3156 aliquis
1581 3072 1740 3136 defendis·

418 3174 467 3229 set
488 3167 627 3249 equitem
649 3167 841 3239 Romanum,
869 3166 902 3227 in
924 3163 1098 3247 municipio
1120 3181 1179 3226 suo
1202 3161 1356 3237 nobilem,
1386 3165 1414 3227 si
1442 3164 1576 3230 honeste
1597 3173 1741 3249 putasset

418 3262 487 3324 eius
508 3259 595 3323 modi
617 3278 743 3322 causam
766 3278 859 3342 posse
874 3256 1012 3321 defendi.
1049 3257 1116 3319 XL.
1132 3251 1203 3318 110.
1225 3258 1304 3319 Nam
1319 3256 1486 3333 Quinctius
1501 3259 1629 3342 quidem
1645 3280 1739 3345 quam

418 3374 544 3417 causam
564 3372 713 3436 umquam
735 3351 986 3429 anteapdixerat
1000 3371 1078 3425 ,cum
1100 3369 1202 3413 annos
1223 3348 1263 3411 ad
1278 3350 1506 3434 qninquaginta
1522 3361 1614 3417 natus
1636 3358 1739 3418 esset‘l

419 3448 491 3531 quis
513 3466 585 3509 eum
606 3466 755 3529 umquam
777 3466 841 3508 non
864 3445 960 3508 modo
981 3444 1015 3506 in
1035 3443 1176 3527 patroni,
1199 3445 1255 3507 sed
1276 3444 1310 3506 in
1333 3446 1504 3510 laudatoris
1519 3456 1574 3512 aut
1594 3448 1778 3513 advocatiae

419 3540 488 3602 loco
509 3539 657 3601 viderat‘l
687 3539 743 3621 qui
765 3538 852 3622 quod
874 3540 986 3601 Rostra
1007 3539 1070 3600 iam
1095 3536 1150 3600 diu
1171 3557 1269 3601 vacua
1291 3537 1459 3622 locumque
1480 3540 1571 3604 illum
1592 3549 1665 3625 post
1685 3543 1741 3605 ad-

419 3639 547 3694 ventum
569 3633 605 3693 L.
627 3631 734 3694 Sullae
762 3652 781 3695 a
802 3632 969 3695 tribunicia
988 3651 1065 3694 voce
1088 3629 1248 3694 desertum
1270 3641 1471 3715 oppresserat
1490 3635 1741 3702 multitudinem·

420 3747 482 3810 que
510 3723 721 3788 desuefactam
753 3726 816 3789 iam
836 3746 856 3789 a
877 3723 1078 3789 contionibus
1100 3723 1142 3785 ad
1162 3723 1276 3786 veteris
1298 3724 1538 3790 consuetudinis
1559 3729 1741 3794 similitudi·

420 3838 492 3881 nem
512 3825 692 3893 revocarat,
714 3819 834 3882 idcirco
854 3817 977 3882 cuidam
998 3817 1164 3881 bominum
1186 3818 1293 3900 generi
1314 3819 1474 3904 paulisper
1487 3820 1656 3886 iucundior
1669 3822 1740 3886 luit.

420 4025 486 4069 rem
508 4007 613 4069 locum
635 4005 860 4070 adscenderat!
882 4025 988 4089 neque
1008 4005 1135 4069 iniuria.
1179 4000 1250 4069 lli.
1272 4007 1378 4070 Facite
1399 4008 1485 4071 enim
1506 4016 1625 4073 utnon
1640 4009 1740 4074 solum

487 4286 509 4335 4.
528 4287 626 4348 quaese
642 4286 676 4337 ll.
697 4311 724 4322 -
744 4285 1027 4350 Issenses-sterque
1043 4298 1097 4337 om.
1115 4288 1150 4338 11.
1170 4310 1197 4323 -
1216 4287 1242 4338 1.
1259 4286 1308 4350 Μ
1323 4287 1419 4338 oml'.
1436 4313 1464 4324 -
1483 4290 1585 4353 blesus
1600 4301 1654 4340 om.
1667 4291 1697 4340 1.
1713 4312 1740 4326 -·

421 4358 444 4410 3.
462 4359 559 4410 Raetico
575 4362 637 4412 LO:
655 4360 764 4411 besilius
779 4357 909 4414 uat.-
929 4360 1065 4412 Ceudietes
1080 4364 1150 4413 S.-
1168 4361 1193 4414 1.
1210 4363 1285 4413 Heius
1301 4363 1397 4414 ruo:
1414 4363 1586 4425 besenes&
1603 4366 1740 4423 lissima:

420 4433 597 4487 Noeos'usbt.
618 4463 645 4472 —-
664 4436 688 4486 6.
706 4434 1054 4489 inflammato.
1074 4463 1101 4472 -
1120 4437 1219 4502 ingesto
1235 4439 1742 4504 etoirtatepsrbtsquoseetememo-

420 4513 477 4562 root
494 4513 637 4562 Arusianus
653 4513 764 4563 Messius
781 4524 807 4576 p.
819 4512 877 4562 133.
896 4512 939 4563 ed.
959 4513 1076 4564 Lindem.
1091 4540 1118 4549 -
1138 4519 1162 4564 et
1177 4513 1306 4578 wtgmtto
1321 4527 1375 4564 om.
1388 4515 1415 4565 F.
1429 4540 1456 4550 -
1477 4515 1501 4565 7.
1520 4516 1651 4566 Setwetm
1667 4519 1694 4566 L.
1713 4540 1741 4552 -·

421 4587 639 4649 0011110101.-
658 4588 699 4638 44.
717 4587 909 4652 ogmteSTF:
927 4587 1202 4652 oqttooublbbto.
1220 4615 1248 4623 -
1267 4585 1307 4638 tl.
1325 4589 1620 4641 emeemmstb:
1638 4602 1743 4641 cossom

421 4669 499 4712 totum
515 4660 628 4713 1100.
649 4691 675 4700 -
695 4665 736 4714 lb.
754 4664 884 4728 defewlsse
899 4665 992 4715 sibl:
1010 4666 1143 4716 &umine
1158 4666 1194 4719 itt
1212 4662 1360 4726 deferbuisse
1375 4661 1487 4716 1110.
1507 4691 1536 4702 -
1555 4665 1596 4716 46.
1614 4666 1743 4716 listerus-

421 4737 924 4793 staen--ltdtcsstoetoslelL80:
947 4737 1371 4790 meumes-ssessionem
1393 4739 1432 4790 ct.
1451 4739 1476 4804 fi.
1494 4739 1550 4791 103.
1570 4768 1599 4776 -
1624 4740 1664 4791 48.
1682 4755 1743 4791 cos·

422 4812 570 4862 meamet
588 4813 689 4863 Fit·
709 4813 749 4864 10.
763 4813 789 4864 et
806 4815 843 4864 ll:
862 4810 1096 4865 uenusto·
1114 4816 1156 4866 14.
1174 4814 1432 4878 modest·
1450 4815 1579 4865 tamST:
1598 4815 1742 4868 memus

422 4883 505 4938 100.
528 4913 556 4924 -
578 4887 619 4938 13.
637 4888 921 4942 coedeosoetaenSTF.
949 4916 977 4927 ··
998 4889 1039 4942 11.
1057 4901 1152 4940 seom
1170 4891 1198 4941 Τ.
1224 4915 1252 4926 -
1275 4890 1317 4941 30.
1335 4895 1450 4941 cotom
1469 4892 1525 4942 FA.
1546 4918 1573 4928 -
1594 4890 1635 4943 31.
1653 4904 1741 4943 som.

422 4963 473 5012 ST.
494 4988 521 4997 -
540 4963 580 5014 33.
599 4964 765 5028 desuefactam
780 4965 834 5015 iem
849 4966 908 5015 st:
926 4965 979 5015 iem
995 4965 1162 5030 demlectom
1176 4965 1365 5018 11110-
1379 4971 1473 5018 veteres
1488 4967 1513 5016 S.
1534 4992 1561 5002 -
1579 4965 1621 5018 31.
1638 4981 1744 5018 moece-

422 5036 539 5097 ratsl',
566 5050 618 5101 mg.
637 5035 667 5090 t:
693 5045 856 5091 reuocauerat
871 5039 1045 5095 rudeto.
1065 5067 1092 5079 -
1119 5042 1291 5093 temedims.
1311 5067 1340 5078 -
1366 5041 1407 5094 33.
1424 5042 1475 5092 tue
1494 5045 1522 5093 et
1541 5042 1590 5106 suit
1614 5054 1668 5094 om.
1686 5044 1742 5095 ST.

423 5113 491 5162 Fert.
511 5118 598 5174 postes
619 5115 669 5177 100
684 5114 733 5165 tuo
747 5117 821 5180 ipsis,
842 5129 889 5180 per
905 5130 966 5181 quos
981 5119 1032 5167 cst.
1052 5143 1081 5154 -
1100 5116 1140 5169 36.
1158 5117 1328 5183 meent]
1345 5117 1491 5168 maeret
1503 5117 1552 5181 (seit
1567 5118 1593 5168 s.
1613 5144 1642 5152 -
1661 5119 1745 5169 recte

423 5187 488 5235 enlm
506 5192 535 5236 ot
549 5188 645 5238 vultum
661 5190 739 5251 ipsios
758 5196 781 5241 et
796 5190 867 5241 waes
882 5203 959 5254 esque
974 5192 1009 5242 ed
1024 5192 1088 5245 totos
1103 5193 1389 5257 mmmmm
1404 5191 1515 5256 metietis
1530 5189 1609 5245 lulius
1626 5190 1744 5245 Rufinia-

423 5274 473 5312 nus
489 5262 576 5327 depq.
593 5267 654 5319 sest.
672 5262 697 5329 g.
715 5264 738 5316 3.
757 5291 785 5305 -
801 5265 860 5329 {etit
874 5266 940 5320 etim
955 5267 1008 5318 S’l'.
