4367 6109
447 594 510 661 440
812 593 855 656 IN
874 590 1041 658 VERREM
1061 588 1185 656 serlo
1207 587 1389 654 SECUNDA

449 770 504 844 iis,
531 765 585 850 qui
604 762 703 827 nobili
724 782 838 846 344444
859 763 925 825 nati
947 769 1034 835 sunt,
1062 760 1176 845 quibus
1197 758 1303 822 omnia
1323 756 1433 842 populi
1452 757 1589 822 Romani
1609 754 1767 821 beneficia

450 859 672 927 dormientibus
687 855 887 920 defamatur:
907 855 1002 938 longe
1017 854 1080 919 alia
1093 853 1169 917 mibi
1183 852 1254 935 lege
1269 853 1301 916 in
1315 852 1375 915 bac
1389 851 1516 915 44444444
1532 858 1565 915 44
1578 851 1769 915 4444444444

449 954 617 1020 vivendum
639 958 696 1014 est.
731 950 826 1013 Venit
846 948 923 1013 mihi
945 950 977 1011 44
999 955 1135 1011 mentem
1157 947 1199 1009 bl.
1222 946 1360 1021 Catonis,
1381 945 1518 1009 bominis
1539 941 1768 1030 sapientissimi

450 1055 481 1112 et
501 1044 749 1128 vigilantissimi:
771 1043 918 1127 quicum
940 1061 974 1105 se
995 1042 1120 1114 virtute,
1143 1059 1207 1104 non
1229 1059 1353 1123 344444,
1374 1038 1493 1122 populo
1514 1040 1660 1104 Romano
1682 1056 1768 1100 com·

425 1138 590 1204 emendari
615 1143 758 1220 putaret,
784 1156 856 1199 cum
885 1136 953 1218 ipse
980 1137 1028 1199 sui
1057 1134 1180 1216 generis
1202 1133 1324 1197 initium
1345 1153 1382 1196 ao
1403 1132 1538 1196 nominis
1560 1131 1601 1195 ab
1623 1149 1660 1195 se
1681 1129 1768 1213 34344

449 1243 482 1299 44
507 1230 675 1315 propagari
701 1228 814 1303 vellet,
846 1228 1009 1292 bominum
1041 1227 1329 1312 potentissimorum
1360 1226 1498 1310 suscepit
1526 1225 1709 1290 inimicitias
1737 1229 1768 1286 44

449 1324 592 1392 maximis
617 1323 774 1386 laboribus
802 1342 903 1406 usque
933 1321 971 1385 ad
1005 1340 1158 1386 summam
1186 1327 1379 1384 senectutem
1407 1339 1530 1384 summa
1560 1338 1634 1381 cum
1667 1315 1767 1401 gloria

448 1420 537 1485 44444.
587 1411 658 1478 484.
690 1417 802 1480 Postea
831 1416 869 1491 Q.
899 1417 1086 1500 Pompeius,
1117 1415 1229 1478 humili
1261 1424 1356 1498 atque
1388 1414 1522 1478 obscuro
1556 1414 1629 1477 loco
1661 1418 1765 1486 natus,

449 1533 556 1579 nonne
576 1509 719 1594 plurimis
741 1510 911 1573 inimicitiis
933 1511 1139 1592 maximisque
1160 1511 1227 1572 suis
1247 1508 1396 1592 periculis
1410 1527 1447 1571 ac
1461 1508 1624 1572 laboribus
1638 1504 1767 1590 amplis·

413 1610 544 1673 sosimus
564 1606 702 1670 bonores
724 1612 774 1666 est
794 1602 947 1686 adeptus?
976 1603 1071 1667 blodo
1094 1603 1129 1667 C.
1150 1603 1328 1677 Fimbriam,
1351 1602 1384 1666 (3.
1407 1603 1550 1678 Marium,
1572 1602 1607 1666 C.
1623 1601 1766 1666 Caelium

448 1701 583 1766 vidimus
603 1718 667 1762 nou
688 1695 896 1760 mediocribus
919 1697 1089 1761 inimicitiis
1111 1715 1148 1759 ac
1169 1696 1330 1760 laboribus
1352 1696 1553 1771 contendere,
1573 1702 1610 1759 44
1630 1695 1672 1758 ad
1687 1696 1765 1759 istos

447 1797 586 1860 bonores
613 1791 829 1875 pervenirent,
857 1789 896 1852 ad
925 1809 1005 1874 quos
1034 1810 1089 1853 vos
1111 1810 1169 1873 per
1187 1789 1297 1853 ludum
1319 1797 1351 1853 et
1371 1808 1428 1873 per
1448 1785 1672 1873 negligentiam
1695 1808 1766 1873 per-

447 1888 589 1954 venistis.
617 1886 703 1948 Haec
726 1883 835 1947 eadem
857 1891 905 1947 est
926 1890 1052 1947 nostrae
1066 1885 1195 1948 rationis
1216 1883 1305 1966 44344
1328 1889 1360 1947 et
1374 1884 1441 1948 4444
1462 1883 1575 1947 borum
1588 1882 1766 1947 uosbomi·

448 2003 525 2046 num
546 1987 664 2045 sectam
685 1986 780 2062 atque
801 1977 941 2041 instituta
968 1977 1198 2061 persequimur.
1241 1976 1353 2040 LXXI.
1381 1977 1548 2052 Videmus,
1576 1983 1699 2062 quanta
1726 1979 1767 2041 sit

412 2075 481 2141 4444
502 2073 620 2137 invidia
641 2079 824 2157 quantoque
845 2071 877 2132 44
900 2069 974 2133 odio
1000 2069 1084 2155 apud
1115 2068 1270 2154 quosdam
1296 2070 1420 2134 nobiles
1443 2071 1587 2135 homines
1608 2089 1767 2133 novorum

448 2167 609 2232 bominum
630 2165 728 2229 virtus
750 2172 781 2227 44
804 2163 975 2227 industria:
1006 2164 1034 2227 si
1062 2163 1220 2227 tantulum
1248 2165 1359 2229 oculos
1386 2164 1607 2239 deiecerimus,
1636 2171 1766 2248 praesto

449 2281 519 2327 esse
539 2261 685 2327 insidias:
714 2260 741 2323 si
761 2259 861 2322 ullum
882 2259 986 2322 locum
1008 2258 1225 2339 aperuerimus
1246 2260 1418 2341 suspicioni
1440 2265 1495 2322 aut
1515 2258 1657 2332 crimini,
1684 2257 1767 2321 acci·

447 2357 595 2440 piendum
617 2353 719 2418 statim
741 2353 857 2416 vulnus
879 2373 964 2416 esse:
987 2373 1111 2437 semper
1132 2352 1222 2416 uobis
1243 2351 1451 2436 vigilandum,
1473 2371 1598 2436 semper
1619 2351 1769 2415 laboran-

448 2451 522 2513 dum
552 2447 705 2511 ridemus.
754 2442 826 2508 ⁴82.
858 2446 1041 2510 Inimicitiae
1075 2450 1169 2509 44444
1203 2446 1391 2510 subeunturz
1425 2446 1533 2510 labori
1566 2444 1768 2528 suscipiatur.

411 2542 571 2607 sclitenim
592 2540 706 2604 tacitae
727 2542 826 2623 444344
850 2546 881 2603 44
910 2539 1051 2603 occultae
1077 2540 1259 2604 inimicitiae
1289 2538 1446 2604 timendae
1474 2547 1564 2615 sunt,
1590 2558 1689 2623 quam
1718 2539 1769 2602 in-

448 2637 550 2700 dictae
572 2642 667 2718 atque
689 2640 823 2716 apertae.
871 2633 1041 2696 Hominum
1069 2632 1222 2697 nobilium
1251 2654 1315 2697 nou
1343 2634 1409 2697 iere
1441 2635 1609 2718 quisquam
1638 2638 1768 2696 nostrae

447 2731 618 2794 industriae
649 2727 747 2791 favet:
780 2727 874 2790 nullis
906 2727 1021 2790 nostris
1054 2726 1166 2791 officiis
1199 2728 1449 2792 benevolentiam
1479 2727 1605 2791 illorum
1638 2726 1768 2790 allicere

447 2842 632 2908 possumus:
660 2821 750 2905 quasi
780 2827 892 2884 natura
920 2830 952 2884 et
979 2840 1093 2904 genere
1123 2820 1251 2885 diiuncti
1278 2823 1355 2896 sint,
1383 2821 1427 2885 ita
1457 2820 1610 2885 dissident
1630 2840 1650 2884 a
1670 2821 1768 2884 nobis

447 2917 553 2981 animo
582 2936 619 2979 ac
646 2914 818 2980 voluntate.
869 2916 974 2991 Quare
1008 2913 1085 2998 quid
1118 2915 1235 2979 babent
1266 2936 1375 2982 eorum
1407 2915 1587 2980 inimicitiae
1618 2915 1768 3001 periculi,

411 3027 583 3095 aequorum
603 3010 725 3073 animos
746 3009 807 3073 iam
829 3018 902 3073 ante
923 3009 1070 3073 habueris
1091 3010 1236 3073 inimicos
1258 3018 1291 3073 et
1311 3009 1452 3084 invidos,
1479 3030 1573 3094 quam
1599 3010 1683 3074 ullas
1706 3010 1769 3073 ini·

446 3104 581 3169 micitias
607 3103 806 3186 susceperis?
849 3099 920 3165 483.
964 3103 1215 3179 Quamobrem
1237 3104 1329 3178 mibi,
1359 3103 1495 3177 iudices,
1522 3110 1662 3187 optatum
1685 3103 1768 3167 illud

448 3204 510 3272 est,
540 3196 575 3260 in
602 3196 663 3260 hcc
684 3217 739 3260 rec
760 3196 855 3261 finem
884 3194 1049 3261 accusandi
1076 3197 1197 3271 iacere,
1227 3218 1298 3260 4444
1320 3203 1352 3261 44
1371 3197 1489 3281 populo
1519 3199 1660 3263 Romano
1689 3199 1768 3262 satis

446 3290 563 3354 iactum
585 3297 617 3354 et
636 3297 796 3373 receptum
818 3289 955 3354 officium
978 3292 1108 3368 Siculis,
1138 3292 1321 3355 necessariis
1343 3293 1437 3366 meis,
1465 3293 1525 3355 4444
1551 3291 1766 3376 persolutum

448 3383 653 3447 deliberatum
675 3391 778 3446 autem
801 3393 863 3460 est,
887 3385 913 3449 si
935 3406 986 3448 res
1008 3387 1190 3470 opinionem
1216 3405 1333 3459 meam,
1362 3405 1457 3468 quam
1478 3385 1518 3447 de
1538 3385 1628 3448 robis
1649 3384 1767 3460 babeo,

410 3476 604 3550 solelellerit,
626 3497 689 3540 uon
711 3478 804 3540 modo
828 3498 882 3541 eos
903 3482 1059 3562 persequi,
1070 3479 1123 3542 -ad
1139 3500 1220 3560 quos
1235 3481 1369 3543 maxime
1384 3479 1477 3562 culpa
1490 3479 1629 3561 corrupti
1644 3477 1766 3553 iudicii,

447 3570 503 3634 sed
525 3563 622 3637 etiam'
638 3570 720 3644 illos,
742 3571 782 3633 ad
803 3591 884 3653 quos
907 3572 1116 3637 conscientiae
1139 3573 1282 3654 44444344
1304 3572 1482 3655 pertinebit
1513 3571 1648 3634 Proinde
1662 3571 1690 3634 si
1707 3570 1765 3655 qui

447 3670 537 3736 sunt,
566 3663 621 3747 qui
643 3663 677 3725 in
696 3662 759 3726 boc
780 3683 835 3726 reo
857 3672 911 3728 aut
931 3673 1075 3749 potentes
1101 3673 1156 3728 aut
1177 3666 1309 3729 audaces
1331 3672 1385 3728 aut
1406 3662 1540 3728 artifices
1561 3662 1602 3726 ad
1624 3684 1767 3728 4444444-

446 3756 583 3842 pendum
600 3755 747 3819 iudicium
762 3757 861 3819 velint
875 3777 954 3832 esse,
968 3759 1012 3821 ita
1027 3758 1092 3821 sint
1107 3758 1218 3841 parati,
1232 3768 1269 3822 44
1284 3758 1479 3843 disceptante
1492 3758 1765 3842 populollomanc

447 3869 570 3914 mecum
591 3850 652 3913 sibi
674 3870 739 3913 rem
761 3850 888 3913 videant
907 3851 1059 3915 futuram:
1082 3861 1123 3925 et,
1145 3853 1172 3916 si
1194 3872 1244 3917 me
1266 3853 1299 3915 in
1320 3852 1380 3917 boc
1400 3872 1466 3928 reo,
1488 3873 1583 3936 quern
1603 3851 1682 3916 mibi
1703 3852 1767 3915 ini·

410 3943 565 4012 comicum
580 3944 678 4006 Siculi
701 3943 866 4019 dederunt,
888 3947 962 4008 satis
976 3943 1203 4021 vehementem,
1225 3947 1297 4010 satis
1312 3955 1575 4030 perseverantem,
1596 3945 1670 4008 satis
1684 3944 1767 4028 vigi·

511 4152 536 4201 4.
555 4150 593 4200 bis
609 4151 637 4201 44.
657 4176 684 4186 -
703 4151 728 4199 2.
747 4151 887 4214 4444444444
903 4150 947 4201 aa.
967 4178 994 4187 —
1014 4153 1037 4202 3.
1060 4153 1128 4201 44444
1149 4152 1215 4201 enim
1234 4151 1294 4200 44444
1316 4152 1380 4201 dett.
1399 4151 1428 4201 0.
1449 4175 1477 4187 —
1495 4150 1520 4201 4.
1538 4156 1561 4201 44
1580 4150 1767 4215 443444444444444

448 4238 500 4276 om.
520 4226 597 4289 4433.
619 4251 646 4260 -
665 4225 689 4275 6.
707 4227 812 4287 succepit
829 4227 857 4275 44.
877 4251 904 4262 -
924 4226 948 4276 ’4.
966 4227 992 4276 is
1009 4225 1133 4276 laboribus
1149 4226 1213 4276 dett.
1232 4227 1267 4287 03
1284 4240 1341 4276 4444
1356 4226 1407 4276 lob.
1426 4227 1472 4277 64.
1485 4251 1513 4263 -
1526 4226 1651 4276 4444444444
1664 4227 1768 4288 asiaque

447 4303 481 4352 od
497 4301 524 4350 lt.
541 4325 568 4336 —
586 4304 731 4349 mactatam
746 4313 844 4349 4444444
859 4314 912 4351 om.
926 4301 971 4352 443.
986 4328 1013 4337 -
1027 4302 1050 4353 8.
1065 4301 1105 4365 0.]
1117 4315 1165 4364 qus
1176 4302 1253 4364 lagg.
1266 4304 1372 4366 praeter
1382 4302 1423 4351 29.
1438 4328 1464 4337 -
1479 4301 1503 4350 9.
1514 4298 1660 4350 4444444444
1671 4301 1718 4352 63.
1734 4326 1764 4337 -

446 4374 572 4427 laboribus
587 4373 624 4423 443
640 4371 657 4422 λ
673 4374 755 4438 4349ε
777 4375 900 4425 4444444444
916 4375 981 4426 dett.
1001 4403 1028 4412 -
1047 4378 1088 4428 44.
1106 4378 1234 4439 4444444444
1249 4378 1279 4428 fl.
1299 4405 1326 4416 -
1345 4376 1372 4426 6.
1390 4378 1451 4426 ante
1467 4377 1580 4428 44444444
1595 4389 1648 4426 om.
1666 4377 1713 4427 443.
1733 4402 1763 4411 -

448 4452 475 4503 6.
494 4448 612 4510 64444444]
630 4448 657 4499 C.
676 4450 809 4500 6444444444
826 4452 845 4501 lt
863 4452 899 4502 64
916 4452 979 4512 Ld.;
998 4452 1024 4504 C.
1043 4453 1140 4503 4444444
1156 4453 1202 4503 64.
1221 4478 1248 4488 -
1268 4451 1307 4502 lt.
1325 4457 1349 4501 st
1361 4463 1408 4513 per
1424 4452 1473 4503 aa:
1495 4457 1519 4501 st
1534 4451 1617 4514 4349;
1635 4465 1667 4501 oc
1683 4452 1765 4514 4433.

447 4523 504 4576 4444.
518 4550 545 4559 -
560 4524 599 4573 43.
617 4528 652 4573 est
667 4536 721 4574 om.
740 4525 816 4589 4349.
831 4551 859 4563 -
872 4527 980 4576 44444444
996 4528 1064 4592 4349
1076 4529 1107 4578 ll.
1122 4554 1150 4563 -
1163 4527 1204 4578 44.
1216 4533 1325 4590 44444444
1336 4528 1384 4590 (pr.
1398 4528 1444 4589 m.)
1456 4532 1532 4587 atquc
1540 4526 1678 4576 4444444444
1689 4529 1720 4578 n.
1734 4552 1765 4565 -

447 4602 576 4651 4444444444
591 4599 637 4650 aa.
653 4626 681 4635 -
701 4601 741 4649 44.
759 4601 785 4649 in
802 4603 862 4650 4444
879 4602 929 4651 iao.
948 4615 1002 4652 om.
1015 4603 1050 4653 443
1067 4602 1145 4665 ngas.
1166 4628 1193 4639 -
1210 4602 1318 4651 44444444
1332 4601 1389 4650 nob.
1408 4599 1664 4664 miserationes
1679 4600 1720 4663 a.)
1734 4628 1764 4639 -

449 4678 489 4728 44.
507 4681 604 4726 tostus
620 4675 665 4726 443.
681 4701 708 4710 -
722 4675 819 4725 4444444
830 4677 859 4727 lt.
874 4703 901 4712 -
916 4677 955 4728 48.
973 4679 1058 4727 4444444
1072 4678 1141 4727 octo.
1159 4677 1255 4728 4444449
1271 4677 1365 4740 (coloes
1375 4677 1418 4737 Iti:
1435 4690 1485 4726 4444
1499 4677 1583 4725 4444444
1597 4675 1764 4725 4444444444.

448 4753 477 4801 0.
499 4773 527 4786 -
545 4763 595 4800 essa
611 4751 680 4800 ocbia
695 4764 790 4814 4444444
806 4751 871 4802 dett.
890 4754 919 4803 0.
940 4780 966 4789 -
986 4754 1025 4804 49.
1044 4752 1135 4802 labor?
1150 4753 1300 4814 suscipietur
1315 4752 1351 4802 443
1368 4748 1384 4800 λ
1401 4752 1541 4815 (accipiam
1556 4750 1627 4812 bd.):
1648 4748 1767 4800 44444444

448 4826 615 4887 4444444444
631 4825 695 4876 dett.
714 4827 742 4876 0.
773 4825 838 4889 [Non
856 4830 897 4877 est
914 4829 1044 4878 tamenin
1062 4830 1081 4877 44
1099 4829 1204 4892 siguum
1220 4824 1314 4878 lalsum
1330 4827 1552 4890 interrogationisi
1571 4838 1633 4875 uam
1649 4826 1685 4874 itu
1702 4826 1768 4875 sunt

448 4900 528 4951 verba
546 4900 744 4963 distinguenda:
762 4902 906 4951 inimicitias
922 4907 987 4961 4444,
1005 4901 1153 4960 abeuntem·
1169 4900 1249 4962 labor,
1265 4901 1434 4965 4444444444]
1453 4928 1480 4938 -
1499 4903 1541 4952 44.
1558 4901 1673 4950 44444444
1689 4901 1718 4949 lt.
1734 4925 1764 4937 —·

446 4976 489 5026 44.
507 4980 582 5036 utque
598 4976 633 5026 443
651 4976 733 5038 agae:
758 4982 781 5026 st
797 4976 861 5026 dett.
880 4978 910 5026 0.
931 5003 957 5012 -
976 4978 1016 5026 24.
1034 4977 1109 5042 [4444]
1130 4977 1178 5039 [444
1196 4976 1243 5027 aa.
1262 5001 1290 5012 -
1308 4977 1400 5027 4444444
1415 4977 1445 5027 lt.
1464 5002 1492 5012 -
1510 4976 1550 5026 49.
1569 4974 1648 5039 quon]
1665 4975 1722 5036 quia
1736 4975 1767 5024 is

446 5051 467 5101 ll
478 5064 518 5115 pr.
532 5064 568 5101 nr.
581 5065 587 5110 ;
605 5051 648 5112 qui
659 5052 681 5100 si
691 5052 718 5100 io
729 5052 748 5099 44
759 5052 774 5100 4
787 5064 823 5101 m.
837 5054 864 5102 44
875 5051 919 5101 63.
935 5077 961 5088 ·-
976 5053 1078 5101 44444444
1089 5053 1109 5103 R
1122 5052 1204 5115 12329:
1221 5052 1336 5102 4444444444
1347 5050 1402 5102 rell.
1415 5052 1445 5104 0.
1459 5077 1487 5087 -
1499 5057 1555 5100 4444
1566 5052 1643 5114 4433.
1655 5052 1767 5115 praeter

447 5125 488 5177 ta.
503 5153 530 5163 -
543 5125 584 5177 st.
603 5125 690 5176 44444.
708 5126 744 5175 63
756 5123 781 5175 λ.
795 5152 822 5162 -
837 5127 877 5176 26.
896 5132 1008 5189 44444444
1024 5132 1059 5176 cst
1074 5127 1136 5177 44444
1152 5128 1184 5177 64
1200 5126 1235 5186 C;
1252 5129 1388 5189 outonem
1406 5128 1435 5191 44)
1452 5127 1515 5176 illud
1530 5131 1566 5177 est
1580 5123 1608 5187 l;
1626 5127 1767 5188 4444444444

447 5204 482 5249 444
497 5199 559 5249 illud
569 5199 644 5259 detl.;
663 5201 798 5263 4444444444
813 5201 874 5250 mibi
890 5201 952 5250 illud
967 5206 1001 5251 est
1019 5204 1079 5264 (om.
1092 5201 1191 5266 4444444)
1209 5203 1285 5266 4349.
1301 5227 1328 5237 ·-
1341 5202 1382 5253 30.
1393 5203 1509 5253 4444444
1519 5202 1596 5263 4433.
1610 5226 1637 5235 -
1651 5200 1767 5261 conanti

445 5271 595 5345 4444444434
603 5276 671 5339 ngas
681 5275 894 5342 (sedltiuttlciisl:
906 5278 1140 5341 cmoqeodiiud.
1150 5276 1215 5328 4444.
1228 5276 1362 5330 canuae
1372 5291 1399 5344 p.
1407 5278 1463 5330 436.
1471 5276 1546 5328 -33,
1556 5275 1709 5339 disceptasset
1715 5275 1764 5326 443.
