4367 6109
446 593 509 663 374
820 600 862 664 IN
883 600 1049 669 VERREM
1069 598 1193 665 ACTIO
1215 598 1399 665 SECUNBA

448 771 627 856 spectabam
648 788 752 852 neque
774 776 841 833 erat
861 769 896 831 in
917 768 1023 832 animo
1052 768 1222 853 postulare.
1267 768 1344 832 Cum
1365 768 1444 832 haec
1465 787 1610 850 egerem,
1639 770 1777 851 repente

446 864 486 927 ad
509 884 559 927 mc
581 864 668 927 venit
681 862 846 927 Heraclius
867 863 914 936 is,
937 862 1074 946 quitum
1088 863 1304 945 magistratum
1320 860 1484 945 Syracusis
1498 860 1654 937 habebat,
1676 859 1777 927 homo

375 1032 378 1037 ⁴
447 957 577 1032 nobilis,
600 956 654 1040 qui
677 956 825 1019 sacerdos
847 956 931 1019 lovis
953 954 1080 1030 luisset,
1104 957 1158 1039 qui
1181 956 1281 1019 honos
1304 961 1352 1017 est
1373 953 1457 1037 apud
1473 955 1691 1039 Syracusanos
1708 972 1778 1021 nm·

446 1050 623 1134 plissimus:
645 1050 711 1133 agit
731 1070 855 1112 mecum
878 1057 1000 1113 etcum
1022 1049 1118 1112 fratre
1141 1069 1229 1123 meo,
1251 1056 1301 1124 ut,
1324 1049 1351 1112 si
1366 1049 1457 1112 nobis
1471 1049 1647 1123 videretur,
1670 1044 1778 1111 edire·

423 1161 516 1223 smus
546 1142 586 1206 ad
615 1163 725 1207 eorum
756 1150 916 1206 senatum:
945 1141 1129 1226 trequentes
1151 1163 1221 1205 csse
1243 1142 1276 1205 in
1298 1142 1401 1206 curie:
1434 1162 1468 1206 se
1490 1142 1580 1205 iussu
1602 1146 1736 1205 senatus
1757 1161 1779 1206 a

446 1235 537 1298 nobis
558 1242 678 1320 petere,
699 1242 735 1298 ut
754 1236 944 1299 veniremus.
984 1236 1080 1299 LXII.
1105 1230 1176 1297 l38.
1199 1236 1303 1299 Primo
1324 1234 1417 1298 nobis
1439 1233 1500 1298 fuit
1521 1233 1670 1310 dubium,
1692 1232 1777 1319 quid

446 1350 630 1413 egeremus:
664 1330 778 1395 deinde
809 1331 871 1394 cito
900 1332 986 1394 venit
1013 1330 1045 1392 in
1075 1338 1212 1392 mentem
1241 1349 1306 1392 non
1328 1349 1398 1392 esse
1419 1329 1581 1394 vitandum
1602 1328 1693 1394 illum
1716 1349 1777 1392 no-

446 1426 495 1490 bis
519 1431 707 1490 conventum
735 1430 767 1486 et
793 1424 916 1499 locum:
945 1424 1052 1507 itaque
1079 1423 1114 1485 in
1144 1423 1261 1486 curiam
1289 1425 1442 1487 venimus.
1484 1423 1667 1487 Honoritice
1695 1442 1776 1488 sane

447 1520 668 1603 consurgitur:
691 1536 749 1580 nos
771 1523 883 1599 rogatu
905 1518 1104 1600 magistratus
1126 1518 1309 1580 assedimus.
1353 1517 1466 1601 lncipit
1486 1518 1514 1580 is
1535 1516 1640 1601 loqui,
1663 1517 1722 1600 qni
1744 1525 1777 1579 et

410 1613 631 1677 etauctoritete
655 1617 686 1673 et
707 1614 809 1673 aetate
831 1618 877 1683 et,
899 1616 935 1673 ut
956 1609 1033 1673 mihi
1048 1611 1151 1673 visum
1173 1618 1236 1684 est,
1258 1632 1319 1674 usu
1334 1606 1439 1674 rerum
1452 1609 1675 1687 antecedebat,
1699 1610 1777 1675 Dio·

447 1706 543 1770 dorus
575 1703 785 1779 Timarchidi,
818 1703 910 1766 cuius
939 1704 1042 1766 omnis
1071 1705 1170 1767 oratio
1199 1703 1280 1768 benc
1308 1705 1419 1770 hahuit
1439 1706 1542 1789 primo
1563 1703 1775 1769 sententiam:

447 1807 588 1864 senatum
611 1805 643 1861 et
663 1797 816 1882 populum
839 1797 1071 1881 Syracusanum
1093 1798 1225 1861 moleste
1249 1799 1448 1882 graviterque
1467 1798 1565 1875 ferre,
1594 1800 1680 1883 quod
1703 1820 1775 1884 ego,

448 1915 517 1959 cum
539 1893 574 1957 in
595 1892 708 1956 ceteris
731 1891 857 1955 Siciliae
880 1891 1055 1955 civitatibus
1077 1898 1221 1955 senatum
1242 1891 1457 1976 populumque
1475 1891 1669 1968 docuissem,
1694 1893 1775 1977 quid

447 1987 487 2052 iis
508 1987 668 2060 utilitatis,
691 1984 767 2067 quid
789 1984 899 2047 salutis
921 1986 1081 2059 efferrem,
1103 1992 1226 2048 etcum
1242 1986 1281 2048 eb
1296 1985 1443 2049 omnibus
1460 1985 1615 2060 mandate,
1637 1984 1775 2070 legatos,

412 2083 566 2146 relitteres
588 2078 831 2163 testimoniaque
845 2079 1064 2161 sumpsissem,
1080 2078 1112 2141 in
1132 2079 1186 2142 illa
1201 2080 1325 2143 civitate
1340 2078 1420 2142 nihil
1434 2079 1502 2142 eius
1517 2081 1602 2144 modi
1621 2081 1774 2147 lacerem.

448 2174 610 2258 Respondi
632 2192 736 2256 neque
757 2172 874 2234 Romae
896 2171 931 2234 iu
947 2179 1104 2235 conventu
1119 2172 1312 2247 Siculomm,
1335 2193 1406 2235 cum
1420 2192 1440 2234 e
1454 2194 1504 2236 me
1518 2175 1672 2239 auxilium
1686 2195 1776 2240 com-

449 2270 537 2333 muni
566 2268 706 2333 omnium
734 2265 926 2347 legationum
956 2264 1086 2328 consilio
1109 2266 1273 2350 petebatur
1295 2285 1452 2351 causaque
1474 2269 1568 2331 totius
1589 2268 1776 2351 provinciae

448 2363 488 2426 ed
510 2382 560 2426 me
581 2361 798 2433 deserebatur,
819 2358 938 2442 legatos
954 2359 1220 2441 Syracusanorum
1239 2359 1394 2435 adfuisse,
1416 2381 1521 2446 neque
1535 2382 1586 2426 mc
1599 2364 1776 2447 postulare,

447 2463 483 2521 ut
506 2456 679 2540 quidquem
701 2461 808 2516 contra
832 2453 864 2515 C.
887 2453 1018 2516 Verrem
1039 2452 1261 2518 decerneretur
1282 2455 1315 2517 iu
1337 2473 1375 2517 ea
1396 2455 1497 2529 curia,
1518 2456 1550 2518 in
1566 2477 1630 2540 que
1647 2458 1777 2522 inaure·

411 2559 546 2614 :oratam
576 2549 608 2611 C.
630 2547 738 2611 Verris
767 2554 897 2611 statuam
925 2547 1074 2610 viderem.
1119 2542 1190 2612 l39.
1213 2548 1306 2624 Quod
1328 2555 1532 2632 posteaquam
1554 2550 1636 2626 dixi,
1665 2559 1776 2616 tentus

449 2653 498 2709 est
519 2643 654 2727 gemitus
675 2641 776 2705 lactus
798 2641 949 2725 adspectu
970 2649 1090 2704 statuae
1113 2650 1145 2705 et
1159 2644 1470 2716 commemoratione,
1492 2643 1620 2708 utillud
1637 2646 1669 2708 in
1686 2645 1777 2709 curia

402 2786 405 2791 -
448 2739 585 2824 positum
606 2744 843 2800 monumentum
865 2735 1036 2809 scelerum,
1064 2757 1126 2799 non
1153 2730 1377 2800 beneficiorum
1400 2736 1568 2800 videretur.
1612 2739 1694 2801 Tum
1715 2759 1776 2823 pro

449 2853 483 2896 se
507 2834 658 2916 quisque,
682 2837 831 2914 quantum
846 2827 980 2892 dicendo
996 2830 1124 2912 assequi
1141 2838 1277 2914 poterat,
1300 2830 1412 2894 docere
1427 2851 1478 2893 me
1492 2830 1598 2914 coepit
1612 2851 1666 2907 ee,
1690 2851 1776 2916 quae

449 2925 543 3012 paulo
572 2933 644 2989 ente
673 2923 928 2987 commemoravi:
956 2923 1122 3005 spoliatam
1152 2925 1278 3000 urbem,
1307 2925 1382 2988 iana
1409 2925 1544 3008 direpta:
1573 2925 1612 2988 de
1633 2924 1776 2989 lleraclii

411 3020 637 3092 ethereditete‚
659 3037 754 3101 quam
775 3017 964 3101 palaestritis
987 3019 1209 3094 concessisset,
1232 3018 1330 3083 multo
1345 3020 1513 3082 maximam
1531 3028 1651 3102 partem
1666 3019 1776 3103 ipsum

448 3115 631 3179 abstulisse:
660 3131 766 3195 neque
787 3111 1013 3195 postulandum
1033 3111 1151 3187 luisse,
1180 3120 1216 3176 ut
1237 3113 1291 3176 ille
1311 3112 1506 3198 palaestritas
1529 3111 1693 3194 diligeret,
1716 3114 1775 3196 qui

448 3207 543 3272 etiam
564 3208 758 3272 inventorem
781 3205 842 3268 olei
864 3205 959 3268 deum
981 3207 1173 3283 sustulisset,
1195 3228 1301 3291 neque
1323 3207 1409 3270 illam
1424 3214 1557 3270 statuam
1573 3225 1644 3269 esse
1659 3226 1701 3270 ex
1716 3227 1774 3291 pe-

449 3302 542 3365 cunia
562 3293 689 3384 publica
709 3319 812 3383 neque
834 3299 957 3381 publice
981 3302 1102 3377 datam,
1124 3301 1179 3365 sed
1203 3321 1273 3375 eos,
1297 3301 1351 3385 qui
1373 3300 1556 3364 hereditatis
1576 3300 1775 3384 diripiendae

448 3396 615 3478 participes
645 3392 796 3466 fuissent,
829 3393 1006 3458 faciendam
1035 3395 1298 3478 statuendamque
1327 3414 1467 3458 curasse:
1501 3395 1629 3458 eosdem
1651 3397 1774 3458 Romae

411 3489 545 3552 soluisse
574 3488 710 3570 legatos,
739 3486 822 3550 illius
851 3488 1011 3552 adiutores
1041 3489 1268 3573 improbitatis,
1301 3490 1403 3551 socios
1425 3486 1594 3563 furtorum,
1626 3489 1774 3552 conscios

447 3580 653 3662 flagitiorum:
688 3601 726 3644 eo
755 3582 858 3644 minus
886 3582 991 3646 mirari
1019 3603 1068 3646 me
1098 3592 1256 3667 oportere,
1290 3583 1316 3645 si
1346 3583 1393 3645 illi
1415 3583 1571 3646 communi
1594 3580 1773 3664 legatorum

448 3674 601 3737 voluntati
634 3680 665 3737 et
686 3674 779 3737 saluti
810 3675 935 3738 Siciliae
958 3676 1143 3741 defuissent.
1186 3677 1297 3738 LXlll.
1320 3671 1391 3739 lto,
1414 3677 1472 3739 Ubi
1494 3696 1604 3738 eorum
1627 3673 1774 3737 dolorem

449 3789 489 3831 cx
509 3769 598 3830 istius
619 3768 742 3830 iniuriis
765 3788 829 3831 non
846 3770 940 3831 modo
963 3790 1027 3833 non
1050 3772 1219 3846 minorem,
1243 3771 1298 3833 sed
1320 3791 1417 3854 prope
1439 3770 1589 3833 maiorem
1604 3788 1700 3852 qnam
1723 3768 1775 3831 si-

448 3862 591 3926 culorum
618 3870 792 3925 ceterorum
822 3881 892 3924 esse
914 3865 1061 3946 cognovi,
1084 3873 1150 3928 tum
1172 3885 1277 3928 meum
1299 3865 1438 3927 animum
1458 3865 1492 3926 in
1513 3863 1595 3938 illos,
1618 3869 1685 3926 tum
1707 3863 1772 3926 mei

410 3957 574 4023 :tconsilii
595 3956 774 4039 negotiique
795 3957 890 4020 totins
912 3960 1050 4040 suscepti
1073 3978 1199 4021 causam
1213 3958 1429 4041 rationemque
1442 3957 1612 4043 proposui,
1634 3964 1700 4020 tum
1714 3976 1773 4021 eos

447 4054 588 4117 hortatus
610 4073 694 4125 sum,
726 4056 764 4112 ut
784 4070 898 4113 causae
920 4055 1078 4115 communi
1100 4053 1256 4137 salutique
1278 4073 1318 4116 ne
1340 4054 1502 4128 deessent,
1532 4059 1566 4115 ut
1594 4050 1680 4114 illem
1703 4050 1773 4115 leu-

448 4144 627 4219 dationem,
646 4164 738 4228 quem
761 4165 794 4206 se
817 4145 846 4206 vi
870 4165 905 4207 ec
929 4155 1014 4209 metu
1037 4156 1163 4210 coactos
1185 4148 1292 4230 paucis
1315 4147 1377 4209 illis
1398 4147 1508 4209 diebus
1524 4147 1669 4210 decresse
1685 4145 1773 4209 dice·

447 4240 537 4315 bant,
560 4239 713 4302 tollerent
758 4240 886 4322 ltaque,
907 4240 1045 4314 iudices,
1069 4241 1257 4325 Syracusani
1279 4241 1358 4304 haec
1377 4241 1510 4315 faciunt,
1533 4239 1623 4303 istius
1639 4237 1771 4302 clientes

448 4342 543 4417 atque
564 4334 666 4397 amici.
708 4332 845 4396 Primum
869 4333 944 4396 mihi
968 4335 1087 4397 litteras
1109 4335 1270 4417 publices,
1302 4355 1380 4417 quas
1408 4335 1441 4397 in
1470 4335 1590 4398 aerario
1613 4332 1771 4397 sanctiore

513 4547 537 4595 2.
555 4543 667 4609 babebat]
684 4543 784 4609 gerebat
801 4543 880 4608 egee.
896 4569 923 4580 -
942 4545 966 4595 3.
984 4547 1032 4608 suit
1048 4546 1112 4597 dett.
1128 4573 1155 4584 -
1175 4548 1244 4609 apud
1259 4547 1317 4608 Sur.
1329 4551 1364 4596 est
1378 4545 1442 4596 dett.
1457 4548 1485 4596 0.
1500 4573 1526 4581 -
1546 4544 1570 4597 l.
1588 4545 1668 4609 tram
1680 4547 1770 4608 lagg:

450 4621 479 4683 ο.
495 4620 577 4685 fratre
592 4620 643 4679 Ra:
670 4621 698 4669 l..
715 4620 796 4683 fratre
813 4621 881 4670 coni.
901 4619 962 4671 Lall.
982 4621 1019 4671 lll.
1046 4624 1079 4673 At
1102 4622 1136 4672 cl.
1155 4621 1179 4685 5.
1199 4621 1255 4673 tto.
1281 4648 1306 4658 -
1331 4623 1356 4671 a.
1374 4622 1472 4672 curium
1489 4623 1552 4672 1th
1568 4622 1592 4671 2.
1612 4647 1639 4657 -
1658 4621 1683 4671 i.
1700 4621 1773 4672 nobis

447 4696 518 4746 tttum
535 4697 612 4758 [833.
631 4695 695 4745 dett.
716 4723 743 4733 -
763 4695 787 4745 9.
806 4697 947 4746 adsedimus
963 4700 989 4747 et
1006 4697 1071 4747 inire
1088 4697 1225 4760 adfurum,
1250 4696 1366 4759 adfuisse,
1385 4698 1488 4758 adsequi
1504 4698 1533 4747 R.
1558 4723 1585 4732 -
1612 4696 1654 4758 qui
1669 4701 1770 4747 ructor.

449 4770 526 4836 egea.
547 4797 574 4806 -
594 4770 634 4819 tt.
656 4771 818 4821 Timarchides
835 4771 898 4822 dett.
920 4800 945 4809 -
966 4774 1006 4822 le.
1022 4774 1190 4836 populumque
1206 4773 1283 4835 Legg.
1303 4771 1366 4822 dett.
1383 4773 1412 4822 0.
1428 4800 1454 4810 -
1475 4773 1514 4823 ⁴3.
1532 4777 1645 4822 :enatum
1655 4772 1681 4821 P.
1695 4772 1724 4820 ll.
1738 4772 1769 4834 0.

450 4848 479 4898 lt.
500 4871 526 4880 -
546 4845 585 4896 tt.
604 4845 635 4895 tis
651 4846 684 4895 R:
703 4847 737 4895 ets
754 4848 781 4896 0.
803 4872 830 4882 -
850 4847 889 4896 lt.
907 4849 1051 4909 procinctae
1067 4850 1101 4897 ad
1117 4861 1156 4897 me
1171 4844 1249 4898 nst:
1274 4849 1308 4896 ud
1323 4861 1362 4896 me
1376 4861 1446 4909 prou.
1466 4847 1548 4910 egee:
1567 4847 1601 4896 ud
1615 4859 1654 4896 me
1669 4845 1773 4896 Siciliae

450 4920 514 4971 dett.
533 4921 562 4969 0.
583 4946 610 4955 -
629 4921 669 4969 ἥ.
685 4934 734 4982 pro
751 4918 784 4984 se]
800 4933 878 4982 prope
894 4921 971 4985 Legg.
992 4926 1097 4985 praeter
1112 4921 1154 4972 29.
1175 4948 1202 4957 -
1220 4919 1260 4971 et.
1281 4924 1310 4972 de
1327 4924 1356 4972 H.
1376 4923 1424 4981 Ra,
1442 4920 1471 4971 l:
1489 4935 1522 4972 ec
1538 4922 1568 4971 H.
1587 4920 1651 4970 dett.
1670 4919 1699 4970 0.
1718 4920 1773 4983 (be-

449 4996 514 5046 ructu'
530 4995 568 5055 ll.)
588 5021 614 5032 ·-
634 4994 674 5044 25.
694 5007 769 5057 quum
784 4996 854 5056 pute.
865 4993 891 5045 ὅ.
902 4997 961 5046 retis
980 4997 1033 5059 (sic)
1051 4997 1080 5047 R.
1103 5024 1128 5034 -
1147 4996 1224 5046 mutto
1234 5021 1272 5033 ··
1283 4997 1394 5061 diligeret
1410 5010 1463 5048 om.
1477 4999 1553 5060 [833.
1567 4998 1672 5061 praeter
1683 4995 1724 5046 29.
1739 5022 1769 5032 —

449 5071 490 5122 28.
508 5083 585 5132 usquc
598 5069 695 5132 publice
711 5083 763 5120 om.
784 5071 861 5134 [833.
882 5097 910 5106 -
928 5072 969 5122 29.
985 5073 1061 5136 fuisse
1077 5073 1096 5122 R
1114 5085 1150 5122 m.
1169 5085 1208 5136 pr.
1229 5097 1256 5108 -
1283 5071 1558 5135 semetsemet:
1584 5084 1617 5121 ec
1636 5070 1702 5119 ttttus
1722 5069 1769 5132 lla,

450 5142 508 5207 elii,
526 5146 558 5205 03
580 5158 613 5195 ec
634 5146 704 5195 etius
719 5147 819 5195 iniuriis
836 5159 889 5196 om.
908 5146 963 5198 rell.
982 5149 1059 5211 [833.
1081 5174 1108 5184 -
1133 5145 1172 5198 dl.
1189 5151 1262 5196 ceter.
1281 5147 1329 5197 Sic.
1350 5147 1413 5196 dett.
1432 5147 1461 5196 0.
1481 5173 1508 5183 —
1527 5147 1685 5210 coprroutmus
1701 5144 1770 5198 dett.

452 5244 479 5254 -
498 5225 550 5268 tum
566 5233 611 5284 epo
626 5233 708 5270 meum
725 5222 744 5271 0
762 5225 851 5271 contre
869 5222 946 5273 codd.
968 5248 995 5259 -
1014 5229 1066 5273 tum
1082 5234 1127 5287 ego
1142 5223 1191 5272 met
1202 5222 1279 5284 [833.
1294 5220 1350 5284 (sed
1361 5221 1406 5270 29:
1425 5220 1537 5287 egomet.)
1551 5248 1578 5257 -
1597 5221 1638 5272 36.
1655 5221 1771 5272 hortetur

449 5298 502 5345 tum
518 5300 546 5345 ut
563 5297 590 5346 ll.
611 5323 638 5333 -
657 5300 685 5345 ut
701 5296 723 5345 et
739 5295 809 5345 ittam
826 5297 903 5360 [833.
