4367 6109
836 579 908 645 co.
930 581 985 646 xc
1014 578 1071 665 ss.
1091 577 1239 646 ee-er.
1629 580 1691 647 rie

380 750 562 815 arbitrabor.
596 749 689 825 Quod
710 751 736 814 ei
759 769 860 814 meam
881 769 968 834 spem
990 751 1035 814 vio
1056 752 1269 835 improborum
1290 750 1437 814 fefellerit
1457 758 1553 835 etque
1566 772 1692 835 snpere-

379 845 476 919 verit,
512 844 699 907 commendo
727 844 815 907 vobis
842 864 971 926 pervum
999 865 1105 908 meum
1133 842 1246 919 filium,
1278 845 1328 908 cni
1342 846 1496 928 proiecto
1525 845 1601 908 cotio
1634 846 1694 908 erit

380 936 528 1021 praesidii
549 955 613 999 non
636 938 738 1000 solum
759 937 797 999 ad
828 936 975 1012 salutem,
1003 958 1111 1000 verum
1140 938 1233 1001 etiem
1260 938 1300 1001 od
1329 938 1531 1021 dignitatem,
1560 939 1587 1001 ei
1615 937 1693 1012 eius,

380 1031 434 1114 qui
456 1031 535 1094 hoec
556 1032 662 1095 omnia
683 1050 741 1093 suo
763 1030 861 1092 solius
883 1031 1022 1114 periculo
1044 1033 1249 1106 conservarit,
1271 1031 1359 1095 iilum
1380 1031 1480 1094 tilium
1501 1051 1571 1094 esee
1585 1031 1694 1095 memi-

381 1125 501 1188 neritis.
543 1120 594 1185 94.
617 1123 876 1207 Quapropter-de
898 1144 1019 1188 nummo
1041 1124 1142 1187 seluto
1163 1132 1267 1187 vestre
1288 1125 1460 1208 populique
1480 1124 1627 1197 Romani,
1652 1122 1717 1186 dee

380 1219 493 1282 cestrie
520 1218 703 1300 coniugibus
731 1237 769 1281 ac
798 1217 922 1292 liberis,
950 1216 989 1279 de
1011 1219 1073 1280 orie
1094 1237 1131 1279 ec
1151 1217 1249 1296 focis,
1279 1221 1319 1285 de
1341 1221 1421 1284 fenis
1443 1229 1537 1303 atque
1558 1221 1695 1305 templis,

382 1312 421 1376 de
443 1312 539 1376 totino
568 1310 654 1374 urbis
684 1311 774 1375 tectis
802 1330 839 1374 ec
864 1308 1006 1384 sedibus,
1037 1310 1076 1372 de
1106 1311 1237 1394 imperio
1267 1334 1304 1377 nc
1333 1315 1492 1388 libertate,
1521 1315 1561 1378 de
1593 1315 1695 1378 eelute

382 1406 510 1482 ltaliae,
537 1407 577 1470 de
598 1404 745 1470 universe
766 1424 800 1467 re
821 1404 947 1488 publica
973 1402 1133 1468 decernite
1163 1405 1348 1491 diiigenter,
1374 1417 1408 1471 ut
1435 1408 1631 1482 instituistis,
1658 1428 1695 1470 ec

382 1499 513 1563 fortiter.
564 1498 693 1562 Habetis
722 1518 792 1562 cunr
824 1496 1002 1571 consulem,
1037 1497 1091 1580 qui
1125 1505 1157 1560 et
1187 1518 1298 1581 parere
1329 1499 1440 1563 ventris
1468 1502 1603 1565 decretis
1631 1521 1695 1564 non

383 1592 503 1656 dubitet
524 1599 556 1656 ct
577 1612 615 1655 ea
636 1613 718 1677 qnae
741 1592 928 1668 statueritis,
957 1590 1062 1675 quoad
1083 1591 1184 1670 vivet,
1213 1593 1382 1657 defendere
1405 1602 1436 1657 et
1457 1615 1515 1678 per
1536 1615 1570 1659 ee
1592 1595 1733 1679 ipeumto

383 1693 540 1769 praestare
561 1687 671 1769 poscit.

449 1977 472 2025 t.
490 1973 601 2024 odoror
617 1973 716 2037 thz,
735 1975 750 2024 7
767 1972 808 2024 elii
826 1976 905 2040 pagg.
923 2001 950 2011 -
969 1975 1054 2038 resedit
1069 1974 1122 2027 lm.
1138 2003 1166 2013 -·
1183 1976 1310 2039 reperavit
1326 1988 1367 2035 m3
1385 1976 1510 2039 eperum
1525 1975 1585 2027 cod.
1604 1977 1695 2028 Lemo

385 2075 412 2087 -
432 2052 456 2100 2.
474 2063 678 2113 mecmpororerr
694 2049 791 2109 bisn,
810 2049 967 2113 opocen
984 2050 1216 2112 meoparonem
1232 2063 1247 2100 c
1264 2049 1299 2113 (p.
1316 2051 1493 2114 titionem
1509 2051 1545 2114 d).
1566 2078 1592 2087 -
1611 2051 1634 2102 i.
1652 2067 1697 2102 sno

383 2126 465 2192 sotim]
483 2125 608 2176 ehkmr
625 2126 673 2188 (pr.
692 2125 739 2187 m.)
758 2138 817 2174 wx:
845 2122 1011 2184 mirelinch
1037 2126 1075 2174 sni
1091 2125 1157 2175 solor
1173 2126 1217 2188 Lg.
1236 2125 1284 2184 653
1310 2138 1354 2174 ruo
1368 2125 1434 2174 solur
1450 2127 1506 2175 RL.
1534 2124 1619 2187 (lectio
1636 2129 1660 2176 in
1679 2126 1696 2176 b

383 2203 482 2253 incerte
496 2203 538 2250 eet
550 2202 658 2265 propter
668 2212 788 2250 reserem
801 2202 827 2249 et
839 2200 1030 2249 correctionem
1043 2202 1177 2249 extremae
1189 2195 1325 2260 syllabae.)
1333 2224 1359 2234 -
1368 2199 1487 2265 morto]
1500 2201 1526 2252 in
1538 2215 1553 2252 e
1564 2215 1696 2267 euperecr.

383 2277 483 2326 eterit.
503 2300 530 2309 -
548 2275 792 2325 conservationem
811 2272 1126 2336 cg.4c.t³.ec.53.ec:
1145 2272 1297 2321 conservent
1314 2271 1505 2336 odiliam,
1524 2276 1539 2326 9
1556 2275 1697 2339 eiiiLegg.;

383 2349 565 2399 conservaverit
581 2350 673 2398 Ceto
690 2347 746 2400 reli.
766 2351 854 2412 Legg.,
872 2350 929 2399 LO.
950 2375 976 2384 -
996 2348 1139 2411 exception
1154 2344 1341 2408 BViqrwx,
1359 2346 1401 2398 elii
1418 2349 1495 2412 regg.
1514 2350 1589 2412 dett..
1607 2351 1695 2402 LO.—

383 2427 409 2474 5.
429 2422 518 2488 iresca]
535 2428 621 2473 nostro
637 2422 670 2480 d;
688 2425 714 2474 P.
733 2424 760 2475 C.
779 2423 881 2474 addunt
896 2421 964 2484 ilv,
981 2425 1027 2487 Lg.
1039 2423 1080 2472 50.
1093 2423 1139 2482 57;
1158 2422 1221 2472 item
1238 2421 1254 2471 7
1270 2419 1312 2470 elii
1328 2421 1403 2483 dett,
1421 2424 1467 2486 qui
1479 2424 1613 2487 populique
1629 2426 1698 2477 Rern.

386 2499 518 2549 omittunt.
540 2525 566 2532 -
582 2499 716 2561 nepotique
732 2498 770 2562 n]
787 2500 813 2548 P.
832 2499 858 2549 C.
877 2497 977 2548 addunt
993 2499 1078 2548 BLO.
1100 2523 1126 2531 —
1146 2497 1169 2546 6.
1187 2496 1277 2544 nocere
1293 2494 1319 2546 d.
1340 2523 1366 2532 -
1386 2497 1415 2548 de
1430 2498 1484 2547 aris
1498 2498 1528 2548 de
1543 2498 1604 2560 {occ
1619 2502 1696 2549 tu.-

383 2572 641 2635 oetemplteBVrsz
658 2572 921 2637 n0.—7.ocucert.]
939 2570 1697 2637 nocenteevolqnx,c0.-8.ceqmete.1.g.t.

384 2648 409 2698 8.
428 2648 451 2696 9.
469 2645 510 2696 et.
529 2644 576 2706 43,
596 2648 653 2697 LO.
673 2674 700 2683 -
719 2648 761 2697 oc.
780 2661 811 2698 oc
826 2649 924 2711 fortiter
938 2653 966 2698 nt
981 2649 1058 2698 tortu.
1077 2660 1113 2697 m.
1138 2671 1165 2682 -
1191 2647 1215 2696 9.
1233 2659 1290 2696 eom
1305 2647 1357 2697 mei
1379 2648 1495 2710 (praeter
1510 2649 1582 2710 mr),
1606 2662 1698 2714 eepq

385 2720 726 2785 xz‚ce1iinegg.:enen
741 2736 797 2773 eom
814 2724 896 2778 ck0r
914 2724 980 2774 euim
996 2734 1059 2783 mr,
1077 2720 1133 2772 reli.
1146 2723 1235 2785 Lege,
1253 2723 1279 2771 1.
1297 2749 1323 2758 -
1338 2722 1502 2773 watonem
1517 2736 1546 2781 ις
1563 2723 1701 2774 metetis

385 2809 421 2846 nr.
437 2821 464 2831 -
482 2796 596 2858 desendet
612 2798 658 2859 ιε.
676 2796 717 2848 id.
733 2824 758 2833 —
772 2802 796 2848 ct
812 2810 865 2848 orn.
885 2810 921 2848 m.
936 2825 962 2834 -
977 2799 1018 2847 tt.
1033 2796 1118 2863 poerit]
1136 2798 1175 2848 sic
1192 2797 1245 2848 mei
1262 2799 1290 2847 et
1305 2797 1382 2860 ιαμ.
1400 2809 1509 2848 omnee:
1528 2799 1610 2860 qum
1623 2799 1701 2861 pond

385 2869 444 2921 cod.
468 2869 522 2921 Coi.
546 2874 573 2921 et
589 2873 692 2923 Graevii
713 2873 861 2934 secundun,
885 2874 1040 2924 Hermanno
1063 2875 1089 2923 et
1111 2872 1239 2937 Madvigio
1262 2873 1368 2937 (Opuec.
1386 2872 1406 2922 1.
1424 2885 1452 2937 p.
1469 2873 1516 2923 450
1533 2870 1604 2936 sqq.)
1622 2871 1701 2936 possit

385 2944 559 2997 omittendum
574 2945 687 2997 videtur.
