4367 6109
732 519 1436 608 cn.xxxn1-xxx1v.scso-sc.
1700 519 1742 586 se

419 712 516 757 unam
538 712 700 778 quamque
720 713 804 767 rem,
826 699 863 756 ut
883 712 994 758 omnes
1014 693 1195 777 intelligant
1214 713 1266 758 me
1287 714 1353 758 non
1374 694 1479 759 studio
1494 711 1660 770 accusare,
1681 693 1741 758 sed

419 782 526 851 officio
549 785 727 852 defendere.

503 880 654 945 XXXIII.
676 878 726 943 92.
749 879 849 944 Video
872 880 969 963 igitur
990 901 1102 945 causas
1125 901 1195 947 csse
1211 882 1401 966 permultas,
1424 901 1506 965 quae
1520 883 1615 946 istum
1628 880 1742 965 impel-

419 975 532 1041 lerent.
568 976 740 1040 Videamus
761 994 864 1049 nunc,
887 994 1007 1059 ecquae
1028 975 1162 1040 facultas
1177 975 1372 1058 suscipiendi
1387 973 1532 1040 maleficii
1546 976 1650 1040 fucrit.
1681 974 1741 1039 Ubi

419 1069 545 1133 occisus
568 1077 616 1132 est
638 1069 711 1131 Sex.
733 1068 888 1132 Rosciusl
921 1068 1050 1132 Romae.
1095 1069 1180 1145 Quid
1204 1077 1255 1145 tu,
1278 1071 1313 1131 Τ.
1335 1069 1452 1132 Roscii
1473 1070 1529 1133 ubi
1551 1076 1626 1134 tunc
1648 1070 1765 1133 emit

418 1163 558 1227 Romae:
581 1181 692 1225 verum
715 1160 792 1246 quid
814 1161 854 1225 ad
876 1163 965 1225 remi
988 1170 1020 1225 et
1041 1161 1095 1226 alii
1117 1162 1218 1227 multi.
1256 1162 1356 1238 Quasi
1376 1164 1507 1227 nuncid
1521 1171 1646 1247 agatur,
1667 1162 1742 1249 quis

419 1277 461 1321 ex
482 1263 570 1320 tanta
592 1254 795 1319 muRItudine
816 1255 986 1331 occiderit,
1007 1276 1044 1320 ac
1066 1276 1132 1320 non
1152 1256 1215 1320 hoc
1237 1264 1422 1340 quaeratur,
1444 1277 1530 1334 eum,
1553 1258 1609 1342 qui
1622 1259 1742 1320 Romae

370 1344 377 1359 ⁸
419 1350 462 1414 sit
490 1348 630 1425 occisus,
658 1355 766 1412 utrum
793 1349 860 1413 veri
889 1351 1024 1413 similius
1053 1351 1094 1414 sit
1123 1351 1162 1416 ab
1184 1370 1222 1415 eo
1246 1369 1316 1414 esse
1337 1350 1493 1427 occisum,
1516 1352 1573 1436 qni
1594 1349 1742 1415 assiduus

419 1463 458 1509 eo
481 1452 624 1526 tempore
645 1445 764 1506 Romae
784 1442 897 1518 fuerit,
925 1464 966 1507 an
988 1445 1028 1507 ab
1051 1465 1106 1520 eo,
1134 1445 1191 1529 qui
1217 1445 1324 1510 multis
1346 1443 1437 1508 annis
1458 1445 1591 1509 Romam
1612 1444 1742 1509 omnino

417 1558 485 1603 non
506 1537 685 1600 accesserit.
728 1532 780 1598 93.
802 1536 886 1620 Age,
908 1557 993 1600 nunc
1015 1547 1136 1602 ceteras
1158 1559 1288 1624 quoque
1309 1538 1475 1603 facultates
1494 1539 1779 1604 consideremusu

418 1632 494 1694 Erat
510 1624 583 1693 'tum
605 1628 773 1694 multitudo
795 1630 996 1707 sicariorum,
1018 1631 1051 1694 id
1073 1632 1160 1716 quod
1183 1633 1441 1698 commemoravit
1457 1633 1609 1711 Erucius,
1632 1640 1664 1697 et
1683 1632 1742 1697 bo·

418 1724 520 1788 mines
550 1722 679 1806 impune
711 1723 944 1788 occidebantur.
986 1725 1092 1802 Quid?
1126 1746 1164 1791 ea
1185 1726 1354 1792 multitudo
1376 1746 1460 1810 quae
1482 1730 1573 1791 erati
1610 1727 1741 1812 OpInor,

419 1826 475 1884 aut
496 1836 622 1893 eorum,
645 1817 700 1901 qui
722 1818 756 1881 in
776 1819 870 1883 bonis
893 1828 983 1883 erent
1003 1822 1164 1904 occupati,
1194 1829 1250 1885 aut
1270 1839 1397 1898 eorum,
1419 1820 1476 1905 qui
1498 1821 1599 1885 abiis
1622 1820 1742 1885 condu-

419 1913 585 1987 cebantur,
608 1919 643 1974 ut
664 1912 804 1996 aliquem
823 1912 1013 1978 occiderent
1051 1914 1084 1976 Si
1106 1933 1161 1979 eos
1183 1924 1294 1998 putas,
1316 1915 1372 1999 qui
1387 1914 1528 1979 alienum
1541 1915 1742 1999 appetebant,

419 2015 511 2071 tues
533 2007 567 2069 in
590 2026 628 2068 co
651 2026 800 2083 numero,
822 2008 878 2091 qui
901 2017 1009 2072 nostra
1029 2009 1166 2092 pecunia
1188 2007 1277 2073 dives
1299 2030 1350 2085 es:
1382 2009 1433 2073 sin
1455 2028 1528 2084 eos,
1557 2027 1656 2093 quos,
1684 2007 1778 2090 quito

418 2100 538 2165 leviore
560 2099 688 2162 nominc
710 2100 887 2183 appellant,
909 2121 1114 2184 percussores
1129 2111 1261 2179 vocant,
1286 2123 1420 2189 quaere,
1442 2105 1476 2166 in
1490 2103 1582 2167 cuius
1602 2098 1664 2165 fide
1678 2102 1743 2165 sint

419 2201 451 2259 ct
473 2192 635 2257 clientela:
658 2193 735 2256 mibi
759 2192 866 2269 crede,
889 2195 1029 2279 aliquem
1044 2196 1083 2259 dc
1099 2196 1250 2260 socictate
1266 2204 1321 2262 tua
1334 2197 1491 2280 reperies:
1514 2202 1560 2272 et,
1583 2194 1742 2280 quidquid

420 2296 454 2352 tu
486 2294 596 2352 contra
625 2285 759 2362 dixeris,
792 2287 826 2350 id
856 2308 928 2353 cum
950 2289 1136 2354 defensione
1158 2298 1267 2353 nostra
1288 2290 1492 2355 contendito:
1524 2290 1570 2353 ita
1590 2287 1741 2352 facillime

419 2401 514 2447 causa
536 2382 609 2445 Sex.
631 2380 737 2443 Roscii
759 2401 832 2445 cum
854 2389 908 2448 tua
930 2382 1120 2448 conferetur.
1162 2379 1214 2447 94.
1236 2385 1346 2449 Dices:
1370 2382 1475 2460 «Quid
1488 2391 1616 2468 postea,
1638 2383 1665 2446 si
1678 2382 1741 2445 Ro-

418 2497 488 2543 mae
509 2473 657 2540 assiduus
678 2474 772 2537 fuiin
808 2477 1039 2562 Respondebo:
1060 2478 1102 2540 It
1123 2497 1183 2561 ego
1204 2480 1334 2542 omnino
1356 2499 1421 2541 non
1434 2478 1492 2542 fui.
1531 2479 1669 2542 cl'ateor
1690 2488 1777 2540 meto

418 2580 573 2637 sectorem
595 2588 683 2645 esse:
705 2590 815 2634 verum
831 2579 863 2635 et
884 2572 937 2635 alii
959 2571 1081 2635 multi.»
1116 2572 1157 2635 At
1179 2591 1254 2654 ego,
1276 2580 1313 2636 ut
1326 2579 1393 2638 tute
1408 2574 1532 2656 arguis,
1554 2571 1694 2656 agricola
1708 2578 1740 2636 ct

417 2668 565 2732 rusticus.
605 2665 696 2727 oNon
716 2666 885 2741 continuo,
907 2667 935 2729 si
957 2667 1058 2730 mein
1072 2685 1199 2750 gregem
1215 2667 1401 2730 sicariorum
1416 2666 1552 2742 contuli,
1574 2686 1645 2729 sum
1659 2666 1739 2730 sica-

417 2762 514 2825 riusn
546 2760 588 2822 It
610 2777 668 2841 ego
691 2759 848 2840 profecto,
874 2761 930 2844 qui
952 2781 994 2824 ne
1015 2761 1091 2824 novi
1108 2762 1237 2845 quidem
1251 2780 1444 2846 quemquam
1458 2761 1623 2836 sicarium,
1645 2760 1739 2843 longe

417 2855 528 2921 absum
549 2852 589 2916 ab
612 2852 770 2916 eiusmodi
792 2855 932 2919 crimine.
974 2857 1135 2919 Permulta
1155 2862 1248 2930 sunt,
1278 2874 1360 2939 quae
1382 2855 1445 2919 dici
1466 2862 1618 2939 possunt,
1640 2874 1739 2939 quare

417 2949 612 3033 intelligatur
644 2967 798 3012 summam
832 2949 889 3013 tibi
917 2948 1098 3015 facultatem
1120 2950 1220 3014 fuisse
1242 2946 1389 3013 maleficii
1410 2950 1622 3033 suscipiendi,
1655 2955 1775 3034 quaest

418 3064 482 3108 non
504 3041 598 3106 modo
619 3041 738 3105 idcirco
759 3051 939 3126 praetereo,
962 3046 1050 3128 quod
1072 3053 1103 3108 te
1124 3047 1229 3128 ipsum
1243 3064 1309 3109 non
1323 3044 1459 3108 libenter
1472 3062 1606 3120 accuso,
1627 3063 1738 3108 verum

419 3159 456 3202 eo
477 3137 578 3220 magis
601 3135 712 3212 etiam,
741 3137 844 3221 quod,
876 3138 903 3200 si
925 3136 964 3201 de
986 3138 1049 3202 illis
1071 3139 1223 3202 caedibus
1245 3138 1340 3204 velim
1362 3157 1627 3214 commemorare,
1654 3156 1737 3223 quae

417 3242 485 3297 tum
505 3230 607 3294 factae
622 3240 696 3295 sunt
714 3231 775 3296 ista
790 3231 900 3297 eadem
914 3233 1053 3308 ratione,
1076 3254 1140 3318 qua
1160 3234 1234 3297 Sex.
1248 3233 1383 3298 Roscius
1403 3233 1526 3298 occisus
1540 3239 1606 3308 est,
1626 3251 1738 3298 vereor

416 3347 457 3393 ne
478 3322 519 3391 ad
540 3325 648 3409 plures
671 3327 773 3390 oratio
795 3345 867 3391 anea
887 3328 1045 3411 pertinere
1067 3329 1219 3392 videatur.

499 3419 646 3484 XXXIV.
668 3417 719 3484 95.
741 3421 912 3485 Videamus
934 3442 1019 3485 nunc
1041 3423 1188 3496 strictim,
1210 3421 1294 3484 sicut
1311 3428 1433 3496 cetera,
1456 3418 1539 3506 quae
1559 3427 1633 3504 post
1654 3430 1774 3485 mor-to

416 3526 480 3582 tem
502 3514 576 3578 Sex.
598 3513 704 3578 Roscii
726 3516 782 3581 abs
805 3523 852 3592 te,
874 3518 910 3579 T.
931 3517 1040 3592 Rosci,
1062 3516 1145 3580 facta
1166 3523 1259 3591 sunt:
1282 3536 1365 3600 quac
1387 3516 1432 3581 ita
1454 3522 1563 3598 aperta
1585 3522 1617 3578 et
1637 3517 1738 3579 mani·

416 3611 496 3675 festa
524 3615 613 3682 sunt,
650 3617 684 3672 ut
709 3607 944 3686 mediusfidius,
974 3610 1111 3686 iudices,
1139 3610 1258 3674 invitus
1280 3630 1318 3674 ea
1339 3610 1452 3675 dicam.
1494 3611 1615 3674 Vereor
1635 3614 1737 3686 enim,

417 3702 609 3769 cuicuimodi
637 3724 688 3779 cs,
720 3706 756 3767 T.
778 3706 888 3781 Rosci,
916 3725 958 3768 ne
986 3705 1031 3769 ita
1051 3706 1137 3769 hunc
1158 3705 1267 3769 videar
1287 3704 1429 3769 voluisse
1450 3723 1592 3778 servare,
1623 3711 1659 3768 ut
1680 3704 1736 3768 tibi

416 3799 546 3864 omnino
567 3816 634 3862 non
654 3799 860 3882 pepercerim.
896 3798 974 3863 Cum
995 3798 1056 3863 boc
1077 3818 1190 3863 vereor
1211 3805 1244 3861 et
1264 3799 1359 3882 cupio
1382 3799 1440 3862 tibi
1459 3798 1567 3882 aliqua
1581 3817 1622 3860 ex
1636 3807 1737 3882 parte,

417 3894 504 3979 quod
518 3892 606 3957 salva
618 3888 682 3956 fide
696 3893 835 3976 possim,
856 3912 1000 3977 parcere,
1022 3914 1131 3958 rursus
1148 3893 1282 3957 immuto
1298 3892 1494 3957 voluntatem
1509 3912 1627 3957 meam:
1650 3895 1774 3960 venito

482 4118 508 4171 3.
526 4131 576 4170 case
591 4130 683 4168 caucos
699 4120 728 4167 G.
749 4145 776 4154 -
794 4117 819 4169 4.
837 4130 929 4181 ecquos
945 4130 977 4168 c:
1003 4123 1027 4168 et
1042 4130 1108 4179 quae
1123 4116 1243 4178 Gilva,
1261 4118 1277 4167 5
1294 4116 1373 4177 Onx.;
1399 4129 1480 4178 ecquo
1495 4117 1525 4167 0.
1545 4144 1573 4154 -
1590 4115 1738 4180 mulces

416 4198 446 4247 G.
467 4221 495 4230 -
513 4195 539 4244 5.
557 4197 585 4242 tu
602 4192 628 4242 T.
646 4193 717 4243 lloeci
734 4196 771 4242 G:
796 4206 849 4244 om.
869 4194 895 4244 T.
913 4191 990 4244 codd.
1010 4191 1065 4243 rell.
1084 4192 1139 4242 noti
1156 4193 1184 4242 et
1200 4191 1262 4242 edd.
1286 4219 1314 4229 -
1339 4191 1363 4242 6.
1381 4193 1443 4254 quid
1458 4194 1492 4242 od
1506 4192 1568 4257 ren]
1586 4193 1647 4255 quid
1661 4193 1689 4242 td
1704 4194 1739 4243 cd

413 4285 469 4324 reto
484 4271 553 4322 coni.
572 4269 649 4330 Erm,
671 4273 697 4319 et
713 4283 738 4319 v.
757 4283 783 4334 p.
802 4270 878 4321 Rosc.
897 4271 971 4321 Com.
991 4267 1015 4332 g.
1033 4266 1082 4319 et:
1106 4266 1239 4318 Praeclare
1257 4280 1332 4317 :own
1350 4269 1476 4333 capotium
1495 4270 1569 4332 pontt
1583 4269 1685 4320 nocte:
1697 4294 1738 4308 ··

414 4347 476 4410 qaid
495 4347 529 4395 od
547 4344 593 4396 to?
619 4368 646 4380 -
674 4344 748 4409 accc]
769 4358 820 4394 nco
840 4343 906 4407 GlI,
934 4343 983 4394 sed
1004 4345 1031 4393 in
1052 4341 1093 4395 Ili
1116 4355 1182 4392 mmo
1198 4355 1258 4408 sup.
1276 4341 1321 4393 lin.
1343 4371 1370 4380 -
1388 4344 1413 4394 7.
1433 4343 1538 4406 cccco]
1555 4357 1641 4394 oscos
1657 4346 1686 4395 G.
1707 4369 1736 4381 -

413 4423 439 4474 8.
457 4426 544 4472 :emm
560 4432 613 4471 om.
633 4433 656 4470 c.
678 4446 705 4457 -
729 4419 769 4469 40.
793 4424 887 4470 cetero:
912 4432 1008 4481 quoque
1022 4417 1110 4483 focan.
1129 4430 1159 4478 v,
1186 4418 1217 4468 ut
1233 4419 1320 4468 Garat.
1338 4418 1363 4467 2.
1382 4420 1409 4468 et
1424 4419 1532 4469 Weiske
1549 4419 1736 4471 confecerunt:

413 4500 459 4549 oet.
474 4496 563 4560 facult.
582 4507 678 4558 quoque
694 4495 815 4559 IIOac,
838 4494 915 4545 codd.
935 4494 989 4544 noti
1006 4494 1063 4559 (ope
1078 4494 1144 4544 inter
1160 4497 1237 4544 uoce
1250 4492 1386 4557 sonamus
1400 4506 1497 4556 qtsoqrse
1511 4495 1682 4546 confideretis:
1698 4494 1737 4557 G).
1841 4519 1843 4522 ·

417 4568 937 4637 -i3.ioboaisalienissnsp.lanmb.
957 4594 986 4606 -
1011 4568 1403 4619 cutmen·-utom.nlt.
1423 4595 1452 4606 -
1474 4568 1516 4622 44.
1538 4570 1736 4634 muccoso:

415 4648 607 4710 appatcroetll.
626 4674 654 4685 -
678 4647 720 4699 45.
741 4644 766 4698 ti
786 4650 859 4699 cote
879 4642 1739 4709 (siveoemosoppellcsquilecien‘nomineporcroscrescocctur

415 4723 454 4785 G).
474 4746 502 4756 —
521 4721 562 4772 44.
581 4722 635 4788 nso]
652 4728 681 4774 tu
696 4736 721 4772 v.
743 4747 770 4757 -
789 4718 907 4786 quicqce'd
923 4720 1076 4772 ilvae·
1097 4719 1137 4769 48.
1156 4718 1287 4782 defendite.
1312 4718 1515 4784 floscellos·
1532 4718 1739 4784 zosespeeeele

395 4807 470 4848 ·om.
488 4795 521 4846 Η.
546 4822 574 4833 -
596 4796 636 4849 ct.
662 4796 802 4849 bubone&
821 4807 847 4847 v.
868 4823 895 4833 —
914 4796 956 4847 45.
975 4794 1019 4845 tibi
1039 4794 1113 4857 [cim
1130 4793 1216 4858 sessu.
1236 4796 1274 4851 G:
1299 4794 1350 4858 soc.
1369 4794 1504 4858 4444444334
1519 4808 1545 4845 v.
1565 4823 1593 4832 -
1610 4796 1651 4846 48.
1668 4795 1739 4858 secto

414 4871 505 4923 Rev.
526 4896 555 4908 -
574 4876 631 4922 emt
646 4872 673 4921 tn
690 4872 738 4921 isto
755 4872 784 4921 G.
805 4898 833 4907 -
850 4872 949 4922 roticm
965 4883 1018 4920 om.
1037 4871 1066 4920 G.
1087 4896 1115 4906 ·-
1134 4869 1174 4920 34.
1192 4882 1280 4920 uereor
1297 4871 1363 4921 cetu
1374 4881 1428 4921 om.
1441 4871 1471 4920 5.
1486 4896 1513 4906 -
1532 4869 1573 4921 33.
1590 4869 1739 4920 asmodi

415 4946 435 4997 l.
452 4947 479 4996 et
495 4945 578 4997 Prisc.
589 4946 655 4996 xm.
674 4946 699 5007 3,
712 4946 751 4996 44.
770 4960 796 5011 p.
810 4947 859 4997 565
874 4947 933 4998 Kc:
952 4944 1107 5008 qoiqtetmodi
1123 4944 1190 5006 Gll,
1208 4943 1311 5006 lou„
1329 4943 1403 5008 Pell„
1421 4946 1494 4996 Parr.
1507 4943 1649 5005 meliores,
1667 4944 1739 5007 quoio·

415 5021 543 5083 qoidmodi
559 5030 601 5086 ψς
620 5021 680 5084 quio
696 5021 832 5072 cutuenodi
848 5034 887 5071 va
905 5020 963 5085 (sed
980 5034 1013 5069 v:
1032 5021 1142 5083 occul:
1169 5034 1247 5083 quiam
1263 5021 1382 5071 eimedi
1398 5021 1431 5080 T;
1449 5020 1648 5083 commosset
1663 5032 1687 5072 c.
1708 5045 1735 5057 -

416 5097 572 5148 afflictet
590 5096 659 5148 CR:
677 5097 965 5161 cstltcsciGsxcpv,
984 5094 1056 5157 Pell,
1075 5095 1153 5147 codd.
1173 5096 1316 5156 Prisciani;
1343 5096 1523 5154 essedis:
1547 5097 1736 5156 enemo:

416 5176 452 5222 est
465 5173 566 5223 Roscius
582 5173 639 5224 Ila.
660 5198 687 5208 -
705 5171 743 5222 ite
759 5184 812 5222 om.
826 5174 860 5225 II.
881 5170 970 5236 (habet
986 5172 1077 5236 Prisc.)
1092 5199 1121 5208 -
1138 5172 1243 5224 octabae
1259 5185 1313 5224 om.
1332 5170 1411 5223 codd.
1424 5170 1558 5222 Prisciani.
1573 5199 1601 5209 -
1618 5170 1660 5224 34.
1677 5171 1739 5224 bace

416 5261 444 5299 v.
463 5274 490 5285 -
508 5252 531 5300 ct
547 5260 600 5300 om.
620 5249 649 5299 G.
670 5275 697 5286 -
717 5248 756 5300 35.
775 5247 849 5314 qood]
867 5247 950 5313 quoad
966 5258 1040 5315 susp.
1059 5248 1102 5300 Or.
1120 5248 1144 5299 2.
