4367 6109
797 598 871 665 co.
892 598 1100 667 xv-xvn.
1127 597 1183 685 ss.
1204 596 1349 666 :r-ao.
1671 595 1733 662 aaa
1790 574 1793 580 ’

416 787 606 851 comparare.
649 770 724 833 Erat
743 769 800 832 illo
823 778 962 853 temporo
985 768 1108 835 infirma
1129 771 1309 835 valetudine
1330 772 1474 835 Habitus.
1510 771 1661 834 Utebatur
1679 789 1735 832 au·

416 871 479 925 tem
508 861 630 925 medico
659 864 805 945 ignobili,
835 864 891 926 sed
918 872 1056 948 spectato
1084 864 1230 940 homine,
1260 866 1469 950 Cleophanto:
1499 867 1587 929 cuius
1609 883 1735 927 serrum

415 957 587 1037 Diogenem
609 956 766 1020 Fabricius
787 958 827 1020 ad
842 978 998 1020 venenum
1014 959 1129 1021 Habito
1152 959 1287 1023 dandum
1310 982 1365 1042 spe
1388 968 1420 1024 et
1441 960 1543 1043 pretio
1566 957 1735 1021 sollicitare

416 1051 529 1133 coepit.
566 1050 681 1113 Servus
702 1071 766 1113 non
788 1050 954 1114 incallidus
977 1061 1024 1126 et,
1046 1061 1081 1115 ut
1101 1074 1152 1116 res
1174 1056 1241 1136 ipsa
1262 1052 1446 1126 declaravit,
1467 1051 1549 1135 frugi
1571 1060 1666 1134 atque
1687 1050 1736 1112 in-

416 1152 520 1225 teger,
542 1162 718 1205 sermonem
740 1144 874 1223 Fabricii
898 1165 961 1207 non
981 1153 1029 1206 est
1049 1155 1251 1226 aspernatus:
1274 1166 1341 1207 rem
1362 1146 1401 1208 ad
1425 1145 1585 1210 dominum
1607 1143 1759 1207 detulittb

416 1236 629 1320 Cleophantus
659 1245 763 1300 autem
793 1257 864 1301 cum
887 1238 1001 1301 Habito
1024 1247 1072 1301 est
1094 1239 1278 1301 collocutus.
1321 1239 1455 1302 Habitus
1476 1241 1579 1303 statim
1602 1258 1672 1301 cum
1693 1239 1734 1301 M.

414 1330 531 1394 Baebio
552 1339 713 1406 senatore,
742 1332 985 1395 familiarissimo
1008 1351 1083 1405 suo,
1113 1335 1368 1396 communicarit:
1400 1334 1454 1416 qui
1477 1352 1541 1415 qua
1561 1328 1640 1406 fide,
1673 1349 1736 1413 qua

414 1423 598 1508 prudentia,
620 1445 683 1507 qua
704 1424 867 1508 diligentia
887 1426 997 1501 fuerit,
1026 1426 1204 1490 meminisse
1226 1446 1282 1488 vos
1305 1427 1446 1510 arbitror.
1489 1427 1527 1489 lii
1548 1425 1738 1508 placuit,·ut

414 1519 588 1599 Diogenem
609 1518 742 1583 liabitus
763 1529 881 1584 emeret
902 1540 921 1583 a
943 1520 1154 1603 Cleophanto,
1184 1539 1247 1604 quo
1270 1518 1392 1583 facilius
1414 1527 1469 1582 aut
1490 1515 1736 1601 comprehende·

415 1619 502 1675 retur
521 1631 572 1675 res
594 1614 662 1676 eius
683 1614 800 1677 indicio
822 1623 876 1677 aut
896 1614 976 1678 falsa
997 1633 1066 1677 esso
1088 1621 1337 1694 cognosceretur.
1372 1614 1418 1674 Ne
1440 1612 1557 1675 multa:
1579 1611 1736 1693 Diogenes
1746 1625 1774 1671 ro

416 1707 544 1769 emitur:
567 1725 723 1768 venenum
746 1705 857 1770 diebus
879 1708 988 1789 paucis
1007 1715 1217 1790 comparatur:
1240 1706 1329 1768 multi
1351 1705 1410 1768 riri
1431 1705 1507 1768 honi
1530 1725 1599 1768 cum
1622 1724 1663 1766 ex
1685 1723 1737 1765 oc-

415 1799 498 1862 culto
520 1799 781 1872 intervenissent,
814 1802 946 1883 pecunia
968 1802 1149 1882 obsignata,
1180 1818 1261 1883 quae
1283 1799 1323 1861 ob
1345 1819 1413 1862 eam
1435 1818 1500 1862 rem
1523 1798 1670 1871 dabatur,
1703 1797 1736 1858 in

416 1892 559 1954 manibus
581 1893 778 1967 Scamandri,
800 1894 903 1957 liberti
924 1894 1154 1967 Fabriciorum,
1176 1892 1432 1974 deprehenditur.
1472 1888 1523 1953 48.
1546 1893 1605 1954 Pro
1628 1890 1660 1952 di
1679 1892 1738 1953 im-

415 1985 582 2048 mortalesl
616 1986 826 2069 Oppianicum
858 1990 1024 2071 quisquam
1052 1986 1103 2050 his
1125 1986 1218 2049 rehus
1240 1987 1375 2069 cognitis
1396 1987 1642 2048 circumventum
1665 2002 1735 2046 esse

416 2078 519 2141 dicet?
562 2080 660 2143 xvtl.
683 2081 763 2156 Quis
784 2101 934 2165 umquam
955 2082 1125 2145 audaciori
1152 2080 1224 2163 quis
1245 2080 1431 2142 nocentior?
1454 2080 1525 2163 quis
1548 2078 1685 2162 apertior
1704 2078 1737 2140 in
1747 2093 1776 2140 45

414 2171 565 2234 iudicium
587 2172 741 2236 adductus
763 2179 835 2237 est?
868 2174 962 2250 Quod
985 2174 1165 2255 ingenium,
1197 2193 1277 2256 quae
1299 2172 1431 2236 facultas
1453 2172 1593 2245 dicendi,
1616 2189 1738 2254 quaes

415 2285 574 2349 quoquam
597 2268 774 2349 excogitata
795 2268 936 2332 defensio
956 2269 1029 2331 huic
1050 2267 1106 2329 uni
1130 2268 1250 2329 crimini
1272 2267 1374 2350 potuit
1388 2267 1568 2330 obsisteret
1592 2264 1738 2329 Simulat

415 2359 492 2422 illud
522 2360 595 2443 quis
623 2368 670 2424 est
699 2363 753 2445 qui
785 2361 923 2436 dubitet,
954 2363 1032 2445 quin
1053 2362 1113 2424 hac
1134 2381 1168 2423 re
1191 2358 1350 2442 comperta
1371 2360 1603 2444 manifestoque
1625 2360 1738 2443 depre-

414 2455 513 2521 hensa
534 2462 589 2518 aut
610 2456 756 2518 obeunda
777 2477 860 2519 mors
884 2456 1030 2519 Cluentio
1052 2463 1107 2519 aut
1134 2454 1333 2537 suscipienda
1354 2455 1513 2517 accusatio
1534 2454 1653 2518 fueritt

499 2544 550 2611 l9.
580 2549 664 2611 Satis
686 2569 756 2612 esse
777 2550 913 2612 arbitror
933 2549 1196 2622 demonstratum,
1223 2548 1360 2621 iudices,
1387 2549 1425 2610 iis
1447 2548 1628 2610 criminibus
1649 2561 1776 2609 arcu-so

415 2652 517 2708 satum
539 2663 608 2706 esse
631 2642 856 2726 Oppianicum,
879 2644 925 2706 uti
946 2644 1079 2706 honeste
1093 2641 1213 2705 absolvi
1232 2641 1319 2704 nullo
1333 2642 1427 2705 modo
1440 2640 1586 2724 potuerit
1617 2639 1739 2722 Cogno·

415 2740 491 2802 scite
514 2755 598 2799 nunc
620 2737 663 2798 ita
684 2756 771 2799 reum
794 2737 921 2799 citatum
943 2757 1013 2799 esse
1035 2736 1140 2809 illum,
1169 2743 1205 2798 ut
1225 2755 1259 2798 re
1280 2736 1377 2799 semel
1400 2744 1494 2819 atque
1516 2736 1629 2798 iterum
1650 2753 1739 2818 prae·

414 2832 550 2896 iudicata
572 2830 797 2892 condemnatus
820 2830 852 2891 in
875 2830 1024 2894 indicium
1046 2830 1175 2893 venerit.
1211 2830 1289 2891 Nam
1313 2829 1493 2903 Cluentius,
1515 2827 1653 2903 iudices,
1674 2826 1739 2911 pri·

415 2946 501 2989 mum
522 2943 638 2987 nomen
661 2924 728 2986 eius
751 2922 882 2998 detulit,
904 2925 992 2986 cuius
1014 2924 1048 2985 in
1070 2922 1215 2986 manibus
1236 2942 1393 2986 venenum
1416 2922 1674 3007 deprehenderat.
1708 2923 1738 2983 ls

415 3027 482 3082 erat
502 3018 631 3080 libertus
652 3016 882 3090 Fabriciorum,
912 3015 1111 3080 Scamander.
1146 3018 1306 3098 integrum
1328 3018 1512 3079 consilium:
1539 3015 1648 3080 indicii
1670 3028 1777 3080 cor-:s

413 3113 496 3196 rupti
518 3111 605 3174 nulla
628 3110 781 3191 suspicio:
803 3110 937 3193 simplex
959 3111 993 3173 in
1013 3110 1164 3174 iudicium
1186 3129 1295 3185 causa,
1317 3120 1403 3174 certa
1416 3132 1485 3186 res,
1507 3131 1605 3174 unum
1619 3109 1737 3173 crimen

413 3207 544 3270 allatum
571 3211 628 3266 est
671 3203 731 3266 Hic
757 3212 822 3267 tum
845 3204 879 3267 C.
901 3204 1081 3279 Fabricius,
1114 3204 1143 3266 is
1173 3204 1213 3268 de
1242 3224 1305 3288 quo
1338 3212 1412 3269 ante
1433 3205 1515 3280 dixi,
1549 3205 1605 3287 qui
1627 3204 1738 3266 liberto

414 3302 559 3363 damnato
580 3299 640 3361 sibi
661 3297 741 3361 illud
763 3296 945 3380 impendere
966 3299 1139 3381 periculum
1161 3298 1298 3374 videret,
1325 3298 1411 3382 quod
1433 3300 1509 3362 mihi
1532 3320 1604 3362 cum
1625 3299 1739 3362 Aletri-

415 3394 538 3457 natibus
559 3393 751 3456 ricinitatem
773 3400 805 3454 et
827 3413 898 3455 cum
920 3392 1083 3475 plerisque
1105 3412 1214 3456 eorum
1244 3412 1391 3475 magnum
1413 3414 1505 3457 usum
1526 3413 1596 3457 esse
1610 3393 1738 3466 sciebat,

413 3491 596 3572 frequentes
618 3505 674 3548 eos
696 3487 735 3548 ad
758 3507 809 3549 me
831 3485 958 3549 domurn
972 3484 1117 3548 adduxit.
1152 3486 1214 3561 Qui
1230 3481 1421 3570 quamquam
1436 3487 1476 3549 de
1491 3487 1634 3561 bomine,
1656 3487 1776 3550 sicutte

415 3600 545 3646 necesse
567 3588 649 3653 erat,
673 3579 911 3654 existimabant,
934 3588 1057 3652 tamen,
1079 3578 1165 3663 quod
1187 3589 1254 3643 erat
1271 3599 1311 3641 ex
1326 3580 1439 3644 eodem
1453 3581 1640 3666 municipio,
1663 3599 1738 3643 suae

415 3675 574 3758 dignitatis
596 3693 666 3735 esse
688 3673 935 3747 arbitrabantur,
958 3693 1030 3736 enm
1045 3672 1161 3755 quihus
1176 3674 1271 3736 rebus
1285 3683 1416 3756 possent
1430 3674 1620 3747 defendere:
1641 3673 1739 3758 idque

414 3790 433 3832 a
455 3788 505 3829 me
527 3775 563 3828 ut
582 3766 719 3829 facerem
741 3776 773 3829 et
801 3777 835 3831 ut
857 3786 982 3831 causam
1004 3766 1189 3829 Scamandri
1210 3768 1400 3851 susciperem
1422 3768 1591 3849 petebant:
1619 3769 1653 3831 in
1676 3788 1740 3851 qua

415 3882 509 3926 causa
539 3860 663 3944 patroni
692 3880 784 3923 omne
812 3861 990 3944 periculum
1021 3861 1247 3925 continebatur.
1289 3860 1340 3924 50.
1363 3862 1446 3945 Ego,
1475 3863 1529 3946 qui
1550 3880 1654 3944 neque
1675 3862 1738 3926 illis

414 3957 528 4020 talibus
549 3956 625 4019 uiris
645 3974 682 4017 ac
703 3964 767 4017 tarn
787 3954 964 4018 amantibus
986 3957 1049 4018 mei
1069 3974 1137 4018 rem
1155 3975 1281 4038 possem
1295 3956 1393 4019 ullam
1408 3975 1525 4039 negare
1539 3975 1644 4039 neque
1658 3955 1777 4019 illudat

416 4051 532 4114 crimen
554 4059 674 4114 tantum
696 4070 733 4114 ac
754 4059 819 4115 tam
841 4051 1040 4115 manifestum
1055 4071 1126 4114 esse
1144 4051 1329 4126 arbitrarer,
1351 4052 1434 4114 sicut
1455 4068 1497 4112 ne
1517 4050 1564 4130 illi
1586 4049 1646 4132 ipsi
1668 4050 1739 4134 qui·

480 4325 503 4373 4.
520 4322 656 4373 columine
673 4322 753 4372 STl‘.
775 4343 802 4354 -
821 4321 847 4371 2.
865 4334 917 4370 ooo
932 4321 1034 4385 igoobili
1050 4323 1103 4372 ST.
1125 4348 1151 4358 -
1178 4334 1275 4371 ermom
1291 4323 1322 4381 S,
1339 4333 1410 4371 servo
1427 4320 1454 4369 io
1470 4320 1498 4369 T.
1518 4345 1545 4355 -
1569 4320 1594 4371 ³.
1613 4320 1740 4385 Diogenen

414 4399 475 4449 Tbl.
495 4425 522 4433 —
540 4396 747 4447 0044000408.-
766 4394 791 4446 l.
810 4397 908 4446 otST:
927 4395 1204 4450 :offiium-
1222 4397 1410 4459 resipraST:
1428 4395 1734 4458 parentato,-

413 4477 437 4524 0.
457 4474 557 4522 domum
573 4473 601 4521 Τ.
621 4496 648 4506 -
668 4471 692 4521 6.
711 4471 844 4520 collocutio
860 4473 919 4521 ST:
946 4472 1041 4522 bouus
1057 4468 1202 4523 RALSO.
1224 4496 1251 4507 —
1269 4471 1361 4537 who]
1379 4477 1463 4522 ammo
1478 4471 1563 4521 statim
1579 4468 1689 4522 rant.
1710 4498 1737 4507 —

415 4551 439 4600 7.
457 4548 530 4598 Bello
547 4546 608 4605 ST:
626 4546 731 4596 Bosbno
749 4559 811 4596 cnm
827 4544 962 4611 plerisque
979 4547 1117 4599 codicibus
1132 4551 1169 4605 A:
1186 4546 1276 4597 Bebrio
1292 4543 1374 4599 tto.
1393 4546 1432 4598 Cf.
1451 4546 1475 4611 5.
1489 4545 1529 4598 03.
1546 4573 1573 4582 -
1592 4547 1617 4597 8.
1635 4559 1687 4608 quo
1702 4546 1740 4596 dt·

413 4624 516 4689 tipsotio
532 4622 562 4671 S:
581 4625 677 4683 pacato
693 4620 822 4684 00094000
838 4621 873 4675 T:
899 4632 951 4681 cuo
967 4621 1087 4685 dissime
1104 4619 1247 4675 nasso.
1267 4647 1295 4658 -
1314 4622 1338 4672 9.
1356 4622 1484 4687 Dtopmes
1500 4621 1533 4672 ll.
1555 4646 1582 4656 -
1602 4623 1642 4672 40.
1660 4620 1741 4670 muto

414 4700 501 4749 STL:
519 4697 604 4746 moui:
620 4692 734 4746 RASO.
754 4720 781 4731 —
801 4696 842 4746 44.
860 4701 1025 4758 comparem
1040 4695 1155 4751 stae:
1173 4709 1227 4748 om.
1246 4697 1363 4748 runo.
1384 4722 1411 4733 ·-
1430 4711 1464 4747 :a
1479 4696 1574 4747 commo
1590 4709 1643 4746 om.
1662 4698 1689 4746 F.
1710 4722 1736 4732 —

415 4771 646 4834 capacensem:
663 4769 1021 4833 mussolento·
1039 4771 1236 4824 thTFllA:
1255 4769 1434 4824 404000.-
1453 4771 1492 4822 43.
1509 4772 1573 4834 prob
1590 4772 1736 4822 stra.-

415 4848 455 4898 44.
474 4860 524 4898 crac
540 4846 676 4902 dicaam:
694 4846 754 4895 dicit
769 4858 819 4895 aare
835 4843 952 4898 susa.
967 4871 995 4883 -
1014 4846 1192 4911 tenuamus·
1207 4847 1321 4898 toll·
1339 4847 1515 4910 manifesteque
1531 4847 1585 4896 ST.
1605 4845 1643 4896 Cf.
1658 4844 1738 4910 §.ld

414 4922 454 4973 la.
477 4948 503 4958 -
523 4922 563 4971 20.
581 4921 716 4971 nostr.
737 4947 764 4957 -
787 4921 960 4971 tonost:
984 4920 1173 4975 uelato.
1194 4949 1221 4960 -·
1243 4925 1283 4973 ii.
1302 4923 1688 4974 damosacum.
1709 4949 1736 4959 -

413 4996 454 5045 03.
477 4997 572 5045 veniret
594 4997 647 5046 ST.
675 4996 713 5046 Cf.
731 4995 899 5059 Wesenberg
920 4996 954 5046 ad
971 5010 1010 5048 or.
1029 5010 1055 5062 p.
1074 5000 1158 5050 Sestio
1174 5012 1201 5063 p.
1219 4999 1260 5050 44.
1278 4997 1320 5050 lt.
1345 5018 1373 5036 ··-
1399 5000 1440 5050 26.
1458 4998 1544 5063 anun]
1567 5011 1655 5048 cem
1676 5011 1738 5050 curn

414 5074 469 5122 Nic.
482 5068 589 5133 Angelio
607 5069 689 5123 LSO.
705 5096 732 5106 -
750 5071 791 5121 ST.
804 5071 974 5136 tumescas:
992 5075 1179 5124 camcoosoT.
1194 5101 1219 5114 -
1240 5075 1267 5125 C.
1285 5074 1343 5124 ST:
1363 5072 1570 5126 omlthth.
1585 5100 1612 5110 -
1631 5074 1672 5124 28.
1686 5075 1738 5124 Lo·

412 5147 536 5197 :inmites
546 5146 591 5195 ST
599 5161 605 5206 3
623 5159 641 5195 o
651 5146 811 5197 4040000οι0
821 5147 899 5198 codd.
913 5148 1134 5211 Lagomarsiniant
1152 5151 1220 5208 tres;
1237 5148 1422 5200 summatibus
1431 5147 1473 5198 ed.
1484 5144 1608 5209 Amherg.
1622 5158 1646 5197 a.
1660 5146 1736 5209 lm:

412 5221 592 5274 Aletrinatibus
608 5219 733 5272 Halmius.
756 5221 794 5272 Cf.
812 5220 892 5286 §.td
908 5246 935 5260 —
954 5222 995 5275 ³2.
1009 5223 1107 5286 perdat
1122 5223 1176 5274 ST.
1196 5249 1223 5261 -
1242 5224 1283 5276 36.
1300 5224 1340 5287 oc]
1356 5236 1401 5276 acc
1417 5222 1507 5274 rus.
1525 5247 1554 5260 -
1572 5223 1620 5288 ipsi
1639 5224 1738 5289 Μαι»

413 5298 470 5348 ST:
489 5296 808 5361 compuncto.
