4367 6109
447 574 508 641 744
856 574 1007 639 ORATIO
1034 572 1113 638 PRO
1135 574 1170 636 L.
1192 573 1359 637 MURENA

448 751 490 813 sit
511 768 565 821 eo,
595 767 659 829 quo
682 754 807 825 semper
829 743 877 805 usi
900 748 1033 806 sumus‘l
1065 743 1220 805 Homines
1247 750 1358 806 tenues
1386 764 1482 807 unum
1509 744 1627 808 babent
1655 745 1690 807 io
1712 764 1773 807 no-

449 851 547 905 strum
578 837 720 918 ordinem
747 843 802 899 aut
831 837 1030 919 promerendi
1059 844 1114 899 aut
1135 835 1290 898 referendi
1312 837 1458 899 beneficii
1482 837 1602 912 locum,
1632 838 1715 902 banc
1738 839 1772 900 in

448 934 563 998 nostris
585 930 791 1015 petitionibus
807 950 935 1012 operam
951 938 1046 1013 atquo
1060 930 1318 992 adsentationem.
1350 932 1460 1014 Neque
1475 930 1558 992 enim
1573 927 1640 994 lieri
1655 938 1773 1013 potest,

449 1046 553 1109 neque
575 1022 800 1107 postulandum
823 1030 871 1085 est
892 1042 911 1084 a
933 1023 1025 1086 nobis
1047 1030 1101 1085 aut
1123 1024 1163 1084 ab
1186 1023 1346 1106 equitibus
1366 1024 1534 1096 Romanis,
1560 1032 1596 1086 ut
1617 1043 1694 1087 suos
1714 1044 1773 1086 ne·

426 1120 603 1185 taessarios
632 1115 818 1179 candidatos
849 1115 1047 1178 adsectentur
1075 1123 1160 1178 totos
1190 1116 1273 1178 dies:
1304 1116 1459 1199 aquibus
1480 1116 1507 1179 si
1528 1116 1640 1179 domus
1662 1125 1772 1181 nostra

451 1213 642 1284 celebratur,
665 1210 689 1271 si
712 1207 872 1271 interdum
894 1207 933 1270 ad
954 1207 1054 1271 forum
1077 1207 1278 1281 deducimur,
1301 1208 1328 1271 si
1350 1229 1413 1272 uno
1427 1209 1577 1272 basilicae
1592 1211 1695 1293 spatio
1710 1211 1773 1273 bo-

451 1314 626 1377 nestamur,
649 1302 814 1383 diligenter
833 1300 991 1363 observari
1013 1301 1157 1365 videmur
1178 1309 1210 1362 et
1231 1300 1312 1364 coli:
1344 1303 1520 1365 tenuiorum
1542 1303 1715 1366 amicorum
1740 1311 1773 1365 et

451 1420 514 1463 non
536 1404 759 1479 occupatorum
783 1402 831 1456 est
852 1394 911 1456 ista
933 1393 1115 1468 assiduitas,
1144 1414 1279 1477 quorum
1302 1395 1392 1478 copia
1412 1395 1503 1458 bonis
1524 1396 1600 1458 airis
1621 1405 1652 1459 et
1672 1396 1772 1460 bene·

450 1491 517 1555 licis
539 1491 648 1552 deesse
670 1507 733 1549 non
756 1485 847 1550 solet.
889 1481 940 1547 7l.
958 1486 1030 1548 Noli
1052 1487 1147 1568 igitur
1167 1489 1287 1571 eripere
1308 1487 1393 1550 bunc
1415 1487 1557 1551 interiori
1581 1491 1689 1570 generi
1709 1490 1772 1552 bo-

414 1586 570 1648 rominum
591 1582 727 1644 fructum
750 1576 858 1653 officii,
882 1579 976 1642 Cato:
1003 1579 1071 1642 sine
1093 1600 1166 1654 eos,
1190 1581 1245 1663 qui
1266 1582 1372 1644 omnia
1393 1601 1411 1643 a
1433 1582 1524 1644 nobis
1545 1589 1690 1663 sperant,
1712 1582 1771 1644 ba·

449 1679 524 1741 bere
553 1677 641 1758 ipsos
668 1693 796 1757 quoque
821 1671 960 1755 aliquid,
994 1673 1080 1755 quod
1102 1674 1195 1736 nobis
1217 1675 1353 1738 tribuere
1374 1676 1506 1757 possint
1550 1676 1583 1738 Si
1606 1675 1685 1738 nihil
1709 1676 1771 1737 erit

451 1778 572 1855 praeter
600 1788 708 1831 eorum
730 1766 929 1848 suffragium,
957 1775 1052 1828 tenue
1074 1776 1137 1829 est:
1166 1768 1231 1848 †si
1253 1777 1287 1830 ut
1308 1768 1534 1849 suffragantur,
1565 1768 1643 1832 nibil
1663 1770 1771 1832 valent

452 1865 560 1945 gratia.
597 1861 662 1944 lpsi
683 1860 837 1943 denique,
860 1868 895 1921 ut
916 1859 1020 1922 solent
1040 1860 1143 1944 loqui,
1166 1881 1229 1924 non
1253 1861 1357 1923 dicere
1379 1880 1435 1944 pro
1458 1862 1563 1935 nobis,
1585 1883 1649 1926 non
1671 1883 1771 1945 spon·

452 1958 543 2029 dere,
580 1975 644 2019 non
673 1973 783 2016 vocare
812 1952 938 2014 domurn
968 1973 1054 2015 suam
1081 1963 1231 2035 possunt:
1263 1963 1359 2037 atque
1387 1955 1466 2017 baec
1494 1973 1512 2016 a
1539 1954 1629 2018 nobis
1654 1965 1771 2037 petunt

416 2050 573 2122 tsomuia,
602 2066 706 2130 neque
727 2046 792 2109 ulla
813 2066 846 2107 re
868 2045 946 2119 alia,
977 2064 1057 2128 quae
1080 2067 1099 2108 a
1120 2044 1210 2110 nobis
1232 2056 1483 2130 consequuntur,
1511 2049 1572 2111 nisi
1593 2068 1689 2132 opera
1711 2068 1771 2111 sua

453 2141 647 2225 compensari
676 2147 787 2222 putant
816 2160 918 2222 posse.
955 2140 1072 2222 ,ltaque
1102 2148 1132 2201 et
1154 2139 1216 2222 legi
1237 2140 1369 2213 Fabiae,
1402 2160 1483 2224 quae
1506 2149 1554 2203 est
1574 2141 1614 2203 do
1635 2160 1770 2203 numero

452 2243 658 2308 sectatorum,
688 2242 720 2295 et
747 2240 875 2296 senatus
902 2233 1063 2305 consulto,
1093 2234 1180 2315 quod
1209 2241 1257 2296 est
1278 2235 1312 2296 L.
1336 2235 1467 2297 Caesare
1490 2235 1618 2311 consule
1639 2235 1770 2309 laeuam,

452 2329 643 2392 restiterunt.
679 2326 772 2389 Nulla
794 2332 843 2389 est
864 2326 947 2388 enim
969 2346 1088 2409 poena,
1112 2346 1193 2408 quae
1215 2328 1316 2409 possit
1337 2327 1565 2390 observantiam
1587 2328 1770 2391 tenuiorum

452 2421 491 2484 ab
519 2420 580 2482 hoc
607 2429 712 2482 vetere
740 2420 880 2482 instituto
909 2419 1081 2481 officiorum
1113 2419 1289 2482 excludere.
1333 2417 1384 2481 74.
1409 2422 1467 2483 «nt
1495 2421 1674 2503 spectacula
1695 2430 1771 2484 sunt

414 2537 443 2580 4ο
454 2514 593 2577 tributim
615 2514 687 2576 data
709 2520 741 2575 et
762 2512 800 2574 ad
822 2511 988 2595 prandiam
1010 2513 1104 2595 vulgo
1126 2513 1256 2574 vocati.»
1289 2513 1356 2576 Etsi
1378 2512 1437 2575 boc
1457 2512 1573 2577 factum
1596 2516 1771 2577 ablurena

451 2607 596 2680 omuino,
627 2606 762 2679 iudices,
789 2626 853 2667 uon
875 2613 939 2678 est,
967 2605 1006 2667 ab
1029 2606 1097 2668 eius
1119 2606 1226 2668 amicis
1247 2614 1351 2669 autem
1373 2625 1460 2669 more
1482 2615 1514 2669 et
1534 2605 1629 2670 modo
1650 2606 1770 2671 lactum

452 2708 515 2772 est,
547 2709 650 2762 tamen
672 2699 852 2761 admonitus
874 2718 909 2766 re
929 2700 997 2780 ipsa
1018 2700 1181 2773 recordor,
1210 2708 1362 2781 quantum
1385 2700 1445 2762 bae
1466 2703 1713 2784 conquestiones
1735 2702 1769 2764 in

452 2801 562 2856 senatu
584 2792 709 2856 habitae
732 2799 920 2875 punctorum
944 2793 1050 2866 nobis,
1073 2794 1177 2866 Servi,
1199 2794 1402 2857 detraxerint.
1435 2792 1527 2868 Quod
1542 2796 1627 2859 euim
1641 2803 1769 2878 tempus

450 2885 511 2950 luit
532 2895 586 2949 aut
606 2893 713 2949 nostra
734 2893 789 2948 aut
810 2894 933 2967 patrum
955 2895 1135 2949 nostrorum
1157 2887 1324 2961 memoria,
1347 2907 1410 2970 quo
1431 2887 1525 2962 haee,
1547 2888 1613 2951 sive
1635 2888 1769 2951 ambitio

414 2987 499 3048 esest
521 2979 588 3042 sive
610 2978 794 3053 liberalitas,
824 2999 888 3040 non
911 2978 1023 3054 luerit,
1054 2987 1089 3042 ut
1119 2980 1204 3043 locus
1227 2989 1259 3042 et
1279 2981 1314 3043 in
1335 2982 1420 3044 eirea
1442 2983 1527 3044 etin
1548 2981 1616 3045 loro
1639 2982 1771 3045 daretur

450 3071 558 3135 amicis
588 3080 619 3134 et
646 3071 833 3134 tribulibus?
876 3072 961 3134 llaec
988 3072 1132 3135 homines
1161 3074 1319 3137 tenuiores
1349 3074 1367 3108 ³*
1381 3072 1398 3107 ³¹·
1413 3074 1431 3107 ³*
1457 3095 1477 3136 a
1503 3074 1568 3138 suia
1597 3075 1769 3138 tribulibus

450 3164 555 3220 vetere
577 3155 719 3218 instituto
741 3155 990 3238 assequebantur
1011 3157 1028 3190 *
1043 3155 1060 3189 n
1077 3158 1095 3190 s>
1174 3159 1285 3220 444444
1303 3179 1414 3239 poure.

514 3467 536 3513 4.
550 3478 596 3513 usu
605 3467 633 3512 G.
647 3490 673 3500 -
684 3465 708 3513 4.
717 3464 838 3524 reserandi
846 3477 861 3510 r
870 3478 875 3511 :
883 3465 1025 3526 proferendi
1034 3462 1112 3513 codd.
1125 3465 1192 3521 noti;
1207 3466 1324 3526 offerendi
1332 3465 1528 3515 Mommsenius.
1538 3491 1564 3500 -
1576 3465 1599 3515 3.
1609 3480 1635 3515 n.
1645 3465 1770 3530 beneficus

447 3541 476 3590 E.
489 3564 517 3577 -
528 3540 618 3588 adsect.
637 3538 698 3587 EG:
716 3543 802 3586 osseca.
821 3540 844 3587 44
855 3540 887 3598 0,
906 3540 1089 3588 assectationem
1106 3552 1155 3588 esse
1171 3545 1265 3600 oportet
1281 3553 1305 3587 v.
1318 3565 1344 3572 —
1356 3541 1380 3588 5.
1394 3541 1548 3590 4444444444
1564 3539 1691 3591 lilotzius:
1716 3557 1769 3591 nors

446 3618 567 3662 sectentur
588 3614 611 3661 bl
634 3615 660 3661 et
678 3614 737 3677 Lag.
757 3614 786 3671 93
811 3620 855 3662 uut
871 3620 991 3664 secuntur
1013 3615 1101 3673 EGr,
1124 3616 1229 3672 eoru,
1252 3615 1330 3676 Lagg.
1349 3612 1420 3670 rell.;
1443 3619 1565 3663 44444444
1581 3615 1636 3663 LO.
1658 3643 1685 3651 -
1704 3621 1769 3667 totos

448 3687 505 3751 dies]
527 3693 571 3736 out
589 3694 710 3747 praeeant
731 3693 793 3737 totos
815 3689 858 3748 (tot
875 3688 898 3751 vl
917 3689 967 3737 dies
984 3690 1043 3751 Lag.
1063 3687 1104 3738 44.
1124 3691 1151 3738 44
1166 3704 1191 3736 r.
1217 3717 1243 3724 -
1270 3694 1352 3737 vestra
1368 3703 1397 3747 χ.
1422 3716 1449 3725 -
1477 3690 1501 3737 6.
1519 3690 1553 3737 ad
1568 3689 1668 3738 domun
1684 3691 1716 3740 G.
1738 3718 1766 3727 -

447 3764 470 3811 7.
489 3763 627 3811 amicorum
643 3767 665 3811 et
681 3777 731 3811 non
748 3777 831 3826 occup.
851 3765 920 3824 mei,
940 3765 1017 3826 augg.
1036 3776 1144 3814 ornnes:
1167 3769 1189 3813 et
1205 3777 1255 3811 non
1271 3775 1355 3824 44444.
1374 3762 1513 3812 amborum
1529 3764 1585 3813 LO.
1606 3791 1633 3799 -
1652 3764 1676 3814 8.
1696 3766 1768 3814 adsi-

447 3838 528 3885 444444
545 3837 573 3885 Ε.
594 3864 620 3872 -
639 3835 709 3885 bonis
723 3837 785 3886 viris
801 3839 865 3897 mei,
884 3840 899 3887 5
917 3839 980 3888 044.
994 3851 999 3885 :
1017 3839 1078 3886 uiris
1096 3852 1148 3888 om.
1168 3840 1223 3888 l.0.
1243 3864 1270 3872 -
1289 3836 1409 3899 4444144444
1425 3838 1512 3887 EGC.
1534 3865 1560 3874 -
1580 3839 1604 3888 9.
1622 3853 1673 3888 non
1686 3846 1768 3902 44444

448 3926 476 3968 χ.
495 3937 522 3945 -
541 3912 605 3960 bunc
620 3912 714 3972 empne
731 3912 763 3969 E,
781 3912 845 3961 bunc
861 3926 914 3963 om.
935 3914 963 3962 C.
985 3941 1011 3949 -
1032 3914 1071 3962 44.
1091 3914 1155 3976 offici
1172 3917 1201 3962 G.
1222 3941 1248 3948 -
1268 3925 1285 3960 a
1300 3912 1369 3961 uobis
1385 3915 1441 3971 Gx.
1456 3938 1484 3949 -
1504 3914 1543 3962 44.
1561 3914 1674 3976 ipsosque
1691 3917 1721 3966 C.
1736 3943 1763 3952 -

443 3991 545 4047 possunt
557 3988 585 4035 G.
596 3987 655 4035 -si
671 3988 732 4035 nibil
741 3989 792 4037 mel
803 3990 830 4037 et
841 3989 932 4051 Lagg.:
951 3989 989 4037 sin
1000 3989 1062 4038 nibil
1073 3991 1209 4039 Graevius.
1220 4013 1246 4021 -·
1258 3988 1298 4035 44.
1308 3989 1463 4036 eoruva:
1480 3988 1591 4048 ipsomen
1601 3989 1620 4038 Ε
1630 3990 1720 4039 ubo.
1735 4015 1762 4025 -

446 4065 474 4109 ut
489 4062 662 4123 suffragantur
678 4063 744 4119 mel,
764 4061 825 4111 edd.
844 4066 919 4122 vett,
939 4062 1017 4112 codd.
1030 4062 1163 4127 plerique:
1182 4068 1210 4112 ut
1225 4064 1394 4123 4444444444
1411 4063 1468 4110 Par.
1481 4061 1505 4110 7.
1523 4064 1551 4111 44
1567 4061 1648 4112 Guell.
1667 4063 1717 4114 soli
1731 4078 1765 4114 ex

447 4135 524 4192 notis,
543 4135 605 4192 L0;
624 4136 645 4182 si
662 4137 705 4197 qui
720 4138 894 4200 suffragantur
909 4138 1158 4200 44444444944444
1169 4138 1237 4187 coni.
1250 4136 1453 4194 Mommsenius;
1473 4137 1528 4198 ipse
1546 4139 1643 4187 tentavi
1660 4141 1687 4189 in
1705 4138 1765 4189 loco

446 4208 620 4274 perobscura:
640 4216 711 4261 44444
727 4218 772 4271 est,
791 4216 811 4260 si
828 4218 924 4262 tantun
940 4215 1126 4275 4444494444,
1147 4213 1208 4261 nituit
1223 4211 1305 4260 444444
1320 4212 1415 4272 qratia
1441 4212 1555 4260 Manutio
1572 4215 1662 4263 aulem
1678 4215 1765 4264 totum

447 4286 558 4335 incisum
574 4285 596 4332 si
611 4289 639 4333 ut
649 4310 687 4323 ··
698 4288 783 4349 qratia
800 4285 935 4336 abundare
952 4286 1101 4337 videbatur.
1119 4314 1143 4324 -
1166 4289 1204 4335 43.
1224 4286 1299 4335 solent
1315 4290 1342 4333 44
1357 4286 1425 4346 loqui
1441 4286 1469 4334 Ε.
1485 4312 1511 4321 -
1529 4289 1675 4348 respondere
1690 4303 1719 4348 χ.
1735 4316 1761 4322 -

446 4359 485 4410 ll.
502 4364 604 4422 posunt
620 4358 662 4408 ed.
682 4361 766 4410 Crat:
783 4363 876 4423 4444444
892 4363 984 4422 Eblv,
1003 4361 1018 4413 4
1036 4362 1113 4420 Oxx.;
1130 4364 1206 4423 posui
1223 4363 1252 4409 G.
1273 4383 1299 4395 -
1321 4364 1395 4420 atque
1410 4359 1457 4421 ipsi
1472 4359 1532 4408 boec
1548 4375 1576 4419 χ.
1596 4388 1623 4397 -
1643 4364 1684 4413 lt.
1702 4377 1765 4412 con·

444 4438 559 4482 secuntur
575 4435 634 4483 Mv.
655 4459 681 4467 -
705 4448 751 4482 sua
768 4448 820 4485 em.
840 4438 868 4484 G.
890 4462 916 4471 -
939 4436 978 4484 44.
993 4448 1065 4496 posse
1078 4440 1170 4496 444444
1186 4449 1211 4485 v.
1232 4463 1259 4473 -
1283 4435 1392 4499 numero]
1410 4436 1462 4498 lene
1478 4435 1506 4484 E.
1528 4462 1554 4472 -
1576 4438 1615 4486 49.
1634 4443 1662 4487 at
1678 4440 1718 4489 M:
1737 4445 1766 4487 ut

446 4510 477 4567 G,
496 4523 527 4557 uc
544 4510 597 4558 Ev.
617 4533 644 4542 -
671 4508 712 4557 44.
727 4510 839 4570 prandio
856 4524 881 4559 r.
902 4535 928 4546 ·-
956 4510 1027 4574 nolqo
1044 4511 1076 4560 bl.
1109 4536 1136 4545 -
1162 4513 1203 4560 44.
1222 4525 1271 4561 non
1287 4517 1323 4560 est
1338 4512 1429 4560 iudices
1446 4513 1474 4562 E.
1495 4537 1522 4546 —
1549 4512 1589 4561 44.
1606 4512 1667 4563 baec
1683 4515 1712 4563 E.
1734 4541 1761 4550 -

443 4585 625 4645 conquestiones
641 4584 660 4633 E
670 4585 691 4631 G
701 4585 725 4633 lll
735 4585 754 4634 C
764 4585 786 4633 H
796 4587 860 4649 Sap:
881 4587 1034 4648 quaestiones
1050 4587 1068 4634 L
1078 4587 1098 4635 0
1108 4600 1132 4635 v.
1153 4613 1180 4621 -
1199 4585 1239 4635 44.
1259 4591 1303 4634 aut
1319 4591 1405 4635 nostro
1422 4599 1475 4636 om.
1493 4587 1513 4635 Τ
1523 4600 1547 4635 v.
1563 4612 1590 4622 —-
1606 4601 1633 4649 ρ.
1650 4593 1765 4638 nouam

445 4659 464 4708 E
474 4659 502 4707 C.
526 4685 551 4693 -
571 4659 610 4708 46.
630 4658 697 4722 baec]
716 4672 759 4707 nee
776 4660 827 4708 Tr.
850 4687 876 4696 -
900 4662 1022 4710 tenuiores
1038 4673 1056 4709 o
1071 4661 1131 4725 suis]
1149 4661 1186 4709 sic
1203 4663 1224 4709 G
1233 4662 1269 4722 44,
1290 4664 1345 4710 Par.
1365 4662 1399 4722 4.,
1418 4664 1454 4713 st.
1474 4662 1550 4722 vict,
1569 4661 1651 4714 Guell.
1670 4664 1727 4726 (sed
1744 4679 1765 4714 a

444 4745 497 4782 om.
511 4734 549 4789 44,
568 4735 587 4782 G
600 4732 680 4782 hebet
690 4739 713 4783 et
728 4746 776 4797 pro
788 4736 825 4795 al:
845 4737 967 4785 tenuiores
975 4737 1085 4797 aurnum
1097 4738 1205 4785 nondum
1217 4737 1259 4799 qui
1275 4750 1305 4786 eu
1315 4738 1365 4786 suis
1376 4739 1426 4788 lll'
1433 4753 1452 4798 χ
1462 4747 1488 4800 ψ
1498 4752 1515 4786 v
1524 4740 1556 4798 1.‚
1575 4739 1653 4802 lagg.
1666 4752 1763 4791 omnes

443 4809 550 4870 praeter
567 4808 590 4855 9.
608 4808 648 4856 ao.
662 4808 703 4856 45,
723 4806 779 4869 (sed
796 4810 983 4869 zaebaedaei
1000 4823 1047 4874 pro
1064 4810 1196 4872 nondum);
1216 4812 1338 4860 tenuiores
1351 4814 1475 4874 444444,
1493 4814 1603 4863 nondum
1619 4816 1662 4877 qui
1678 4829 1695 4865 n
1711 4817 1764 4864 suis

444 4882 508 4930 044
526 4881 585 4943 Lag.
603 4881 654 4940 45,
678 4883 707 4930 44
723 4883 835 4932 videtur.
865 4885 883 4933 E
905 4883 987 4933 habet
1006 4886 1065 4947 post
1085 4886 1207 4934 tenuiores
1222 4883 1344 4936 lacunam
1361 4886 1473 4938 duorum
1491 4900 1616 4938 versuum
1633 4890 1661 4938 et
1675 4892 1763 4953 pergit

444 4955 469 5004 in
488 4955 576 5005 verbis
593 4956 760 5006 seneliacum
776 4957 916 5017 tribulibus,
935 4961 1016 5008 etsie
1033 4960 1113 5008 etiam
1130 4960 1190 5022 Lag.
1204 4961 1249 5017 203
1269 4961 1329 5023 lag.
1343 4961 1366 5009 9.
1380 4960 1476 5011 44444;
1495 4963 1618 5012 unuiorea
1632 4963 1764 5013 4444444444

443 5030 493 5077 suis
518 5030 608 5078 deduse
629 5030 699 5079 med.
724 5031 841 5089 omissis,
869 5033 931 5081 inC
955 5035 982 5082 et
998 5035 1059 5096 Lag.
1079 5034 1119 5083 446.
1139 5038 1199 5097 post
1217 5037 1339 5085 tenuiores
1356 5049 1397 5085 vv.
1416 5050 1501 5100 usque
1518 5037 1552 5087 ad
1568 5038 1763 5100 44444υώ44444·

444 5102 549 5153 desunt.
578 5105 638 5153 Post
654 5106 845 5166 assequebantur
861 5107 885 5156 in
907 5109 966 5171 lag.
986 5108 1010 5157 3.
1029 5108 1138 5171 legitur:
1160 5109 1199 5158 bie
1215 5110 1329 5173 4444444444
1344 5124 1428 5161 cuuis
1444 5117 1553 5174 4444444
1567 5113 1595 5161 in
1610 5114 1760 5175 mimi.

445 5205 473 5215 -
484 5180 523 5228 44.
537 5179 638 5240 adsequi
648 5183 668 5230 G
680 5194 742 5231 cum
754 5180 854 5233 lacuna.
873 5183 938 5233 Hinc
948 5185 1136 5234 Mommsenius
1147 5183 1235 5234 locum
1247 5186 1285 5235 sic
1297 5184 1473 5249 supplendum
1485 5190 1590 5241 censet:
1602 5188 1627 5239 li.
1636 5188 1762 5241 4444444444

443 5254 552 5309 scebant
567 5268 586 5303 o
599 5255 661 5304 uiris
675 5257 807 5318 4444444444
822 5263 845 5309 et
860 5260 911 5309 suis
926 5259 1056 5310 tribulibus
1070 5266 1118 5314 oet.
1137 5262 1192 5313 inst.
1211 5263 1320 5329 4444444.
