<?xml version="1.0" encoding="UTF-8"?>
<!DOCTYPE html PUBLIC "-//W3C//DTD XHTML 1.0 Transitional//EN"
    "http://www.w3.org/TR/xhtml1/DTD/xhtml1-transitional.dtd">
<html xmlns="http://www.w3.org/1999/xhtml" xml:lang="en" lang="en">
 <head>
  <title>
</title>
<meta http-equiv="Content-Type" content="text/html;charset=utf-8" />
  <meta name='ocr-system' content='tesseract 3.04.00' />
  <meta name='ocr-capabilities' content='ocr_page ocr_carea ocr_par ocr_line ocrx_word'/>
</head>
<body>
  <div class='ocr_page' id='page_1' title='image "./operaquaesupers02halmgoog_0092.png"; bbox 0 0 4367 6109; ppageno 0'>
   <div class='ocr_carea' id='block_1_1' title="bbox 457 558 1474 638">
    <p class='ocr_par' dir='ltr' id='par_1_1' title="bbox 457 558 1474 638">
     <span class='ocr_line' id='line_1_1' title="bbox 457 558 1474 638; baseline 0 -11"><span class='ocrx_word' id='word_1_1' title='bbox 457 559 499 627; x_wconf 81' lang='lat'><strong>78</strong></span> <span class='ocrx_word' id='word_1_2' title='bbox 770 558 921 625; x_wconf 80' lang='lat' dir='ltr'>ORATIO</span> <span class='ocrx_word' id='word_1_3' title='bbox 943 559 1022 626; x_wconf 86' lang='lat' dir='ltr'><strong>PRO</strong></span> <span class='ocrx_word' id='word_1_4' title='bbox 1044 558 1084 638; x_wconf 87' lang='lat' dir='ltr'><strong>Q.</strong></span> <span class='ocrx_word' id='word_1_5' title='bbox 1101 558 1255 626; x_wconf 85' lang='lat' dir='ltr'>ROSCIO</span> <span class='ocrx_word' id='word_1_6' title='bbox 1277 560 1474 628; x_wconf 76' lang='lat' dir='ltr'>COMOEDO</span> 
     </span>
    </p>
   </div>
   <div class='ocr_carea' id='block_1_2' title="bbox 410 725 1778 4112">
    <p class='ocr_par' dir='ltr' id='par_1_2' title="bbox 410 725 1778 4112">
     <span class='ocr_line' id='line_1_2' title="bbox 458 725 1777 816; baseline 0.001 -21"><span class='ocrx_word' id='word_1_7' title='bbox 458 731 555 796; x_wconf 83' lang='lat' dir='ltr'>dibile</span> <span class='ocrx_word' id='word_1_8' title='bbox 577 736 669 796; x_wconf 87' lang='lat' dir='ltr'><strong>esset.</strong></span> <span class='ocrx_word' id='word_1_9' title='bbox 710 725 762 797; x_wconf 74' lang='lat'><strong>20.</strong></span> <span class='ocrx_word' id='word_1_10' title='bbox 785 732 902 793; x_wconf 88' lang='lat' dir='ltr'><strong>Verum</strong></span> <span class='ocrx_word' id='word_1_11' title='bbox 923 738 1044 807; x_wconf 84' lang='lat' dir='ltr'><strong>tamen,</strong></span> <span class='ocrx_word' id='word_1_12' title='bbox 1067 752 1163 816; x_wconf 87' lang='lat' dir='ltr'><strong>quem</strong></span> <span class='ocrx_word' id='word_1_13' title='bbox 1175 732 1346 808; x_wconf 87' lang='lat' dir='ltr'><strong>fraudarit,</strong></span> <span class='ocrx_word' id='word_1_14' title='bbox 1368 731 1542 795; x_wconf 86' lang='lat' dir='ltr'><strong>videamus.</strong></span> <span class='ocrx_word' id='word_1_15' title='bbox 1573 729 1607 794; x_wconf 85' lang='lat' dir='ltr'><strong>C.</strong></span> <span class='ocrx_word' id='word_1_16' title='bbox 1622 729 1777 796; x_wconf 82' lang='lat' dir='ltr'><strong>Fannium</strong></span> 
     </span>
     <span class='ocr_line' id='line_1_3' title="bbox 457 824 1778 910; baseline 0 -20"><span class='ocrx_word' id='word_1_17' title='bbox 457 827 629 891; x_wconf 79' lang='lat' dir='ltr'><strong>Chaeream</strong></span> <span class='ocrx_word' id='word_1_18' title='bbox 649 826 782 889; x_wconf 80' lang='lat' dir='ltr'><strong>Roscius</strong></span> <span class='ocrx_word' id='word_1_19' title='bbox 803 824 971 890; x_wconf 77' lang='lat' dir='ltr'><strong>fraudavit.</strong></span> <span class='ocrx_word' id='word_1_20' title='bbox 1009 827 1074 890; x_wconf 96' lang='lat' dir='ltr'><strong>Oro</strong></span> <span class='ocrx_word' id='word_1_21' title='bbox 1096 833 1192 910; x_wconf 91' lang='lat' dir='ltr'><strong>atque</strong></span> <span class='ocrx_word' id='word_1_22' title='bbox 1215 827 1346 891; x_wconf 88' lang='lat' dir='ltr'><strong>obsecro</strong></span> <span class='ocrx_word' id='word_1_23' title='bbox 1368 845 1443 900; x_wconf 91' lang='lat' dir='ltr'><strong>vos,</strong></span> <span class='ocrx_word' id='word_1_24' title='bbox 1465 825 1521 910; x_wconf 92' lang='lat' dir='ltr'><strong>qui</strong></span> <span class='ocrx_word' id='word_1_25' title='bbox 1540 826 1659 904; x_wconf 89' lang='lat' dir='ltr'><strong>nostis,</strong></span> <span class='ocrx_word' id='word_1_26' title='bbox 1680 827 1778 891; x_wconf 80' lang='lat' dir='ltr'><strong>vitam</strong></span> 
     </span>
     <span class='ocr_line' id='line_1_4' title="bbox 455 910 1776 1005; baseline 0.001 -22"><span class='ocrx_word' id='word_1_27' title='bbox 455 921 538 986; x_wconf 91' lang='lat' dir='ltr'><strong>inter</strong></span> <span class='ocrx_word' id='word_1_28' title='bbox 560 942 594 986; x_wconf 92' lang='lat' dir='ltr'><strong>se</strong></span> <span class='ocrx_word' id='word_1_29' title='bbox 607 921 775 1004; x_wconf 90' lang='lat' dir='ltr'><strong>utriusque</strong></span> <span class='ocrx_word' id='word_1_30' title='bbox 790 919 948 997; x_wconf 83' lang='lat' dir='ltr'><strong>conferte3</strong></span> <span class='ocrx_word' id='word_1_31' title='bbox 972 923 1027 1004; x_wconf 94' lang='lat' dir='ltr'><strong>qui</strong></span> <span class='ocrx_word' id='word_1_32' title='bbox 1041 941 1107 984; x_wconf 91' lang='lat' dir='ltr'><strong>non</strong></span> <span class='ocrx_word' id='word_1_33' title='bbox 1122 921 1238 996; x_wconf 88' lang='lat' dir='ltr'><strong>nostis,</strong></span> <span class='ocrx_word' id='word_1_34' title='bbox 1259 921 1373 985; x_wconf 86' lang='lat' dir='ltr'><strong>faciem</strong></span> <span class='ocrx_word' id='word_1_35' title='bbox 1386 921 1555 1005; x_wconf 89' lang='lat' dir='ltr'><strong>utriusque</strong></span> <span class='ocrx_word' id='word_1_36' title='bbox 1568 910 1776 986; x_wconf 79' lang='lat' dir='ltr'><strong>considerate</strong></span> 
     </span>
     <span class='ocr_line' id='line_1_5' title="bbox 454 1014 1777 1098; baseline -0.002 -19"><span class='ocrx_word' id='word_1_37' title='bbox 454 1016 567 1079; x_wconf 80' lang='lat' dir='ltr'><strong>Nonne</strong></span> <span class='ocrx_word' id='word_1_38' title='bbox 593 1015 697 1097; x_wconf 91' lang='lat' dir='ltr'><strong>ipsum</strong></span> <span class='ocrx_word' id='word_1_39' title='bbox 726 1021 822 1097; x_wconf 89' lang='lat' dir='ltr'><strong>caput</strong></span> <span class='ocrx_word' id='word_1_40' title='bbox 848 1021 881 1078; x_wconf 89' lang='lat' dir='ltr'><strong>et</strong></span> <span class='ocrx_word' id='word_1_41' title='bbox 912 1016 1081 1098; x_wconf 87' lang='lat' dir='ltr'><strong>supercilia</strong></span> <span class='ocrx_word' id='word_1_42' title='bbox 1103 1015 1159 1077; x_wconf 93' lang='lat' dir='ltr'><strong>illa</strong></span> <span class='ocrx_word' id='word_1_43' title='bbox 1180 1016 1307 1097; x_wconf 86' lang='lat' dir='ltr'><strong>penitus</strong></span> <span class='ocrx_word' id='word_1_44' title='bbox 1328 1016 1441 1078; x_wconf 86' lang='lat' dir='ltr'><strong>abrasa</strong></span> <span class='ocrx_word' id='word_1_45' title='bbox 1462 1015 1550 1078; x_wconf 90' lang='lat' dir='ltr'><strong>olere</strong></span> <span class='ocrx_word' id='word_1_46' title='bbox 1571 1014 1726 1079; x_wconf 82' lang='lat' dir='ltr'><strong>malitiam</strong></span> <span class='ocrx_word' id='word_1_47' title='bbox 1745 1021 1777 1076; x_wconf 87' lang='lat' dir='ltr'><strong>et</strong></span> 
     </span>
     <span class='ocr_line' id='line_1_6' title="bbox 429 1107 1777 1193; baseline -0.004 -17"><span class='ocrx_word' id='word_1_48' title='bbox 429 1109 613 1177; x_wconf 85' lang='lat' dir='ltr'><strong>eclamitare</strong></span> <span class='ocrx_word' id='word_1_49' title='bbox 635 1108 840 1172; x_wconf 80' lang='lat' dir='ltr'><strong>calliditatem</strong></span> <span class='ocrx_word' id='word_1_50' title='bbox 861 1109 1030 1173; x_wconf 72' lang='lat' dir='ltr'><strong>videntur?</strong></span> <span class='ocrx_word' id='word_1_51' title='bbox 1052 1130 1119 1172; x_wconf 91' lang='lat' dir='ltr'><strong>non</strong></span> <span class='ocrx_word' id='word_1_52' title='bbox 1140 1109 1179 1171; x_wconf 87' lang='lat' dir='ltr'><strong>ab</strong></span> <span class='ocrx_word' id='word_1_53' title='bbox 1195 1109 1266 1172; x_wconf 89' lang='lat' dir='ltr'><strong>imis</strong></span> <span class='ocrx_word' id='word_1_54' title='bbox 1280 1109 1441 1192; x_wconf 79' lang='lat' dir='ltr'><strong>unguibus</strong></span> <span class='ocrx_word' id='word_1_55' title='bbox 1455 1128 1559 1193; x_wconf 90' lang='lat' dir='ltr'><strong>usque</strong></span> <span class='ocrx_word' id='word_1_56' title='bbox 1573 1109 1614 1173; x_wconf 86' lang='lat' dir='ltr'><strong>ed</strong></span> <span class='ocrx_word' id='word_1_57' title='bbox 1628 1107 1777 1171; x_wconf 86' lang='lat' dir='ltr'><strong>verticem</strong></span> 
     </span>
     <span class='ocr_line' id='line_1_7' title="bbox 452 1198 1777 1287; baseline -0.002 -20"><span class='ocrx_word' id='word_1_58' title='bbox 452 1225 627 1278; x_wconf 89' lang='lat' dir='ltr'><strong>summum,</strong></span> <span class='ocrx_word' id='word_1_59' title='bbox 649 1202 677 1265; x_wconf 89' lang='lat' dir='ltr'><strong>si</strong></span> <span class='ocrx_word' id='word_1_60' title='bbox 707 1223 804 1287; x_wconf 87' lang='lat' dir='ltr'><strong>quam</strong></span> <span class='ocrx_word' id='word_1_61' title='bbox 831 1204 1046 1267; x_wconf 87' lang='lat' dir='ltr'><strong>coniecturam</strong></span> <span class='ocrx_word' id='word_1_62' title='bbox 1067 1205 1160 1267; x_wconf 87' lang='lat' dir='ltr'><strong>affert</strong></span> <span class='ocrx_word' id='word_1_63' title='bbox 1179 1202 1363 1267; x_wconf 88' lang='lat' dir='ltr'><strong>bominibus</strong></span> <span class='ocrx_word' id='word_1_64' title='bbox 1385 1205 1481 1266; x_wconf 88' lang='lat' dir='ltr'><strong>tacita</strong></span> <span class='ocrx_word' id='word_1_65' title='bbox 1502 1203 1646 1287; x_wconf 88' lang='lat' dir='ltr'><strong>corporis</strong></span> <span class='ocrx_word' id='word_1_66' title='bbox 1667 1198 1777 1285; x_wconf 74' lang='lat' dir='ltr'><strong>figura,</strong></span> 
     </span>
     <span class='ocr_line' id='line_1_8' title="bbox 452 1296 1777 1382; baseline -0.002 -20"><span class='ocrx_word' id='word_1_67' title='bbox 452 1319 494 1363; x_wconf 85' lang='lat' dir='ltr'><strong>ex</strong></span> <span class='ocrx_word' id='word_1_68' title='bbox 514 1298 641 1371; x_wconf 86' lang='lat' dir='ltr'><strong>fraude,</strong></span> <span class='ocrx_word' id='word_1_69' title='bbox 662 1296 812 1372; x_wconf 89' lang='lat' dir='ltr'><strong>fallaciis,</strong></span> <span class='ocrx_word' id='word_1_70' title='bbox 834 1298 1008 1361; x_wconf 81' lang='lat' dir='ltr'><strong>mendaciis</strong></span> <span class='ocrx_word' id='word_1_71' title='bbox 1030 1305 1177 1361; x_wconf 80' lang='lat' dir='ltr'><strong>constare</strong></span> <span class='ocrx_word' id='word_1_72' title='bbox 1196 1304 1281 1361; x_wconf 89' lang='lat' dir='ltr'><strong>totus</strong></span> <span class='ocrx_word' id='word_1_73' title='bbox 1296 1298 1446 1361; x_wconf 73' lang='lat' dir='ltr'><strong>videtur?</strong></span> <span class='ocrx_word' id='word_1_74' title='bbox 1467 1298 1524 1381; x_wconf 91' lang='lat' dir='ltr'><strong>qui</strong></span> <span class='ocrx_word' id='word_1_75' title='bbox 1538 1298 1659 1362; x_wconf 87' lang='lat' dir='ltr'><strong>idcirco</strong></span> <span class='ocrx_word' id='word_1_76' title='bbox 1674 1297 1777 1382; x_wconf 80' lang='lat' dir='ltr'><strong>capite</strong></span> 
     </span>
     <span class='ocr_line' id='line_1_9' title="bbox 452 1383 1778 1474; baseline 0.001 -18"><span class='ocrx_word' id='word_1_77' title='bbox 452 1400 484 1456; x_wconf 91' lang='lat' dir='ltr'><strong>et</strong></span> <span class='ocrx_word' id='word_1_78' title='bbox 505 1390 684 1473; x_wconf 80' lang='lat' dir='ltr'><strong>superciliis</strong></span> <span class='ocrx_word' id='word_1_79' title='bbox 706 1412 831 1474; x_wconf 86' lang='lat' dir='ltr'><strong>semper</strong></span> <span class='ocrx_word' id='word_1_80' title='bbox 853 1399 901 1456; x_wconf 89' lang='lat' dir='ltr'><strong>est</strong></span> <span class='ocrx_word' id='word_1_81' title='bbox 921 1394 1016 1468; x_wconf 87' lang='lat' dir='ltr'><strong>rasis,</strong></span> <span class='ocrx_word' id='word_1_82' title='bbox 1039 1413 1079 1456; x_wconf 89' lang='lat' dir='ltr'><strong>ne</strong></span> <span class='ocrx_word' id='word_1_83' title='bbox 1101 1390 1203 1455; x_wconf 90' lang='lat' dir='ltr'><strong>ullum</strong></span> <span class='ocrx_word' id='word_1_84' title='bbox 1224 1391 1326 1473; x_wconf 93' lang='lat' dir='ltr'><strong>pilum</strong></span> <span class='ocrx_word' id='word_1_85' title='bbox 1340 1392 1400 1455; x_wconf 91' lang='lat' dir='ltr'><strong>viri</strong></span> <span class='ocrx_word' id='word_1_86' title='bbox 1414 1391 1489 1455; x_wconf 93' lang='lat' dir='ltr'><strong>boni</strong></span> <span class='ocrx_word' id='word_1_87' title='bbox 1504 1383 1623 1456; x_wconf 86' lang='lat' dir='ltr'><strong>babere</strong></span> <span class='ocrx_word' id='word_1_88' title='bbox 1638 1393 1778 1469; x_wconf 72' lang='lat' dir='ltr'><strong>dicatam</strong></span> 
     </span>
     <span class='ocr_line' id='line_1_10' title="bbox 451 1486 1778 1571; baseline 0 -20"><span class='ocrx_word' id='word_1_89' title='bbox 451 1487 542 1551; x_wconf 89' lang='lat' dir='ltr'><strong>ouius</strong></span> <span class='ocrx_word' id='word_1_90' title='bbox 569 1505 739 1569; x_wconf 89' lang='lat' dir='ltr'><strong>personam</strong></span> <span class='ocrx_word' id='word_1_91' title='bbox 765 1486 926 1568; x_wconf 90' lang='lat' dir='ltr'><strong>praeclare</strong></span> <span class='ocrx_word' id='word_1_92' title='bbox 955 1488 1090 1551; x_wconf 88' lang='lat' dir='ltr'><strong>Roscius</strong></span> <span class='ocrx_word' id='word_1_93' title='bbox 1113 1488 1146 1549; x_wconf 91' lang='lat' dir='ltr'><strong>in</strong></span> <span class='ocrx_word' id='word_1_94' title='bbox 1168 1505 1284 1549; x_wconf 90' lang='lat' dir='ltr'><strong>scaena</strong></span> <span class='ocrx_word' id='word_1_95' title='bbox 1306 1493 1438 1550; x_wconf 86' lang='lat' dir='ltr'><strong>tractare</strong></span> <span class='ocrx_word' id='word_1_96' title='bbox 1460 1487 1644 1563; x_wconf 86' lang='lat' dir='ltr'><strong>consuevit,</strong></span> <span class='ocrx_word' id='word_1_97' title='bbox 1674 1506 1778 1571; x_wconf 90' lang='lat' dir='ltr'><strong>neque</strong></span> 
     </span>
     <span class='ocr_line' id='line_1_11' title="bbox 414 1576 1778 1665; baseline -0.002 -18"><span class='ocrx_word' id='word_1_98' title='bbox 414 1588 557 1650; x_wconf 83' lang='lat' dir='ltr'><strong>totamen</strong></span> <span class='ocrx_word' id='word_1_99' title='bbox 578 1600 637 1663; x_wconf 94' lang='lat' dir='ltr'><strong>pro</strong></span> <span class='ocrx_word' id='word_1_100' title='bbox 658 1576 814 1644; x_wconf 89' lang='lat' dir='ltr'><strong>beneficio</strong></span> <span class='ocrx_word' id='word_1_101' title='bbox 837 1580 867 1642; x_wconf 89' lang='lat' dir='ltr'><strong>ei</strong></span> <span class='ocrx_word' id='word_1_102' title='bbox 889 1600 948 1663; x_wconf 90' lang='lat' dir='ltr'><strong>par</strong></span> <span class='ocrx_word' id='word_1_103' title='bbox 969 1581 1071 1664; x_wconf 77' lang='lat' dir='ltr'><strong>qratia</strong></span> <span class='ocrx_word' id='word_1_104' title='bbox 1091 1581 1244 1643; x_wconf 88' lang='lat' dir='ltr'><strong>refertur:</strong></span> <span class='ocrx_word' id='word_1_105' title='bbox 1266 1599 1340 1643; x_wconf 89' lang='lat' dir='ltr'><strong>nam</strong></span> <span class='ocrx_word' id='word_1_106' title='bbox 1354 1580 1529 1644; x_wconf 87' lang='lat' dir='ltr'><strong>Ballionem</strong></span> <span class='ocrx_word' id='word_1_107' title='bbox 1550 1581 1641 1644; x_wconf 91' lang='lat' dir='ltr'><strong>illum</strong></span> <span class='ocrx_word' id='word_1_108' title='bbox 1659 1581 1778 1665; x_wconf 88' lang='lat' dir='ltr'><strong>impro-</strong></span> 
     </span>
     <span class='ocr_line' id='line_1_12' title="bbox 449 1673 1778 1759; baseline -0.001 -21"><span class='ocrx_word' id='word_1_109' title='bbox 449 1675 616 1739; x_wconf 89' lang='lat' dir='ltr'><strong>bissimum</strong></span> <span class='ocrx_word' id='word_1_110' title='bbox 637 1682 671 1738; x_wconf 91' lang='lat' dir='ltr'><strong>et</strong></span> <span class='ocrx_word' id='word_1_111' title='bbox 690 1673 944 1759; x_wconf 83' lang='lat' dir='ltr'><strong>periurissimum</strong></span> <span class='ocrx_word' id='word_1_112' title='bbox 965 1675 1114 1738; x_wconf 87' lang='lat' dir='ltr'><strong>lenonem</strong></span> <span class='ocrx_word' id='word_1_113' title='bbox 1137 1694 1209 1738; x_wconf 91' lang='lat' dir='ltr'><strong>cum</strong></span> <span class='ocrx_word' id='word_1_114' title='bbox 1231 1674 1313 1758; x_wconf 77' lang='lat' dir='ltr'><strong>agit,</strong></span> <span class='ocrx_word' id='word_1_115' title='bbox 1334 1674 1402 1758; x_wconf 74' lang='lat' dir='ltr'><strong>agit</strong></span> <span class='ocrx_word' id='word_1_116' title='bbox 1423 1675 1604 1739; x_wconf 80' lang='lat' dir='ltr'><strong>Chaeream.</strong></span> <span class='ocrx_word' id='word_1_117' title='bbox 1639 1676 1778 1741; x_wconf 78' lang='lat' dir='ltr'><strong>Persona</strong></span> 
     </span>
     <span class='ocr_line' id='line_1_13' title="bbox 449 1768 1778 1853; baseline -0.002 -21"><span class='ocrx_word' id='word_1_118' title='bbox 449 1768 507 1835; x_wconf 93' lang='lat' dir='ltr'><strong>illa</strong></span> <span class='ocrx_word' id='word_1_119' title='bbox 527 1769 700 1846; x_wconf 88' lang='lat' dir='ltr'><strong>lutulenta,</strong></span> <span class='ocrx_word' id='word_1_120' title='bbox 722 1770 864 1852; x_wconf 90' lang='lat' dir='ltr'><strong>impura,</strong></span> <span class='ocrx_word' id='word_1_121' title='bbox 886 1768 991 1833; x_wconf 92' lang='lat' dir='ltr'><strong>invisa</strong></span> <span class='ocrx_word' id='word_1_122' title='bbox 1011 1770 1045 1833; x_wconf 90' lang='lat' dir='ltr'><strong>in</strong></span> <span class='ocrx_word' id='word_1_123' title='bbox 1065 1769 1162 1833; x_wconf 91' lang='lat' dir='ltr'><strong>buius</strong></span> <span class='ocrx_word' id='word_1_124' title='bbox 1185 1770 1343 1845; x_wconf 90' lang='lat' dir='ltr'><strong>moribus,</strong></span> <span class='ocrx_word' id='word_1_125' title='bbox 1368 1777 1482 1833; x_wconf 88' lang='lat' dir='ltr'><strong>natura</strong></span> <span class='ocrx_word' id='word_1_126' title='bbox 1502 1770 1631 1853; x_wconf 89' lang='lat' dir='ltr'><strong>vitaque</strong></span> <span class='ocrx_word' id='word_1_127' title='bbox 1652 1775 1703 1832; x_wconf 84' lang='lat' dir='ltr'><strong>ost</strong></span> <span class='ocrx_word' id='word_1_128' title='bbox 1723 1786 1778 1830; x_wconf 85' lang='lat' dir='ltr'><strong>ex·</strong></span> 
     </span>
     <span class='ocr_line' id='line_1_14' title="bbox 450 1860 1777 1972; baseline -0.001 -46"><span class='ocrx_word' id='word_1_129' title='bbox 450 1882 576 1947; x_wconf 79' lang='lat' dir='ltr'><strong>pressa3</strong></span> <span class='ocrx_word' id='word_1_130' title='bbox 599 1865 655 1972; x_wconf 88' lang='lat' dir='ltr'><strong>qui</strong></span> <span class='ocrx_word' id='word_1_131' title='bbox 677 1863 882 1948; x_wconf 88' lang='lat' dir='ltr'><strong>quamobrem</strong></span> <span class='ocrx_word' id='word_1_132' title='bbox 904 1863 1054 1926; x_wconf 90' lang='lat' dir='ltr'><strong>Roscium</strong></span> <span class='ocrx_word' id='word_1_133' title='bbox 1077 1864 1214 1927; x_wconf 90' lang='lat' dir='ltr'><strong>similem</strong></span> <span class='ocrx_word' id='word_1_134' title='bbox 1236 1865 1286 1928; x_wconf 92' lang='lat' dir='ltr'><strong>sui</strong></span> <span class='ocrx_word' id='word_1_135' title='bbox 1307 1865 1340 1926; x_wconf 91' lang='lat' dir='ltr'><strong>in</strong></span> <span class='ocrx_word' id='word_1_136' title='bbox 1361 1863 1473 1927; x_wconf 81' lang='lat' dir='ltr'><strong>fraude</strong></span> <span class='ocrx_word' id='word_1_137' title='bbox 1488 1872 1520 1927; x_wconf 90' lang='lat' dir='ltr'><strong>et</strong></span> <span class='ocrx_word' id='word_1_138' title='bbox 1534 1863 1654 1927; x_wconf 84' lang='lat' dir='ltr'><strong>malitia</strong></span> <span class='ocrx_word' id='word_1_139' title='bbox 1669 1860 1777 1925; x_wconf 82' lang='lat' dir='ltr'><strong>existi·</strong></span> 
     </span>
     <span class='ocr_line' id='line_1_15' title="bbox 451 1956 1777 2041; baseline -0.003 -20"><span class='ocrx_word' id='word_1_140' title='bbox 451 1959 561 2034; x_wconf 83' lang='lat' dir='ltr'><strong>merit,</strong></span> <span class='ocrx_word' id='word_1_141' title='bbox 583 1956 664 2021; x_wconf 83' lang='lat' dir='ltr'><strong>nihil</strong></span> <span class='ocrx_word' id='word_1_142' title='bbox 685 1957 826 2031; x_wconf 89' lang='lat' dir='ltr'><strong>videtur,</strong></span> <span class='ocrx_word' id='word_1_143' title='bbox 848 1956 912 2020; x_wconf 88' lang='lat' dir='ltr'><strong>nisi</strong></span> <span class='ocrx_word' id='word_1_144' title='bbox 932 1957 1032 2034; x_wconf 91' lang='lat' dir='ltr'><strong>forte,</strong></span> <span class='ocrx_word' id='word_1_145' title='bbox 1054 1958 1141 2041; x_wconf 94' lang='lat' dir='ltr'><strong>quod</strong></span> <span class='ocrx_word' id='word_1_146' title='bbox 1164 1958 1326 2041; x_wconf 86' lang='lat' dir='ltr'><strong>praeclare</strong></span> <span class='ocrx_word' id='word_1_147' title='bbox 1347 1959 1433 2021; x_wconf 90' lang='lat' dir='ltr'><strong>bunc</strong></span> <span class='ocrx_word' id='word_1_148' title='bbox 1454 1959 1571 2021; x_wconf 85' lang='lat' dir='ltr'><strong>imitari</strong></span> <span class='ocrx_word' id='word_1_149' title='bbox 1594 1977 1629 2022; x_wconf 90' lang='lat' dir='ltr'><strong>se</strong></span> <span class='ocrx_word' id='word_1_150' title='bbox 1650 1956 1684 2020; x_wconf 92' lang='lat' dir='ltr'><strong>in</strong></span> <span class='ocrx_word' id='word_1_151' title='bbox 1705 1974 1777 2038; x_wconf 91' lang='lat' dir='ltr'><strong>per-</strong></span> 
     </span>
     <span class='ocr_line' id='line_1_16' title="bbox 413 2047 1776 2136; baseline -0.006 -16"><span class='ocrx_word' id='word_1_152' title='bbox 413 2073 442 2121; x_wconf 84' lang='lat' dir='ltr'><strong>te</strong></span> <span class='ocrx_word' id='word_1_153' title='bbox 451 2072 531 2117; x_wconf 92' lang='lat' dir='ltr'><strong>sona</strong></span> <span class='ocrx_word' id='word_1_154' title='bbox 552 2051 677 2117; x_wconf 92' lang='lat' dir='ltr'><strong>lenonis</strong></span> <span class='ocrx_word' id='word_1_155' title='bbox 691 2050 923 2114; x_wconf 83' lang='lat' dir='ltr'><strong>animadvertit.</strong></span> <span class='ocrx_word' id='word_1_156' title='bbox 959 2047 1011 2113; x_wconf 69' lang='lat' dir='ltr'><strong>il.</strong></span> <span class='ocrx_word' id='word_1_157' title='bbox 1033 2050 1248 2127; x_wconf 87' lang='lat' dir='ltr'><strong>Quamobrem</strong></span> <span class='ocrx_word' id='word_1_158' title='bbox 1266 2053 1364 2115; x_wconf 88' lang='lat' dir='ltr'><strong>otiam</strong></span> <span class='ocrx_word' id='word_1_159' title='bbox 1378 2060 1475 2136; x_wconf 91' lang='lat' dir='ltr'><strong>atque</strong></span> <span class='ocrx_word' id='word_1_160' title='bbox 1490 2051 1585 2114; x_wconf 91' lang='lat' dir='ltr'><strong>etiam</strong></span> <span class='ocrx_word' id='word_1_161' title='bbox 1600 2049 1776 2122; x_wconf 82' lang='lat' dir='ltr'><strong>considera,</strong></span> 
     </span>
     <span class='ocr_line' id='line_1_17' title="bbox 453 2141 1777 2229; baseline -0.005 -19"><span class='ocrx_word' id='word_1_162' title='bbox 453 2146 487 2210; x_wconf 88' lang='lat' dir='ltr'><strong>C.</strong></span> <span class='ocrx_word' id='word_1_163' title='bbox 508 2147 599 2222; x_wconf 87' lang='lat' dir='ltr'><strong>Piso,</strong></span> <span class='ocrx_word' id='word_1_164' title='bbox 621 2144 695 2229; x_wconf 92' lang='lat' dir='ltr'><strong>quis</strong></span> <span class='ocrx_word' id='word_1_165' title='bbox 718 2163 813 2227; x_wconf 86' lang='lat' dir='ltr'><strong>quem</strong></span> <span class='ocrx_word' id='word_1_166' title='bbox 827 2142 991 2207; x_wconf 84' lang='lat' dir='ltr'><strong>fraudasse</strong></span> <span class='ocrx_word' id='word_1_167' title='bbox 1007 2145 1139 2209; x_wconf 89' lang='lat' dir='ltr'><strong>dicatur.</strong></span> <span class='ocrx_word' id='word_1_168' title='bbox 1173 2147 1308 2210; x_wconf 88' lang='lat' dir='ltr'><strong>Roscius</strong></span> <span class='ocrx_word' id='word_1_169' title='bbox 1323 2147 1500 2210; x_wconf 77' lang='lat' dir='ltr'><strong>lianniumi</strong></span> <span class='ocrx_word' id='word_1_170' title='bbox 1533 2144 1619 2222; x_wconf 92' lang='lat' dir='ltr'><strong>Quid</strong></span> <span class='ocrx_word' id='word_1_171' title='bbox 1633 2141 1777 2208; x_wconf 81' lang='lat' dir='ltr'><strong>estbocl</strong></span> 
     </span>
     <span class='ocr_line' id='line_1_18' title="bbox 451 2236 1777 2325; baseline -0.005 -20"><span class='ocrx_word' id='word_1_172' title='bbox 451 2243 571 2325; x_wconf 86' lang='lat' dir='ltr'><strong>probus</strong></span> <span class='ocrx_word' id='word_1_173' title='bbox 592 2239 791 2323; x_wconf 92' lang='lat' dir='ltr'><strong>improbum,</strong></span> <span class='ocrx_word' id='word_1_174' title='bbox 812 2237 936 2320; x_wconf 89' lang='lat' dir='ltr'><strong>pudens</strong></span> <span class='ocrx_word' id='word_1_175' title='bbox 958 2238 1192 2320; x_wconf 88' lang='lat' dir='ltr'><strong>impudentem,</strong></span> <span class='ocrx_word' id='word_1_176' title='bbox 1221 2240 1384 2323; x_wconf 92' lang='lat' dir='ltr'><strong>periurum</strong></span> <span class='ocrx_word' id='word_1_177' title='bbox 1406 2248 1526 2316; x_wconf 88' lang='lat' dir='ltr'><strong>castus,</strong></span> <span class='ocrx_word' id='word_1_178' title='bbox 1548 2238 1699 2303; x_wconf 88' lang='lat' dir='ltr'><strong>callidum</strong></span> <span class='ocrx_word' id='word_1_179' title='bbox 1719 2236 1777 2299; x_wconf 90' lang='lat' dir='ltr'><strong>im·</strong></span> 
     </span>
     <span class='ocr_line' id='line_1_19' title="bbox 449 2331 1776 2419; baseline -0.005 -20"><span class='ocrx_word' id='word_1_180' title='bbox 449 2335 587 2419; x_wconf 88' lang='lat' dir='ltr'><strong>peritus,</strong></span> <span class='ocrx_word' id='word_1_181' title='bbox 618 2334 758 2398; x_wconf 90' lang='lat' dir='ltr'><strong>liberalis</strong></span> <span class='ocrx_word' id='word_1_182' title='bbox 780 2332 918 2396; x_wconf 86' lang='lat' dir='ltr'><strong>avidum.</strong></span> <span class='ocrx_word' id='word_1_183' title='bbox 962 2332 1151 2396; x_wconf 87' lang='lat' dir='ltr'><strong>Incredibile</strong></span> <span class='ocrx_word' id='word_1_184' title='bbox 1173 2342 1231 2398; x_wconf 92' lang='lat' dir='ltr'><strong>est.</strong></span> <span class='ocrx_word' id='word_1_185' title='bbox 1275 2335 1566 2411; x_wconf 87' lang='lat' dir='ltr'><strong>Quemadmodum,</strong></span> <span class='ocrx_word' id='word_1_186' title='bbox 1589 2334 1616 2398; x_wconf 93' lang='lat' dir='ltr'><strong>si</strong></span> <span class='ocrx_word' id='word_1_187' title='bbox 1637 2331 1776 2395; x_wconf 85' lang='lat' dir='ltr'><strong>Fannius</strong></span> 
     </span>
     <span class='ocr_line' id='line_1_20' title="bbox 449 2424 1777 2514; baseline -0.004 -23"><span class='ocrx_word' id='word_1_188' title='bbox 449 2431 600 2493; x_wconf 88' lang='lat' dir='ltr'><strong>Roscium</strong></span> <span class='ocrx_word' id='word_1_189' title='bbox 620 2429 784 2492; x_wconf 80' lang='lat' dir='ltr'><strong>fraudasse</strong></span> <span class='ocrx_word' id='word_1_190' title='bbox 806 2427 981 2503; x_wconf 86' lang='lat' dir='ltr'><strong>diceretur,</strong></span> <span class='ocrx_word' id='word_1_191' title='bbox 1003 2436 1174 2512; x_wconf 92' lang='lat' dir='ltr'><strong>utrumque</strong></span> <span class='ocrx_word' id='word_1_192' title='bbox 1197 2429 1418 2514; x_wconf 76' lang='lat' dir='ltr'><strong>enutriusque</strong></span> <span class='ocrx_word' id='word_1_193' title='bbox 1440 2449 1579 2512; x_wconf 86' lang='lat' dir='ltr'><strong>persona</strong></span> <span class='ocrx_word' id='word_1_194' title='bbox 1591 2427 1659 2491; x_wconf 91' lang='lat' dir='ltr'><strong>veri</strong></span> <span class='ocrx_word' id='word_1_195' title='bbox 1673 2424 1777 2490; x_wconf 88' lang='lat' dir='ltr'><strong>simile</strong></span> 
     </span>
     <span class='ocr_line' id='line_1_21' title="bbox 412 2521 1778 2606; baseline -0.004 -20"><span class='ocrx_word' id='word_1_196' title='bbox 412 2523 627 2598; x_wconf 64' lang='lat' dir='ltr'><strong>invideretur,</strong></span> <span class='ocrx_word' id='word_1_197' title='bbox 659 2530 692 2586; x_wconf 90' lang='lat' dir='ltr'><strong>et</strong></span> <span class='ocrx_word' id='word_1_198' title='bbox 718 2522 874 2585; x_wconf 85' lang='lat' dir='ltr'><strong>Fannium</strong></span> <span class='ocrx_word' id='word_1_199' title='bbox 904 2541 963 2604; x_wconf 94' lang='lat' dir='ltr'><strong>per</strong></span> <span class='ocrx_word' id='word_1_200' title='bbox 983 2521 1136 2585; x_wconf 88' lang='lat' dir='ltr'><strong>malitiam</strong></span> <span class='ocrx_word' id='word_1_201' title='bbox 1157 2522 1271 2586; x_wconf 86' lang='lat' dir='ltr'><strong>fecisse</strong></span> <span class='ocrx_word' id='word_1_202' title='bbox 1293 2530 1325 2586; x_wconf 92' lang='lat' dir='ltr'><strong>et</strong></span> <span class='ocrx_word' id='word_1_203' title='bbox 1346 2523 1495 2586; x_wconf 89' lang='lat' dir='ltr'><strong>Roscium</strong></span> <span class='ocrx_word' id='word_1_204' title='bbox 1515 2543 1573 2606; x_wconf 90' lang='lat' dir='ltr'><strong>per</strong></span> <span class='ocrx_word' id='word_1_205' title='bbox 1594 2521 1778 2604; x_wconf 91' lang='lat' dir='ltr'><strong>impruden·</strong></span> 
     </span>
     <span class='ocr_line' id='line_1_22' title="bbox 450 2616 1778 2700; baseline 0 -21"><span class='ocrx_word' id='word_1_206' title='bbox 450 2616 526 2680; x_wconf 90' lang='lat' dir='ltr'><strong>tiam</strong></span> <span class='ocrx_word' id='word_1_207' title='bbox 541 2617 710 2700; x_wconf 89' lang='lat' dir='ltr'><strong>deceptum</strong></span> <span class='ocrx_word' id='word_1_208' title='bbox 725 2637 811 2681; x_wconf 87' lang='lat' dir='ltr'><strong>esse:</strong></span> <span class='ocrx_word' id='word_1_209' title='bbox 834 2616 881 2680; x_wconf 88' lang='lat' dir='ltr'><strong>sic</strong></span> <span class='ocrx_word' id='word_1_210' title='bbox 896 2637 968 2679; x_wconf 92' lang='lat' dir='ltr'><strong>cum</strong></span> <span class='ocrx_word' id='word_1_211' title='bbox 982 2616 1116 2679; x_wconf 84' lang='lat' dir='ltr'><strong>Roscius</strong></span> <span class='ocrx_word' id='word_1_212' title='bbox 1131 2616 1286 2679; x_wconf 85' lang='lat' dir='ltr'><strong>Fannium</strong></span> <span class='ocrx_word' id='word_1_213' title='bbox 1299 2616 1464 2680; x_wconf 87' lang='lat' dir='ltr'><strong>fraudasse</strong></span> <span class='ocrx_word' id='word_1_214' title='bbox 1478 2626 1641 2700; x_wconf 76' lang='lat' dir='ltr'><strong>arguatur,</strong></span> <span class='ocrx_word' id='word_1_215' title='bbox 1656 2625 1778 2680; x_wconf 88' lang='lat' dir='ltr'><strong>utrum·</strong></span> 
     </span>
     <span class='ocr_line' id='line_1_23' title="bbox 450 2708 1778 2795; baseline 0 -23"><span class='ocrx_word' id='word_1_216' title='bbox 450 2730 512 2793; x_wconf 90' lang='lat' dir='ltr'><strong>quo</strong></span> <span class='ocrx_word' id='word_1_217' title='bbox 544 2709 729 2773; x_wconf 87' lang='lat' dir='ltr'><strong>incredibile</strong></span> <span class='ocrx_word' id='word_1_218' title='bbox 756 2718 820 2784; x_wconf 92' lang='lat' dir='ltr'><strong>est,</strong></span> <span class='ocrx_word' id='word_1_219' title='bbox 851 2717 884 2773; x_wconf 89' lang='lat' dir='ltr'><strong>et</strong></span> <span class='ocrx_word' id='word_1_220' title='bbox 908 2709 1060 2773; x_wconf 86' lang='lat' dir='ltr'><strong>Roscium</strong></span> <span class='ocrx_word' id='word_1_221' title='bbox 1089 2708 1265 2793; x_wconf 88' lang='lat' dir='ltr'><strong>quidquam</strong></span> <span class='ocrx_word' id='word_1_222' title='bbox 1294 2730 1353 2792; x_wconf 94' lang='lat' dir='ltr'><strong>per</strong></span> <span class='ocrx_word' id='word_1_223' title='bbox 1373 2711 1538 2774; x_wconf 87' lang='lat' dir='ltr'><strong>avaritiam</strong></span> <span class='ocrx_word' id='word_1_224' title='bbox 1559 2709 1721 2795; x_wconf 86' lang='lat' dir='ltr'><strong>appetisse</strong></span> <span class='ocrx_word' id='word_1_225' title='bbox 1745 2716 1778 2773; x_wconf 90' lang='lat' dir='ltr'><strong>et</strong></span> 
     </span>
     <span class='ocr_line' id='line_1_24' title="bbox 449 2801 1778 2888; baseline -0.001 -21"><span class='ocrx_word' id='word_1_226' title='bbox 449 2804 605 2867; x_wconf 83' lang='lat' dir='ltr'><strong>Fannium</strong></span> <span class='ocrx_word' id='word_1_227' title='bbox 638 2803 814 2888; x_wconf 88' lang='lat' dir='ltr'><strong>quidquam</strong></span> <span class='ocrx_word' id='word_1_228' title='bbox 846 2824 904 2887; x_wconf 93' lang='lat' dir='ltr'><strong>per</strong></span> <span class='ocrx_word' id='word_1_229' title='bbox 933 2804 1109 2867; x_wconf 85' lang='lat' dir='ltr'><strong>bonitatem</strong></span> <span class='ocrx_word' id='word_1_230' title='bbox 1137 2804 1293 2868; x_wconf 87' lang='lat' dir='ltr'><strong>amisisse.</strong></span> <span class='ocrx_word' id='word_1_231' title='bbox 1336 2805 1419 2866; x_wconf 88' lang='lat' dir='ltr'><strong>Vlll.</strong></span> <span class='ocrx_word' id='word_1_232' title='bbox 1440 2801 1491 2867; x_wconf 73' lang='lat' dir='ltr'><strong>ii.</strong></span> <span class='ocrx_word' id='word_1_233' title='bbox 1520 2806 1682 2888; x_wconf 88' lang='lat' dir='ltr'><strong>Principia</strong></span> <span class='ocrx_word' id='word_1_234' title='bbox 1702 2810 1778 2868; x_wconf 87' lang='lat' dir='ltr'><strong>sunt</strong></span> 
     </span>
     <span class='ocr_line' id='line_1_25' title="bbox 448 2896 1775 2981; baseline -0.001 -21"><span class='ocrx_word' id='word_1_235' title='bbox 448 2897 643 2962; x_wconf 89' lang='lat' dir='ltr'><strong>huiusmodi.</strong></span> <span class='ocrx_word' id='word_1_236' title='bbox 677 2897 862 2980; x_wconf 91' lang='lat' dir='ltr'><strong>Spectemus</strong></span> <span class='ocrx_word' id='word_1_237' title='bbox 883 2896 1019 2981; x_wconf 88' lang='lat' dir='ltr'><strong>reliqua.</strong></span> <span class='ocrx_word' id='word_1_238' title='bbox 1052 2898 1113 2961; x_wconf 77' lang='lat' dir='ltr'><strong>iis</strong></span> <span class='ocrx_word' id='word_1_239' title='bbox 1134 2917 1205 2958; x_wconf 86' lang='lat' dir='ltr'><strong>moo</strong></span> <span class='ocrx_word' id='word_1_240' title='bbox 1228 2898 1267 2975; x_wconf 87' lang='lat' dir='ltr'><strong>Q.</strong></span> <span class='ocrx_word' id='word_1_241' title='bbox 1282 2899 1417 2962; x_wconf 88' lang='lat' dir='ltr'><strong>Roscius</strong></span> <span class='ocrx_word' id='word_1_242' title='bbox 1437 2897 1596 2963; x_wconf 84' lang='lat' dir='ltr'><strong>fraudavit</strong></span> <span class='ocrx_word' id='word_1_243' title='bbox 1609 2898 1775 2961; x_wconf 83' lang='lat' dir='ltr'><strong>Fannium.</strong></span> 
     </span>
     <span class='ocr_line' id='line_1_26' title="bbox 412 2992 1776 3075; baseline -0.002 -18"><span class='ocrx_word' id='word_1_244' title='bbox 412 2993 524 3070; x_wconf 73' lang='lat' dir='ltr'><strong>ssQua</strong></span> <span class='ocrx_word' id='word_1_245' title='bbox 546 2994 585 3056; x_wconf 93' lang='lat' dir='ltr'><strong>de</strong></span> <span class='ocrx_word' id='word_1_246' title='bbox 607 2993 724 3055; x_wconf 78' lang='lat' dir='ltr'><strong>causat</strong></span> <span class='ocrx_word' id='word_1_247' title='bbox 759 2992 910 3055; x_wconf 90' lang='lat' dir='ltr'><strong>Subridet</strong></span> <span class='ocrx_word' id='word_1_248' title='bbox 932 2992 1093 3067; x_wconf 88' lang='lat' dir='ltr'><strong>Saturius,</strong></span> <span class='ocrx_word' id='word_1_249' title='bbox 1115 3001 1289 3069; x_wconf 87' lang='lat' dir='ltr'><strong>veterator,</strong></span> <span class='ocrx_word' id='word_1_250' title='bbox 1312 3000 1349 3056; x_wconf 89' lang='lat' dir='ltr'><strong>ut</strong></span> <span class='ocrx_word' id='word_1_251' title='bbox 1368 2992 1428 3055; x_wconf 90' lang='lat' dir='ltr'><strong>sibi</strong></span> <span class='ocrx_word' id='word_1_252' title='bbox 1444 2993 1579 3056; x_wconf 89' lang='lat' dir='ltr'><strong>videtur.</strong></span> <span class='ocrx_word' id='word_1_253' title='bbox 1611 2992 1680 3068; x_wconf 77' lang='lat' dir='ltr'><strong>Ait,</strong></span> <span class='ocrx_word' id='word_1_254' title='bbox 1701 3011 1776 3075; x_wconf 87' lang='lat' dir='ltr'><strong>pro·</strong></span> 
     </span>
     <span class='ocr_line' id='line_1_27' title="bbox 449 3085 1776 3170; baseline -0.002 -21"><span class='ocrx_word' id='word_1_255' title='bbox 449 3095 521 3170; x_wconf 91' lang='lat' dir='ltr'><strong>pter</strong></span> <span class='ocrx_word' id='word_1_256' title='bbox 541 3087 612 3170; x_wconf 91' lang='lat' dir='ltr'><strong>ipsa</strong></span> <span class='ocrx_word' id='word_1_257' title='bbox 632 3086 692 3150; x_wconf 77' lang='lat' dir='ltr'><strong>HS</strong></span> <span class='ocrx_word' id='word_1_258' title='bbox 709 3103 789 3147; x_wconf 83' lang='lat' dir='ltr'><strong>raon.</strong></span> <span class='ocrx_word' id='word_1_259' title='bbox 822 3086 941 3161; x_wconf 88' lang='lat' dir='ltr'><strong>Video,</strong></span> <span class='ocrx_word' id='word_1_260' title='bbox 964 3087 1021 3148; x_wconf 89' lang='lat' dir='ltr'><strong>sed</strong></span> <span class='ocrx_word' id='word_1_261' title='bbox 1034 3093 1157 3162; x_wconf 90' lang='lat' dir='ltr'><strong>tamen,</strong></span> <span class='ocrx_word' id='word_1_262' title='bbox 1178 3106 1235 3148; x_wconf 90' lang='lat' dir='ltr'><strong>cur</strong></span> <span class='ocrx_word' id='word_1_263' title='bbox 1250 3086 1321 3168; x_wconf 89' lang='lat' dir='ltr'><strong>ipsa</strong></span> <span class='ocrx_word' id='word_1_264' title='bbox 1335 3086 1395 3150; x_wconf 77' lang='lat' dir='ltr'><strong>HS</strong></span> <span class='ocrx_word' id='word_1_265' title='bbox 1410 3104 1481 3146; x_wconf 82' lang='lat' dir='ltr'><strong>mco</strong></span> <span class='ocrx_word' id='word_1_266' title='bbox 1495 3095 1560 3149; x_wconf 84' lang='lat' dir='ltr'><strong>tam</strong></span> <span class='ocrx_word' id='word_1_267' title='bbox 1573 3085 1776 3150; x_wconf 86' lang='lat' dir='ltr'><strong>vehementer</strong></span> 
     </span>
     <span class='ocr_line' id='line_1_28' title="bbox 449 3178 1775 3264; baseline -0.002 -19"><span class='ocrx_word' id='word_1_268' title='bbox 449 3180 662 3264; x_wconf 87' lang='lat' dir='ltr'><strong>concupierit,</strong></span> <span class='ocrx_word' id='word_1_269' title='bbox 692 3198 822 3264; x_wconf 88' lang='lat' dir='ltr'><strong>quaero.</strong></span> <span class='ocrx_word' id='word_1_270' title='bbox 866 3182 945 3242; x_wconf 89' lang='lat' dir='ltr'><strong>Nam</strong></span> <span class='ocrx_word' id='word_1_271' title='bbox 966 3178 1024 3242; x_wconf 89' lang='lat' dir='ltr'><strong>tibi</strong></span> <span class='ocrx_word' id='word_1_272' title='bbox 1030 3225 1041 3256; x_wconf 91' lang='lat'><strong>,</strong></span> <span class='ocrx_word' id='word_1_273' title='bbox 1063 3182 1106 3244; x_wconf 87' lang='grc' dir='ltr'><strong>Μ.</strong></span> <span class='ocrx_word' id='word_1_274' title='bbox 1128 3182 1310 3263; x_wconf 87' lang='lat' dir='ltr'><strong>Perpenna,</strong></span> <span class='ocrx_word' id='word_1_275' title='bbox 1334 3180 1367 3244; x_wconf 88' lang='lat' dir='ltr'><strong>C.</strong></span> <span class='ocrx_word' id='word_1_276' title='bbox 1388 3181 1479 3256; x_wconf 88' lang='lat' dir='ltr'><strong>Piso,</strong></span> <span class='ocrx_word' id='word_1_277' title='bbox 1502 3188 1587 3245; x_wconf 89' lang='lat' dir='ltr'><strong>certe</strong></span> <span class='ocrx_word' id='word_1_278' title='bbox 1608 3180 1688 3244; x_wconf 85' lang='lat' dir='ltr'><strong>tanti</strong></span> <span class='ocrx_word' id='word_1_279' title='bbox 1709 3199 1775 3243; x_wconf 90' lang='lat' dir='ltr'><strong>non</strong></span> 
     </span>
     <span class='ocr_line' id='line_1_29' title="bbox 447 3272 1774 3358; baseline -0.003 -20"><span class='ocrx_word' id='word_1_280' title='bbox 447 3274 600 3350; x_wconf 87' lang='lat' dir='ltr'><strong>fuissent,</strong></span> <span class='ocrx_word' id='word_1_281' title='bbox 621 3280 657 3338; x_wconf 95' lang='lat' dir='ltr'><strong>ut</strong></span> <span class='ocrx_word' id='word_1_282' title='bbox 671 3274 794 3338; x_wconf 89' lang='lat' dir='ltr'><strong>socium</strong></span> <span class='ocrx_word' id='word_1_283' title='bbox 807 3272 1007 3337; x_wconf 86' lang='lat' dir='ltr'><strong>fraudaretis.</strong></span> <span class='ocrx_word' id='word_1_284' title='bbox 1040 3274 1156 3337; x_wconf 91' lang='lat' dir='ltr'><strong>Roscio</strong></span> <span class='ocrx_word' id='word_1_285' title='bbox 1172 3293 1229 3336; x_wconf 88' lang='lat' dir='ltr'><strong>cur</strong></span> <span class='ocrx_word' id='word_1_286' title='bbox 1243 3273 1324 3337; x_wconf 87' lang='lat' dir='ltr'><strong>tanti</strong></span> <span class='ocrx_word' id='word_1_287' title='bbox 1338 3273 1470 3348; x_wconf 92' lang='lat' dir='ltr'><strong>fuerint,</strong></span> <span class='ocrx_word' id='word_1_288' title='bbox 1492 3294 1620 3338; x_wconf 87' lang='lat' dir='ltr'><strong>oausam</strong></span> <span class='ocrx_word' id='word_1_289' title='bbox 1633 3272 1774 3358; x_wconf 80' lang='lat' dir='ltr'><strong>requiro.</strong></span> 
     </span>
     <span class='ocr_line' id='line_1_30' title="bbox 448 3367 1775 3453; baseline -0.002 -20"><span class='ocrx_word' id='word_1_290' title='bbox 448 3369 590 3453; x_wconf 73' lang='lat' dir='ltr'><strong>Egebat?</strong></span> <span class='ocrx_word' id='word_1_291' title='bbox 620 3370 719 3432; x_wconf 93' lang='lat' dir='ltr'><strong>lmmo</strong></span> <span class='ocrx_word' id='word_1_292' title='bbox 747 3368 890 3452; x_wconf 88' lang='lat' dir='ltr'><strong>locuples</strong></span> <span class='ocrx_word' id='word_1_293' title='bbox 920 3376 996 3431; x_wconf 81' lang='lat' dir='ltr'><strong>erat.</strong></span> <span class='ocrx_word' id='word_1_294' title='bbox 1040 3367 1206 3432; x_wconf 79' lang='lat' dir='ltr'><strong>Debebati</strong></span> <span class='ocrx_word' id='word_1_295' title='bbox 1239 3369 1339 3431; x_wconf 91' lang='lat' dir='ltr'><strong>lmmo</strong></span> <span class='ocrx_word' id='word_1_296' title='bbox 1367 3368 1400 3431; x_wconf 91' lang='lat' dir='ltr'><strong>in</strong></span> <span class='ocrx_word' id='word_1_297' title='bbox 1422 3368 1488 3433; x_wconf 89' lang='lat' dir='ltr'><strong>suis</strong></span> <span class='ocrx_word' id='word_1_298' title='bbox 1510 3368 1649 3433; x_wconf 89' lang='lat' dir='ltr'><strong>nummis</strong></span> <span class='ocrx_word' id='word_1_299' title='bbox 1669 3386 1775 3432; x_wconf 85' lang='lat' dir='ltr'><strong>versa·</strong></span> 
     </span>
     <span class='ocr_line' id='line_1_31' title="bbox 411 3460 1775 3545; baseline 0 -20"><span class='ocrx_word' id='word_1_300' title='bbox 411 3462 551 3534; x_wconf 74' lang='lat' dir='ltr'><strong>robatur.</strong></span> <span class='ocrx_word' id='word_1_301' title='bbox 588 3463 710 3526; x_wconf 80' lang='lat' dir='ltr'><strong>Avarus</strong></span> <span class='ocrx_word' id='word_1_302' title='bbox 732 3464 822 3525; x_wconf 73' lang='lat' dir='ltr'><strong>erati</strong></span> <span class='ocrx_word' id='word_1_303' title='bbox 855 3461 955 3525; x_wconf 92' lang='lat' dir='ltr'><strong>lmmo</strong></span> <span class='ocrx_word' id='word_1_304' title='bbox 978 3461 1073 3526; x_wconf 89' lang='lat' dir='ltr'><strong>etiam</strong></span> <span class='ocrx_word' id='word_1_305' title='bbox 1094 3468 1168 3525; x_wconf 87' lang='lat' dir='ltr'><strong>ante</strong></span> <span class='ocrx_word' id='word_1_306' title='bbox 1190 3481 1286 3545; x_wconf 60' lang='lat' dir='ltr'><strong>mam</strong></span> <span class='ocrx_word' id='word_1_307' title='bbox 1308 3460 1450 3544; x_wconf 86' lang='lat' dir='ltr'><strong>locuples</strong></span> <span class='ocrx_word' id='word_1_308' title='bbox 1472 3481 1599 3545; x_wconf 90' lang='lat' dir='ltr'><strong>semper</strong></span> <span class='ocrx_word' id='word_1_309' title='bbox 1619 3461 1775 3527; x_wconf 82' lang='lat' dir='ltr'><strong>liberalis·</strong></span> 
     </span>
     <span class='ocr_line' id='line_1_32' title="bbox 448 3553 1774 3641; baseline -0.003 -21"><span class='ocrx_word' id='word_1_310' title='bbox 448 3556 547 3620; x_wconf 89' lang='lat' dir='ltr'><strong>simus</strong></span> <span class='ocrx_word' id='word_1_311' title='bbox 575 3554 951 3640; x_wconf 89' lang='lat' dir='ltr'><strong>munificentissimusque</strong></span> <span class='ocrx_word' id='word_1_312' title='bbox 981 3556 1051 3620; x_wconf 82' lang='lat' dir='ltr'><strong>fuit.</strong></span> <span class='ocrx_word' id='word_1_313' title='bbox 1101 3554 1153 3619; x_wconf 74' lang='lat'><strong>23.</strong></span> <span class='ocrx_word' id='word_1_314' title='bbox 1181 3557 1242 3619; x_wconf 89' lang='lat' dir='ltr'><strong>Pro</strong></span> <span class='ocrx_word' id='word_1_315' title='bbox 1280 3556 1375 3620; x_wconf 91' lang='lat' dir='ltr'><strong>deum</strong></span> <span class='ocrx_word' id='word_1_316' title='bbox 1403 3556 1636 3641; x_wconf 88' lang='lat' dir='ltr'><strong>bominumque</strong></span> <span class='ocrx_word' id='word_1_317' title='bbox 1662 3553 1774 3620; x_wconf 85' lang='lat' dir='ltr'><strong>lideml</strong></span> 
     </span>
     <span class='ocr_line' id='line_1_33' title="bbox 449 3647 1774 3736; baseline 0.002 -24"><span class='ocrx_word' id='word_1_318' title='bbox 449 3650 505 3735; x_wconf 93' lang='lat' dir='ltr'><strong>qui</strong></span> <span class='ocrx_word' id='word_1_319' title='bbox 534 3650 595 3714; x_wconf 71' lang='lat' dir='ltr'><strong>iis</strong></span> <span class='ocrx_word' id='word_1_320' title='bbox 618 3669 745 3711; x_wconf 79' lang='lat' dir='ltr'><strong>ccmooo</strong></span> <span class='ocrx_word' id='word_1_321' title='bbox 772 3670 900 3712; x_wconf 75' lang='lat' dir='ltr'><strong>cecrope</strong></span> <span class='ocrx_word' id='word_1_322' title='bbox 923 3669 1050 3712; x_wconf 75' lang='lat' dir='ltr'><strong>cccrum</strong></span> <span class='ocrx_word' id='word_1_323' title='bbox 1073 3659 1225 3736; x_wconf 89' lang='lat' dir='ltr'><strong>quaestus</strong></span> <span class='ocrx_word' id='word_1_324' title='bbox 1251 3650 1356 3714; x_wconf 90' lang='lat' dir='ltr'><strong>facere</strong></span> <span class='ocrx_word' id='word_1_325' title='bbox 1378 3651 1481 3714; x_wconf 89' lang='lat' dir='ltr'><strong>noluit</strong></span> <span class='ocrx_word' id='word_1_326' title='bbox 1502 3647 1585 3731; x_wconf 77' lang='lat' dir='ltr'><strong>lnam</strong></span> <span class='ocrx_word' id='word_1_327' title='bbox 1607 3658 1692 3716; x_wconf 90' lang='lat' dir='ltr'><strong>certe</strong></span> <span class='ocrx_word' id='word_1_328' title='bbox 1714 3648 1774 3714; x_wconf 75' lang='lat' dir='ltr'><strong>He</strong></span> 
     </span>
     <span class='ocr_line' id='line_1_34' title="bbox 449 3745 1775 3831; baseline 0.002 -26"><span class='ocrx_word' id='word_1_329' title='bbox 449 3763 576 3806; x_wconf 82' lang='lat' dir='ltr'><strong>occiano</strong></span> <span class='ocrx_word' id='word_1_330' title='bbox 603 3763 730 3805; x_wconf 81' lang='lat' dir='ltr'><strong>cccrooo</strong></span> <span class='ocrx_word' id='word_1_331' title='bbox 753 3763 881 3806; x_wconf 81' lang='lat' dir='ltr'><strong>cccrooo</strong></span> <span class='ocrx_word' id='word_1_332' title='bbox 903 3766 1023 3809; x_wconf 90' lang='lat' dir='ltr'><strong>merere</strong></span> <span class='ocrx_word' id='word_1_333' title='bbox 1045 3753 1078 3809; x_wconf 92' lang='lat' dir='ltr'><strong>et</strong></span> <span class='ocrx_word' id='word_1_334' title='bbox 1103 3747 1209 3828; x_wconf 91' lang='lat' dir='ltr'><strong>potuit</strong></span> <span class='ocrx_word' id='word_1_335' title='bbox 1231 3752 1263 3808; x_wconf 88' lang='lat' dir='ltr'><strong>et</strong></span> <span class='ocrx_word' id='word_1_336' title='bbox 1284 3745 1411 3820; x_wconf 89' lang='lat' dir='ltr'><strong>debuit,</strong></span> <span class='ocrx_word' id='word_1_337' title='bbox 1440 3745 1468 3808; x_wconf 91' lang='lat' dir='ltr'><strong>si</strong></span> <span class='ocrx_word' id='word_1_338' title='bbox 1494 3755 1602 3829; x_wconf 88' lang='lat' dir='ltr'><strong>potest</strong></span> <span class='ocrx_word' id='word_1_339' title='bbox 1621 3745 1775 3831; x_wconf 75' lang='lat' dir='ltr'><strong>Dionysia</strong></span> 
     </span>
     <span class='ocr_line' id='line_1_35' title="bbox 449 3838 1775 3922; baseline -0.002 -18"><span class='ocrx_word' id='word_1_340' title='bbox 449 3839 509 3904; x_wconf 76' lang='lat' dir='ltr'><strong>iis</strong></span> <span class='ocrx_word' id='word_1_341' title='bbox 524 3855 653 3899; x_wconf 75' lang='lat' dir='ltr'><strong>cecrom</strong></span> <span class='ocrx_word' id='word_1_342' title='bbox 675 3857 803 3901; x_wconf 78' lang='lat' dir='ltr'><strong>ccciccc</strong></span> <span class='ocrx_word' id='word_1_343' title='bbox 825 3838 974 3922; x_wconf 87' lang='lat' dir='ltr'><strong>merere),</strong></span> <span class='ocrx_word' id='word_1_344' title='bbox 995 3840 1022 3902; x_wconf 87' lang='lat' dir='ltr'><strong>is</strong></span> <span class='ocrx_word' id='word_1_345' title='bbox 1046 3859 1104 3922; x_wconf 89' lang='lat' dir='ltr'><strong>per</strong></span> <span class='ocrx_word' id='word_1_346' title='bbox 1117 3858 1272 3903; x_wconf 86' lang='lat' dir='ltr'><strong>summam</strong></span> <span class='ocrx_word' id='word_1_347' title='bbox 1287 3838 1430 3904; x_wconf 89' lang='lat' dir='ltr'><strong>fraudem</strong></span> <span class='ocrx_word' id='word_1_348' title='bbox 1446 3847 1478 3903; x_wconf 89' lang='lat' dir='ltr'><strong>et</strong></span> <span class='ocrx_word' id='word_1_349' title='bbox 1490 3840 1642 3904; x_wconf 89' lang='lat' dir='ltr'><strong>malitiam</strong></span> <span class='ocrx_word' id='word_1_350' title='bbox 1657 3847 1690 3903; x_wconf 90' lang='lat' dir='ltr'><strong>et</strong></span> <span class='ocrx_word' id='word_1_351' title='bbox 1703 3858 1775 3922; x_wconf 90' lang='lat' dir='ltr'><strong>per·</strong></span> 
     </span>
     <span class='ocr_line' id='line_1_36' title="bbox 410 3931 1774 4018; baseline -0.001 -22"><span class='ocrx_word' id='word_1_352' title='bbox 410 3931 555 4004; x_wconf 80' lang='lat' dir='ltr'><strong>nsfidiam</strong></span> <span class='ocrx_word' id='word_1_353' title='bbox 577 3934 638 3998; x_wconf 72' lang='lat' dir='ltr'><strong>iis</strong></span> <span class='ocrx_word' id='word_1_354' title='bbox 661 3952 730 3995; x_wconf 82' lang='lat' dir='ltr'><strong>roeo</strong></span> <span class='ocrx_word' id='word_1_355' title='bbox 753 3934 907 4018; x_wconf 76' lang='lat' dir='ltr'><strong>appetiit?</strong></span> <span class='ocrx_word' id='word_1_356' title='bbox 945 3935 986 3996; x_wconf 87' lang='lat' dir='ltr'><strong>Et</strong></span> <span class='ocrx_word' id='word_1_357' title='bbox 1013 3933 1070 3997; x_wconf 93' lang='lat' dir='ltr'><strong>illa</strong></span> <span class='ocrx_word' id='word_1_358' title='bbox 1089 3933 1152 3997; x_wconf 88' lang='lat' dir='ltr'><strong>fuit</strong></span> <span class='ocrx_word' id='word_1_359' title='bbox 1172 3933 1309 4016; x_wconf 87' lang='lat' dir='ltr'><strong>pecunia</strong></span> <span class='ocrx_word' id='word_1_360' title='bbox 1329 3934 1493 4009; x_wconf 89' lang='lat' dir='ltr'><strong>immanis,</strong></span> <span class='ocrx_word' id='word_1_361' title='bbox 1523 3935 1603 3998; x_wconf 89' lang='lat' dir='ltr'><strong>baec</strong></span> <span class='ocrx_word' id='word_1_362' title='bbox 1625 3933 1774 4016; x_wconf 79' lang='lat' dir='ltr'><strong>parvula3</strong></span> 
     </span>
     <span class='ocr_line' id='line_1_37' title="bbox 449 4026 1774 4112; baseline -0.001 -21"><span class='ocrx_word' id='word_1_363' title='bbox 449 4028 505 4094; x_wconf 91' lang='lat' dir='ltr'><strong>illa</strong></span> <span class='ocrx_word' id='word_1_364' title='bbox 524 4028 676 4104; x_wconf 88' lang='lat' dir='ltr'><strong>honesta,</strong></span> <span class='ocrx_word' id='word_1_365' title='bbox 697 4028 776 4093; x_wconf 90' lang='lat' dir='ltr'><strong>baec</strong></span> <span class='ocrx_word' id='word_1_366' title='bbox 799 4027 945 4104; x_wconf 89' lang='lat' dir='ltr'><strong>sordida;</strong></span> <span class='ocrx_word' id='word_1_367' title='bbox 967 4026 1023 4091; x_wconf 93' lang='lat' dir='ltr'><strong>illa</strong></span> <span class='ocrx_word' id='word_1_368' title='bbox 1040 4026 1193 4103; x_wconf 87' lang='lat' dir='ltr'><strong>iucunda,</strong></span> <span class='ocrx_word' id='word_1_369' title='bbox 1215 4026 1295 4091; x_wconf 88' lang='lat' dir='ltr'><strong>baec</strong></span> <span class='ocrx_word' id='word_1_370' title='bbox 1309 4029 1437 4105; x_wconf 82' lang='lat' dir='ltr'><strong>acerba3</strong></span> <span class='ocrx_word' id='word_1_371' title='bbox 1459 4029 1515 4094; x_wconf 94' lang='lat' dir='ltr'><strong>illa</strong></span> <span class='ocrx_word' id='word_1_372' title='bbox 1528 4028 1675 4112; x_wconf 86' lang='lat' dir='ltr'><strong>propria,</strong></span> <span class='ocrx_word' id='word_1_373' title='bbox 1695 4027 1774 4093; x_wconf 81' lang='lat' dir='ltr'><strong>baec</strong></span> 
     </span>
    </p>
   </div>
   <div class='ocr_carea' id='block_1_3' title="bbox 439 4295 1775 5338">
    <p class='ocr_par' dir='ltr' id='par_1_3' title="bbox 439 4295 1775 5338">
     <span class='ocr_line' id='line_1_38' title="bbox 514 4295 1775 4361; baseline -0.001 -12"><span class='ocrx_word' id='word_1_374' title='bbox 514 4299 539 4349; x_wconf 75' lang='lat' dir='ltr'><strong>i.</strong></span> <span class='ocrx_word' id='word_1_375' title='bbox 557 4297 601 4361; x_wconf 83' lang='lat' dir='ltr'><strong>qui</strong></span> <span class='ocrx_word' id='word_1_376' title='bbox 616 4303 750 4360; x_wconf 68' lang='lat' dir='ltr'><strong>sinumque</strong></span> <span class='ocrx_word' id='word_1_377' title='bbox 765 4297 842 4347; x_wconf 76' lang='lat' dir='ltr'><strong>nostis</strong></span> <span class='ocrx_word' id='word_1_378' title='bbox 857 4309 919 4347; x_wconf 90' lang='lat' dir='ltr'><strong>cum</strong></span> <span class='ocrx_word' id='word_1_379' title='bbox 932 4298 1078 4348; x_wconf 88' lang='lat' dir='ltr'><strong>Rotomano</strong></span> <span class='ocrx_word' id='word_1_380' title='bbox 1090 4298 1118 4346; x_wconf 89' lang='lat' dir='ltr'><strong>L.</strong></span> <span class='ocrx_word' id='word_1_381' title='bbox 1134 4323 1162 4333; x_wconf 87' lang='lat'><em>-</em></span> <span class='ocrx_word' id='word_1_382' title='bbox 1180 4295 1205 4347; x_wconf 80' lang='lat'><strong>3.</strong></span> <span class='ocrx_word' id='word_1_383' title='bbox 1223 4297 1336 4360; x_wconf 67' lang='lat' dir='ltr'><strong>contem</strong></span> <span class='ocrx_word' id='word_1_384' title='bbox 1352 4299 1413 4349; x_wconf 82' lang='lat' dir='ltr'><strong>ali.</strong></span> <span class='ocrx_word' id='word_1_385' title='bbox 1428 4324 1454 4335; x_wconf 93' lang='lat'><strong>-·</strong></span> <span class='ocrx_word' id='word_1_386' title='bbox 1474 4299 1498 4349; x_wconf 79' lang='lat' dir='ltr'><strong>t.</strong></span> <span class='ocrx_word' id='word_1_387' title='bbox 1511 4313 1562 4349; x_wconf 78' lang='lat' dir='ltr'><strong>noa</strong></span> <span class='ocrx_word' id='word_1_388' title='bbox 1573 4299 1675 4350; x_wconf 77' lang='lat' dir='ltr'><strong>GRA:</strong></span> <span class='ocrx_word' id='word_1_389' title='bbox 1693 4309 1775 4348; x_wconf 79' lang='lat' dir='ltr'><strong>aoaee</strong></span> 
     </span>
     <span class='ocr_line' id='line_1_39' title="bbox 448 4369 1775 4436; baseline 0.001 -14"><span class='ocrx_word' id='word_1_390' title='bbox 448 4384 511 4422; x_wconf 90' lang='lat' dir='ltr'><strong>cum</strong></span> <span class='ocrx_word' id='word_1_391' title='bbox 522 4372 623 4422; x_wconf 85' lang='lat' dir='ltr'><strong>Iuntina</strong></span> <span class='ocrx_word' id='word_1_392' title='bbox 635 4369 712 4425; x_wconf 79' lang='lat' dir='ltr'><strong>cto.</strong></span> <span class='ocrx_word' id='word_1_393' title='bbox 732 4370 770 4422; x_wconf 88' lang='lat' dir='ltr'><strong>Cf.</strong></span> <span class='ocrx_word' id='word_1_394' title='bbox 789 4372 939 4436; x_wconf 88' lang='lat' dir='ltr'><strong>Zumptium</strong></span> <span class='ocrx_word' id='word_1_395' title='bbox 956 4370 991 4421; x_wconf 91' lang='lat' dir='ltr'><strong>ad</strong></span> <span class='ocrx_word' id='word_1_396' title='bbox 1001 4371 1105 4421; x_wconf 83' lang='lat' dir='ltr'><strong>verrin.</strong></span> <span class='ocrx_word' id='word_1_397' title='bbox 1122 4384 1149 4436; x_wconf 93' lang='lat' dir='ltr'><strong>p.</strong></span> <span class='ocrx_word' id='word_1_398' title='bbox 1163 4370 1220 4422; x_wconf 83' lang='lat'><strong>783.</strong></span> <span class='ocrx_word' id='word_1_399' title='bbox 1234 4375 1301 4422; x_wconf 83' lang='lat' dir='ltr'><strong>extr.</strong></span> <span class='ocrx_word' id='word_1_400' title='bbox 1316 4399 1343 4409; x_wconf 94' lang='lat'>-</span> <span class='ocrx_word' id='word_1_401' title='bbox 1361 4373 1385 4422; x_wconf 87' lang='lat'><strong>7.</strong></span> <span class='ocrx_word' id='word_1_402' title='bbox 1403 4374 1530 4423; x_wconf 75' lang='lat' dir='ltr'><strong>sideretw</strong></span> <span class='ocrx_word' id='word_1_403' title='bbox 1540 4374 1604 4426; x_wconf 77' lang='lat' dir='ltr'><strong>iii.</strong></span> <span class='ocrx_word' id='word_1_404' title='bbox 1617 4396 1645 4409; x_wconf 95' lang='lat'><em>-</em></span> <span class='ocrx_word' id='word_1_405' title='bbox 1659 4373 1683 4424; x_wconf 85' lang='grc'><strong>8.</strong></span> <span class='ocrx_word' id='word_1_406' title='bbox 1701 4385 1775 4423; x_wconf 75' lang='lat' dir='ltr'><strong>rasos</strong></span> 
     </span>
     <span class='ocr_line' id='line_1_40' title="bbox 446 4446 1775 4512; baseline 0.002 -16"><span class='ocrx_word' id='word_1_407' title='bbox 446 4446 528 4511; x_wconf 80' lang='lat' dir='ltr'><strong>(qnod</strong></span> <span class='ocrx_word' id='word_1_408' title='bbox 546 4447 658 4497; x_wconf 88' lang='lat' dir='ltr'><strong>coniecit</strong></span> <span class='ocrx_word' id='word_1_409' title='bbox 675 4447 818 4509; x_wconf 83' lang='lat' dir='ltr'><strong>Ernestius)</strong></span> <span class='ocrx_word' id='word_1_410' title='bbox 830 4461 858 4497; x_wconf 85' lang='grc' dir='ltr'><strong>α.</strong></span> <span class='ocrx_word' id='word_1_411' title='bbox 873 4474 901 4483; x_wconf 98' lang='grc'>-</span> <span class='ocrx_word' id='word_1_412' title='bbox 920 4446 960 4496; x_wconf 75' lang='lat' dir='ltr'><strong>ti.</strong></span> <span class='ocrx_word' id='word_1_413' title='bbox 979 4447 1103 4496; x_wconf 79' lang='lat' dir='ltr'><strong>lucutenta</strong></span> <span class='ocrx_word' id='word_1_414' title='bbox 1114 4449 1143 4496; x_wconf 79' lang='grc' dir='ltr'><strong>Α.</strong></span> <span class='ocrx_word' id='word_1_415' title='bbox 1159 4472 1186 4481; x_wconf 94' lang='grc'>-</span> <span class='ocrx_word' id='word_1_416' title='bbox 1204 4447 1284 4512; x_wconf 75' lang='lat' dir='ltr'><strong>boiae]</strong></span> <span class='ocrx_word' id='word_1_417' title='bbox 1302 4447 1374 4497; x_wconf 72' lang='lat' dir='ltr'><strong>istim</strong></span> <span class='ocrx_word' id='word_1_418' title='bbox 1384 4447 1510 4499; x_wconf 87' lang='lat' dir='ltr'><strong>Halmius.</strong></span> <span class='ocrx_word' id='word_1_419' title='bbox 1526 4476 1554 4486; x_wconf 89' lang='lat'>—</span> <span class='ocrx_word' id='word_1_420' title='bbox 1573 4447 1613 4500; x_wconf 81' lang='lat' dir='ltr'><strong>ii.</strong></span> <span class='ocrx_word' id='word_1_421' title='bbox 1631 4448 1693 4498; x_wconf 79' lang='lat' dir='ltr'><strong>rviibi</strong></span> <span class='ocrx_word' id='word_1_422' title='bbox 1707 4449 1775 4499; x_wconf 84' lang='lat' dir='ltr'><strong>oide-</strong></span> 
     </span>
     <span class='ocr_line' id='line_1_41' title="bbox 439 4521 1774 4584; baseline 0.001 -12"><span class='ocrx_word' id='word_1_423' title='bbox 439 4526 490 4572; x_wconf 74' lang='lat' dir='ltr'><strong>‘fiir</strong></span> <span class='ocrx_word' id='word_1_424' title='bbox 499 4537 520 4571; x_wconf 85' lang='grc' dir='ltr'>α</span> <span class='ocrx_word' id='word_1_425' title='bbox 529 4523 625 4582; x_wconf 76' lang='lat' dir='ltr'><strong>elin,</strong></span> <span class='ocrx_word' id='word_1_426' title='bbox 643 4536 693 4572; x_wconf 78' lang='lat' dir='ltr'><strong>aon</strong></span> <span class='ocrx_word' id='word_1_427' title='bbox 703 4523 800 4572; x_wconf 73' lang='lat' dir='ltr'><strong>cidetw</strong></span> <span class='ocrx_word' id='word_1_428' title='bbox 811 4523 842 4581; x_wconf 80' lang='lat' dir='ltr'><strong>F,</strong></span> <span class='ocrx_word' id='word_1_429' title='bbox 860 4536 911 4572; x_wconf 80' lang='lat' dir='ltr'><strong>coa</strong></span> <span class='ocrx_word' id='word_1_430' title='bbox 920 4522 981 4570; x_wconf 83' lang='lat' dir='ltr'><strong>miii</strong></span> <span class='ocrx_word' id='word_1_431' title='bbox 990 4522 1088 4571; x_wconf 64' lang='lat' dir='ltr'><strong>vidctis</strong></span> <span class='ocrx_word' id='word_1_432' title='bbox 1099 4521 1215 4582; x_wconf 88' lang='lat' dir='ltr'><strong>luniina,</strong></span> <span class='ocrx_word' id='word_1_433' title='bbox 1233 4523 1295 4571; x_wconf 78' lang='lat' dir='ltr'><strong>iiiiii</strong></span> <span class='ocrx_word' id='word_1_434' title='bbox 1309 4535 1402 4572; x_wconf 78' lang='lat' dir='ltr'><strong>course</strong></span> <span class='ocrx_word' id='word_1_435' title='bbox 1411 4524 1509 4573; x_wconf 83' lang='lat' dir='ltr'><strong>uidetur</strong></span> <span class='ocrx_word' id='word_1_436' title='bbox 1520 4521 1697 4584; x_wconf 84' lang='lat' dir='ltr'><strong>Guilielmios,</strong></span> <span class='ocrx_word' id='word_1_437' title='bbox 1714 4522 1774 4573; x_wconf 82' lang='lat' dir='ltr'><strong>miii</strong></span> 
     </span>
     <span class='ocr_line' id='line_1_42' title="bbox 445 4595 1772 4662; baseline 0.002 -16"><span class='ocrx_word' id='word_1_438' title='bbox 445 4597 508 4646; x_wconf 82' lang='lat' dir='ltr'><strong>nibil</strong></span> <span class='ocrx_word' id='word_1_439' title='bbox 522 4596 620 4646; x_wconf 70' lang='lat' dir='ltr'><strong>oidetm</strong></span> <span class='ocrx_word' id='word_1_440' title='bbox 635 4596 748 4648; x_wconf 85' lang='lat' dir='ltr'><strong>Klotzius</strong></span> <span class='ocrx_word' id='word_1_441' title='bbox 760 4595 803 4647; x_wconf 93' lang='lat' dir='ltr'><strong>ed.</strong></span> <span class='ocrx_word' id='word_1_442' title='bbox 817 4595 860 4647; x_wconf 87' lang='lat' dir='ltr'><strong>alt.</strong></span> <span class='ocrx_word' id='word_1_443' title='bbox 880 4596 918 4647; x_wconf 88' lang='lat' dir='ltr'><strong>ci.</strong></span> <span class='ocrx_word' id='word_1_444' title='bbox 938 4598 1099 4660; x_wconf 88' lang='lat' dir='ltr'><strong>Interpretes</strong></span> <span class='ocrx_word' id='word_1_445' title='bbox 1116 4595 1151 4645; x_wconf 88' lang='lat' dir='ltr'><strong>ad</strong></span> <span class='ocrx_word' id='word_1_446' title='bbox 1168 4597 1222 4646; x_wconf 80' lang='lat' dir='ltr'><strong>biv.</strong></span> <span class='ocrx_word' id='word_1_447' title='bbox 1240 4598 1281 4656; x_wconf 74' lang='lat' dir='ltr'><strong>ie,</strong></span> <span class='ocrx_word' id='word_1_448' title='bbox 1299 4598 1323 4649; x_wconf 86' lang='lat'><strong>7.</strong></span> <span class='ocrx_word' id='word_1_449' title='bbox 1342 4598 1414 4662; x_wconf 78' lang='lat' dir='ltr'><strong>(iiiiii</strong></span> <span class='ocrx_word' id='word_1_450' title='bbox 1429 4599 1527 4650; x_wconf 62' lang='lat' dir='ltr'><strong>vidam</strong></span> <span class='ocrx_word' id='word_1_451' title='bbox 1543 4600 1596 4649; x_wconf 87' lang='lat' dir='ltr'><strong>iam</strong></span> <span class='ocrx_word' id='word_1_452' title='bbox 1612 4597 1724 4661; x_wconf 79' lang='lat' dir='ltr'><strong>Aldina.)</strong></span> <span class='ocrx_word' id='word_1_453' title='bbox 1743 4622 1772 4635; x_wconf 91' lang='lat'><em>-</em></span> 
     </span>
     <span class='ocr_line' id='line_1_43' title="bbox 446 4669 1774 4734; baseline 0.002 -12"><span class='ocrx_word' id='word_1_454' title='bbox 446 4671 511 4722; x_wconf 74' lang='lat' dir='ltr'><strong>bwic</strong></span> <span class='ocrx_word' id='word_1_455' title='bbox 526 4672 631 4722; x_wconf 79' lang='lat' dir='ltr'><strong>imiteris</strong></span> <span class='ocrx_word' id='word_1_456' title='bbox 646 4672 672 4720; x_wconf 81' lang='lat' dir='ltr'><strong>in</strong></span> <span class='ocrx_word' id='word_1_457' title='bbox 688 4672 718 4721; x_wconf 84' lang='grc' dir='ltr'><strong>Α.</strong></span> <span class='ocrx_word' id='word_1_458' title='bbox 739 4695 766 4708; x_wconf 92' lang='grc'><strong>-</strong></span> <span class='ocrx_word' id='word_1_459' title='bbox 790 4672 829 4722; x_wconf 80' lang='lat' dir='ltr'><strong>is.</strong></span> <span class='ocrx_word' id='word_1_460' title='bbox 847 4672 956 4722; x_wconf 75' lang='lat' dir='ltr'><strong>ovidwn.</strong></span> <span class='ocrx_word' id='word_1_461' title='bbox 982 4669 1126 4721; x_wconf 81' lang='lat' dir='ltr'><strong>Incredibile</strong></span> <span class='ocrx_word' id='word_1_462' title='bbox 1142 4676 1185 4721; x_wconf 77' lang='lat' dir='ltr'><strong>est.</strong></span> <span class='ocrx_word' id='word_1_463' title='bbox 1212 4673 1418 4734; x_wconf 69' lang='grc' dir='ltr'><strong>ᾳυοηιαὰηοααω</strong></span> <span class='ocrx_word' id='word_1_464' title='bbox 1434 4672 1469 4727; x_wconf 78' lang='lat' dir='ltr'><strong>i:</strong></span> <span class='ocrx_word' id='word_1_465' title='bbox 1488 4673 1609 4724; x_wconf 60' lang='lat' dir='ltr'><strong>scidam</strong></span> <span class='ocrx_word' id='word_1_466' title='bbox 1633 4673 1774 4724; x_wconf 71' lang='lat' dir='ltr'><strong>incredibile</strong></span> 
     </span>
     <span class='ocr_line' id='line_1_44' title="bbox 446 4746 1774 4810; baseline 0.002 -12"><span class='ocrx_word' id='word_1_467' title='bbox 446 4751 489 4798; x_wconf 76' lang='lat' dir='ltr'><strong>ost.</strong></span> <span class='ocrx_word' id='word_1_468' title='bbox 508 4747 714 4810; x_wconf 69' lang='grc' dir='ltr'><strong>ᾳνοωοὰηοάαω</strong></span> <span class='ocrx_word' id='word_1_469' title='bbox 730 4747 763 4808; x_wconf 89' lang='lat'><strong>1.‚</strong></span> <span class='ocrx_word' id='word_1_470' title='bbox 781 4747 891 4796; x_wconf 72' lang='lat' dir='ltr'><strong>acidum</strong></span> <span class='ocrx_word' id='word_1_471' title='bbox 909 4746 1052 4797; x_wconf 76' lang='lat' dir='ltr'><strong>Incredibile</strong></span> <span class='ocrx_word' id='word_1_472' title='bbox 1067 4747 1449 4808; x_wconf 76' lang='lat' dir='ltr'><strong>cet,‹1uemodmodrenR0.-</strong></span> <span class='ocrx_word' id='word_1_473' title='bbox 1468 4749 1508 4798; x_wconf 81' lang='grc'><strong>49.</strong></span> <span class='ocrx_word' id='word_1_474' title='bbox 1526 4754 1613 4800; x_wconf 71' lang='lat' dir='ltr'><strong>umen</strong></span> <span class='ocrx_word' id='word_1_475' title='bbox 1628 4762 1662 4800; x_wconf 75' lang='lat' dir='ltr'><strong>ea</strong></span> <span class='ocrx_word' id='word_1_476' title='bbox 1676 4749 1774 4799; x_wconf 60' lang='lat' dir='ltr'><strong>umus-</strong></span> 
     </span>
     <span class='ocr_line' id='line_1_45' title="bbox 447 4821 1775 4886; baseline 0.001 -15"><span class='ocrx_word' id='word_1_477' title='bbox 447 4834 494 4884; x_wconf 82' lang='lat' dir='ltr'><strong>que</strong></span> <span class='ocrx_word' id='word_1_478' title='bbox 509 4822 547 4882; x_wconf 83' lang='grc' dir='ltr'><strong>Λ,</strong></span> <span class='ocrx_word' id='word_1_479' title='bbox 563 4826 650 4870; x_wconf 68' lang='lat' dir='ltr'><strong>misen</strong></span> <span class='ocrx_word' id='word_1_480' title='bbox 665 4825 688 4872; x_wconf 88' lang='lat' dir='ltr'><strong>et</strong></span> <span class='ocrx_word' id='word_1_481' title='bbox 702 4821 874 4883; x_wconf 72' lang='lat' dir='ltr'><strong>utrimqoelt.</strong></span> <span class='ocrx_word' id='word_1_482' title='bbox 890 4849 917 4858; x_wconf 93' lang='lat'>—</span> <span class='ocrx_word' id='word_1_483' title='bbox 935 4821 1053 4886; x_wconf 71' lang='lat' dir='ltr'><strong>iteam]</strong></span> <span class='ocrx_word' id='word_1_484' title='bbox 1071 4827 1163 4871; x_wconf 66' lang='lat' dir='ltr'><strong>iuna.</strong></span> <span class='ocrx_word' id='word_1_485' title='bbox 1178 4847 1207 4859; x_wconf 93' lang='lat'><em>—</em></span> <span class='ocrx_word' id='word_1_486' title='bbox 1224 4822 1373 4886; x_wconf 66' lang='lat' dir='ltr'><strong>aequiora</strong></span> <span class='ocrx_word' id='word_1_487' title='bbox 1389 4826 1479 4886; x_wconf 80' lang='lat' dir='ltr'><strong>eimg.</strong></span> <span class='ocrx_word' id='word_1_488' title='bbox 1493 4821 1519 4876; x_wconf 74' lang='lat' dir='ltr'><strong>i.</strong></span> <span class='ocrx_word' id='word_1_489' title='bbox 1536 4850 1564 4863; x_wconf 89' lang='lat'><strong>·-</strong></span> <span class='ocrx_word' id='word_1_490' title='bbox 1582 4823 1624 4874; x_wconf 75' lang='lat'><strong>2³.</strong></span> <span class='ocrx_word' id='word_1_491' title='bbox 1639 4837 1687 4886; x_wconf 85' lang='lat' dir='ltr'><strong>per</strong></span> <span class='ocrx_word' id='word_1_492' title='bbox 1703 4822 1775 4872; x_wconf 79' lang='lat' dir='ltr'><strong>boni·</strong></span> 
     </span>
     <span class='ocr_line' id='line_1_46' title="bbox 446 4894 1774 4960; baseline 0 -14"><span class='ocrx_word' id='word_1_493' title='bbox 446 4900 523 4946; x_wconf 82' lang='lat' dir='ltr'><strong>tatem</strong></span> <span class='ocrx_word' id='word_1_494' title='bbox 539 4896 683 4946; x_wconf 78' lang='lat' dir='ltr'><strong>Manutius:</strong></span> <span class='ocrx_word' id='word_1_495' title='bbox 697 4908 745 4958; x_wconf 84' lang='lat' dir='ltr'><strong>per</strong></span> <span class='ocrx_word' id='word_1_496' title='bbox 759 4907 785 4946; x_wconf 80' lang='lat' dir='ltr'><strong>ae</strong></span> <span class='ocrx_word' id='word_1_497' title='bbox 801 4895 908 4946; x_wconf 80' lang='lat' dir='ltr'><strong>bonitate</strong></span> <span class='ocrx_word' id='word_1_498' title='bbox 924 4908 986 4947; x_wconf 89' lang='lat' dir='ltr'><strong>cum</strong></span> <span class='ocrx_word' id='word_1_499' title='bbox 1003 4895 1141 4948; x_wconf 86' lang='lat' dir='ltr'><strong>codicibus</strong></span> <span class='ocrx_word' id='word_1_500' title='bbox 1151 4894 1237 4958; x_wconf 70' lang='lat' dir='ltr'><strong>Aio,</strong></span> <span class='ocrx_word' id='word_1_501' title='bbox 1251 4909 1301 4960; x_wconf 84' lang='lat' dir='ltr'><strong>per</strong></span> <span class='ocrx_word' id='word_1_502' title='bbox 1315 4910 1388 4948; x_wconf 77' lang='lat' dir='ltr'><strong>mom</strong></span> <span class='ocrx_word' id='word_1_503' title='bbox 1404 4897 1536 4948; x_wconf 76' lang='lat' dir='ltr'><strong>bonitatem</strong></span> <span class='ocrx_word' id='word_1_504' title='bbox 1552 4910 1614 4948; x_wconf 89' lang='lat' dir='ltr'><strong>cum</strong></span> <span class='ocrx_word' id='word_1_505' title='bbox 1626 4897 1774 4948; x_wconf 84' lang='lat' dir='ltr'><strong>Rotomeno</strong></span> 
     </span>
     <span class='ocr_line' id='line_1_47' title="bbox 447 4969 1775 5034; baseline -0.001 -13"><span class='ocrx_word' id='word_1_506' title='bbox 447 4970 477 5021; x_wconf 85' lang='grc' dir='ltr'><strong>Ι..</strong></span> <span class='ocrx_word' id='word_1_507' title='bbox 492 4996 520 5008; x_wconf 91' lang='grc'><strong>-</strong></span> <span class='ocrx_word' id='word_1_508' title='bbox 537 4969 579 5022; x_wconf 76' lang='lat' dir='ltr'><strong>ii.</strong></span> <span class='ocrx_word' id='word_1_509' title='bbox 598 4971 627 5032; x_wconf 80' lang='lat' dir='ltr'><strong>(i.</strong></span> <span class='ocrx_word' id='word_1_510' title='bbox 639 4971 875 5033; x_wconf 68' lang='lat' dir='ltr'><strong>Rosciis-nimo</strong></span> <span class='ocrx_word' id='word_1_511' title='bbox 883 4970 990 5021; x_wconf 76' lang='lat' dir='ltr'><strong>tisim</strong></span> <span class='ocrx_word' id='word_1_512' title='bbox 1007 4983 1061 5021; x_wconf 88' lang='lat' dir='ltr'><strong>om.</strong></span> <span class='ocrx_word' id='word_1_513' title='bbox 1074 4972 1135 5022; x_wconf 76' lang='lat' dir='ltr'><strong>iii.</strong></span> <span class='ocrx_word' id='word_1_514' title='bbox 1150 4994 1180 5009; x_wconf 91' lang='lat'><em>-</em></span> <span class='ocrx_word' id='word_1_515' title='bbox 1196 4971 1239 5023; x_wconf 80' lang='lat' dir='ltr'><strong>it.</strong></span> <span class='ocrx_word' id='word_1_516' title='bbox 1252 4971 1368 5022; x_wconf 62' lang='lat' dir='ltr'><strong>&amp;indat</strong></span> <span class='ocrx_word' id='word_1_517' title='bbox 1383 4971 1508 5021; x_wconf 63' lang='lat' dir='ltr'><strong>Saturiw</strong></span> <span class='ocrx_word' id='word_1_518' title='bbox 1531 4973 1666 5034; x_wconf 75' lang='lat' dir='ltr'><strong>Veterator,</strong></span> <span class='ocrx_word' id='word_1_519' title='bbox 1684 4975 1714 5021; x_wconf 82' lang='lat' dir='ltr'><strong>ut</strong></span> <span class='ocrx_word' id='word_1_520' title='bbox 1728 4969 1775 5020; x_wconf 77' lang='lat' dir='ltr'><strong>cibi</strong></span> 
     </span>
     <span class='ocr_line' id='line_1_48' title="bbox 446 5044 1772 5110; baseline -0.001 -14"><span class='ocrx_word' id='word_1_521' title='bbox 446 5045 557 5105; x_wconf 59' lang='lat' dir='ltr'><strong>diesim</strong></span> <span class='ocrx_word' id='word_1_522' title='bbox 583 5045 620 5094; x_wconf 88' lang='lat' dir='ltr'><strong>oit</strong></span> <span class='ocrx_word' id='word_1_523' title='bbox 636 5045 664 5095; x_wconf 81' lang='lat' dir='ltr'><strong>F.</strong></span> <span class='ocrx_word' id='word_1_524' title='bbox 683 5071 711 5082; x_wconf 90' lang='lat'><em>-</em></span> <span class='ocrx_word' id='word_1_525' title='bbox 729 5045 771 5096; x_wconf 73' lang='lat'><strong>76.</strong></span> <span class='ocrx_word' id='word_1_526' title='bbox 789 5050 841 5096; x_wconf 72' lang='lat' dir='ltr'><strong>mm</strong></span> <span class='ocrx_word' id='word_1_527' title='bbox 860 5058 913 5097; x_wconf 90' lang='lat' dir='ltr'><strong>om.</strong></span> <span class='ocrx_word' id='word_1_528' title='bbox 931 5049 962 5097; x_wconf 83' lang='grc' dir='ltr'><strong>Α.</strong></span> <span class='ocrx_word' id='word_1_529' title='bbox 982 5072 1010 5083; x_wconf 90' lang='lat'><em>-</em></span> <span class='ocrx_word' id='word_1_530' title='bbox 1027 5045 1069 5097; x_wconf 73' lang='lat'><strong>27.</strong></span> <span class='ocrx_word' id='word_1_531' title='bbox 1088 5045 1116 5098; x_wconf 84' lang='grc'><strong>0.</strong></span> <span class='ocrx_word' id='word_1_532' title='bbox 1132 5047 1188 5097; x_wconf 80' lang='lat' dir='ltr'><strong>Piso</strong></span> <span class='ocrx_word' id='word_1_533' title='bbox 1202 5046 1239 5099; x_wconf 71' lang='grc' dir='ltr'><strong>Ι.</strong></span> <span class='ocrx_word' id='word_1_534' title='bbox 1256 5046 1383 5110; x_wconf 67' lang='lat' dir='ltr'><strong>meaa</strong></span> <span class='ocrx_word' id='word_1_535' title='bbox 1399 5059 1451 5110; x_wconf 77' lang='lat' dir='ltr'><strong>mg.</strong></span> <span class='ocrx_word' id='word_1_536' title='bbox 1470 5045 1496 5100; x_wconf 74' lang='lat' dir='ltr'><strong>R.</strong></span> <span class='ocrx_word' id='word_1_537' title='bbox 1515 5047 1554 5097; x_wconf 87' lang='lat' dir='ltr'><strong>Do</strong></span> <span class='ocrx_word' id='word_1_538' title='bbox 1570 5046 1703 5110; x_wconf 88' lang='lat' dir='ltr'><strong>scriptura</strong></span> <span class='ocrx_word' id='word_1_539' title='bbox 1718 5044 1772 5096; x_wconf 89' lang='lat' dir='ltr'><strong>vid.</strong></span> 
     </span>
     <span class='ocr_line' id='line_1_49' title="bbox 448 5117 1771 5186; baseline -0.002 -14"><span class='ocrx_word' id='word_1_540' title='bbox 448 5119 484 5172; x_wconf 84' lang='lat' dir='ltr'><strong>ad</strong></span> <span class='ocrx_word' id='word_1_541' title='bbox 500 5119 580 5186; x_wconf 78' lang='lat' dir='ltr'><strong>p..7t.</strong></span> <span class='ocrx_word' id='word_1_542' title='bbox 592 5133 619 5171; x_wconf 85' lang='lat' dir='ltr'><strong>v.</strong></span> <span class='ocrx_word' id='word_1_543' title='bbox 632 5120 710 5171; x_wconf 72' lang='lat' dir='ltr'><strong>tR-</strong></span> <span class='ocrx_word' id='word_1_544' title='bbox 727 5120 768 5172; x_wconf 77' lang='lat'><strong>28.</strong></span> <span class='ocrx_word' id='word_1_545' title='bbox 785 5121 1004 5186; x_wconf 53' lang='lat' dir='ltr'><strong>fiibxſtrfuerit</strong></span> <span class='ocrx_word' id='word_1_546' title='bbox 1019 5119 1134 5182; x_wconf 64' lang='lat' dir='ltr'><strong>aiibi,</strong></span> <span class='ocrx_word' id='word_1_547' title='bbox 1151 5121 1331 5185; x_wconf 54' lang='lat' dir='ltr'><strong>fulb-feerit</strong></span> <span class='ocrx_word' id='word_1_548' title='bbox 1347 5121 1380 5171; x_wconf 82' lang='lat' dir='ltr'><strong>bl.</strong></span> <span class='ocrx_word' id='word_1_549' title='bbox 1395 5121 1559 5184; x_wconf 85' lang='lat' dir='ltr'><strong>(Emendavii</strong></span> <span class='ocrx_word' id='word_1_550' title='bbox 1569 5117 1729 5183; x_wconf 76' lang='lat' dir='ltr'><strong>Turnebus.)</strong></span> <span class='ocrx_word' id='word_1_551' title='bbox 1743 5144 1771 5156; x_wconf 94' lang='lat'>-</span> 
     </span>
     <span class='ocr_line' id='line_1_50' title="bbox 448 5193 1774 5264; baseline -0.003 -16"><span class='ocrx_word' id='word_1_552' title='bbox 448 5196 490 5248; x_wconf 76' lang='lat' dir='ltr'><strong>ie.</strong></span> <span class='ocrx_word' id='word_1_553' title='bbox 507 5197 559 5248; x_wconf 79' lang='lat' dir='ltr'><strong>eois</strong></span> <span class='ocrx_word' id='word_1_554' title='bbox 573 5197 689 5264; x_wconf 63' lang='lat' dir='ltr'><strong>meib]</strong></span> <span class='ocrx_word' id='word_1_555' title='bbox 705 5197 808 5248; x_wconf 66' lang='lat' dir='ltr'><strong>mm</strong></span> <span class='ocrx_word' id='word_1_556' title='bbox 822 5197 873 5247; x_wconf 69' lang='lat' dir='ltr'><strong>nie</strong></span> <span class='ocrx_word' id='word_1_557' title='bbox 883 5211 918 5258; x_wconf 84' lang='lat' dir='ltr'><strong>a,</strong></span> <span class='ocrx_word' id='word_1_558' title='bbox 936 5197 987 5248; x_wconf 71' lang='lat' dir='ltr'><strong>eois</strong></span> <span class='ocrx_word' id='word_1_559' title='bbox 1001 5197 1208 5249; x_wconf 65' lang='lat' dir='ltr'><strong>commilitii.</strong></span> <span class='ocrx_word' id='word_1_560' title='bbox 1229 5195 1387 5248; x_wconf 83' lang='lat' dir='ltr'><strong>Emendavit</strong></span> <span class='ocrx_word' id='word_1_561' title='bbox 1402 5197 1556 5261; x_wconf 75' lang='lat' dir='ltr'><strong>Naugerius.</strong></span> <span class='ocrx_word' id='word_1_562' title='bbox 1579 5193 1619 5246; x_wconf 87' lang='lat' dir='ltr'><strong>Cf.</strong></span> <span class='ocrx_word' id='word_1_563' title='bbox 1630 5194 1708 5245; x_wconf 86' lang='lat' dir='ltr'><strong>Verr.</strong></span> <span class='ocrx_word' id='word_1_564' title='bbox 1720 5195 1774 5244; x_wconf 81' lang='lat' dir='ltr'><strong>Ac-</strong></span> 
     </span>
     <span class='ocr_line' id='line_1_51' title="bbox 450 5268 1772 5338; baseline -0.002 -13"><span class='ocrx_word' id='word_1_565' title='bbox 450 5271 545 5337; x_wconf 72' lang='lat' dir='ltr'><strong>onet,</strong></span> <span class='ocrx_word' id='word_1_566' title='bbox 557 5273 636 5338; x_wconf 82' lang='lat' dir='ltr'><strong>6,ii.</strong></span> <span class='ocrx_word' id='word_1_567' title='bbox 651 5296 679 5312; x_wconf 92' lang='lat'>-</span> <span class='ocrx_word' id='word_1_568' title='bbox 697 5268 1772 5338; x_wconf 62' lang='lat' dir='ltr'><strong>eo.ioapieieceisempiriiumius.-ai.m1tamma-Rmeiitiib</strong></span> 
     </span>
    </p>
   </div>
   <div class='ocr_carea' id='block_1_4' title="bbox 0 0 2188 6101">
    <p class='ocr_par' dir='ltr' id='par_1_4' title="bbox 0 0 2188 6101">
     <span class='ocr_line' id='line_1_52' title="bbox 0 0 2188 6101; baseline 0 0"><span class='ocrx_word' id='word_1_569' title='bbox 0 0 2188 6101; x_wconf 95' lang='lat' dir='ltr'><strong> </strong></span> 
     </span>
    </p>
   </div>
  </div>
 </body>
</html>
