4367 6109
713 567 783 633 444.
804 569 843 631 V.
874 567 948 633 Car.
969 566 1165 633 Vll-Vlll.
1195 564 1252 653 ss.
1275 564 1429 634 43-48.
1667 565 1731 634 345

408 734 608 800 insimulatus
630 743 729 811 esset,
751 735 812 800 HS
834 736 876 804 [i
897 756 916 800 a
937 736 1067 803 domino
1088 739 1258 821 accepisti,
1288 739 1373 822 quod
1395 760 1498 824 nuper
1518 739 1586 824 ipse
1608 740 1730 806 iuratus

408 831 523 904 docuit,
544 848 639 914 quem
660 830 700 894 ad
722 829 851 894 modum
872 837 995 910 gestum
1016 840 1111 896 esset.
1154 833 1202 896 4444
1231 835 1340 917 equite
1360 834 1502 898 Romano
1525 835 1559 898 C.
1580 835 1729 900 Matrinio

407 925 548 998 absente,
569 940 640 987 cum
662 924 690 987 is
711 932 796 986 esset
816 925 945 996 Romae,
968 926 1054 1008 quod
1078 927 1147 989 eius
1168 927 1280 990 vilicos
1308 934 1516 1010 pastoresque
1545 930 1602 994 tibi
1623 931 1656 993 in
1678 951 1731 994 su·

408 1019 583 1102 spicioncm
604 1017 729 1081 venisse
752 1016 887 1091 dixeras,
910 1017 970 1080 Hs
992 1016 1034 1085 fii
1058 1019 1226 1082 abstulisti.
1265 1021 1354 1084 Dixit
1373 1022 1435 1085 hoc
1458 1022 1491 1084 L.
1513 1023 1651 1097 Flavius,
1674 1024 1729 1107 qui

407 1112 464 1175 tihi
488 1131 557 1175 eam
578 1110 744 1195 pecuniam
767 1110 956 1184 numeravit,
982 1121 1168 1194 procurator
1189 1114 1223 1177 C.
1244 1115 1402 1178 Matrinii:
1431 1115 1513 1178 dixit
1533 1116 1602 1198 ipse
1624 1118 1754 1180 Matri-⁸

407 1206 497 1268 nius:
531 1206 615 1268 dicet
635 1204 684 1266 vir
705 1202 917 1278 clarissimus,
950 1203 1006 1266 Cn.
1028 1198 1181 1270 Lentulus
1203 1227 1334 1282 censor,
1362 1210 1417 1291 qui
1439 1209 1578 1272 Matrinii
1600 1209 1730 1275 honoris

407 1318 503 1363 causa
521 1297 642 1362 recenti
664 1298 791 1382 negotio
812 1297 852 1360 ad
868 1307 899 1360 te
914 1298 1033 1361 litteras
1049 1300 1136 1362 misit
1150 1301 1384 1385 mittendasque
1398 1303 1526 1366 curavit
1557 1298 1608 1366 46.
1625 1305 1731 1380 Quidt

408 1394 447 1457 de
462 1393 643 1478 Apollonio,
664 1390 783 1456 Dioclis
803 1391 880 1467 filio,
902 1393 1133 1469 Panormitano,
1156 1397 1205 1459 cui
1221 1396 1354 1459 Gemino
1369 1416 1544 1479 cognomen
1561 1406 1619 1475 cst,
1640 1420 1733 1482 prae·

408 1485 495 1549 teriri
517 1486 646 1568 potesti
685 1485 807 1568 Ecquid
828 1486 889 1550 hoc
912 1494 977 1549 tota
1000 1486 1109 1551 Sicilia
1130 1488 1255 1564 clarius,
1278 1488 1393 1573 ecquid
1415 1488 1595 1572 indignius,
1616 1491 1731 1576 ecquid

407 1578 605 1643 manifestius
626 1578 758 1663 proferri
779 1583 906 1663 potest?
950 1580 1069 1656 Quem,
1103 1589 1140 1644 ut
1159 1583 1348 1646 Panormum
1376 1584 1479 1657 venit,
1507 1583 1547 1645 ad
1569 1603 1603 1648 se
1625 1585 1769 1652 vocaritt

407 1682 440 1736 et
467 1672 507 1735 de
536 1673 683 1737 tribunali
711 1673 801 1737 citari
830 1674 923 1738 iussit
949 1694 1104 1739 concursu
1133 1692 1247 1757 magno
1275 1675 1516 1759 frequentiaque
1548 1685 1732 1741 conventus.

408 1766 561 1831 Homines
588 1762 694 1830 atatim
715 1765 821 1851 loqui:
855 1768 1029 1843 «mirabar,
1060 1769 1148 1853 quod
1176 1767 1380 1852 Apollonius,
1408 1769 1504 1833 homo
1533 1771 1732 1852 pecuniosus,

409 1866 472 1922 tam
493 1858 550 1922 diu
571 1859 610 1923 ab
633 1861 694 1923 isto
716 1869 857 1924 maneret
878 1862 1018 1944 integer:
1048 1863 1240 1945 excogitavit
1259 1863 1367 1927 nescio
1390 1863 1482 1948 quid,
1510 1863 1631 1927 attulit:
1659 1883 1732 1945 pro-

407 1952 491 2018 fecto
513 1954 611 2018 homo
633 1953 722 2018 dives
743 1963 874 2037 repente
895 1976 914 2019 a
937 1956 1033 2019 Verre
1055 1977 1119 2021 non
1142 1957 1211 2020 sine
1234 1976 1327 2020 causa
1348 1957 1491 2021 citatur.»
1529 1955 1731 2038 Exspectatio

408 2067 532 2111 summa
551 2047 726 2122 hominum,
748 2049 900 2131 quidnam
921 2049 953 2112 id
969 2057 1071 2114 esset:
1095 2072 1166 2114 cum
1182 2052 1382 2114 exanimatus·
1393 2050 1497 2113 subito
1515 2049 1583 2133 ipse
1599 2050 1733 2112 accurrit
1741 2057 1770 2106 44

409 2158 479 2203 oum
502 2139 705 2204 adolescente
725 2140 809 2216 filim
841 2161 914 2204 nam
936 2151 1025 2225 pater
1046 2144 1174 2226 grandis
1195 2152 1272 2208 natu
1293 2145 1356 2208 iam
1378 2143 1432 2207 diu
1454 2144 1536 2207 lecto
1557 2142 1734 2215 tenebatur,

409 2227 459 2296 47.
481 2235 631 2297 Nominat
656 2234 716 2298 iste
738 2254 881 2310 servum,
913 2256 1009 2321 quem
1036 2239 1219 2320 magistrum
1239 2238 1363 2323 pecoris
1392 2258 1463 2302 esse
1493 2236 1626 2300 diceret:
1659 2257 1732 2301 eum

409 2325 485 2391 dicit
512 2327 695 2392 coniurasse
731 2336 764 2392 et
794 2328 931 2392 familias
960 2330 1145 2394 concitasse.
1198 2333 1228 2395 ls
1258 2332 1387 2396 omnino
1417 2351 1526 2396 servus
1552 2332 1586 2394 in
1613 2330 1733 2396 nmilia

408 2440 474 2483 non
495 2428 572 2485 erat.
615 2422 696 2484 Eum
718 2422 824 2485 statim
855 2422 998 2486 exhiberi
1020 2423 1116 2487 iubet.
1158 2425 1347 2508 Apollonius
1369 2422 1525 2489 affirmare
1547 2444 1581 2488 se
1603 2425 1745 2497 omnino,

408 2515 536 2579 nomine
557 2514 613 2579 illo
635 2512 761 2579 serrum
781 2514 899 2578 habere
921 2517 1089 2580 neminem.
1132 2519 1196 2582 lste
1224 2518 1386 2583 hominem
1412 2519 1513 2603 abripi
1540 2538 1559 2582 a
1583 2518 1770 2582 uuundiso

408 2610 500 2673 etin
529 2628 686 2673 carcerem
714 2608 827 2672 coniici
859 2608 957 2672 iubet.
1008 2610 1151 2676 Clamare
1177 2612 1248 2686 ille,
1282 2632 1353 2676 cum
1381 2619 1561 2696 raperetur,
1590 2611 1670 2676 nihil
1698 2631 1733 2675 se

408 2703 558 2767 miserum
586 2703 718 2778 iecisse,
746 2701 827 2765 nihil
853 2702 1065 2779 commisisse,
1094 2705 1263 2788 pecuniam
1291 2706 1350 2770 sihi
1380 2726 1449 2770 esse
1477 2706 1511 2769 in
1539 2706 1732 2781 nominibus,

386 2803 602 2860 numeratam
625 2797 658 2858 in
679 2796 860 2878 praesentia
879 2815 943 2859 non
965 2795 1093 2861 habere.
1129 2798 1216 2862 Haec
1237 2819 1309 2862 cum
1330 2801 1467 2863 maxime
1490 2819 1611 2867 summa
1632 2798 1734 2864 homi-

408 2910 485 2955 num
504 2889 684 2973 frequentia
712 2886 949 2965 testificaretur,
976 2899 1012 2953 ut
1042 2891 1149 2975 quivis
1179 2893 1356 2976 intelligere
1386 2900 1497 2976 posset
1525 2910 1616 2967 eum,
1645 2891 1732 2976 quod

409 2983 576 3067 pecuniam
591 3002 656 3046 non
672 2982 822 3057 dedisset,
837 2983 956 3047 idcirco
972 2983 1027 3047 illa
1041 2992 1107 3049 tam
1121 2987 1234 3049 acerba
1247 2986 1364 3050 iniuria
1377 2985 1481 3061 allici3
1497 3005 1570 3049 cum
1585 2987 1770 3061 maximati

408 3084 445 3141 ut
459 3076 541 3152 dieo,
562 3077 623 3142 hoc
638 3077 678 3141 de
692 3078 827 3162 pecunia
841 3077 998 3152 clamaret,
1021 3077 1054 3139 in
1068 3078 1174 3142 vincla
1188 3079 1350 3142 coniectus
1365 3085 1423 3142 est.
1455 3079 1536 3142 Vlll.
1552 3073 1603 3142 48.
1617 3079 1731 3144 Videte

409 3170 616 3235 consuntiam
637 3172 804 3253 praetoris,
826 3179 859 3234 et
880 3172 949 3235 eius
971 3173 1136 3257 praetoris,
1161 3172 1217 3256 qui
1240 3172 1333 3235 iniis
1354 3172 1450 3236 rebus
1471 3192 1534 3235 non
1556 3173 1600 3236 iia
1622 3173 1732 3238 defen-

408 3263 519 3338 datur,
546 3271 583 3327 ut
608 3263 779 3328 mediocris
808 3273 952 3348 praetor,
981 3264 1038 3328 sed
1064 3266 1108 3329 ita
1136 3264 1299 3339 laudatur,
1326 3273 1361 3328 ut
1383 3266 1523 3348 optimus
1552 3266 1731 3350 imperator.

409 3358 486 3422 Cum
508 3378 668 3422 servorum
695 3357 814 3422 bellum
844 3366 1054 3433 metueretur,
1085 3379 1149 3442 quo
1178 3357 1333 3442 supplicio
1360 3357 1506 3423 dominos
1532 3358 1731 3423 indemnatos

407 3450 575 3526 afficiebat,
594 3451 657 3516 hoc
678 3472 787 3516 servos
809 3454 973 3517 damnatos
987 3452 1158 3516 liberabat:
1179 3451 1393 3535 Apollonium,
1414 3452 1576 3516 hominem
1591 3453 1767 3536 locuple-to

407 3545 574 3620 tissimum,
595 3546 662 3630 qui,
684 3546 711 3611 si
733 3545 857 3629 fugitivi
876 3546 997 3609 bellum
1018 3546 1052 3610 in
1069 3545 1178 3609 Sicilia
1191 3545 1342 3619 iacerent,
1363 3546 1574 3630 amplissima
1587 3545 1731 3611 fortunas

407 3641 582 3714 amitteret,
617 3640 693 3704 belli
723 3640 929 3723 lugitivorum
956 3640 1084 3705 nomine
1113 3638 1231 3703 indicta
1260 3656 1356 3702 causa
1383 3640 1417 3701 in
1448 3640 1552 3704 vincla
1579 3632 1731 3704 coniecit:

408 3754 527 3811 servos,
549 3754 630 3820 quos
652 3735 722 3819 ipse
745 3755 817 3798 cum
839 3734 972 3799 consilio
994 3732 1071 3798 belli
1091 3731 1231 3797 faciendi
1247 3751 1342 3796 causa
1356 3733 1555 3798 consensisse
1569 3732 1731 3808 iudicarit,

473 3986 498 4037 4.
515 3967 561 4036 ii
572 3984 657 4050 43494
675 3984 719 4035 LX
727 3982 783 4035 rell.
797 3986 826 4035 0.
839 4010 866 4019 -
880 3983 904 4036 4.
923 3966 1023 4046 ffers,
1040 3983 1090 4036 aed
1101 3985 1158 4035 sine
1170 3981 1280 4034 lineola:
1297 3981 1389 4034 44444444
1399 3982 1415 4033 ἵ
1426 3984 1516 4048 44334
1533 3981 1732 4065 4444444444,οᾩ

408 4061 433 4111 t.
450 4060 559 4112 4444444444
573 4061 603 4113 li.
616 4059 725 4125 tltemv.
739 4059 774 4120 4.)
793 4085 820 4094 -
839 4059 891 4121 ipis
906 4056 942 4109 44.
955 4056 1112 4123 adingam
1130 4060 1183 4122 ipis
1199 4058 1226 4109 c.
1243 4058 1280 4108 lt.
1293 4057 1358 4108 4444.
1371 4056 1401 4109 0.
1416 4085 1443 4095 -
1463 4057 1487 4108 4.
1505 4059 1569 4109 44444
1583 4070 1638 4109 om.
1650 4054 1728 4116 44344

408 4136 469 4186 dicit
487 4135 567 4200 4349.
586 4160 614 4174 -
633 4135 816 4198 4444--444444
835 4132 949 4185 delenda
972 4135 1065 4184 4444444
1085 4133 1147 4184 Era.
1176 4135 1210 4184 st
1225 4133 1259 4183 44.
1278 4131 1363 4184 lladv.
1386 4144 1413 4197 p.
1431 4133 1488 4184 444.
1513 4133 1576 4183 liat.
1594 4146 1620 4198 p.
1638 4132 1679 4183 34.
1697 4155 1726 4169 -

407 4209 432 4261 8.
449 4211 545 4263 Dioclis
559 4209 608 4264 iia:
627 4209 710 4263 Diocli
720 4209 785 4260 dett.
797 4210 827 4260 0.
843 4236 869 4246 -
882 4206 1075 4260 444444444444
1084 4210 1107 4260 ll
1117 4210 1145 4259 et
1155 4209 1195 4259 sic
1205 4208 1314 4272 ubique.
1334 4207 1386 4272 [sic
1396 4207 1460 4258 item
1471 4208 1493 4258 V
1504 4211 1532 4258 44
1541 4208 1611 4271 4349
1621 4219 1731 4273 semper

407 4283 527 4351 habent]
546 4311 573 4321 -
594 4285 634 4336 40.
651 4285 797 4348 manifestus
813 4285 848 4344 li;
866 4284 996 4347 confertius
1012 4284 1041 4334 C.
1062 4310 1089 4320 -
1108 4296 1180 4346 4444444
1196 4288 1224 4333 iit
1239 4283 1291 4335 11³:
1308 4294 1382 4344 quem
1397 4283 1419 4332 is
1433 4283 1471 4332 4444
1488 4280 1553 4333 dett.
1567 4306 1595 4320 -
1614 4283 1655 4332 ii.
1672 4295 1730 4332 4444·

405 4365 490 4411 uectus
503 4361 533 4410 ll.
554 4387 581 4398 -
601 4360 641 4410 44.
664 4358 779 4409 munior
800 4359 836 4409 443
858 4358 953 4423 (44444.
972 4371 998 4423 p.
1016 4357 1080 4420 9944
1106 4358 1200 4408 44444444
1219 4359 1286 4410 dett.
1303 4358 1333 4409 0.
1352 4383 1380 4393 -
1399 4356 1440 4407 49.
1457 4357 1622 4420 mociani:
1647 4357 1729 4407 4444444

407 4435 467 4496 qaid
482 4433 567 4485 44444444
583 4432 700 4485 distinxit
710 4435 744 4495 0;
763 4434 846 4484 44444444
859 4434 970 4498 profecto
986 4433 1138 4497 4444344444
1153 4433 1234 4484 nescio
1250 4433 1310 4496 quid
1325 4431 1404 4497 4349.
1417 4434 1499 4493 -44,
1511 4432 1638 4482 4444444444
1649 4430 1685 4481 ns
1695 4429 1727 4481 i:

407 4509 518 4561 4444444444
529 4508 595 4560 dett.
607 4510 638 4560 0.
652 4535 679 4544 —
693 4510 734 4559 ti.
752 4509 865 4559 4444444444
875 4509 1007 4569 dominon
1024 4521 1098 4571 quens
1111 4521 1145 4559 444.
1161 4523 1189 4571 p.
1201 4520 1224 4558 4.
1236 4506 1331 4558 4444444
1346 4509 1421 4558 serv.
1434 4505 1469 4557 ad
1479 4510 1544 4558 Aen.
1557 4508 1610 4558 Vll.
1623 4507 1681 4558 4844.
1699 4531 1726 4542 -·

407 4583 448 4634 49.
466 4588 490 4636 et
506 4584 571 4635 44444
585 4582 698 4648 1444444444
721 4582 785 4635 dett.
804 4585 833 4635 0.
855 4611 880 4622 -
899 4585 987 4634 4444444
1009 4583 1055 4634 Gi.
1076 4609 1104 4620 -·
1124 4582 1164 4633 49.
1185 4583 1322 4646 adfirmem
1338 4581 1372 4640 li;
1393 4581 1507 4647 ammai
1527 4585 1605 4646 4433.
1622 4583 1730 4647 praeter

406 4657 491 4712 4444.
509 4659 545 4724 (se
560 4659 673 4724 affimat
688 4672 787 4710 44444444
802 4674 825 4710 4.
844 4658 932 4722 ngas.)
951 4683 979 4695 -
997 4658 1038 4708 20.
1056 4669 1156 4707 4444444444
1170 4670 1196 4707 44
1211 4669 1278 4706 444444.
1296 4657 1340 4706 iilo
1355 4657 1455 4707 4444444444
1470 4654 1534 4707 dett.
1552 4659 1582 4708 0.
1601 4682 1629 4694 -
1647 4655 1731 4718 arripi

406 4733 485 4799 4433.
506 4760 533 4770 -
551 4735 594 4785 tt.
611 4735 674 4785 coici
690 4736 710 4786 li
727 4748 767 4800 pr.
786 4747 823 4786 m.
842 4739 869 4786 44
885 4734 970 4797 4349;
987 4732 1067 4782 conici
1083 4733 1104 4782 li
1121 4744 1191 4783 corr.
1205 4757 1234 4769 -
1246 4731 1287 4782 4444
1301 4731 1413 4782 cimam
1429 4730 1493 4782 deti.
1511 4731 1547 4790 0;
1565 4742 1619 4781 om.
1636 4729 1684 4779 44.
1698 4752 1726 4764 ·-

405 4807 447 4859 2³.
464 4809 582 4861 4444444444
597 4823 742 4873 ammonui
759 4808 835 4875 4344.
851 4837 878 4846 -
891 4810 932 4860 46.
949 4806 1051 4858 44444444
1066 4804 1235 4869 43434948.
1249 4831 1276 4842 -
1290 4806 1331 4856 ti.
1343 4803 1685 4869 dcisspraotoiisomdld.
1699 4828 1726 4839 -
1818 4864 1820 4868 Α

406 4883 619 4938 4444444οὸ4444
645 4884 807 4950 4444444444)
829 4882 1053 4946 concitati:
1078 4880 1272 4945 4444444433.
1290 4879 1362 4942 rell.;
1388 4877 1632 4941 mnsialiltil
1650 4878 1680 4928 0.
1699 4901 1728 4912 -

407 4960 547 5025 4444444444·
566 4960 650 5025 4344,
675 4961 712 5011 St.
730 4961 761 5013 i..
781 4959 865 5012 lialm.
884 4986 911 4996 -
931 4959 972 5010 44.
992 4957 1110 5008 4444444444
1129 4955 1209 5006 deit:
1234 4955 1356 5006 4444444444·
1375 4956 1421 5007 lii.
1439 4956 1467 5005 L.
1485 4957 1523 5005 st.
1541 4951 1627 5005 lialm.
1654 4949 1730 5001 ldem

408 5034 504 5087 modus
520 5038 635 5101 utroque
651 5035 711 5088 loco
728 5036 878 5089 necessario
889 5032 1046 5098 requisitum
1064 5034 1125 5082 utro
1135 5031 1232 5093 utana,
1244 5043 1298 5081 non
1310 5028 1421 5081 multum
1433 5028 1523 5080 reteri.
1542 5026 1730 5080 coniunctium
1787 5041 1789 5046 ’

408 5111 497 5162 tamen
514 5124 530 5162 a
547 5109 685 5163 4444444444
700 5107 760 5174 plus
782 5109 943 5162 auctoritatis
963 5104 1055 5156 444444.
1074 5128 1104 5142 -
1121 5104 1163 5156 ts.
1180 5105 1318 5156 4444444444
1339 5105 1413 5170 addc.
1430 5105 1460 5154 44.
1480 5129 1507 5139 -
1525 5102 1567 5154 34.
1585 5101 1732 5164 apollinion

316 5206 322 5217 ·
408 5184 438 5236 44.
458 5185 684 5252 -uoupincm,
706 5184 770 5237 4444.
789 5185 818 5236 4.
838 5183 926 5236 -sa
947 5181 1050 5234 444444
1069 5182 1102 5233 ci
1125 5179 1173 5233 nd.
1193 5207 1220 5218 -
1239 5179 1280 5232 aa.
1303 5179 1453 5232 4444444
1475 5173 1559 5238 nan
1585 5177 1615 5228 4
1635 5173 1733 5226 conen

407 5261 528 5312 4444444444
543 5274 578 5313 ax
593 5262 662 5315 44444.
679 5259 771 5316 mmo.
789 5258 874 5315 llalm.

451 5350 618 5403 44444444
1471 5343 1513 5413 24
