4367 6109
476 578 539 648 ete
824 578 1223 663 xmummuleno
1247 578 1431 646 succum

475 754 659 833 invenitur?
701 748 753 815 31.
774 752 842 816 Erit
870 758 975 814 tamen
1005 750 1039 813 in
1060 758 1200 814 aratores
1221 749 1325 814 lenior
1347 770 1442 835 quam
1464 749 1599 814 videtur.
1641 751 1721 816 Nam
1743 753 1802 837 qui

475 850 508 912 in
532 847 721 911 decumanos
743 846 864 929 octupli
886 845 1038 909 iudicium
1061 864 1094 907 se
1116 844 1263 908 daturum
1285 844 1408 918 edixit„
1422 844 1506 907 idem
1520 844 1632 908 habuit
1645 844 1680 909 in
1693 845 1799 911 edicto

475 963 510 1006 se
530 944 563 1005 in
584 948 740 1004 aratorem
760 941 794 1003 in
816 938 1030 1024 quadruplum
1053 937 1210 1002 daturum.
1242 937 1323 1014 Quis
1343 938 1429 1001 hunc
1451 936 1550 1001 audet
1570 937 1675 1005 dicere
1697 948 1803 1006 arato·

474 1037 561 1099 ribus
582 1034 731 1098 infestum
753 1042 809 1099 aut
829 1034 993 1098 inimicum
1013 1031 1132 1095 fuisset
1156 1040 1275 1115 quanto
1296 1032 1399 1095 lenior
1421 1038 1470 1095 est
1484 1051 1581 1115 quam
1602 1032 1637 1096 in
1657 1032 1802 1115 publiea·

452 1131 571 1193 inum?
608 1128 732 1203 edixit,
761 1136 797 1192 ut
824 1129 912 1212 quod
943 1129 1137 1190 decumanus
1167 1125 1319 1189 edidisset
1340 1124 1402 1188 sibi
1423 1125 1491 1188 dari
1512 1131 1678 1208 oportere,
1706 1124 1741 1188 id
1762 1127 1803 1190 als

473 1230 597 1286 aratore
619 1223 818 1304 magistratus
842 1221 967 1285 Siculus
990 1221 1142 1303 exigeret
1187 1218 1272 1295 Quid
1294 1219 1411 1303 reliqui
1433 1226 1482 1283 est
1502 1218 1629 1295 iudicii,
1658 1216 1747 1304 quod
1769 1219 1803 1283 in

473 1322 629 1379 aratorem
651 1314 719 1378 dari
740 1317 865 1399 possiti
899 1317 970 1379 Non
991 1315 1109 1378 malum
1133 1319 1195 1388 est,
1225 1314 1348 1397 inquit,
1378 1333 1448 1377 esse
1476 1313 1570 1377 istam
1590 1310 1804 1390 formidinem,

474 1418 525 1483 ut,
547 1429 619 1473 cum
641 1418 787 1473 exactum
809 1410 851 1473 sit
871 1408 912 1471 m
933 1416 1075 1483 aratore,
1099 1416 1204 1471 mmen
1217 1427 1309 1472 nese
1328 1405 1804 1491 commorentreliquusmetus

472 1502 583 1567 iudicii
605 1503 655 1567 sit.
699 1502 733 1566 si
754 1502 876 1566 iudicio
897 1503 945 1565 vis
967 1522 986 1566 a
1007 1522 1058 1565 me
1080 1501 1227 1585 exigere,
1250 1521 1378 1565 remove
1400 1500 1544 1565 Siculum
1563 1499 1803 1582 magistratum:

437 1599 501 1662 rosi
521 1597 604 1662 hanc
624 1598 688 1661 rim
710 1595 858 1672 adhibes,
881 1597 959 1681 quid
982 1616 1063 1680 opus
1086 1604 1136 1659 est
1156 1594 1298 1659 iudicio?
1332 1594 1411 1671 Quis
1432 1615 1529 1678 porro
1544 1596 1605 1658 erit
1619 1595 1698 1679 quin
1714 1594 1805 1658 malit

474 1693 656 1756 decumanis
677 1692 740 1756 tuis
763 1690 838 1755 dare
854 1691 940 1776 quod
962 1689 1183 1775 poposcerint,
1205 1709 1301 1774 quam
1324 1690 1363 1752 ab
1384 1688 1514 1753 asseclis
1536 1689 1600 1753 tuis
1622 1687 1803 1773 quadruplo

474 1784 698 1850 condemnarit

557 1879 642 1943 xlv.
663 1875 714 1941 35.
735 1878 795 1942 Illa
816 1898 891 1942 vero
913 1878 1076 1962 praeclara
1098 1886 1147 1943 est
1168 1878 1310 1943 clausula
1329 1878 1441 1954 edicti,
1466 1879 1554 1963 quod
1569 1878 1712 1943 omnium
1726 1896 1804 1940 con-

474 1973 713 2048 troversiarum,
742 1992 824 2056 quae
847 1980 953 2036 essent
974 1973 1059 2036 inter
1080 1980 1236 2036 aratorem
1260 1979 1292 2035 et
1313 1973 1540 2048 decumanum,
1572 1974 1599 2036 si
1621 1980 1694 2037 uter
1714 1972 1803 2047 velit,

438 2068 569 2132 teedicit
590 2087 624 2130 se
646 2075 882 2150 recuperatores
906 2067 1062 2130 daturum.
1100 2067 1239 2129 Primum
1262 2086 1344 2150 quae
1367 2075 1473 2150 potest
1494 2086 1564 2132 esse
1579 2067 1803 2142 controversia,

474 2182 547 2226 eum
566 2161 612 2235 is,
635 2159 690 2243 qui
712 2167 820 2243 petere
844 2158 953 2235 dehet,
976 2160 1102 2224 aulert‘l
1125 2167 1158 2223 et
1179 2180 1251 2223 cum
1272 2161 1300 2224 is
1324 2181 1389 2224 non
1404 2169 1558 2244 quantum
1573 2159 1724 2234 debetur,
1747 2159 1804 2223 sed

474 2261 628 2340 quantum
651 2253 851 2317 commodum
873 2260 922 2317 est
942 2254 1061 2328 aulert,
1090 2254 1146 2316 ille
1168 2262 1291 2328 autem,
1323 2255 1408 2317 unde
1430 2254 1570 2317 ablatum
1592 2261 1655 2330 est,
1682 2252 1803 2318 iudicio

474 2370 566 2415 suum
587 2367 774 2432 recuperare
795 2347 884 2410 nullo
906 2347 1001 2411 modo
1025 2354 1140 2431 potest.
1179 2348 1302 2411 Deinde
1323 2349 1356 2411 in
1378 2349 1440 2412 hoc
1460 2347 1557 2411 homo
1579 2347 1686 2412 luteus
1708 2349 1804 2413 etiam

475 2443 607 2509 callidus
628 2462 666 2507 ac
687 2448 845 2505 veterator
866 2461 936 2505 esse
958 2440 1040 2516 vult,
1070 2439 1157 2525 quod
1184 2441 1228 2503 ita
1249 2441 1381 2505 cambita
1412 2462 1439 2504 sr
1460 2461 1542 2505 urna
1563 2460 1682 2517 vocar,
1707 2461 1804 2506 arev-

436 2553 655 2603 sorsaaroers
675 2554 769 2600 naso.
801 2534 905 2611 Quam
926 2534 1033 2618 lepide
1055 2555 1090 2599 so
1105 2535 1205 2598 furari
1227 2536 1333 2619 putati
1367 2535 1499 2619 Utrique
1512 2534 1588 2600 facit
1602 2541 1803 2619 potestatem,

473 2632 530 2697 sed
551 2638 657 2695 utrum
679 2630 723 2693 ita
743 2628 922 2713 scripserit,
958 2630 985 2692 si
1007 2637 1078 2693 uter
1099 2630 1199 2704 volet,
1232 2650 1292 2703 an,
1323 2630 1350 2693 si
1372 2630 1568 2693 decumanus
1588 2630 1692 2704 volet,
1722 2630 1804 2694 nihil

473 2727 613 2790 interest.
649 2727 765 2787 Arator
786 2723 871 2786 enim
892 2729 965 2787 tuos
987 2725 1066 2788 istos
1089 2732 1329 2807 recuperatores
1351 2743 1525 2807 numquam
1546 2724 1644 2788 volet.

557 2815 609 2882 36.
632 2818 739 2895 Quidl
768 2816 822 2880 illa
844 2817 935 2880 ouius
959 2818 1045 2882 modi
1067 2827 1159 2893 sunt,
1188 2838 1270 2902 quae
1294 2838 1334 2880 ex
1356 2825 1499 2900 tempore
1521 2818 1560 2881 als
1582 2816 1727 2900 Apronio
1748 2819 1804 2883 ad-

473 2914 611 2978 monitus
641 2911 763 2976 edixitl
803 2910 842 2987 Q.
871 2911 1029 2995 Septicio,
1059 2913 1286 2976 honestissimo
1314 2912 1422 2995 equite
1443 2913 1602 2986 Romano,
1634 2911 1804 2976 resistente

435 3008 615 3092 scApronio
638 3013 669 3069 et
690 3001 867 3069 affirmante
889 3024 923 3069 se
946 3006 1018 3089 plus
1041 3005 1176 3069 decuma
1196 3025 1263 3068 non
1284 3005 1447 3079 daturum,
1477 3005 1621 3069 exoritur
1640 3006 1803 3089 peculiare

474 3100 613 3168 edietum
634 3099 853 3183 repentinum,
874 3118 911 3162 rte
932 3100 1000 3180 quis
1020 3100 1205 3181 {remeatum
1225 3099 1260 3162 de
1282 3119 1355 3162 area
1379 3101 1493 3162 toleret
1513 3109 1596 3172 aute,
1621 3119 1712 3182 quem
1736 3119 1805 3164 eum

472 3197 633 3261 dammare
643 3203 751 3276 pactus
763 3200 846 3257 esset.
882 3192 1016 3256 Ferehat
1029 3193 1112 3257 hanc
1127 3213 1257 3278 quoque
1273 3194 1473 3276 iniquitatem
1490 3194 1648 3276 Septicius
1663 3200 1695 3259 et
1710 3195 1803 3259 imbri

471 3289 664 3353 frumentum
686 3287 845 3370 corrumpi
867 3288 899 3350 in
915 3306 989 3350 area
1011 3287 1204 3371 patiebatur,
1227 3308 1299 3351 oum
1314 3287 1393 3350 illud
1409 3287 1547 3351 edictum
1562 3297 1695 3372 reponte
1711 3290 1804 3353 uber-

473 3383 586 3446 rimum
610 3381 991 3467 quaestuosissimumque
1006 3383 1164 3456 nascitur,
1185 3392 1219 3443 ut
1236 3391 1304 3445 asne
1321 3381 1474 3445 Kalendas
1492 3383 1622 3444 Sextiles
1638 3401 1738 3445 omme
1754 3385 1804 3446 de-

435 3496 576 3544 aocumas
597 3477 637 3538 acl
657 3494 768 3556 aquam
790 3476 960 3556 deportatas
981 3476 1129 3539 imaeue.
1172 3473 1223 3538 37.
1245 3477 1314 3539 Hoc
1339 3475 1443 3539 edicto
1467 3495 1531 3539 non
1554 3476 1715 3539 Siculi-
1729 3497 1804 3542 nam

474 3590 529 3634 eos
552 3570 680 3654 quidem
701 3570 920 3653 superioribus
942 3569 1053 3633 edictis
1076 3570 1152 3633 satis
1174 3569 1357 3652 perdiderat
1380 3577 1479 3652 atque
1494 3569 1651 3633 alllixerat
1664 3602 1723 3644 -,
1746 3572 1804 3635 sed

473 3665 526 3727 isli
547 3665 607 3748 ipsi
630 3663 754 3748 equites
775 3664 925 3736 Romani,
948 3664 1003 3747 qui
1019 3684 1111 3726 suum
1126 3663 1175 3726 ius
1191 3665 1326 3726 retinere
1341 3683 1376 3726 se
1391 3670 1502 3727 contra
1515 3664 1693 3747 Apronium
1707 3684 1803 3748 passo

475 3765 564 3820 erant
592 3756 749 3830 arbitrati,
781 3756 940 3840 splendidi
968 3756 1112 3819 homiues
1147 3765 1179 3819 et
1206 3756 1278 3819 aliis
1300 3757 1498 3840 praetoribus
1521 3758 1671 3841 gratiosi,
1705 3760 1802 3823 uncti

474 3850 615 3934 Apronio
638 3850 745 3913 traditi
767 3857 850 3914 sunt.
882 3851 1044 3914 Attendite
1067 3852 1150 3915 enim
1173 3850 1264 3914 euius
1286 3851 1372 3913 modi
1394 3850 1497 3915 edicta
1511 3853 1591 3916 sint:
1613 3872 1653 3916 rra
1668 3872 1802 3927 ronnas,

540 4092 563 4141 4.
582 4093 697 4142 uideatur
714 4090 762 4142 dll.
783 4120 810 4129 -
828 4090 854 4144 1.
871 4096 917 4142 aut
933 4093 1046 4155 iniquum
1062 4093 1154 4144 Falerni
1173 4095 1201 4143 et
1216 4094 1273 4145 Urs.
1292 4105 1365 4156 susp.
1385 4118 1413 4128 -
1437 4095 1462 4144 s.
1481 4094 1547 4143 dicit
1562 4094 1618 4144 AB.
1640 4121 1668 4132 -·
1686 4095 1803 4147 mma·

472 4181 519 4219 aus
535 4167 650 4217 mutius
666 4168 743 4230 1329.
765 4194 792 4204 -
811 4168 836 4218 6.
855 4168 915 4228 quid
930 4169 1020 4228 reliqui
1036 4174 1071 4219 est
1087 4169 1174 4219 indicti
1190 4168 1276 4232 1312ε
1296 4169 1356 4232 quid
1371 4173 1405 4218 est
1421 4167 1511 4232 reliqui
1528 4169 1614 4220 iudicii
1630 4171 1801 4234 1321111111’;

473 4243 533 4305 quid
549 4242 679 4305 dereliquit
700 4244 808 4307 (reliquit
824 4242 873 4307 alli)
891 4245 977 4293 iudicii
993 4243 1058 4295 dett.
1077 4244 1107 4294 0.
1127 4270 1155 4281 -
1174 4245 1199 4294 1.
1216 4244 1294 4307 possit
1311 4241 1378 4306 1312
1390 4257 1396 4291 :
1409 4249 1492 4306 posset
1509 4241 1565 4293 rell.
1584 4245 1614 4296 0.
1635 4272 1664 4285 -
1689 4246 1714 4298 9.
1731 4250 1770 4299 ois
1784 4264 1804 4300 a

472 4331 511 4368 me
527 4318 588 4380 133.
607 4330 714 4379 omues,
732 4319 795 4369 AB:
823 4332 895 4370 ame
909 4318 947 4368 uls
963 4321 992 4370 0.
1013 4344 1040 4355 -
1067 4333 1139 4370 move
1154 4318 1196 4369 vel
1212 4333 1285 4370 mooe
1300 4318 1379 4382 1312.
1400 4345 1428 4355 -
1450 4320 1491 4370 40.
1510 4319 1571 4381 quia
1587 4320 1658 4383 1329
1674 4323 1739 4373 AB:
1758 4325 1803 4387 qui

473 4391 555 4457 1342;
581 4393 623 4453 qui
644 4407 694 4443 aaa
715 4391 771 4444 rell.
790 4395 819 4445 0.
841 4420 866 4432 -
892 4394 932 4444 44.
952 4396 1109 4456 poposcerint
1129 4396 1245 4459 132911ε
1267 4395 1408 4458 poposcerit
1428 4392 1497 4457 1312
1509 4395 1584 4456 11φ;
1604 4402 1736 4457 poscerent
1752 4397 1801 4448 dtt.

475 4492 502 4501 -
522 4466 662 4529 quadruplo
686 4468 754 4532 1312
769 4469 865 4519 FMN:
891 4469 1027 4531 quadrupli
1050 4469 1107 4520 rell.
1133 4497 1161 4507 -
1188 4470 1228 4522 43.
1250 4468 1363 4520 clausola
1381 4469 1459 4532 1329.
1480 4497 1507 4506 -
1536 4467 1576 4521 ll.
1594 4470 1659 4520 volet
1682 4484 1716 4521 ex
1739 4472 1800 4525 llot.

474 4541 543 4591 coni.
561 4540 590 4590 L.
610 4568 637 4578 -
662 4543 702 4593 lli.
721 4543 904 4606 4111113293.
929 4570 956 4580 -
975 4546 1054 4606 possit
1073 4545 1151 4609 1329.
1171 4573 1200 4583 -
1223 4559 1273 4597 esse
1289 4558 1342 4596 om.
1362 4543 1410 4593 dlt.
1431 4568 1459 4580 -
1485 4544 1525 4593 46.
1544 4545 1629 4607 aufert
1644 4543 1674 4604 1,
1692 4560 1729 4607 φτ
1755 4560 1803 4597 au-

472 4616 539 4678 fuat
560 4614 607 4665 dtt.
627 4641 655 4653 -
681 4619 721 4669 l8.
740 4619 827 4682 luleus]
849 4619 960 4682 lynceus
977 4619 1024 4671 dlt.
1043 4634 1124 4671 nonu.
1147 4647 1174 4658 -
1199 4622 1240 4674 49.
1256 4627 1313 4671 uter
1327 4620 1385 4680 veli
1401 4618 1519 4683 132912.
1539 4645 1567 4655 -
1590 4620 1631 4670 at.
1650 4621 1803 4673 wmarus

471 4691 624 4754 1111111312.
645 4719 672 4729 -
690 4693 731 4743 22,
748 4707 886 4756 uumquaru
902 4692 932 4756 1,
950 4696 988 4745 ll:
1009 4697 1131 4759 numquid
1147 4696 1195 4747 dtt.
1210 4723 1237 4734 -
1255 4696 1296 4748 21.
1315 4695 1421 4758 &pileto
1438 4695 1561 4744 Garatoni
1578 4696 1609 4745 11.
1630 4694 1697 4757 (coll.
1716 4696 1800 4750 Bentl.

474 4767 508 4818 ad
534 4768 623 4817 Horat.
646 4767 693 4832 Ep.
712 4768 732 4817 1.
751 4769 779 4829 5,
798 4767 839 4819 26.
867 4769 938 4820 cort.
961 4769 996 4819 ad
1019 4768 1082 4822 Plln.
1107 4772 1192 4837 Epl.
1212 4771 1235 4821 1.
1262 4771 1391 4834 spartian.
1413 4768 1492 4819 lladr.
1511 4769 1535 4819 9.
1554 4770 1595 4821 41.
1614 4770 1654 4822 tt.
1680 4772 1762 4824 Prisc.
1780 4774 1800 4824 1.

474 4856 500 4908 p.
513 4843 570 4894 333.
590 4856 622 4892 er
640 4843 699 4893 cod.
712 4843 822 4894 Barber.
841 4845 979 4909 antiquiss.
1006 4846 1048 4896 Sic
1066 4845 1121 4896 lere
1138 4845 1240 4910 lapides
1259 4845 1358 4909 antiqui
1376 4857 1417 4894 ex.
1436 4858 1460 4894 c.
1479 4845 1572 4895 Mutat.
1591 4846 1725 4898 1111111111.
1744 4849 1803 4900 llei-

474 4931 532 4970 ncs.
550 4918 602 4968 1111.
617 4919 699 4980 eosq:
717 4920 820 4982 Septllio
836 4920 956 4972 ceddo.
976 4921 1018 4984 [cl.
1032 4932 1103 4970 nunc
1113 4920 1279 4970 Mommsenii
1296 4918 1413 4969 lndicem
1430 4920 1512 4970 lusor.
1524 4921 1554 4971 14.
1566 4919 1675 4986 Neapol.
1693 4936 1720 4987 p.
1732 4922 1802 4988 133]

477 5019 504 5030 -
522 4994 689 5044 honestissimo
706 4996 786 5057 equite
802 4997 913 5047 Romano
929 4995 960 5047 l:
986 4997 1043 5046 lou.
1061 4995 1159 5046 domiue
1175 4996 1303 5058 aquilaque
1319 4996 1389 5044 Rom.
1408 4993 1455 5044 dlt.
1474 4995 1502 5045 0.
1523 5022 1551 5032 -
1569 4997 1610 5046 23.
1627 4997 1710 5060 sepius
1725 5000 1802 5050 dens-

475 5081 578 5118 murum
595 5069 714 5119 datunsm
730 5070 807 5134 1312.
829 5096 856 5106 -
875 5072 916 5123 28.
934 5071 962 5120 io
978 5084 1042 5121 area
1057 5072 1186 5133 corrumpi
1201 5071 1283 5122 Prisc.
1296 5072 1315 5120 1.
1334 5084 1361 5134 p.
1375 5070 1431 5120 433.
1445 5096 1474 5107 -
1492 5076 1591 5134 reperte
1606 5084 1660 5123 om.
1678 5072 1756 5136 1342.
1771 5101 1799 5111 -

474 5143 516 5194 29.
535 5146 823 5209 quaestuosissimumque
838 5145 922 5211 Lglt:
944 5151 967 5196 et
984 5147 1226 5209 quaestuosissimum
1242 5145 1299 5196 rell.
1319 5145 1347 5195 t).
1369 5171 1392 5182 -
1414 5150 1442 5196 ut
1459 5160 1512 5197 om.
1530 5145 1608 5210 1312.
1629 5172 1657 5182 -
1675 5148 1802 5200 Kalendas

475 5231 528 5270 om.
541 5218 619 5282 1312.
629 5245 657 5257 -
670 5220 771 5272 sectilis
783 5235 867 5273 emus
878 5223 985 5273 decium
995 5221 1106 5285 1312-
1119 5221 1160 5273 34.
1173 5237 1197 5285 q.
1209 5236 1259 5273 aaa
1275 5219 1444 5285 superioribus
1455 5221 1514 5282 dtt.;
1533 5238 1557 5286 q.
1569 5223 1623 5272 iasa
1632 5223 1802 5285 mperiorim

476 5295 599 5346 Ocontra
610 5294 689 5346 codd.
699 5322 726 5332 -
741 5296 781 5347 32.
794 5295 844 5361 uls]
855 5296 1080 5349 1111111111-
1094 5295 1135 5350 31.
1147 5297 1186 5348 ed.
1197 5297 1247 5348 siri
1257 5296 1327 5362 1313
1337 5298 1368 5348 A:
1387 5298 1428 5349 ed.
1440 5302 1497 5348 sust
1507 5294 1565 5351 rell.
1577 5295 1655 5364 prob.
1668 5299 1755 5350 Garat
1765 5299 1797 5351 11.
