4367 6109
457 575 499 646 lb
748 575 898 643 ORATIO
918 575 998 642 PRO
1019 577 1110 647 SEX.
1130 577 1278 646 ROSCIO
1297 579 1481 646 metuo

458 767 553 830 quam
575 747 812 832 Chrysogonum
832 746 1009 811 nominavi:
1033 767 1128 832 quem
1149 748 1243 812 simul
1264 757 1362 833 atque
1376 750 1481 834 attigi,
1503 750 1609 814 statim
1622 749 1719 815 bomo
1733 772 1767 815 se

458 844 574 918 erexit,
596 841 700 904 mirari
716 841 803 903 visus
818 848 874 903 est.
903 841 1065 916 Intellexi,
1088 843 1166 926 quid
1181 862 1253 905 eum
1267 844 1464 926 pupugisset.
1492 845 1610 907 lterum
1623 865 1661 908 ac
1675 845 1767 908 tertio

457 937 626 1000 nominari.
658 936 770 996 Postea
791 934 935 998 homiues
956 956 1083 999 cursare
1104 936 1186 998 ultro
1209 943 1241 999 et
1263 937 1341 999 citro
1356 957 1422 1000 uon
1436 937 1639 1002 destiterunt:
1664 939 1768 1010 credo,

457 1033 512 1114 qui
535 1031 737 1113 Chrysogono
760 1029 942 1093 nuntiarent
963 1050 1031 1093 esse
1054 1031 1192 1114 aliquem
1214 1031 1246 1092 iu
1270 1030 1413 1104 civitate,
1444 1033 1501 1115 qui
1525 1039 1635 1096 contra
1655 1031 1768 1095 voluu-

432 1132 551 1187 statem
583 1123 651 1185 eius
678 1122 783 1186 dicere
814 1124 962 1200 auderet3
992 1125 1085 1189 aliter
1115 1143 1243 1188 causam
1274 1123 1326 1206 agi
1352 1132 1451 1208 atque
1482 1125 1537 1188 ille
1558 1125 1767 1201 existimaret,

454 1218 569 1301 aperiri
590 1217 745 1279 bonorum
767 1218 978 1300 emptionem,
999 1218 1108 1281 vexari
1129 1217 1265 1301 pessime
1284 1216 1482 1294 societatem,
1504 1221 1637 1301 gratiam
1657 1226 1769 1302 poten·

454 1312 593 1394 tiamque
614 1311 683 1374 eius
704 1311 838 1394 negligi,
860 1311 982 1375 iudices
1004 1313 1171 1393 diligenter
1190 1311 1368 1385 attendere,
1391 1311 1511 1395 populo
1525 1332 1592 1375 rem
1606 1312 1766 1396 indiguam

454 1405 562 1468 videri.
599 1400 649 1467 64.
672 1405 761 1481 Quae
778 1406 928 1488 quoniam
943 1414 974 1468 te
988 1405 1184 1480 fefellerunt,
1207 1405 1319 1479 Eruci,
1341 1406 1558 1491 quoniamque
1573 1405 1662 1470 vides
1678 1426 1768 1469 versa

418 1510 421 1519 ·
454 1518 523 1562 esse
545 1499 670 1576 omuia;
693 1519 818 1562 causam
841 1520 899 1583 pro
921 1501 995 1563 Sex.
1017 1500 1150 1573 Roscio,
1173 1499 1288 1562 sinon
1310 1498 1491 1574 commode,
1513 1509 1546 1562 at
1566 1500 1665 1564 libere
1688 1501 1767 1575 dici,

416 1606 444 1653 to
454 1613 549 1677 quem
571 1593 644 1656 dedi
665 1593 815 1677 putabas,
842 1592 968 1657 delendi
991 1593 1158 1675 intelligis;
1188 1613 1270 1676 quos
1292 1592 1462 1656 tradituros
1484 1595 1647 1677 sperabas,
1678 1596 1767 1659 vides

453 1688 609 1750 iudicare:
631 1687 760 1750 restitue
782 1686 874 1750 nobis
895 1686 1067 1770 aliquando
1081 1695 1221 1750 ueterem
1243 1695 1330 1751 tuam
1350 1687 1436 1750 illam
1452 1688 1655 1752 calliditatem
1669 1697 1766 1773 atque

452 1780 666 1862 prudentiam,
689 1789 741 1844 aot
762 1777 911 1845 confitere
933 1791 961 1844 te
980 1781 1043 1845 bue
1066 1801 1103 1844 ea
1125 1782 1335 1865 sperauisse,
1357 1780 1443 1864 quod
1461 1789 1589 1864 putares
1602 1783 1655 1847 bic
1670 1783 1766 1847 latro-

453 1876 586 1950 cinium,
608 1895 672 1938 non
694 1875 846 1938 iudicium
868 1875 1019 1940 futurum.

536 1972 582 2033 De
613 1968 781 2053 parricidio
811 1990 907 2033 causa
935 1969 1066 2036 dicitur:
1099 1972 1180 2035 ratio
1201 1972 1248 2035 ab.
1263 1979 1445 2036 accusatore
1467 1971 1592 2036 reddita
1611 1992 1678 2035 uon
1700 1980 1765 2045 est,

415 2079 547 2147 tequam
578 2063 619 2126 ob
649 2082 775 2128 causam
803 2072 925 2148 patrem
946 2061 1029 2126 filius
1051 2063 1211 2127 occiderit
1256 2061 1306 2142 62.
1329 2064 1423 2140 Quod
1445 2065 1478 2128 in
1500 2065 1638 2128 minimis
1659 2068 1764 2130 noxiis

453 2168 484 2221 et
505 2161 538 2222 in
559 2159 609 2223 bis
630 2159 801 2223 levioribus
822 2157 976 2242 peccatis,
999 2177 1081 2241 quae
1103 2159 1202 2240 magis
1217 2157 1326 2221 crebra
1343 2165 1376 2220 et
1389 2159 1450 2220 iarn
1465 2178 1565 2242 prope
1579 2160 1764 2242 quotidiana

452 2260 542 2328 sunt,
565 2253 699 2316 maxime
721 2261 753 2315 et
774 2254 909 2336 primurn
932 2252 1109 2336 quaeritur,
1132 2271 1214 2335 quae
1236 2271 1331 2315 causa
1345 2249 1491 2315 maleficii
1505 2252 1618 2328 luerit,
1640 2255 1672 2316 id
1686 2255 1765 2318 Eru-

452 2348 520 2411 cius
541 2347 576 2410 iu
596 2346 766 2430 parricidio
789 2346 899 2430 quaeri
920 2366 985 2409 nou
1006 2353 1098 2430 putat
1118 2354 1274 2430 oportere.
1317 2348 1353 2409 lu
1376 2365 1440 2429 quo
1462 2346 1598 2423 scelere,
1626 2348 1764 2423 iudices,

452 2444 546 2506 etiam
567 2451 642 2505 cum
659 2443 776 2505 multae
798 2461 912 2504 causae
935 2442 1122 2505 convenisse
1143 2462 1242 2505 uuum
1263 2439 1417 2503 inlocum
1431 2447 1528 2524 atque
1542 2441 1625 2504 inter
1639 2462 1674 2505 se
1688 2461 1764 2506 oon·

414 2549 563 2621 aogruere
591 2534 752 2610 videntur,
783 2543 887 2598 umen
915 2555 980 2598 nou
1002 2542 1118 2598 temere
1140 2535 1280 2599 creditur
1300 2554 1405 2618 neque
1427 2533 1488 2597 levi
1511 2534 1693 2600 coniectura
1714 2556 1763 2599 ree

450 2631 601 2717 penditur
620 2650 723 2713 neque
746 2630 835 2693 testis
856 2629 995 2692 incertus
1016 2629 1144 2692 auditur
1164 2648 1268 2712 neque
1289 2628 1480 2691 accusatoris
1501 2628 1629 2712 iugenio
1650 2649 1702 2693 res
1716 2631 1763 2692 iu-

451 2727 582 2790 dicatur.
627 2725 703 2787 Cum
733 2724 832 2786 multa
859 2732 952 2787 antea
969 2724 1141 2788 commissa
1162 2720 1327 2796 maleficia,
1356 2742 1427 2786 cum
1448 2723 1513 2786 vita
1533 2723 1671 2788 bominis
1692 2745 1763 2808 per-

450 2821 621 2894 ditissima,
643 2828 709 2883 tum
730 2818 898 2901 singularis
919 2819 1052 2912 audacia
1073 2819 1259 2883 ostendatur
1278 2838 1408 2882 necesse
1423 2825 1488 2891 est,
1510 2837 1615 2901 neque
1631 2819 1763 2882 audacia

451 2916 570 2990 solum,
592 2914 648 2978 sed
670 2933 810 2977 sumruus
833 2913 923 2976 furor
943 2920 1038 2996 atque
1060 2914 1207 2977 amentia.
1241 2913 1328 2976 llaec
1350 2932 1420 2976 cum
1435 2913 1500 2975 siut
1513 2913 1634 2987 omnia,
1656 2921 1762 2978 tamen

412 3018 576 3076 ”exstent
596 3015 721 3092 oportet
742 3026 893 3090 expressa
913 3008 1041 3071 sceleris
1063 3008 1211 3091 vestigia,
1238 3007 1310 3083 ubi,
1333 3027 1396 3091 qua
1417 3007 1555 3082 ratione,
1582 3027 1642 3090 per
1662 3026 1760 3091 quos,

449 3126 514 3191 quo
544 3113 684 3188 tempore
717 3097 904 3165 maleficium
931 3102 973 3165 sit
997 3100 1180 3165 admissum.
1225 3101 1315 3177 Quae
1339 3101 1401 3164 nisi
1423 3101 1521 3163 mrdta
1543 3108 1575 3164 et
1595 3102 1761 3166 manifesta

449 3207 537 3272 suut,
557 3198 699 3281 prolecto
721 3216 772 3258 res
794 3201 857 3258 tam
872 3195 1020 3268 scelesta,
1043 3204 1107 3258 tam
1121 3201 1227 3269 atrox,
1249 3202 1313 3257 tam
1328 3194 1448 3259 nefaria
1462 3196 1547 3258 credi
1563 3215 1628 3258 non
1643 3201 1758 3279 potest

449 3294 499 3358 63.
521 3296 634 3375 Magna
654 3299 704 3353 est
724 3290 808 3352 enim
826 3290 873 3353 vis
894 3290 1116 3364 humanitatis3
1139 3289 1272 3351 multum
1287 3288 1371 3353 valet
1384 3288 1564 3353 commuuio
1580 3289 1760 3372 sauguinis3

447 3387 622 3453 reclamitat
642 3384 822 3447 istiusmodi
845 3383 1077 3467 suspicionibus
1100 3383 1169 3465 ipsa
1190 3390 1317 3459 natura;
1349 3391 1532 3466 portentum
1553 3393 1650 3468 atque
1672 3405 1761 3448 mon-

411 3489 547 3547 ³⁰strum
568 3478 777 3543 certissimum
799 3485 847 3540 est
868 3496 937 3540 esse
959 3478 1099 3562 aliquem
1113 3477 1251 3540 bumana
1265 3479 1371 3560 specie
1387 3486 1419 3541 et
1432 3475 1547 3559 figura,
1569 3479 1625 3562 qui
1639 3486 1760 3542 tanturn

448 3574 641 3640 immanitate
668 3571 785 3636 bestias
812 3571 937 3645 vicerit,
968 3579 1022 3646 ut,
1054 3579 1185 3654 propter
1211 3591 1292 3653 quos
1314 3571 1396 3635 banc
1418 3572 1637 3636 suavissimam
1658 3573 1760 3635 luceru

447 3669 620 3755 aspexerit,
643 3686 698 3729 eos
719 3665 939 3747 indignissime
960 3664 1030 3727 luce
1048 3664 1193 3747 privarit,
1215 3683 1287 3726 cum
1302 3666 1396 3730 etiam
1410 3665 1493 3730 feras
1507 3666 1590 3729 iuter
1604 3685 1673 3730 sese
1687 3685 1759 3750 par-

448 3772 497 3827 tus
519 3770 615 3847 atque
638 3759 783 3824 educatio
807 3766 839 3823 et
859 3766 971 3822 natura
991 3757 1062 3840 ipsa
1083 3758 1240 3822 conciliet.

511 3941 535 3990 2.
554 3937 618 4003 mm]
635 3938 700 3988 enim
712 3938 741 3986 G.
756 3963 784 3973 -
799 3936 943 3999 pupugisset
958 3947 1011 3997 ac,
1030 3934 1173 3985 Diomedes
1189 3948 1216 4000 p.
1229 3934 1294 3986 ibt:
1309 3937 1448 4000 pepupisset
1459 3939 1557 4000 GMC,
1575 3937 1653 3989 codd.
1666 3937 1757 3989 Lamb.

443 4016 480 4078 (v.
498 4012 560 4065 Gell.
579 4015 609 4064 N.
631 4016 683 4065 nti.
701 4011 754 4063 vu.
772 4011 820 4074 44.);
843 4012 974 4077 pepigisset
993 4025 1019 4060 v.
1045 4037 1072 4048 -
1099 4011 1124 4061 3.
1144 4011 1211 4061 ultro
1231 4015 1254 4060 et
1274 4011 1337 4061 citro
1361 4012 1438 4063 codd.
1459 4011 1568 4064 Tulliani
1589 4016 1616 4063 et
1635 4014 1758 4065 Ροίοοίοοί

446 4090 507 4153 (xv.
526 4089 560 4148 3.)
577 4090 719 4153 apparatus
735 4087 882 4138 Hertziani:
902 4087 968 4136 uitro
989 4086 1100 4148 mboque
1115 4086 1195 4136 Prisc.
1215 4083 1257 4135 ed.
1276 4085 1362 4136 Krehl.
1379 4100 1406 4152 p.
1422 4086 1489 4148 622..
1509 4101 1577 4152 quae
1594 4085 1759 4152 interpolatio

445 4178 477 4216 ex
495 4162 596 4224 verbis,
615 4176 683 4227 quae
701 4161 772 4227 upud
788 4161 868 4213 Prisc.
888 4159 1051 4227 praecedunt
1067 4161 1148 4210 sunm
1163 4161 1255 4210 datur
1269 4160 1470 4225 atrocemque»
1488 4165 1545 4213 orta
1557 4165 1606 4213 est.
1621 4190 1648 4198 -
1666 4162 1690 4214 4.
1709 4163 1759 4212 oti-

445 4253 517 4303 quem
533 4252 583 4289 esse
598 4252 629 4299 v,
648 4251 701 4288 om.
719 4249 770 4288 esse
785 4239 821 4298 G,
839 4239 869 4287 ut
884 4235 961 4287 lectio
977 4249 995 4285 v
1008 4247 1072 4286 vera
1083 4235 1211 4285 videatur.
1227 4261 1253 4270 —
1272 4236 1299 4285 iu
1315 4236 1438 4288 dcimam
1449 4240 1482 4297 G,
1502 4239 1538 4287 St.
1552 4238 1617 4290 vict.
1632 4265 1659 4275 —
1678 4240 1703 4289 5.
1716 4240 1759 4303 opi

445 4312 528 4378 oque]
546 4318 620 4375 utque
636 4312 709 4363 aliter
725 4314 755 4362 G.
775 4338 802 4346 -
822 4311 845 4361 5.
863 4313 1021 4376 proliumque
1038 4311 1067 4360 G.
1088 4337 1115 4345 -
1143 4310 1168 4361 7.
1186 4312 1239 4361 eius
1254 4322 1307 4361 om.
1326 4313 1355 4361 G.
1376 4339 1403 4348 -
1421 4312 1445 4363 8.
1464 4312 1583 4374 quonium
1597 4313 1664 4361 uides
1680 4312 1709 4362 C.
1729 4341 1757 4351 -

445 4390 469 4440 3.
488 4389 523 4454 ot]
540 4401 572 4438 uc
587 4400 616 4445 v,
635 4392 708 4450 utpu
725 4388 754 4436 G.
775 4412 801 4421 -
822 4387 861 4436 40.
880 4386 994 4450 intemplo
1010 4387 1038 4436 et
1053 4385 1150 4436 deiude
1166 4387 1360 4437 uidesBuecbu.
1379 4388 1453 4437 uncis
1464 4386 1569 4438 inclusit
1580 4385 1613 4437 de
1624 4387 1685 4437 Ero.
1699 4400 1759 4438 sen·

446 4466 534 4516 tentia.
562 4462 629 4513 «Sed
649 4462 713 4512 scite
735 4463 776 4512 est
792 4461 921 4525 oppositio
938 4462 976 4512 sic
993 4459 1147 4525 partienda:
1172 4461 1241 4512 uider
1255 4475 1328 4512 uersu
1344 4475 1395 4512 esse
1410 4463 1512 4513 omum:
1537 4475 1599 4513 nam
1615 4462 1638 4524 e)
1655 4475 1758 4511 causum

444 4540 518 4591 tibere
534 4540 596 4601 dici,
614 4537 751 4601 qaoemdedi
763 4535 880 4599 putabas,
900 4536 994 4599 defendi
1010 4535 1178 4599 inteitipis;
1196 4536 1223 4599 b)
1236 4537 1581 4600 qssostrudinarossperobos,
1598 4537 1759 4586 oidesiudi·

443 4628 519 4666 core:
537 4615 563 4665 iu
580 4625 660 4678 quem
676 4610 848 4677 interpolator
863 4612 905 4662 vix
922 4611 1083 4663 incidisset.»
1101 4612 1145 4661 Or.
1158 4613 1182 4663 2.
1202 4611 1298 4662 Contra
1315 4610 1481 4663 Gliemannus
1498 4611 1655 4675 (irrisionis
1671 4611 1756 4662 Pbitot.

442 4706 470 4740 u.
487 4691 581 4754 Podop.
600 4689 642 4739 lll.
661 4700 688 4752 p.
705 4686 772 4747 594.)
795 4699 837 4735 vv.
854 4699 958 4736 caurom
974 4713 1013 4724 --
1030 4687 1078 4736 dici
1093 4699 1143 4751 pro
1160 4687 1255 4751 spuriis
1273 4685 1362 4737 babet.
1377 4713 1404 4723 -
1424 4688 1463 4736 43.
1480 4692 1526 4736 out
1540 4688 1655 4750 confitere
1671 4685 1702 4750 4ο]
1719 4687 1757 4736 stc

443 4767 463 4817 L
487 4779 518 4816 ex
539 4766 643 4815 llotom.
663 4760 864 4813 emendatione:
888 4765 932 4811 out
953 4763 980 4810 et
1001 4766 1023 4811 te
1046 4773 1099 4812 om.
1118 4760 1195 4811 codd.
1214 4761 1243 4810 0.
1270 4760 1359 4822 Qualis
1379 4762 1440 4812 insit
1456 4761 1584 4812 sententia
1601 4761 1628 4810 lu
1644 4756 1757 4810 lectione

443 4839 557 4904 vulgari,
575 4835 632 4890 eliis
648 4834 885 4887 demonstrandum
901 4833 1030 4899 relinquo.
1046 4862 1073 4872 -
1091 4836 1132 4885 45.
1146 4835 1230 4885 maiis
1241 4837 1421 4900 Gblxqrvu,
1439 4835 1549 4896 3Parr.,
1568 4836 1637 4886 Crat.
1650 4846 1755 4898 margo:

442 4916 517 4966 umis
533 4916 589 4973 Le,
614 4914 672 4963 Per.
691 4912 715 4961 7.
734 4910 758 4961 8.
779 4934 806 4946 ·-
832 4911 871 4960 t‘i.
888 4911 1000 4960 marion
1015 4922 1072 4960 vo:
1099 4910 1126 4959 id
1140 4911 1253 4960 macine
1274 4924 1290 4960 a
1310 4913 1337 4961 et
1360 4908 1437 4961 codd.
1461 4912 1523 4961 uoti.
1559 4910 1687 4961 «Librartl
1708 4914 1759 4975 pe'r

442 4985 588 5056 ἀβλοψίαν
604 4989 656 5039 iam
672 4987 716 5038 bic
732 4978 873 5037 ἀπόδοσιν
889 4987 1006 5050 incipere
1023 4983 1224 5051 opinabantur·
1242 4984 1287 5034 Or.
1300 4985 1324 5034 2.
1339 5010 1365 5019 —
1384 4986 1411 5034 iu
1426 4984 1546 5050 mencio
1562 4999 1588 5035 v.
1603 5011 1631 5021 -
1649 4984 1690 5035 48.
1707 4997 1758 5033 nou

439 5073 514 5132 putat
529 5067 643 5129 ippum
662 5074 686 5124 q.
705 5075 745 5124 op.
758 5075 782 5112 e.
798 5089 826 5100 -
843 5061 884 5112 tt.
902 5075 959 5111 cum
974 5060 1027 5110 cito
1044 5060 1134 5120 Gblv,
1152 5059 1256 5111 born:
1275 5064 1327 5108 trun
1341 5060 1395 5110 nto
1411 5060 1488 5111 Oac.
1503 5087 1530 5099 -
1549 5058 1590 5111 bl.
1608 5064 1756 5110 tammum

443 5145 473 5194 G.
493 5169 519 5181 -
538 5142 580 5193 25.
598 5138 694 5190 sceleris
708 5142 768 5187 oen.
786 5130 927 5198 expelli.
947 5162 975 5170 -
1000 5136 1042 5186 26.
1060 5133 1091 5198 et]
1109 5148 1140 5184 ec
1155 5148 1181 5185 v.
1201 5160 1229 5169 -
1254 5133 1296 5185 29.
1319 5135 1440 5185 recturmt
1458 5136 1494 5187 lli
1516 5137 1544 5186 et
1559 5135 1707 5186 Victorinus
1723 5131 1758 5183 ad

443 5220 498 5270 Cic.
516 5217 550 5267 de
567 5218 621 5266 lnv.
639 5214 671 5265 11.
689 5214 730 5263 45.
756 5212 789 5277 [p.
809 5210 856 5264 433
873 5211 927 5275 Or.)
944 5209 1021 5276 prob.
1040 5211 1126 5262 Garat.
1139 5210 1165 5263 2.
1183 5235 1211 5248 ··
1229 5208 1270 5262 30.
1289 5209 1377 5272 otiosus
1392 5224 1417 5261 v.
1433 5238 1460 5250 -
1478 5210 1519 5262 32.
1534 5211 1673 5274 mannii
1687 5221 1713 5258 v.
1728 5233 1755 5242 -

443 5293 485 5345 33.
502 5296 577 5356 atqie
592 5302 646 5342 om.
664 5288 777 5341 CHSe.
