4367 6109
683 612 755 678 er.
777 612 831 677 lll.
861 610 934 678 Gar.
956 612 1165 678 XLIX—Li.
1194 611 1251 696 55.
1274 609 1464 679 lto-tto.
1670 612 1733 682 277

418 803 493 850 vero
506 783 587 848 istae
601 782 661 847 sibi
676 782 967 867 quinquagesimae,
984 781 1062 865 quid
1077 802 1171 866 porro
1182 802 1380 846 nummorum
1394 785 1591 848 accessiones
1606 785 1736 850 volunt?

419 897 484 964 quo
506 876 540 941 id
561 877 630 940 inre
652 885 745 961 atque
774 877 854 940 adeo
881 897 944 960 quo
966 876 998 939 id
1020 877 1126 960 potius
1155 896 1243 940 more
1263 875 1387 940 fecisti?
1409 880 1621 942 -Nummos
1644 880 1738 945 dabat

417 979 530 1036 arator.
544 1002 587 1019 -·
603 971 675 1045 Quo
696 971 814 1035 modo?
835 978 889 1034 aut
910 971 1016 1033 uude?
1038 971 1093 1053 qui
1116 971 1142 1033 si
1166 971 1359 1053 largissimus
1381 992 1451 1035 esse
1466 973 1575 1047 vellet,
1596 973 1737 1037 cumula·

418 1068 500 1131 tiore
521 1084 669 1130 mensura
689 1071 838 1138 uteretur,
861 1071 895 1128 ut
915 1072 1006 1127 antea
1027 1062 1170 1127 solebant
1191 1064 1294 1127 facere
1315 1064 1349 1126 in
1371 1064 1521 1140 decumis,
1547 1087 1618 1130 cum
1633 1085 1736 1150 aequa

416 1161 486 1244 lege
501 1166 534 1223 et
547 1157 732 1223 condicione
749 1158 906 1222 venibant.
920 1191 962 1204 -
976 1158 1006 1220 Is
1020 1176 1183 1219 nummum
1199 1157 1301 1220 dabat
1316 1191 1357 1204 -
1372 1159 1481 1221 Unde?
1503 1158 1543 1222 de
1557 1158 1759 1225 frumento?⁸

417 1254 509 1340 quasi
531 1253 697 1316 habuisset
717 1259 748 1315 te
769 1258 914 1337 praetore
937 1251 1022 1335 quod
1044 1250 1205 1313 venderet.
1252 1252 1297 1314 lle
1318 1251 1391 1314 vivo
1413 1252 1510 1334 igitur
1530 1252 1649 1337 aliquid
1671 1263 1738 1319 erat

416 1347 634 1420 resecandum,
655 1352 690 1409 ut
711 1353 805 1418 essct,
827 1345 911 1407 unde
924 1344 1062 1428 Apronio
1084 1343 1124 1405 ad
1147 1343 1218 1406 illos
1238 1343 1358 1408 fructus
1373 1346 1548 1409 arationum
1562 1345 1621 1410 hoc
1637 1348 1737 1411 corol-

416 1441 530 1503 larium
564 1459 761 1503 nummorum
783 1437 960 1501 adderetur.
1012 1438 1077 1498 lam
1099 1436 1132 1498 id
1161 1456 1255 1519 porro
1284 1445 1386 1500 utrum
1415 1438 1549 1502 libentes
1578 1461 1618 1503 an
1644 1441 1737 1504 inviti

416 1534 554 1598 dabant?
597 1534 769 1596 Libenter?
790 1532 953 1606 amabant,
975 1531 1089 1605 credo,
1110 1532 1294 1612 Apronium.
1337 1533 1452 1595 lnviti?
1482 1553 1544 1615 qua
1566 1554 1600 1597 re
1622 1536 1683 1598 uisi
1704 1536 1736 1598 vi

417 1637 449 1692 et
471 1628 553 1691 malo
575 1626 788 1709 cogebantur?
823 1627 888 1687 lam
909 1626 969 1688 iste
990 1625 1084 1689 bomo
1106 1625 1339 1688 amentissimus
1354 1627 1388 1688 in
1404 1625 1582 1690 vendundis
1597 1627 1774 1693 decumisro

416 1742 616 1786 nummorum
630 1721 765 1784 faciebat
779 1722 974 1783 accessiones
989 1720 1027 1782 ad
1043 1719 1184 1801 singulas
1201 1719 1365 1783 decumas:
1382 1740 1486 1804 neque
1501 1721 1648 1798 multum;
1663 1723 1738 1787 bina

416 1822 471 1878 aut
497 1823 586 1878 terna
612 1815 699 1877 milia
727 1834 889 1876 nummum
919 1813 1063 1876 addebat.
1115 1814 1209 1877 Fiunt
1238 1834 1295 1897 per
1325 1815 1494 1879 triennium
1517 1815 1576 1878 Hs
1600 1833 1629 1879 ro
1652 1818 1739 1880 milia

415 1907 560 1972 fortasse.
602 1909 670 1972 Hoc
692 1928 796 1992 neque
818 1907 964 1990 exemplo
987 1909 1173 1990 cuiusquam
1202 1928 1307 1992 neque
1337 1910 1404 1972 iure
1425 1909 1492 1972 ullo
1514 1908 1605 1984 fecit,
1632 1930 1737 1994 neque

416 2021 486 2065 eam
507 2004 675 2086 pecuniam
696 2002 831 2077 rettulit,
853 2022 958 2085 neque
980 2000 1041 2064 boc
1063 2022 1194 2085 parvum
1217 2003 1334 2066 crimen
1359 2023 1453 2087 quem
1476 2003 1516 2065 ad
1538 2003 1666 2065 modum
1683 2004 1737 2066 de·

414 2094 563 2159 fensurus
586 2097 643 2170 sit,
666 2096 761 2159 bomo
784 2096 953 2180 quisquam
975 2115 1126 2178 umquam
1148 2097 1349 2178 excogitabit.
1747 2111 1775 2159 to

502 2183 573 2252 ltu.
597 2190 693 2266 Quod
715 2211 786 2255 cum
808 2192 849 2253 ita
872 2191 921 2263 sit,
944 2188 1040 2253 audes
1063 2189 1167 2252 dicere
1190 2198 1221 2252 te
1243 2210 1357 2272 magno
1380 2189 1737 2268 decumasvendidisse,

417 2307 489 2349 cum
511 2285 553 2348 sit
573 2287 770 2369 perspicuum
796 2293 827 2347 te
850 2284 932 2348 bona
961 2282 1167 2367 fortunasque
1189 2292 1347 2348 aratorum
1370 2306 1434 2349 nou
1464 2286 1572 2369 populi
1594 2284 1738 2359 Romani,

417 2381 474 2445 sed
496 2379 542 2443 tui
565 2387 715 2463 quaestus
737 2399 831 2443 causa
852 2377 1054 2443 vendidisse?
1098 2379 1147 2453 Ut,
1162 2379 1189 2442 si
1212 2379 1267 2462 qui
1289 2381 1400 2443 vilicus
1423 2401 1463 2442 ex
1485 2400 1524 2443 eo
1546 2379 1661 2452 fundo,
1684 2378 1739 2462 qui

415 2474 476 2538 HS
498 2473 581 2537 dena
601 2475 793 2546 meritasset‚
821 2472 937 2535 excisis
959 2471 1121 2534 arboribus
1143 2492 1179 2535 ac
1200 2474 1352 2547 venditis,
1382 2474 1516 2557 demptis
1539 2474 1668 2557 tegulis,
1691 2473 1742 2537 in-,

415 2574 590 2632 strumento
613 2586 728 2649 pecore
749 2567 935 2639 abalienato,
958 2565 1086 2628 domino
1109 2587 1153 2628 xx
1181 2567 1267 2630 milia
1294 2588 1455 2630 nummum
1485 2587 1542 2651 pro
1564 2589 1586 2631 x
1608 2566 1775 2641 miseritur

415 2664 475 2727 sibi
497 2662 559 2725 alia
580 2670 742 2744 praeterea
763 2667 886 2724 centum
908 2658 1087 2732 confecerit,
1110 2661 1211 2743 primo
1227 2661 1382 2734 dominus,
1405 2662 1532 2744 ignarus
1546 2660 1738 2724 incommodi

415 2757 482 2829 sui,
505 2756 639 2837 gaudeat
659 2755 817 2838 vilicoque
840 2753 1028 2826 delectetur,
1051 2754 1136 2836 quod
1153 2762 1238 2819 tanto
1253 2754 1325 2838 plus
1340 2756 1401 2819 sibi
1416 2757 1568 2819 mercedis
1584 2775 1624 2816 ex
1638 2754 1737 2820 fundo

415 2849 568 2915 refectum
590 2848 644 2925 sit;
674 2850 797 2923 deiude,
820 2868 892 2911 cum
914 2848 1048 2910 audierit
1069 2868 1122 2910 eas
1145 2870 1211 2923 res,
1234 2850 1347 2933 quibus
1369 2849 1458 2913 fundi
1480 2851 1598 2914 fructus
1620 2858 1651 2911 et
1672 2848 1738 2911 cul·

415 2953 484 3008 tura
506 2944 700 3017 continetur,
722 2950 843 3005 amotas
866 2949 898 3004 et
918 2941 1078 3015 venditas,
1102 2964 1223 3006 summo
1246 2944 1403 3029 supplicio
1426 2945 1553 3008 vilicum
1576 2944 1691 3006 alliciat
1706 2948 1738 3006 et

415 3056 524 3101 secum
546 3036 627 3099 male
649 3043 752 3099 actum
774 3044 877 3118 putet:
900 3035 973 3098 item
996 3035 1132 3119 populus
1148 3037 1315 3111 Romanus,
1337 3059 1407 3101 cum
1427 3039 1515 3101 audit
1528 3040 1628 3122 pluris
1644 3038 1775 3107 decu-ss

414 3150 481 3194 mas
514 3128 696 3193 vendidisse
726 3130 759 3192 C.
782 3132 926 3205 Verrem,
956 3149 1049 3212 quam
1078 3130 1368 3194 innocentissimum
1395 3133 1572 3208 bominem,
1601 3134 1651 3196 cui
1679 3133 1737 3195 iste

416 3225 582 3297 successit,
613 3223 646 3285 C.
670 3222 886 3297 Sacerdotem,
915 3231 1004 3306 putat
1031 3243 1065 3285 se
1092 3223 1211 3285 bonum
1239 3224 1272 3286 in
1301 3226 1492 3289 arationibus
1520 3225 1737 3309 fructibusque

415 3320 480 3383 suis
501 3318 650 3380 babuisse
672 3316 835 3380 custodem
858 3337 894 3380 ac
915 3317 1059 3392 vilicum;
1081 3337 1152 3378 cum
1172 3319 1305 3380 senserit
1326 3321 1419 3382 istum
1442 3340 1535 3383 omne
1549 3321 1738 3382 instrumen-

415 3423 479 3477 tum
512 3420 686 3484 aratorum,
725 3411 829 3474 omnia
862 3411 1002 3473 subsidia
1033 3410 1232 3491 vectigalium
1265 3412 1458 3485 vendidisse,
1491 3433 1615 3476 ornnem
1648 3432 1737 3494 spem

414 3508 607 3591 posteritatis
629 3506 757 3568 avaritia
780 3525 836 3567 sua
858 3504 1035 3577 sustulisse,
1062 3506 1219 3567 arationes
1242 3512 1273 3567 et
1294 3524 1386 3586 agros
1407 3505 1576 3587 vectigales
1597 3512 1775 3572 vastasseso

415 3608 511 3684 atquc
533 3599 724 3672 exinanisse,
747 3600 846 3683 ipsum
870 3599 1023 3661 maximos
1047 3605 1196 3681 quaestus
1219 3599 1416 3682 praedasque
1439 3598 1562 3672 fecisse,
1584 3599 1740 3680 intelliget

415 3716 523 3760 secum
545 3713 614 3757 esse
636 3700 741 3756 actum
763 3693 911 3776 pessime,
933 3693 1027 3755 istum
1049 3701 1155 3755 autem
1178 3712 1298 3756 summo
1314 3694 1469 3776 supplicio
1485 3693 1615 3775 dignum
1631 3694 1739 3755 existi·

415 3790 521 3855 mabit.
564 3789 614 3850 Ll.
638 3782 708 3848 ltu.
732 3787 820 3850 Unde
843 3807 918 3869 ergo
940 3787 999 3850 boc
1023 3786 1154 3868 intelligi
1177 3790 1305 3868 potest?
1326 3789 1375 3849 Ex
1395 3787 1456 3851 hoc
1477 3786 1630 3862 maxime,
1652 3786 1737 3870 quod

415 3905 490 3967 ager
511 3885 704 3947 decumanus
727 3883 907 3963 provinciae
923 3881 1048 3943 Siciliae
1070 3890 1200 3963 propter
1221 3882 1312 3944 istius
1335 3882 1494 3945 avaritiam
1517 3881 1661 3944 desertus
1679 3886 1737 3955 est.

414 3982 524 4063 Neque
545 3978 577 4041 id
599 3975 704 4039 solum
725 3976 855 4050 accidit,
881 3976 928 4038 uti
949 3976 1053 4038 minus
1076 3974 1182 4037 multis
1204 3976 1284 4057 iugis
1311 3983 1450 4050 ararent,
1473 3975 1500 4038 si
1523 3974 1579 4058 qui
1600 3974 1633 4036 in
1654 3974 1775 4054 agrisao

477 4267 503 4316 ἰ.
517 4265 601 4328 potius
618 4265 772 4328 suspectum
793 4263 854 4313 Ern.
874 4265 901 4313 et
918 4262 1046 4327 Zumptio.
1067 4288 1094 4299 -
1112 4275 1182 4312 more
1198 4259 1258 4312 cod.
1277 4261 1384 4311 franc:
1409 4274 1452 4311 ore
1468 4263 1514 4312 ctt.
1534 4286 1562 4297 -
1580 4261 1605 4310 5.
1621 4260 1738 4312 venibant

412 4347 445 4395 L:
469 4342 581 4393 emutat
603 4339 685 4402 [μὴ
707 4337 836 4388 veniebant
856 4339 870 4388 Ἰ
895 4337 996 4401 reliqui.
1022 4366 1049 4374 -
1068 4338 1092 4386 6.
1111 4338 1140 4387 dc
1155 4337 1212 4386 uiuo
1234 4337 1301 4399 igi?
1313 4336 1400 4393 istm
1424 4337 1453 4386 dc
1469 4350 1520 4385 uno
1535 4336 1576 4386 29.
1597 4363 1624 4373 -
1642 4337 1738 4398 aliquid

412 4422 467 4468 crat
479 4416 560 4481 cgta:
573 4421 628 4465 erut
639 4415 673 4464 ol.
686 4413 742 4463 rell.
756 4415 784 4463 0.
794 4441 820 4451 -
831 4415 870 4464 tl.
882 4416 1049 4480 nummorum]
1062 4414 1111 4463 NS.
1125 4414 1156 4463 N.
1168 4440 1194 4448 -
1205 4413 1243 4462 ⁴2.
1256 4413 1328 4461 metio
1338 4425 1467 4461 nummum
1479 4411 1546 4475 tgtr
1557 4426 1594 4473 ro:
1608 4425 1737 4462 nummum

415 4507 469 4543 cm.
489 4489 544 4542 rell.
564 4517 591 4526 -
610 4504 635 4541 ro
651 4492 722 4540 mdia
738 4491 797 4553 sort.
822 4490 902 4555 egis:
926 4492 984 4554 sort.
1006 4501 1031 4538 ro
1047 4487 1118 4537 mitto
1134 4484 1190 4537 rell.
1209 4488 1238 4537 0.
1258 4512 1286 4523 -
1307 4485 1346 4536 t3.
1369 4487 1423 4536 iure
1442 4486 1493 4535 ulto
1510 4484 1589 4549 bglt:
1616 4486 1666 4535 atto
1682 4488 1737 4536 ture

412 4565 468 4618 rell.
487 4566 515 4616 0.
532 4592 558 4602 -
574 4566 612 4615 lb.
631 4579 760 4626 nunquam
778 4565 852 4628 tgtr.
869 4593 895 4600 -
909 4563 1059 4628 excogitabit
1076 4563 1143 4612 coni.
1163 4562 1237 4611 Ern.:
1256 4563 1407 4625 arcogitoott
1422 4560 1502 4610 codd.
1518 4584 1544 4595 -
1559 4560 1599 4609 to.
1618 4565 1641 4609 tc
1657 4561 1738 4611 dicero

413 4641 482 4706 egro
494 4643 514 4690 Α
526 4640 554 4690 Β.
570 4665 596 4674 ·-
611 4640 650 4689 47.
669 4641 701 4688 sit
718 4652 769 4689 om.
791 4640 866 4702 [μθ.
882 4666 908 4675 -
923 4640 962 4690 l8.
980 4641 1002 4688 st
1019 4639 1061 4701 qui
1078 4640 1109 4697 N,
1130 4635 1202 4687 rell:
1221 4638 1242 4687 si
1259 4639 1314 4699 quis
1329 4638 1358 4687 0.
1374 4664 1401 4674 -
1415 4636 1465 4700 qut]
1483 4637 1523 4685 cui
1540 4638 1570 4686 N.
1586 4664 1612 4672 -
1633 4636 1672 4685 ⁴9.
1686 4636 1735 4701 HS]

412 4716 526 4767 sestertia
543 4712 619 4776 Lgli.
635 4738 670 4770 -e
680 4717 817 4766 meritasset
829 4718 859 4777 N,
877 4715 932 4765 rell.
944 4730 950 4764 z
968 4717 1009 4766 cut
1020 4742 1033 4751 -
1044 4727 1137 4763 merces
1152 4717 1211 4762 esset
1222 4714 1303 4774 Naug.
1319 4737 1346 4746 -
1359 4711 1399 4759 20.
1411 4710 1454 4774 rr]
1465 4711 1523 4760 τοῦ
1536 4711 1613 4773 lagg.
1627 4710 1690 4760 dett.
1706 4736 1734 4747 -

411 4793 452 4843 rt.
471 4791 517 4841 ribi
532 4791 619 4851 atiquo
637 4791 713 4852 lgl't.
735 4819 761 4827 -
781 4792 820 4841 Ὦ.
837 4791 894 4853 plus
909 4791 954 4840 sibi
971 4790 1054 4853 Lgli:
1072 4789 1118 4839 sibi
1131 4790 1188 4851 ptus
1204 4786 1261 4837 rell.
1280 4788 1309 4836 0.
1330 4815 1357 4823 —
1375 4787 1416 4836 23.
1434 4791 1559 4847 receptum
1574 4789 1605 4836 u't
1616 4786 1693 4849 Lssli.
1706 4812 1734 4822 -

412 4868 453 4919 il.
471 4866 610 4916 continetur
626 4865 704 4915 codd.
724 4867 791 4915 noti:
814 4868 968 4916 continentur
985 4868 1013 4916 0.
1034 4891 1060 4901 -
1073 4867 1114 4915 25.
1133 4863 1199 4927 tleru]
1216 4864 1254 4911 ita
1270 4862 1329 4912 cod.
1349 4863 1404 4913 Urs.
1424 4861 1514 4910 Fraoc.
1529 4887 1555 4897 -
1569 4861 1609 4909 96.
1629 4860 1654 4910 C.
1673 4861 1734 4909 ante

416 4943 515 4991 Verrem
532 4942 559 4990 et
575 4944 637 4990 ante
654 4941 755 4989 Sacerd.
774 4954 827 4990 om.
842 4941 917 5004 Lglt.
933 4968 960 4978 -
974 4942 1014 4990 Ἡ.
1028 4939 1171 4989 oratoribus
1183 4938 1259 5000 eges.
1276 4963 1301 4972 -
1316 4937 1356 4986 28.
1369 4949 1440 4984 omne
1450 4936 1601 4998 (rumentum
1613 4933 1689 4996 Lglt.
1705 4959 1732 4969 -

413 5017 453 5067 29.
471 5016 606 5069 vendidisse
622 5016 744 5064 crutodem
761 5028 857 5065 omnm
874 5015 949 5078 Lgli.
971 5041 997 5052 -
1018 5016 1057 5065 ³0.
1077 5015 1200 5064 cretionis
1217 5013 1293 5076 iguo.
1319 5011 1380 5076 [uon
1398 5011 1448 5075 ta]
1468 5039 1494 5047 -
1513 5022 1589 5074 agros
1603 5008 1735 5058 occttuasss

413 5096 487 5151 atquo
503 5088 580 5152 Lgli.
596 5117 623 5127 -
637 5088 677 5140 dt.
696 5090 818 5154 intedtqot
835 5092 911 5154 agas.
928 5118 953 5128 -
968 5091 1008 5141 32.
1026 5103 1076 5140 csse
1092 5095 1177 5138 sctum
1189 5089 1294 5152 pessime
1311 5086 1378 5149 egla
1396 5085 1452 5148 (sed
1470 5088 1593 5149 corrupte
1608 5083 1733 5147 pastoral:

414 5171 498 5215 crtum
514 5178 564 5215 csso
575 5178 641 5228 pass.
659 5163 716 5215 reli.
736 5166 764 5214 0.
780 5192 805 5202 -
820 5167 860 5216 35.
879 5167 968 5216 occidit
984 5164 1008 5222 l,
1028 5167 1063 5215 N:
1082 5169 1166 5213 octssm
1182 5168 1216 5213 est
1233 5162 1298 5212 dett.
1318 5189 1346 5197 —
1364 5161 1401 5210 uti
1419 5160 1485 5223 Lgti
1497 5161 1531 5209 N:
1549 5158 1587 5207 ort
1602 5159 1648 5206 bae
1665 5155 1733 5219 igi?

413 5240 481 5299 ΛΒ;
499 5240 536 5289 sets·
547 5239 572 5288 lu·
588 5239 652 5291 dett.
673 5239 870 5304 [scribendum
887 5246 916 5291 ut
925 5242 945 5289 it
954 5266 992 5278 --
1002 5240 1024 5290 si
1035 5240 1091 5303 quir
1110 5238 1144 5290 cf.
1156 5237 1241 5290 lladv.
1255 5236 1289 5288 ed
1301 5237 1355 5288 Cic.
1369 5236 1403 5287 da
1415 5237 1469 5286 Fin.
1482 5248 1509 5301 p.
1521 5234 1569 5285 399
1585 5246 1627 5297 sq.
1640 5230 1732 5297 llam]

415 5338 444 5351 -
462 5319 567 5366 orsam
583 5315 651 5383 Lglt
662 5329 699 5382 cp:
723 5319 795 5372 arm
810 5313 866 5367 rell.
885 5315 916 5370 0.
