4367 6109
448 581 511 649 332
819 588 862 651 IN
882 586 1048 652 VERREM
1067 576 1192 652 acuo
1213 589 1396 656 SECUNDA

445 757 480 820 4.
503 755 602 820 Paulli
624 763 656 819 et
676 719 717 819 Μ.
742 756 879 832 Catonis,
901 765 933 821 et
953 760 987 822 P.
1005 757 1143 822 Africani
1165 762 1282 823 sororis
1302 759 1398 834 tilius,
1421 780 1486 843 quo
1510 758 1657 823 damnato
1679 766 1768 841 tunc,

444 871 517 913 cum
545 870 655 914 severa
684 850 802 913 iudicia
830 848 963 932 fiebant,
996 850 1054 912 HS
1078 873 1127 916 1111
1156 854 1282 917 milibus
1311 854 1350 917 lis
1380 856 1543 917 aestimata
1570 849 1639 936 est]
1684 855 1769 916 lluic

370 1015 371 1020 .
444 944 621 1008 Mamertini
643 944 714 1007 irati
734 943 878 1019 fuerunt,
910 948 964 1029 qui
993 946 1145 1010 maiorem
1174 955 1352 1030 sumptum,
1383 967 1478 1031 quam
1508 949 1617 1031 quanti
1640 947 1769 1010 Catonis

443 1037 483 1101 lia
505 1038 668 1101 aestimata
690 1044 752 1112 cst,
785 1039 818 1102 in
839 1039 1028 1103 Timarchidi
1059 1041 1226 1121 prandium
1258 1060 1352 1123 saepe
1380 1040 1533 1103 fecerunt
1576 1036 1627 1102 23.
1649 1042 1769 1103 Verum

421 1131 522 1197 abaco
544 1131 654 1196 civitas
676 1133 727 1195 isti
749 1133 903 1213 praedoni
926 1154 963 1198 ac
984 1135 1106 1216 piratae
1129 1134 1288 1197 Siciliensi
1310 1132 1451 1196 Phaselis
1472 1132 1548 1195 fuit:
1577 1134 1640 1196 huc
1661 1133 1770 1196 omnia

443 1225 587 1308 undique
609 1224 849 1302 deferebantur3
871 1227 956 1310 apud
978 1228 1057 1291 istos
1076 1227 1354 1311 relinquebantur:
1378 1226 1465 1311 quod
1479 1227 1575 1291 celari
1590 1247 1671 1310 opus
1686 1233 1768 1303 crat,

442 1317 602 1382 habebant
623 1323 798 1403 sepositum
824 1328 856 1384 et
875 1323 1089 1386 reconditum:
1122 1341 1180 1404 per
1201 1323 1296 1395 istos,
1326 1340 1408 1405 quae
1437 1320 1580 1396 volebat,
1608 1321 1689 1384 clam
1709 1324 1792 1386 im-·

443 1411 607 1493 ponenda,
629 1416 752 1479 occulte
775 1416 970 1498 exportanda
991 1417 1137 1481 curabat:
1170 1436 1282 1478 navem
1305 1417 1442 1499 denique
1464 1415 1648 1489 maximam,
1671 1435 1769 1499 quam

443 1513 590 1571 onustam
611 1506 701 1573 furtis
728 1510 761 1573 in
783 1510 905 1573 Italiam
927 1510 1079 1584 mitteret,
1107 1509 1191 1591 apud
1220 1509 1298 1572 istos
1327 1508 1507 1572 faciundam
1537 1509 1675 1572 curavit:
1708 1528 1767 1591 pro

407 1597 530 1667 tabiaco
551 1602 646 1665 rebus
667 1602 790 1666 vacatio
812 1603 885 1666 data
913 1612 961 1666 est
982 1603 1021 1666 ab
1043 1603 1104 1666 isto
1134 1610 1294 1684 sumptus,
1324 1602 1458 1675 laboris,
1487 1601 1633 1676 militiae,
1661 1622 1768 1665 rerum

444 1692 582 1778 denique
604 1696 761 1759 omnium:
795 1716 852 1778 per
880 1697 1051 1760 triennium
1080 1696 1140 1759 soli
1162 1714 1229 1757 non
1250 1695 1345 1759 modo
1368 1695 1400 1758 in
1423 1694 1546 1770 Sicilia,
1576 1715 1700 1769 verum,
1732 1704 1769 1760 ut

443 1789 551 1871 opinio
573 1809 644 1852 mea
663 1789 744 1862 lert,
764 1789 815 1853 his
838 1789 967 1874 quidem
989 1790 1185 1873 temporibus
1208 1791 1239 1852 in
1263 1790 1348 1852 omni
1373 1789 1450 1852 orbe
1473 1796 1641 1864 terrarum,
1664 1790 1767 1865 vacui,

444 1891 606 1965 expertes,
635 1884 730 1948 soluti
758 1903 795 1948 ac
816 1883 907 1947 liberi
935 1884 1065 1948 luerunt
1085 1885 1125 1947 ab
1148 1884 1234 1947 omni
1258 1890 1404 1965 sumptu,
1435 1883 1595 1958 molestia,
1626 1903 1767 1948 munere.

444 1973 496 2041 24.
523 1978 604 2042 Hinc
638 1978 694 2041 illa
722 1977 832 2041 Verria
867 1986 941 2043 nata
975 1986 1065 2042 sunt:
1098 1978 1184 2062 quod
1212 1980 1245 2041 in
1274 1978 1457 2041 convivium
1487 1979 1560 2041 Sex.
1590 1977 1768 2042 Cominium

408 2071 584 2157 toprotrabi
605 2072 712 2145 iussit,
743 2072 776 2135 in
798 2091 893 2155 quom
922 2071 1076 2156 scyphum
1099 2073 1137 2134 de
1159 2092 1254 2136 manu
1287 2073 1389 2135 iacere
1413 2079 1546 2134 conatus
1576 2077 1639 2146 est,
1672 2091 1767 2155 quem

444 2165 569 2228 obtorta
590 2165 663 2247 gula
686 2165 725 2227 de
746 2165 891 2228 convivio
914 2166 946 2227 in
968 2166 1072 2229 vincla
1093 2175 1189 2250 atque
1211 2169 1244 2231 in
1266 2165 1412 2229 tenebras
1433 2165 1534 2247 abripi
1556 2165 1666 2229 iussit:
1694 2164 1767 2230 hinc

443 2258 498 2322 illa
519 2277 613 2333 crux,
641 2260 675 2322 in
696 2279 791 2342 quam
812 2260 872 2322 iste
894 2262 995 2323 civem
1017 2261 1194 2325 Romanum
1222 2260 1329 2323 multis
1358 2259 1607 2340 inspectantibus
1629 2259 1767 2333 sustulit,

444 2371 540 2435 quam
560 2372 625 2414 non
647 2373 742 2416 ausus
764 2360 813 2416 est
835 2374 968 2437 usquam
997 2352 1135 2437 deligere
1157 2354 1217 2417 nisi
1241 2352 1327 2434 apud
1349 2372 1422 2425 eos,
1453 2353 1641 2434 quibuscum
1662 2354 1769 2417 omnia

443 2447 563 2511 scelera
584 2466 641 2511 sua
661 2466 699 2511 ac
720 2448 884 2511 latrocinia
906 2447 1159 2512 communicarit.
1199 2449 1256 2509 Xl.
1279 2446 1455 2533 Laudatum
1477 2447 1571 2509 ctiam
1585 2467 1642 2510 vos
1658 2467 1769 2531 quem·

406 2556 539 2626 taquam
561 2542 696 2605 venitis?
730 2561 794 2624 qua
815 2542 1022 2606 auctoritate?
1056 2551 1179 2615 utrum,
1210 2562 1305 2625 quam
1336 2539 1421 2622 apud
1444 2548 1588 2603 senatum
1610 2559 1651 2602 an
1673 2560 1768 2624 quam

443 2635 528 2717 apud
550 2635 703 2717 populum
725 2636 900 2699 Romanum
930 2636 1047 2699 habere
1076 2635 1221 2698 debetis?
1264 2632 1315 2697 25.
1343 2636 1454 2716 Ecqua
1474 2634 1585 2697 civitas
1608 2641 1671 2708 est,
1703 2654 1769 2696 non

443 2731 477 2794 in
499 2729 668 2811 provinciis
690 2731 821 2804 nostris,
848 2750 956 2793 verum
979 2730 1011 2791 in
1043 2730 1160 2793 ultimis
1190 2730 1390 2802 nationibus,
1418 2737 1473 2791 aut
1493 2736 1558 2791 tam
1579 2735 1692 2810 potens
1714 2736 1769 2792 aut

443 2831 508 2887 tam
529 2824 628 2886 libera
648 2831 703 2886 aut
724 2825 818 2887 etiam
841 2832 903 2887 tam
927 2824 1072 2887 immanis
1095 2844 1132 2886 ac
1153 2824 1302 2896 barbara,
1334 2841 1391 2884 rex
1414 2822 1550 2906 denique
1578 2823 1688 2907 ecquis
1710 2830 1769 2897 cst,

444 2917 499 3000 qui
523 2925 702 2980 senatorem
726 2916 835 2999 populi
857 2919 990 2980 Romani
1020 2925 1102 2982 tecto
1132 2939 1169 2982 ac
1199 2919 1297 2984 domo,
1323 2936 1389 2979 non
1418 2917 1547 2981 invitati
1581 2916 1636 2999 qui
1664 2915 1769 2980 honos

406 3029 509 3080 aaaron
529 3010 649 3076 homini
672 3010 774 3074 solum
795 3010 940 3086 habetur,
963 3012 1019 3075 scd
1040 3013 1178 3096 primum
1200 3011 1320 3095 populo
1335 3012 1487 3084 Romano,
1509 3011 1599 3073 cuius
1614 3009 1769 3072 beneficio

443 3124 503 3170 nos
532 3105 566 3167 in
595 3104 678 3167 hunc
709 3105 851 3170 ordinem
880 3106 1043 3181 venimus,
1073 3107 1187 3170 deinde
1218 3105 1337 3168 ordinis
1370 3104 1565 3178 auctoritati,
1595 3122 1677 3186 qnae
1705 3103 1768 3167 nisi

444 3200 547 3285 gravis
570 3200 629 3264 erit
650 3197 736 3282 apud
758 3201 861 3263 socios
884 3208 1061 3265 etexteras
1088 3201 1250 3274 nationes,
1275 3199 1330 3262 ubi
1358 3199 1418 3261 erit
1445 3199 1570 3279 imperii
1598 3217 1715 3262 nomen
1735 3206 1770 3263 et

509 3417 533 3466 4.
552 3415 622 3466 Pauli
638 3416 667 3465 44.
688 3442 715 3452 ·-
734 3419 758 3465 et
774 3417 835 3466 ante
850 3417 877 3466 P.
896 3429 948 3466 om.
967 3417 1046 3479 Lagg.
1065 3416 1130 3466 dett.
1150 3442 1177 3452 -
1196 3414 1263 3479 tuac]
1278 3417 1334 3491 t-a-ra
1350 3413 1397 3463 dtt.
1416 3414 1446 3463 0.
1461 3439 1488 3449 -
1501 3413 1526 3462 ².
1544 3425 1632 3463 aecem
1647 3426 1701 3464 om.
1720 3414 1766 3474 443,

444 3499 469 3551 a.
489 3527 516 3537 -
534 3499 632 3565 ram]
655 3499 756 3562 raama
779 3499 825 3550 aa.
846 3527 873 3536 -
891 3501 941 3551 as.
961 3485 1019 3552 eff
1033 3502 1066 3560 a;
1091 3489 1134 3551 r‘a.
1154 3501 1205 3559 aa
1223 3499 1265 3549 as
1279 3515 1322 3564 aa.
1341 3498 1392 3556 oa;
1410 3497 1452 3547 ns
1467 3497 1546 3548 rara
1572 3497 1640 3560 agra
1668 3500 1695 3547 a
1719 3497 1767 3548 nr.

446 3575 475 3639 (si
493 3573 560 3625 tides
577 3572 680 3624 silentio
696 3574 792 3639 Bakii);
811 3576 837 3626 in
854 3574 962 3640 reliquis
979 3575 1057 3626 codd.
1074 3573 1161 3625 nullas
1178 3579 1220 3626 est
1236 3587 1372 3625 numerus.
1391 3572 1444 3636 [Sic
1461 3574 1497 3621 ait
1512 3573 1648 3637 Zumptius
1663 3586 1691 3637 p.
1704 3573 1767 3630 643;

446 3649 527 3700 immo
544 3662 608 3699 vero
626 3661 679 3699 om.
698 3651 776 3714 Lagg.
795 3662 899 3712 omnes,
923 3651 1030 3701 utitem
1048 3650 1093 3711 443,
1111 3649 1223 3708 militm
1246 3661 1388 3700 numerum
1405 3647 1506 3698 hahent
1520 3647 1612 3709 XVIII,
1630 3647 1678 3698 scd
1696 3646 1768 3698 solus

444 3725 477 3776 49
495 3723 660 3788 cambuca]
689 3724 727 3775 Ct.
747 3724 780 3775 ad
798 3727 839 3775 444.
864 3725 888 3789 5.
907 3724 964 3776 494,
986 3752 1013 3762 -
1032 3724 1055 3774 3.
1073 3725 1175 3787 sueram
1195 3725 1245 3785 443,
1265 3725 1298 3785 C,
1317 3722 1347 3781 4,
1366 3722 1446 3786 Egit:
1472 3735 1522 3772 aaa
1536 3721 1638 3784 fumat
1654 3721 1718 3771 dett.
1738 3748 1767 3757 —

445 3797 470 3852 l.
491 3799 639 3849 Tirnarcbidi
655 3800 706 3852 RS:
732 3801 893 3851 timarchidis
914 3801 979 3851 dett.
998 3802 1028 3851 0.
1048 3827 1075 3835 -
1100 3802 1124 3850 5.
1142 3801 1251 3861 undique
1267 3800 1353 3850 omnia
1369 3797 1436 3861 4344
1448 3797 1488 3847 99.
1508 3823 1535 3831 -
1554 3798 1578 3846 6.
1597 3796 1771 3860 deferebantur

445 3875 491 3936 443,
510 3871 537 3924 λε
562 3875 757 3938 deportabantur
773 3874 837 3926 dett.
858 3876 886 3925 0.
908 3902 934 3912 -
954 3888 1016 3937 opas
1031 3875 1096 3936 crat]
1113 3879 1259 3936 oportuerat
1275 3876 1353 3938 Lagg.
1374 3901 1401 3909 -
1421 3874 1444 3922 7.
1464 3878 1487 3923 et
1501 3873 1563 3935 rec]
1587 3886 1618 3922 ac
1632 3885 1682 3922 rea.
1701 3871 1767 3922 dett.

446 3952 476 4001 0.
490 3977 517 3987 -
536 3950 601 4000 alam
619 3950 663 4008 443,
682 3950 697 4000 2
715 3949 792 4002 codd.
806 3950 866 4000 Lbi:
885 3951 912 3999 ia
928 3950 1099 4000 radanciam
1116 3950 1181 4000 dett.
1201 3948 1236 4012 [ia
1252 3950 1349 4011 amma]
1366 3949 1432 3997 ctam
1448 3949 1478 3998 0.
1492 3974 1519 3982 -
1538 3948 1678 4010 inponenda
1694 3948 1723 3997 44.
1739 3974 1766 3983 -

445 4025 470 4076 8.
488 4039 577 4076 aavem
594 4027 623 4084 44,
636 4024 693 4088 hd,
712 4027 791 4088 Lagg:
815 4027 901 4074 aaoim
918 4026 980 4074 Gli
997 4025 1026 4074 0.
1041 4053 1068 4061 -
1088 4025 1112 4075 9.
1130 4026 1276 4089 sociandam
1293 4027 1327 4075 R:
1344 4024 1485 4086 {eamdam
1501 4021 1563 4082 Ld.;
1580 4022 1770 4084 faciendamque

447 4102 479 4151 Gt
494 4102 522 4160 t;
545 4101 687 4164 faciendam
709 4101 937 4164 aedificandamque
953 4100 1000 4149 dtt.
1031 4101 1127 4164 Optimi
1149 4100 1248 4151 codicis
1271 4102 1452 4149 auctoritatem
1476 4099 1502 4148 h.
1521 4097 1538 4148 l.
1560 4100 1643 4149 secuti
1664 4111 1766 4159 sumus,

446 4186 610 4240 quamquam
628 4189 680 4226 non
697 4177 849 4238 ignoramus
867 4178 1009 4237 utrumque
1026 4172 1140 4224 verbum
1157 4176 1183 4224 in
1199 4176 1250 4226 hac
1262 4189 1290 4225 re
1303 4188 1362 4224 esse
1374 4175 1514 4224 usitatam:
1533 4173 1566 4222 ct.
1579 4174 1609 4223 V.
1622 4174 1647 4238 5.
1659 4172 1766 4233 44-48,

445 4249 491 4300 ubl
509 4248 663 4313 explicatius
680 4248 714 4299 de
730 4251 782 4300 hoc
800 4251 911 4300 crimine
928 4250 1025 4312 agitur,
1044 4251 1108 4299 item
1126 4250 1149 4313 ἓ.
1164 4249 1203 4300 48.
1216 4250 1378 4313 aaaedittcam'
1388 4252 1415 4299 et
1425 4249 1489 4312 effici
1499 4250 1649 4310 iunguntur.
1676 4250 1767 4300 Utrum

445 4325 471 4376 h.
490 4323 507 4375 l.
526 4323 638 4374 alterum
656 4338 671 4373 a
687 4323 793 4374 librario
811 4338 860 4388 per
876 4323 1060 4387 negligentiam
1077 4326 1215 4385 omissum,
1234 4340 1267 4376 an
1285 4325 1318 4375 ab
1337 4326 1479 4388 interprete
1497 4324 1716 4387 suprascriptum
1733 4324 1769 4374 sit

446 4404 473 4452 et
490 4414 505 4450 a
521 4399 628 4450 librario
645 4399 713 4451 male
731 4402 756 4450 in
774 4403 874 4451 textum
892 4402 1040 4463 receptum,
1058 4401 1163 4451 difficile
1182 4404 1223 4451 est
1239 4402 1325 4456 dictu;
1343 4401 1373 4449 V.
1387 4399 1410 4462 5.
1424 4398 1465 4449 44.
1484 4397 1591 4461 quidem
1609 4411 1657 4462 pro
1672 4399 1769 4461 saetam

444 4479 470 4528 tu
494 4475 572 4526 codd.
592 4477 655 4526 dett.
674 4478 803 4540 scriptum
827 4480 868 4527 est
885 4477 1051 4539 aedificatam.
1082 4475 1209 4539 [Negtexit
1224 4476 1355 4526 Jordanus
1379 4476 1405 4524 in
1423 4474 1442 4523 44
1460 4486 1513 4523 non
1535 4485 1595 4523 esse
1610 4474 1767 4536 sedandam,

445 4552 494 4604 sed
501 4552 703 4615 faciundamque,
716 4564 796 4614 quam
809 4549 951 4601 lectionem
963 4553 1015 4601 iam
1027 4550 1068 4600 alii
1078 4553 1274 4615 suscripserant
1282 4552 1430 4612 iterumque
1438 4548 1582 4598 Bursianns
1591 4549 1767 4601 confirmavit.

444 4627 520 4679 ldem
536 4628 628 4676 vitium
645 4626 733 4677 scriba
750 4626 849 4678 codicis
866 4629 886 4677 44
904 4628 983 4677 etiam
1000 4625 1066 4676 intra
1083 4626 1125 4677 bis
1143 4627 1290 4686 commisit;
1312 4639 1337 4675 v.
1356 4625 1390 4674 ad
1408 4623 1449 4688 55.
1469 4622 1524 4672 403.
1543 4621 1599 4673 440.
1626 4623 1718 4687 Halm]
1738 4651 1766 4661 -

447 4705 487 4754 44.
505 4704 591 4753 oacait
605 4703 634 4752 44.
653 4701 674 4765 (t
689 4704 788 4765 puncto
800 4702 907 4762 notata.)
921 4728 948 4736 -
963 4701 1002 4751 43.
1021 4702 1091 4750 tiberi
1108 4715 1139 4750 ac
1154 4701 1228 4750 solati
1243 4700 1289 4750 Ld.
1311 4725 1337 4736 -
1358 4698 1397 4750 44.
1419 4698 1507 4748 Verria
1522 4699 1551 4758 44,
1570 4694 1595 4759 λ,
1614 4700 1646 4747 Gt
1661 4699 1686 4758 2,
1704 4699 1766 4762 433.

446 4792 553 4830 omues:
580 4780 670 4828 Verrea
686 4779 715 4828 0.
736 4805 763 4813 —
782 4779 849 4838 qaod
870 4776 947 4827 codd.
966 4777 1021 4827 noti
1044 4775 1085 4837 (ct.
1104 4776 1189 4825 Madv.
1208 4789 1234 4839 p.
1254 4777 1306 4837 64);
1332 4775 1387 4823 biae
1406 4774 1435 4823 0.
1456 4798 1483 4808 -
1503 4773 1543 4823 444.
1564 4772 1634 4822 irrisit
1652 4774 1769 4835 protrahi

447 4855 524 4918 agra.
541 4881 567 4891 -
582 4856 610 4904 de
626 4868 706 4904 mana
721 4855 760 4904 cel
775 4855 835 4903 navi
853 4854 898 4903 ot.
913 4879 939 4900 .-
954 4852 994 4902 46.
1013 4852 1102 4902 oborta
1112 4853 1172 4915 pala
1183 4853 1216 4909 44ς
1235 4850 1325 4900 aborta
1340 4848 1401 4912 pylo
1413 4849 1446 4898 Gt
1462 4849 1487 4896 2.
1503 4875 1530 4884 -
1543 4848 1627 4897 cincla
1636 4849 1666 4909 ll,
1685 4849 1767 4910 43ὶ9τ

445 4929 546 4979 circata
568 4928 615 4979 Ld.
634 4929 698 4979 dett.
718 4929 747 4978 0.
767 4954 794 4962 -
819 4928 858 4977 44.
877 4928 955 4976 civem
978 4928 1006 4977 44.
1028 4927 1157 4977 istrdett.
1182 4928 1259 4988 Lagg.
1284 4925 1313 4974 0.
1333 4951 1360 4959 -
1384 4924 1424 4973 49.
1447 4924 1673 4973 coomamicaoisset
1691 4923 1767 4985 dett..

446 5004 649 5055 mmmaaicasmt
670 5003 738 5066 agas
751 5001 782 5053 ta
799 5004 828 5053 0.
850 5027 877 5038 -
897 5002 1050 5065 thecuitis]
1073 5003 1158 5052 vedire
1174 5001 1269 5050 audetis
1285 4999 1349 5048 dett.
1368 4999 1397 5048 0.
1426 4999 1460 5048 st
1476 4999 1509 5048 ct.
1527 4998 1613 5049 lladv.
1632 5012 1659 5063 p.
1678 4998 1718 5048 aa.
1739 5025 1766 5034 -

445 5085 559 5131 ”actm
575 5079 621 5141 443,
639 5077 667 5127 l:
691 5080 844 5130 amatorium
861 5079 972 5128 ordinem
989 5077 1053 5127 dett.
1072 5077 1102 5126 0.
1123 5103 1151 5113 -
1169 5077 1211 5125 tl.
1228 5088 1307 5136 ecqua
1323 5071 1347 5131 l,
1367 5074 1413 5133 Gt,
1432 5073 1478 5123 Ld.
1498 5073 1579 5136 4399ε
1605 5073 1716 5133 taecqaa
1732 5072 1767 5130 ll3

444 5154 554 5215 hecquae
570 5154 602 5203 Gt
624 5153 689 5204 dett.
708 5181 736 5191 -
754 5167 805 5203 aaa
821 5153 866 5214 443,
885 5150 910 5213 λ,
930 5154 962 5202 C:
980 5166 1030 5201 aaa
1045 5152 1119 5202 modo
1136 5151 1200 5201 dett.
1215 5177 1242 5187 -
1259 5149 1300 5199 23.
1318 5148 1394 5198 etiam
1410 5161 1464 5198 om.
1484 5148 1561 5211 4399.
1576 5174 1603 5184 -
1616 5147 1732 5208 baacqaia
1749 5147 1770 5197 44

447 5228 503 5293 (sed
520 5228 587 5279 iutra
602 5229 637 5279 ba
652 5227 720 5279 linea
738 5228 888 5291 subducta).
909 5253 936 5262 -
955 5228 996 5277 aa.
1022 5226 1146 5291 benefacio
1162 5227 1191 5276 44.
1212 5251 1239 5261 -
1258 5224 1298 5276 27.
1317 5230 1340 5275 et
1355 5228 1456 5274 cataras
1475 5223 1521 5286 443,
1538 5221 1554 5272 λ
1578 5220 1662 5286 (prob.
1680 5219 1767 5271 btadv.

443 5316 471 5372 p.
490 5303 530 5355 64.
549 5302 607 5358 coll.
626 5305 668 5355 111.
687 5302 711 5374 5.
729 5302 812 5367 titt:
830 5303 858 5354 ia
874 5307 974 5356 atteras
990 5300 1055 5352 dett.
1073 5302 1103 5351 0.
