4367 6109
448 541 513 611 29⁰
820 546 864 609 iii
882 544 1052 610 VERREM
1072 543 1197 610 ACTIO
1221 545 1407 611 SECUNDA

448 714 536 781 llaec
557 715 692 799 epistola
713 719 772 788 est,
792 713 924 789 iudices,
946 734 1041 799 quam
1062 734 1123 778 nos
1145 715 1309 798 Syracusis
1330 715 1363 777 in
1386 712 1518 776 aedibus
1540 712 1683 794 Apronii,
1705 733 1779 776 cum

447 810 568 875 litteras
589 808 864 892 conquireremus,
885 808 1072 872 invenimus.
1116 809 1213 871 Missa
1235 817 1300 883 est,
1322 817 1358 871 ut
1379 809 1447 891 ipsa
1470 806 1642 889 significat,
1663 828 1706 871 ex
1726 808 1779 871 iti-

448 925 534 979 nere,
556 922 627 967 oum
642 903 757 965 Verres
778 902 842 965 iam
863 901 903 965 de
925 903 1088 985 prouincia
1111 901 1310 976 decessisset,
1332 900 1522 964 Timarchidi
1542 903 1778 984 manuscripta.

447 997 557 1062 Recita
577 995 753 1079 epistolam.
790 996 1011 1060 Trusbcusues
1032 998 1153 1060 Vernis
1174 1014 1330 1059 accessus
1351 998 1492 1058 Arausio
1515 1014 1660 1058 ssurrsrr
1682 1015 1777 1059 nrorr.

423 1091 514 1153 elam
540 1088 601 1152 boc
624 1088 752 1173 quidem
773 1109 838 1152 non
861 1090 1078 1173 reprebendo,
1112 1089 1199 1174 quod
1221 1090 1373 1152 adscribit
1394 1108 1560 1152 accensus.
1604 1087 1666 1151 Cur
1693 1089 1778 1152 enim

446 1183 506 1247 sibi
526 1182 589 1246 boc
610 1181 732 1246 scribae
753 1183 814 1246 soli
835 1192 1013 1247 assumant:
1042 1185 1078 1246 i..
1100 1186 1247 1248 Parisiis
1267 1186 1404 1246 serrari
1441 1182 1521 1245 Volo
1544 1202 1603 1265 ego
1625 1181 1686 1245 boc
1707 1202 1777 1245 esse

446 1296 614 1342 commune
641 1295 860 1352 accensorum,
888 1278 1052 1351 lictorum,
1081 1278 1248 1341 viatorum.
1292 1278 1355 1339 Fre
1383 1294 1592 1339 urnreenrmns
1620 1296 1778 1340 anamais

445 1389 530 1446 mon
550 1390 592 1433 su
612 1389 786 1435 amnonis
800 1391 1074 1436 sxrsrrrssrruums
1088 1392 1235 1435 amarer.
1269 1368 1477 1435 Commendat
1491 1369 1631 1453 Apronio
1646 1371 1776 1434 Verrem

444 1470 479 1531 44
496 1464 649 1539 bortatur,
669 1472 705 1527 ut
726 1465 863 1528 inimicis
886 1466 955 1529 eius
977 1467 1113 1530 resistat.
1146 1467 1236 1528 Bono
1256 1463 1415 1548 praesidio
1431 1464 1573 1525 munitur
1587 1463 1777 1527 existimatio

407 1565 506 1634 ibina,
528 1558 556 1621 si
577 1557 706 1640 quidem
728 1560 762 1622 in
776 1561 908 1642 Apronii
929 1560 1133 1623 constituitur
1146 1557 1312 1640 diligentia
1326 1566 1425 1640 atque
1440 1559 1635 1620 auctoritate.
1668 1557 1776 1622 Haase

441 1671 611 1726 πιπτει,
632 1671 869 1726 ιιοοικιιτιιιι.
904 1647 977 1715 455.
1001 1655 1106 1728 Quam
1128 1653 1256 1737 copiose
1278 1651 1428 1714 laudatur
1448 1652 1607 1735 Apronius
1621 1670 1640 1713 a
1655 1651 1777 1714 Timar·

442 1744 553 1812 obidei
576 1765 673 1830 qnam
694 1747 876 1829 magnilica!
905 1747 956 1809 cui
978 1767 1037 1830 ego
1059 1747 1152 1810 illum
1174 1766 1240 1809 non
1262 1753 1369 1829 putem
1391 1745 1517 1827 placere
1540 1750 1698 1826 oportere,
1721 1745 1775 1826 qui

441 1847 530 1904 tanto
559 1859 656 1922 opere
685 1839 878 1903 Timarchidi
907 1840 1059 1923 probatus
1091 1841 1157 1903 sit?
1221 1840 1329 1903 Hssss
1370 1857 1516 1901 susurru
1544 1857 1628 1901 snos
1656 1857 1775 1901 sicus.

440 1935 576 1998 Necesse
598 1940 656 2008 est,
679 1935 707 1998 si
728 1933 806 2017 quid
826 1932 1012 1998 redundarit
1032 1934 1071 1996 de
1094 1942 1200 1998 vestro
1224 1933 1432 1996 frumentario
1456 1938 1601 2015 quaestu,
1623 1932 1663 1994 ad
1685 1931 1776 1994 illum

404 2028 649 2112 repotissimum,
670 2047 728 2112 per
749 2047 846 2110 quem
867 2027 1019 2110 agebatis,
1043 2028 1227 2091 defluxisse.
1258 2027 1400 2101 Sournis,
1424 2045 1638 2090 Arriarroase
1658 2043 1777 2089 neess-

440 2143 499 2188 444
525 2142 651 2187 anias.
695 2122 764 2186 Cris
793 2123 827 2184 1.
851 2125 1011 2196 anrsro,
1045 2140 1099 2195 our
1126 2138 1291 2185 bavararu
1312 2140 1450 2197 roresr,
1480 2139 1600 2194 canos,
1630 2140 1775 2184 sonorus.

440 2218 566 2293 Videte,
588 2236 684 2302 quarn
697 2216 791 2282 valde
806 2215 944 2278 malitiae
960 2235 1036 2279 suae
1053 2212 1190 2279 confidat
1205 2214 1432 2290 Timarchides,
1455 2215 1510 2299 qui
1526 2216 1621 2279 etiam
1636 2216 1775 2299 Apronio

440 2311 649 2397 improbitatis
674 2318 843 2395 praecepta
865 2309 927 2372 det.
970 2309 1036 2372 lam
1059 2309 1120 2374 boc
1149 2329 1251 2373 cisoa
1276 2328 1411 2372 concina
1440 2329 1544 2372 nonne
1566 2308 1658 2373 vobis
1678 2307 1777 2372 verba

440 2405 535 2470 dono
557 2405 681 2489 patroni
705 2403 891 2489 depromere
912 2402 1039 2467 videtur
1060 2404 1100 2466 ad
1115 2424 1209 2467 omne
1226 2424 1327 2487 genus
1342 2405 1505 2488 nequitiae
1520 2404 1774 2467 accommodata?

402 2500 548 2574 soVoso,
577 2519 614 2562 ru
635 2519 774 2574 rurus,
803 2516 1006 2563 rusaacvno
1034 2517 1095 2560 rvo
1125 2516 1255 2562 caenas.
1303 2497 1449 2561 Censorii
1472 2497 1600 2580 quidem
1622 2497 1656 2559 in
1678 2495 1775 2559 lucris

440 2600 536 2678 atque
557 2592 651 2657 iuriis
672 2594 798 2678 gemino
821 2601 853 2656 et
875 2591 1036 2656 simillimo
1060 2593 1212 2677 nequitia,
1234 2593 1448 2675 improbitate,
1471 2592 1612 2655 audacia.
1648 2588 1775 2658 vaii.

439 2689 475 2752 lr
497 2707 642 2752 coeonrn
665 2707 762 2752 canes
784 2706 963 2751 mnaseas.
1007 2686 1093 2762 Quid
1116 2694 1166 2750 est
1186 2686 1256 2759 boc,
1278 2706 1311 2749 ιιι
1333 2688 1502 2750 coaonrsi
1527 2704 1592 2769 quo
1614 2684 1775 2766 pertinet?

439 2782 617 2865 Apronium
639 2781 758 2846 doceat
780 2780 881 2866 quid‘i
903 2781 938 2843 in
959 2787 1096 2843 vestram
1119 2780 1281 2844 cohortem
1305 2787 1336 2843 te
1358 2783 1514 2844 monitore
1530 2799 1572 2842 an
1587 2800 1645 2843 sua
1659 2788 1774 2865 sponte

440 2878 652 2960 pervenerat?
696 2874 789 2951 Qvon
812 2893 926 2949 cvrare
949 2893 1026 2937 uera
1047 2894 1123 2948 aar,
1156 2894 1287 2938 orions.
1337 2874 1408 2950 Qua
1430 2875 1629 2957 impudentia
1654 2875 1775 2958 putatis

490 3137 514 3187 t.
534 3138 562 3187 et
579 3136 618 3185 40.
637 3133 732 3198 Aproni
748 3133 779 3184 V.
794 3160 821 3171 -
834 3134 859 3185 2.
872 3134 1011 3185 inomimss
1021 3148 1075 3185 om.
1089 3134 1168 3199 ugia.
1179 3163 1205 3172 -
1219 3141 1247 3186 si
1257 3138 1333 3186 missa
1343 3141 1378 3186 cst
1389 3137 1440 3199 ipss
1450 3137 1591 3201 4444444444
1603 3135 1658 3199 isici
1670 3135 1693 3184 V
1704 3137 1773 3187 teste

439 3210 483 3264 Br.
504 3237 532 3248 -
550 3209 575 3260 ii.
595 3206 745 3259 limarciidi
761 3204 880 3273 egilo:
900 3207 1062 3259 Timarchidis
1077 3208 1135 3261 rell.
1155 3210 1183 3261 0.
1203 3210 1250 3264 libi
1267 3209 1399 3274 antiquior
1416 3208 1457 3261 ilia
1474 3211 1581 3274 genitivi
1598 3210 1682 3262 torma
1699 3212 1774 3263 certa

439 3284 563 3340 codicum
581 3283 634 3335 tide
651 3282 781 3346 firmatur,
800 3283 980 3348 recipiendam
993 3297 1052 3335 earn
1066 3285 1165 3350 putavi.
1184 3284 1223 3336 ci.
1237 3286 1279 3346 IV,
1293 3285 1317 3350 s.
1328 3285 1370 3337 22.
1386 3285 1441 3336 438.
1456 3286 1486 3347 V,
1500 3285 1524 3349 5.
1538 3286 1594 3336 tid.
1609 3313 1636 3323 -
1650 3283 1675 3336 4.
1688 3284 1775 3337 Recita

439 3362 577 3426 epistolam
598 3360 763 3410 Timarchides
780 3359 814 3410 de
832 3361 900 3410 coni.
919 3361 1031 3424 Zumpiii
1049 3359 1139 3410 Klotz:
1156 3361 1236 3410 recita
1251 3360 1382 3422 epistolam
1399 3360 1561 3412 immeritis
1576 3361 1658 3423 dett.;
1676 3362 1705 3413 lt.
1723 3363 1775 3424 epi·

438 3436 505 3487 daia
522 3435 673 3486 limarcbidi
690 3437 750 3498 (non
764 3434 933 3496 timarchidis,
953 3438 981 3485 ut
992 3438 1034 3486 est
1046 3434 1117 3499 apud
1129 3435 1234 3498 ituiumi
1252 3435 1287 3494 V;
1305 3449 1359 3486 om.
1377 3435 1446 3486 baec
1462 3449 1505 3485 vv.
1518 3432 1542 3486 i.
1562 3435 1619 3497 (scd
1629 3436 1699 3500 trae
1711 3448 1774 3486 oum

439 3510 518 3574 lec.1;
541 3511 622 3559 recita
641 3510 770 3573 eputoiam
794 3509 963 3562 timarchidis.
990 3508 1207 3560 TIMARCHIDES
1229 3509 1258 3558 0.
1280 3536 1307 3545 -
1331 3510 1442 3571 Apronio
1462 3522 1515 3560 om.
1538 3507 1660 3577 plerique
1681 3511 1772 3574 codd,

439 3582 503 3635 boni
520 3582 630 3648 quidem
652 3596 746 3635 omncs
770 3585 796 3635 44
813 3583 907 3649 44444
931 3585 1083 3635 evetium
1107 3583 1213 3633 satorem
1235 3583 1294 3632 dicii
1316 3584 1401 3635 obest.
1432 3582 1510 3647 [cum
1526 3580 1596 3635 absit
1610 3584 1721 3649 Apronio
1737 3586 1773 3637 ab

440 3657 565 3710 omnibus
583 3657 672 3721 codd,
691 3658 746 3709 tere
763 3662 837 3724 petet
852 3661 956 3710 saiuten
973 3659 1032 3708 dicit
1049 3656 1181 3721 glossema
1200 3670 1269 3708 esse.
1290 3659 1382 3725 lirin]
1397 3684 1424 3695 -
1443 3660 1468 3709 i.
1487 3659 1553 3721 qnod
1569 3660 1688 3712 4444444444
1702 3659 1773 3726 ugia

439 3747 477 3796 p:
496 3745 553 3783 cem
569 3732 662 3782 scribat
677 3733 715 3791 V;
733 3734 799 3795 qaod
815 3735 946 3796 adscripsit
962 3730 1019 3783 rell.
1039 3733 1068 3782 0.
1083 3732 1509 3785 -TlllAiiGlllDliSACCls'NSVS
1519 3735 1617 3796 ltaius;
1635 3735 1773 3788 sedebeat

439 3822 465 3860 ιι.
485 3808 650 3859 linarciidcs
667 3820 683 3856 a
707 3806 808 3859 codice.
829 3834 856 3844 -
875 3810 900 3860 6.
923 3809 969 3859 boc
984 3806 1031 3858 sibi
1051 3807 1081 3856 V.
1103 3835 1131 3844 -
1149 3813 1278 3858 assianum
1301 3807 1383 3871 igin:
1407 3812 1508 3858 4444444
1523 3806 1547 3857 V
1567 3809 1644 3880 iiim),
1664 3808 1721 3862 rell.
1739 3811 1769 3861 0.

440 3881 523 3948 [recte
534 3882 568 3933 V:
587 3883 633 3931 444
649 3880 695 3931 sibi
705 3906 743 3919 --
753 3883 872 3948 sumant]
887 3909 914 3920 -
933 3882 1071 3945 Papirium
1081 3882 1113 3942 V,
1132 3896 1167 3933 m.
1182 3885 1207 3933 i.
1226 3898 1241 3931 r
1257 3896 1340 3948 super
1356 3899 1373 3933 ιι
1390 3885 1488 3949 scripta
1500 3882 1562 3947 (br.)
1576 3909 1605 3920 -
1618 3883 1668 3947 Ι444
1682 3897 1733 3937 ssss
1748 3884 1771 3932 V

440 3956 502 4020 iiis.)
520 3957 548 4006 et
564 3954 697 4022 plerique:
717 3956 762 4006 boc
779 3970 832 4007 om.
850 3955 932 4021 Lgi23
950 3970 1001 4008 csse
1016 3955 1061 4006 icc
1078 3957 1147 4019 Lgti
1158 3960 1180 4008 A
1191 3958 1220 4007 B.
1241 3985 1269 3995 -
1288 3959 1311 4010 8.
1331 3959 1365 4008 ad
1379 3964 1463 4021 prasi.
1480 3958 1589 4009 wuda.
1606 3957 1630 4008 V
1645 3960 1672 4009 et
1687 3956 1718 4010 i:
1736 3958 1773 4009 ad

438 4031 546 4083 sciatica
561 4034 645 4093 proci.
663 4028 719 4080 rell.
739 4032 767 4081 0.
782 4056 810 4068 -
828 4030 917 4078 adimi
933 4030 1014 4081 etium
1031 4032 1061 4092 V,
1081 4044 1134 4082 uon
1152 4035 1224 4090 truci,
1243 4035 1273 4082 ut
1288 4032 1372 4083 habet
1387 4033 1478 4084 Maius.
1495 4058 1522 4069 -
1536 4031 1560 4082 9.
1579 4025 1680 4085 aridius·
1695 4033 1726 4084 V.
1741 4059 1771 4071 -

437 4105 544 4155 minuar
558 4105 590 4153 V.
610 4105 671 4168 (Br.)
685 4130 712 4140 -
727 4106 767 4155 44.
786 4104 951 4167 emanantium
967 4103 1050 4168 igit:
1069 4106 1221 4168 sommam
1239 4107 1273 4166 V,
1291 4112 1367 4170 atque
1383 4105 1547 4170 eloquentiam
1563 4104 1620 4158 rell.
1637 4100 1669 4160 b.
1694 4104 1772 4173 [Vere

437 4179 544 4230 videtur
559 4177 638 4229 lectio
654 4180 771 4230 uirtutem
782 4179 940 4242 cloquentem.
967 4179 1005 4230 Ci.
1018 4183 1093 4231 Auci.
1114 4179 1149 4230 ad
1161 4180 1277 4231 Herenn.
1293 4182 1334 4242 1V,
1353 4181 1377 4246 5.
1390 4183 1431 4232 di.
1449 4195 1490 4231 res
1505 4185 1589 4232 mutas
1600 4187 1624 4232 ct
1634 4182 1774 4246 4444444444

438 4250 463 4317 g.
476 4251 518 4303 te.
534 4265 592 4302 curn
607 4266 648 4303 res
663 4260 735 4304 maia
745 4280 759 4291 -
769 4280 783 4291 -
792 4255 821 4317 tii
837 4254 951 4317 44444444
967 4257 1018 4304 etc.
1043 4255 1136 4318 iiiia]
1156 4281 1184 4293 -
1206 4268 1258 4317 qua
1275 4255 1306 4306 V.
1328 4283 1355 4293 —
1377 4257 1527 4307 Timartiidc
1542 4256 1574 4318 V,
1592 4259 1621 4309 44
1636 4257 1675 4308 444
1692 4256 1772 4323 paulo

438 4330 508 4393 pust.
532 4326 596 4391 (lic.)
615 4354 643 4364 -
663 4331 703 4381 44.
722 4329 771 4394 aas]
792 4343 839 4380 cur
856 4327 935 4394 ugia.
956 4356 983 4367 -
1002 4330 1072 4380 444444
1094 4344 1145 4380 nors
1162 4336 1249 4393 putem
1265 4331 1287 4379 V
1306 4333 1333 4382 et
1349 4329 1382 4381 i:
1406 4346 1457 4381 nors
1469 4345 1498 4394 p.
1516 4324 1587 4380 444444
1608 4326 1673 4394 deit.
1692 4332 1721 4382 0.
1743 4358 1770 4369 -

439 4400 479 4455 ⁴³.
496 4406 567 4453 tasio
584 4415 658 4464 opere
674 4403 770 4466 ABV,
788 4404 872 4468 Lgiii:
895 4408 1024 4466 sarmpcrc
1046 4401 1102 4455 rell.
1123 4432 1151 4442 -
1173 4411 1282 4456 uentum
1298 4405 1321 4456 V
1344 4407 1404 4470 ilis.)
1425 4435 1452 4444 -
1479 4405 1518 4457 44.
1537 4407 1559 4456 si
1575 4406 1630 4468 quit
1645 4405 1668 4456 V
1691 4405 1771 4470 (Bi-li

437 4475 505 4541 qaod
521 4475 600 4528 codd.
619 4475 675 4527 reli.
695 4480 723 4528 et
734 4477 795 4529 edd.
815 4479 846 4542 [si
857 4479 916 4542 quid
927 4491 976 4529 uos
988 4479 1161 4542 restituimus,
1179 4494 1259 4544 quem
1276 4479 1418 4532 lectionem
1436 4483 1518 4534 Maius
1535 4480 1772 4546 praetermiserat]

440 4578 468 4590 -
485 4552 636 4604 maundaria
652 4554 720 4604 NV:
738 4555 891 4605 redundaret
907 4553 963 4605 rell.
979 4582 1006 4591 -
1021 4556 1060 4605 ib.
1078 4558 1182 4606 recentis
1197 4556 1266 4620 Lgl'i
1278 4558 1300 4606 V
1311 4572 1344 4619 φ.
1361 4585 1388 4594 -
1403 4559 1442 4608 ib.
1461 4557 1504 4619 qni
1513 4552 1775 4621 primumprimur

437 4624 469 4677 V.
490 4652 517 4665 ·-
535 4629 621 4678 cedere
636 4629 736 4678 4444444
753 4631 783 4680 V.
804 4655 831 4665 -
851 4631 892 4682 48.
910 4631 978 4693 inpr.
996 4630 1027 4680 V.
1048 4656 1076 4667 -
1094 4631 1155 4681 iaec
1170 4647 1204 4693 φ.
1225 4656 1252 4667 -
1271 4645 1352 4683 nonne
1369 4633 1406 4683 N:
1430 4646 1480 4682 444
1495 4629 1564 4695 4444
1582 4624 1646 4693 [oon
1661 4630 1725 4693 scic,
1744 4633 1775 4681 ui

438 4708 520 4763 hebet
536 4709 667 4775 Zumpt.];
685 4727 736 4764 aaa
753 4712 809 4763 rell.
828 4715 857 4764 0.
878 4715 966 4777 (eiiam
983 4714 1015 4775 V,
1033 4715 1059 4765 in
1077 4727 1131 4777 quo
1148 4717 1190 4765 est
1203 4701 1231 4766 'AV
1245 4718 1272 4767 iu
1289 4716 1341 4767 flue
1358 4716 1471 4778 versus.)
1490 4742 1512 4753 -
1526 4714 1595 4764 vobis
1609 4714 1688 4766 acrba
1703 4713 1774 4780 igit

437 4781 471 4835 is
481 4784 531 4836 AB
550 4783 689 4849 taediali
705 4786 793 4850 nobis),
806 4789 907 4839 itemV
924 4791 991 4839 teste
1009 4789 1137 4839 lirunnio:
1155 4789 1223 4840 vobis
1239 4804 1293 4841 om.
1312 4789 1379 4850 rell..
1398 4793 1418 4841 0
1434 4792 1461 4840 44
1477 4791 1568 4841 Ateius.
1588 4789 1633 4853 [Ex
1644 4781 1774 4841 relatione

437 4857 575 4910 Niebubrii
591 4861 661 4924 Laii
673 4861 742 4914 ciii
760 4876 814 4914 nou
831 4862 932 4914 babent
946 4864 1014 4914 vobis
1031 4863 1118 4928 (robis)
1133 4863 1220 4928 amba,
1238 4865 1286 4917 sed
1302 4866 1370 4916 vobis
1386 4863 1445 4915 loco
1463 4863 1582 4915 lectionis
1597 4864 1685 4926 44444,
1702 4874 1774 4928 quse

437 4929 517 4984 lectio
533 4932 680 4986 admodum
697 4938 819 5002 speciose
844 4941 899 4999 est,
922 4951 983 4989 com
1006 4939 1051 4988 boc
1068 4939 1218 4990 antecedet
1248 4940 1299 4991 Sed
1317 4953 1379 4990 cum
1396 4940 1418 4989 V
1435 4939 1587 5001 dissentiat,
1611 4936 1689 4990 lectio
1704 4934 1776 4988 uobis

436 5006 514 5059 uerba
525 5008 564 5058 sic
574 5009 712 5062 retinenda
725 5014 784 5073 erit,
797 5016 826 5062 ut
837 5011 913 5064 colon
925 5019 986 5078 posi
998 5015 1139 5066 coricibii
1151 5019 1272 5081 ponatur.
1285 5017 1378 5080 iiim]
1391 5040 1419 5052 -
1432 5018 1473 5068 40.
1485 5016 1521 5066 mi
1530 5015 1613 5078 pater
1622 5000 1693 5081 4344
1705 5011 1771 5063 lili:

436 5083 473 5133 mi
483 5082 518 5142 V;
536 5085 597 5135 mibi
609 5083 698 5136 reib-
712 5087 753 5138 44.
766 5091 842 5149 atque
852 5088 880 5138 irs
895 5088 971 5151 {ariis
980 5090 1011 5138 V.
1025 5089 1134 5155 [Recte]
1147 5117 1174 5127 -
1186 5092 1228 5141 22.
1247 5091 1363 5141 babeberc
1373 5090 1442 5155 igit
1454 5093 1488 5143 N:
1506 5089 1597 5140 isabcrs
1607 5088 1657 5140 AB
1669 5088 1697 5137 et
1707 5086 1772 5150 ως

437 5157 536 5209 moero
551 5160 574 5210 v
591 5159 699 5226 [recep
716 5160 825 5213 mirari
840 5161 899 5214 roii.
920 5186 947 5198 -
966 5165 1012 5215 uc
1029 5178 1081 5216 om.
1101 5165 1179 5229 sps.
1200 5192 1227 5201 -
1245 5166 1288 5219 ai.
1309 5168 1375 5230 quoa
1391 5166 1487 5231 equo]
1508 5165 1672 5238 44444444
1687 5159 1772 5225 agra

439 5236 506 5298 prod
526 5236 648 5300 quidquid
663 5236 695 5288 V.
714 5264 742 5275 -
767 5251 829 5302 opus
848 5244 884 5292 ssi
902 5237 989 5303 Lair:
1015 5254 1076 5304 opus
1097 5242 1130 5292 sii
1151 5239 1208 5293 rell.
1227 5243 1256 5293 0.
1280 5268 1309 5279 -
1336 5255 1433 5305 appone
1452 5241 1511 5293 eod
1534 5232 1595 5294 tici.
1618 5232 1681 5289 edd.
1703 5233 1771 5285 vett.
