4367 6109
447 587 511 656 738
856 587 1008 653 casulo
1030 587 1108 653 PRO
1130 587 1166 651 L.
1195 586 1360 654 ldllllENll

448 766 539 826 suut:
562 767 628 824 tum
650 756 780 822 veroin
800 755 849 820 his
871 758 907 820 L.
921 758 1071 821 lllureuae
1095 759 1185 821 tautis
1208 767 1335 842 tamque
1356 756 1535 840 improvisis
1556 754 1706 838 periculis
1729 754 1777 818 ita

449 875 519 920 sum
549 853 654 917 auimo
683 851 830 924 affectus,
864 859 900 913 ut
929 870 992 914 noo
1021 871 1134 935 queam
1164 852 1238 914 satis
1270 871 1375 936 neque
1403 869 1600 913 communem
1630 849 1775 913 omnium

449 955 591 1012 nostrum
612 944 827 1008 conditionem
849 964 953 1028 neque
981 945 1074 1009 huius
1098 953 1244 1009 eventum
1273 944 1496 1027 fortunamque
1526 942 1685 1006 miserari:
1716 943 1776 1025 qui

448 1042 599 1126 primum,
621 1038 697 1100 dum
718 1057 758 1099 ex
778 1037 949 1101 honoribus
972 1040 1128 1102 continuis
1146 1039 1282 1103 familiae
1296 1039 1515 1118 maiorumque
1530 1056 1659 1101 suorum
1673 1054 1775 1100 uuum

425 1134 620 1198 nascendere
649 1131 779 1215 gradum
809 1132 971 1214 diguitatis
1000 1140 1128 1195 conatus
1151 1141 1216 1208 est,
1244 1134 1331 1196 veuit
1358 1133 1391 1194 iu
1412 1130 1587 1213 periculum
1608 1151 1649 1194 ne
1671 1137 1704 1194 et
1725 1148 1775 1202 ea,

450 1248 531 1312 quae
552 1227 680 1300 relicta,
702 1234 735 1288 et
755 1226 850 1299 haec,
873 1245 954 1310 quae
975 1226 1014 1288 ab
1037 1225 1107 1307 ipso
1129 1236 1217 1309 parta
1239 1234 1329 1300 sunt,
1351 1226 1489 1299 amittat3
1513 1224 1628 1288 deiude
1642 1230 1776 1308 propter

450 1321 588 1386 studium
614 1339 715 1383 norae
749 1317 852 1380 laudis
885 1320 978 1381 etiam
1007 1318 1040 1382 iu
1069 1322 1182 1384 veteris
1214 1320 1359 1383 fortunae
1392 1318 1562 1382 discrimen
1594 1318 1774 1381 adducitur.

449 1413 504 1478 56.
527 1415 617 1492 Quae
647 1432 720 1474 cum
742 1413 805 1474 44444
826 1413 951 1493 gravia,
976 1413 1115 1486 iudices,
1144 1421 1211 1475 tum
1234 1413 1312 1476 illud
1334 1411 1570 1476 acerbissimum
1592 1419 1655 1486 est,
1684 1411 1774 1496 quod

448 1509 545 1574 habet
567 1528 622 1572 eos
643 1512 858 1577 accusatores,
881 1525 944 1566 uon
968 1506 1023 1588 qui
1046 1506 1120 1568 odio
1142 1507 1378 1569 inimicitiarum
1400 1507 1440 1568 ad
1461 1504 1686 1577 accusandum,
1716 1501 1774 1565 sed

412 1619 440 1664 44
450 1604 505 1688 qui
527 1602 633 1666 studio
654 1600 823 1663 accusandi
843 1597 883 1662 ad
903 1599 1084 1662 iuimicitias
1107 1598 1337 1662 descenderint
1380 1600 1459 1662 Nam
1480 1606 1516 1660 ut
1537 1598 1678 1661 omittam
1701 1596 1776 1657 Ser-

449 1697 533 1761 vium
557 1694 749 1778 Sulpicium,
777 1714 872 1778 quem
900 1690 1043 1772 intelligo
1069 1711 1133 1754 nou
1164 1693 1279 1755 iniuria
1304 1692 1338 1754 L.
1361 1695 1529 1766 Murenae,
1557 1691 1613 1754 sed
1642 1688 1775 1752 honoris

448 1789 652 1854 contentione
681 1795 874 1869 permotum,
905 1793 1033 1848 accusat
1060 1786 1093 1846 P.
1116 1786 1311 1859 Postumius,
1333 1792 1484 1869 paternus
1506 1786 1642 1858 amicus,
1672 1790 1776 1856 vetus,

448 1891 484 1948 ut
512 1886 557 1947 ait
587 1884 676 1966 ipse,
707 1880 833 1943 vicinus
861 1899 898 1943 ac
930 1879 1146 1953 necessarius,
1179 1880 1235 1964 qui
1266 1879 1508 1942 necessitudinis
1541 1897 1653 1941 causas
1686 1896 1775 1939 com·

448 1980 556 2061 plures
584 1975 732 2059 protulit,
764 1973 933 2037 simultatis
966 1972 1084 2035 nullam
1113 1992 1356 2036 commemorare
1387 1973 1505 2055 potuit:
1538 1980 1667 2035 accusat
1702 1971 1777 2033 Ser·

412 2072 520 2136 scrius
553 2068 729 2153 Sulpicius,
767 2067 885 2130 sodalis
917 2066 994 2141 filii,
1028 2065 1118 2127 cuius
1148 2067 1274 2148 iugenio
1309 2065 1432 2148 paterni
1465 2085 1575 2129 omues
1603 2065 1778 2129 necessarii

449 2164 637 2228 munitiores
659 2181 729 2225 esse
751 2160 925 2223 debebant:
956 2167 1083 2222 accusat
1103 2161 1145 2221 bl.
1168 2159 1260 2234 Cato,
1290 2161 1345 2243 qui
1375 2178 1566 2244 quamquam
1594 2180 1614 2222 a
1641 2161 1778 2224 Murena

450 2256 538 2320 nulla
559 2276 594 2318 re
615 2273 765 2339 umquam
787 2254 911 2317 alienus
936 2253 1014 2327 14414,
1045 2260 1148 2316 umen
1171 2273 1208 2316 ea
1229 2252 1410 2316 conditione
1434 2248 1547 2336 [uobis]
1572 2260 1638 2317 erat
1660 2254 1694 2316 iu
1716 2253 1779 2315 bac

450 2350 577 2414 civitate
597 2355 708 2422 uatus,
730 2354 766 2411 ut
781 2348 850 2410 eius
865 2367 943 2430 opes
958 2355 1055 2430 atque
1068 2347 1231 2429 ingenium
1245 2346 1403 2429 praesidio
1418 2346 1524 2410 multis
1539 2349 1634 2411 etiam
1648 2346 1778 2419 alienis,

451 2443 550 2506 exitio
571 2443 626 2505 vix
647 2441 794 2524 cuiquam
815 2440 942 2504 inimico
965 2460 1035 2503 esse
1057 2439 1219 2503 deberent.
1252 2438 1302 2501 57.
1324 2440 1532 2524 Respondebo
1552 2442 1651 2524 igitur
1664 2442 1780 2503 Postu·

412 2536 516 2601 acmio
537 2537 692 2620 primum,
723 2536 778 2619 qui
806 2534 915 2597 neseio
946 2554 1010 2617 quo
1030 2541 1124 2616 paeto
1147 2535 1223 2597 mibi
1244 2535 1368 2598 ridetur
1388 2536 1566 2618 praetorius
1588 2535 1779 2599 candidatus

450 2630 485 2693 iu
507 2628 721 2703 consularem,
744 2627 835 2712 quasi
857 2626 1047 2691 desultorius
1068 2629 1101 2690 iu
1124 2628 1345 2712 quadrigarum
1367 2629 1575 2704 curriculum,
1603 2629 1778 2691 incurrere.

453 2723 548 2786 Cuius
570 2721 794 2804 competitores
818 2721 845 2785 si
867 2721 948 2783 nihil
969 2721 1186 2805 deliquerunt,
1208 2723 1353 2804 dignitati
1374 2743 1483 2786 eorum
1506 2723 1681 2796 concessit,
1705 2741 1778 2784 cum

451 2823 559 2900 petere
582 2816 718 2879 destitit:
740 2814 790 2878 sin
812 2822 918 2878 autem
941 2834 1049 2878 eorum
1070 2816 1188 2900 aliquis
1209 2816 1338 2899 largitus
1361 2824 1422 2889 est,
1445 2815 1643 2900 expetendus
1656 2816 1781 2879 amicus

452 2920 515 2984 est,
538 2911 593 2994 qui
614 2910 751 2974 alienam
772 2908 878 2992 potius
899 2909 1048 2972 iniuriam
1070 2929 1166 2993 quam
1187 2928 1276 2972 suam
1296 2918 1514 2994 persequatur.

414 3025 444 3072 as
536 3006 585 3068 llu
606 3023 754 3068 aosrvuu
777 3021 965 3068 4444444444.
1000 3004 1048 3065 1144
1071 3022 1173 3067 suasu
1193 3020 1436 3067 snonuscsnrss.
1501 3049 1503 3053 -

517 3332 541 3380 4.
560 3330 683 3392 metune
695 3328 804 3391 provisis
820 3329 849 3378 G.
865 3355 892 3364 —
911 3329 949 3379 ito
964 3342 1062 3379 44444444
1078 3329 1151 3378 buiris
1166 3329 1290 3392 adfectum
1305 3334 1333 3378 444
1350 3331 1379 3379 G.
1394 3356 1421 3366 -
1435 3330 1460 3381 2.
1478 3343 1602 3392 444444·-
1612 3330 1782 3381 corditiocem

452 3417 505 3456 om.
519 3407 549 3454 G.
564 3431 592 3441 -
610 3403 635 3454 3.
652 3403 765 3454 misereri
780 3417 805 3453 v.
819 3430 845 3438 —
864 3402 889 3454 4.
908 3403 976 3466 dum]
993 3403 1113 3464 quoniam
1129 3405 1157 3452 L.
1174 3432 1200 3440 -
1219 3405 1305 3468 unum]
1322 3405 1437 3454 4444444444
1448 3406 1647 3457 llommseuius.
1663 3407 1782 3456 -14444

451 3495 505 3532 om.
524 3482 553 3531 E.
574 3507 601 3516 -
620 3480 645 3530 6.
661 3485 740 3542 porto
756 3481 817 3544 lag.
836 3479 888 3539 oc..
907 3482 937 3529 ut
952 3479 1070 3540 videtur,
1090 3482 1117 3529 et
1134 3481 1169 3529 L:
1185 3485 1281 3541 444444
1304 3479 1373 3539 mei,
1391 3482 1479 3542 Pare,
1498 3481 1706 3546 1433441434ιί,
1729 3481 1781 3533 sed

452 3568 511 3618 Por.
529 3566 554 3618 1.
574 3550 639 3628 sid-to
656 3564 729 3626 (4141)
746 3566 815 3615 teste
826 3564 934 3614 Staium.
949 3590 976 3599 -
996 3565 1020 3614 7.
1038 3577 1119 3614 4444444
1135 3564 1390 3627 44414444444444444
1406 3564 1435 3613 G.
1450 3589 1477 3599 —
1496 3564 1522 3615 8.
1540 3566 1589 3615 sisu
1605 3569 1698 3626 va:
1722 3573 1781 3616 444444

452 3643 542 3696 Elll..
571 3642 611 3691 De
628 3641 700 3690 Parr.
719 3641 790 3690 tacet
809 3641 961 3702 Steinmetz,
981 3641 1026 3704 qui
1042 3640 1124 3690 habet
1140 3646 1205 3690 44444.
1226 3665 1253 3674 -
1278 3644 1361 3688 44444444
1376 3639 1438 3688 iliud
1453 3653 1479 3690 v.
1501 3668 1529 3677 -
1553 3642 1594 3691 441.
1612 3643 1782 3693 docendos-issi-

452 3716 488 3766 L:
507 3715 749 3776 munietur,
768 3717 826 3765 Par.
840 3716 869 3773 4;
888 3716 1057 3765 4444444444
1068 3715 1147 3764 codd.
1161 3713 1216 3765 rell.
1231 3715 1294 3764 noti.
1311 3741 1337 3750 -
1356 3728 1454 3764 4444444444
1465 3714 1554 3779 recipici
1564 3719 1593 3767 G.
1608 3741 1636 3754 -
1655 3719 1697 3769 it.
1710 3731 1783 3769 44444·

451 3795 545 3841 44444444
561 3804 590 3850 χ.
605 3817 632 3826 -
651 3790 760 3850 4444444444,
777 3791 804 3839 Ρ.
822 3790 967 3855 Postumius]
984 3791 1079 3840 44444444
1095 3797 1148 3840 tum
1161 3795 1290 3853 postrenus
1305 3790 1402 3850 EGll,
1420 3790 1523 3851 oon..
1542 3791 1606 3843 item
1621 3794 1650 3856 ’1,
1669 3793 1719 3844 sed
1736 3793 1783 3842 1444

452 3865 559 3915 nomine
581 3865 688 3930 proprio
710 3864 824 3922 omiss03
851 3864 960 3926 44444444
978 3870 1100 3926 nmmos
1117 3871 1246 3929 postumus
1267 3866 1363 3915 44444444
1384 3870 1437 3914 een
1452 3870 1521 3915 octus
1536 3867 1578 3927 v;)
1599 3867 1708 3929 44444444,
1734 3867 1780 3919 On.

451 3940 602 4001 Postmnius,
620 3939 695 3999 edd..
712 3941 742 3990 ut
758 3939 873 4004 primum
891 3939 917 3989 iu
934 3941 1096 3991 Asceusiaua
1113 3954 1136 3991 e.
1156 3942 1215 3991 4441
1237 3942 1333 3993 iuveni.
1357 3942 1390 3992 lt
1406 3954 1468 3992 cum
1484 3954 1573 4004 neque
1590 3942 1635 3992 1444
1650 3941 1718 3994 udus
1736 3955 1782 3994 oo-

452 4013 504 4067 41444
527 4028 689 4079 praenomen
707 4013 752 4065 04.
770 4014 881 4076 habeut,
909 4027 996 4078 neque
1014 4016 1054 4080 55.
1073 4016 1115 4067 ti.
1133 4017 1173 4066 57.
1193 4016 1244 4076 69.,
1266 4018 1353 4081 potius
1369 4017 1396 4066 P.
1414 4014 1568 4066 addendum
1583 4017 1683 4080 putavi.
1709 4019 1781 4068 Num

451 4092 517 4150 44444,
544 4088 617 4152 quod
638 4088 717 4139 codd.
742 4088 856 4149 habeut,
884 4102 916 4140 es
935 4090 961 4139 P.
980 4089 1155 4154 depravatum
1172 4092 1206 4140 444
1222 4090 1329 4154 dubito;
1355 4091 1443 4155 potius
1459 4091 1545 4140 maius
1560 4089 1657 4142 44414444
1672 4091 1782 4143 videtur

450 4160 546 4224 latere,
574 4176 637 4215 cum
659 4164 822 4216 concinnitas
843 4165 958 4214 oratoria
981 4165 1091 4215 suadeat
1108 4167 1137 4214 ut
1153 4166 1192 4216 sio
1208 4163 1283 4216 locus
1299 4165 1446 4217 scribatur:
1470 4170 1571 4214 44444444
1586 4167 1613 4217 Ρ.
1630 4166 1781 4229 Postumus,

450 4251 507 4288 44444
520 4244 642 4302 potemus
657 4240 766 4300 44444444,
785 4245 838 4289 tum
853 4245 922 4290 444444
939 4242 1001 4299 cet,
1020 4243 1049 4288 ut
1066 4243 1107 4290 441
1122 4239 1233 4290 deinde:
1251 4246 1354 4290 44444444
1369 4240 1439 4290 Scin.
1452 4239 1577 4303 8444444444
1587 4243 1614 4292 44
1627 4247 1732 4294 44444444
1742 4243 1779 4293 lt.

451 4314 561 4366 0414-
580 4314 621 4365 44.
638 4315 773 4377 conspiceris
789 4315 910 4375 uuus.
926 4342 952 4353 -
973 4317 1013 4365 111.
1029 4315 1075 4379 tilii
1092 4317 1229 4365 om.G.—
1250 4315 1421 4366 stesichori
1437 4315 1501 4365 EG:
1519 4315 1676 4379 4144444411,
1694 4316 1783 4368 debon

450 4403 477 4441 v.
491 4416 518 4426 -
532 4390 573 4439 44.
585 4388 695 4440 44144444
712 4389 1000 4452 4444144Ε44144111ψ,
1019 4404 1087 4455 quae
1106 4390 1183 4441 lectio
1199 4389 1327 4441 librorum
1338 4392 1514 4443 Mommsenio
1525 4391 1612 4456 glossa
1622 4391 1740 4443 videtur.
1751 4418 1779 4428 -

451 4463 492 4515 sc.
506 4470 581 4525 atque
596 4465 648 4525 4443.
661 4464 718 4513 lv:
736 4469 765 4513 444
779 4464 832 4529 inq.
846 4465 900 4516 1141
909 4466 958 4515 GC
969 4466 1032 4524 llx3
1050 4472 1074 4516 44
1088 4466 1142 4529 inq.
1154 4467 1183 4516 0.
1203 4467 1291 4516 Lectio
1307 4472 1335 4516 444
1351 4467 1486 4531 inpositum,
1500 4481 1581 4532 quam
1592 4467 1781 4519 Steinmetslus

452 4542 478 4590 44
491 4538 605 4590 1414444444
622 4537 737 4603 amplexi
754 4542 828 4600 suut,
846 4542 989 4605 propterea
1001 4554 1054 4591 uou
1065 4540 1171 4591 videtur
1186 4541 1248 4590 terri
1264 4555 1354 4606 posse,
1373 4541 1445 4605 quod
1462 4541 1586 4593 meliores
1602 4541 1662 4593 libri
1678 4540 1782 4592 habeut

451 4612 576 4673 4444444444,
595 4626 649 4663 non
665 4612 770 4664 41444444.
790 4641 817 4651 -
836 4616 913 4664 4444444
930 4629 983 4665 om.
1003 4617 1032 4666 C.
1053 4644 1079 4654 —
1099 4617 1187 4666 41444444
1202 4616 1287 4681 coitio]
1305 4617 1344 4667 414
1361 4618 1401 4676 11,
1419 4618 1482 4680 Lug.
1499 4618 1536 4678 9.,
1554 4620 1612 4669 Par.
1625 4617 1650 4669 1.
1663 4618 1696 4667 a:
1715 4616 1782 4667 4444-

449 4689 490 4739 nis
505 4701 539 4739 eor
553 4702 595 4738 mo
612 4689 647 4750 G,
666 4689 816 4739 4444444444
833 4690 868 4750 Ε,
887 4690 991 4753 61433.
1005 4692 1032 4740 44
1043 4690 1057 4739 3
1070 4692 1144 4751 oxu,
1163 4691 1318 4742 44444444444444
1334 4691 1413 4743 codd.
1426 4691 1469 4742 alil
1481 4693 1573 4744 4104.
1585 4692 1665 4743 -49,
1677 4692 1782 4741 1444444444

450 4763 518 4824 Gli,
538 4764 598 4826 Lag.
617 4764 653 4824 9.,
672 4765 730 4814 Ρ44.
749 4762 773 4814 l.
793 4763 822 4812 9:
850 4765 965 4814 inimicos
981 4766 1014 4825 E,
1040 4763 1096 4814 rell.
1115 4767 1204 4828 1433,
1223 4767 1238 4816 6
1255 4765 1334 4827 Otr„
1362 4780 1392 4827 v;
1418 4765 1519 4816 icterico
1535 4767 1612 4816 ecitio
1627 4767 1657 4816 0.
1686 4766 1782 4827 (Deest

450 4838 570 4887 4444444144
591 4836 716 4888 omnibus
734 4835 812 4887 codd.
831 4838 880 4888 nisi
898 4840 923 4888 iu
941 4841 972 4890 444
990 4838 1035 4903 qui
1058 4840 1119 4903 post
1134 4839 1223 4890 olienis
1238 4839 1356 4902 habeut.)
1375 4868 1402 4876 -
1426 4839 1540 4891 4444444444
1560 4841 1627 4891 Gli:
1650 4839 1748 4890 4144444
1763 4851 1782 4887 v

451 4913 478 4961 44
494 4910 572 4961 codd.
586 4913 632 4975 qui
648 4910 742 4963 lelsam
758 4909 901 4962 lectionem
918 4913 1033 4972 4444444444
1043 4911 1152 4962 habent.
1162 4940 1189 4950 -
1205 4920 1320 4977 postumo
1330 4916 1382 4965 moi
1395 4916 1422 4964 et
1433 4916 1511 4979 1433.
1524 4915 1631 4981 praeter
1641 4914 1666 4964 4.
1679 4912 1704 4963 3.
1716 4913 1743 4962 7.
1754 4912 1780 4963 8.

451 5011 480 5023 -
497 4985 538 5036 20.
554 4987 680 5047 praetoris
696 4988 725 5037 11.
746 5013 774 5023 -
792 4987 834 5037 ai.
852 4987 879 5036 444
896 4989 957 5050 post
972 4988 1022 5037 des.
1037 5001 1090 5037 om.
1109 4988 1139 5037 G.
1154 5014 1180 5024 -
1199 4990 1393 5053 compostum
1408 4989 1469 5040 cod.
1488 4987 1570 5041 Guslt.
1589 5003 1604 5040 a
1621 5002 1658 5041 m.
1676 5002 1734 5041 sec.
1753 4990 1783 5038 et

449 5061 635 5123 Pantagathus.
655 5088 682 5097 —
701 5063 743 5114 444.
761 5062 809 5112 Dll
824 5061 977 5113 Postumi
991 5062 1186 5114 GlthlNlBVS.
1205 5064 1252 5112 DE
1268 5064 1376 5115 Siilii'll
1389 5063 1640 5130 inolescentis]
1657 5064 1697 5114 414
1713 5063 1779 5126 Lag.

449 5135 474 5185 9.
491 5135 532 5186 tl.
551 5136 592 5186 25.
610 5137 652 5187 26.
671 5137 725 5198 ss,
744 5139 803 5188 Par.
822 5139 846 5186 4.
860 5136 884 5188 1.
904 5136 962 5200 (sed
978 5150 1073 5187 omues
1086 5138 1210 5199 4444444444,
1229 5138 1257 5186 44
1272 5136 1392 5201 plerique
1409 5139 1477 5188 444444
1491 5138 1622 5201 odotem:
1641 5137 1783 5201 deposituri

448 5210 593 5262 criminibus
609 5212 640 5263 de
655 5213 722 5263 444444
737 5211 897 5263 4444444444
912 5214 947 5273 G;
973 5213 1002 5263 de
1016 5213 1083 5263 sceui
1100 5213 1259 5263 adolescentis
1273 5213 1391 5264 4444444444
1412 5213 1442 5262 de
1460 5215 1568 5274 pom
1583 5213 1731 5265 4444444444
1747 5227 1780 5274 νς

448 5281 532 5336 verba
548 5283 575 5337 lu
592 5283 661 5350 1111,
687 5287 718 5336 ut
733 5285 761 5337 lu
777 5283 834 5337 41444
851 5283 941 5351 codd,
967 5287 1067 5340 omissa
1083 5287 1147 5339 suut
1163 5287 1191 5337 et
1206 5285 1326 5339 additum
1342 5287 1370 5339 444
1386 5298 1471 5349 marg.
1489 5287 1617 5352 44444444.
1642 5286 1698 5341 sed
1714 5285 1782 5338 4411411
