4367 6109
416 561 480 632 452
767 569 1088 635 SUPPLEMENTUM
1109 567 1410 632 ADNOTATIONIS

481 732 541 783 pag.
560 717 616 769 4844.
634 731 660 768 v.
679 719 703 769 4.
721 719 803 781 ecquis
818 717 900 768 habet
917 717 957 769 44.
970 743 1004 755 —-
1019 717 1043 769 4.
1063 717 1088 767 Si
1105 719 1179 768 44444
1196 719 1304 781 Lagom.
1323 715 1465 767 lectionem
1481 709 1648 776 exscrtpsii.
1668 707 1750 760 44444-

416 816 469 866 que
485 803 512 852 44
529 803 569 854 his
585 800 666 852 rebus
684 801 829 853 admodum
846 801 956 866 diligens
974 815 1047 862 esse,
1066 800 1152 852 codex
1163 801 1195 853 42
1212 814 1265 853 444
1282 799 1364 851 hahet
1379 800 1409 850 44
1425 805 1470 849 444
1486 800 1594 849 decretu
1610 793 1643 845 ob
1657 794 1749 853 4444444,

417 887 464 938 sed
481 887 511 937 ob
528 892 572 936 444
588 888 686 938 (4444444
702 888 793 947 444444,
811 888 838 936 44
855 900 907 950 qua
925 887 1008 938 iorma
1025 886 1106 936 edictu
1122 885 1225 950 glossae
1243 887 1361 950 speciem
1378 882 1473 945 habet,
1492 882 1521 933 id
1538 879 1619 947 quod
1637 879 1750 930 4444444

416 971 541 1021 Martiano
553 969 658 1036 Capella
671 972 851 1032 confirmatur,
864 971 975 1033 quinon
987 970 1068 1021 habet
1079 971 1128 1020 nisi
1140 970 1208 1021 baec
1218 971 1282 1020 tria:
1300 984 1358 1020 cum
1369 969 1399 1019 ob
1409 974 1453 1019 444
1464 969 1578 1029 (4444444,
1598 964 1631 1016 ub
1640 962 1749 1026 44444444,

415 1053 445 1103 od
461 1055 568 1116 imperio
584 1055 719 1106 dabantur.
744 1056 831 1116 Quare
848 1067 898 1106 nos
914 1055 945 1105 44
956 1056 1037 1106 edictu
1048 1054 1212 1106 inclusimus.
1225 1082 1259 1091 -
1274 1055 1299 1105 7.
1316 1053 1420 1118 accersa]
1437 1053 1530 1104 arceiis
1539 1053 1582 1104 444
1594 1049 1639 1101 42.
1653 1075 1692 1087 -
1709 1048 1749 1099 tt.

415 1138 481 1187 dedit
495 1139 595 1189 Siciliae
605 1138 638 1189 42
650 1153 687 1204 p.:
706 1140 806 1190 Siciiiuc
823 1139 889 1189 dedit
905 1138 984 1190 codd.
996 1139 1053 1190 rell.
1067 1142 1095 1190 44
1111 1139 1173 1190 444.
1195 1137 1260 1189 iliud
1277 1152 1326 1190 444
1343 1138 1480 1200 dedimus,
1500 1150 1565 1188 num
1583 1133 1669 1186 lectio
1688 1131 1749 1184 cod.

415 1222 506 1286 optimi
525 1235 542 1272 a
563 1224 591 1274 Ζ.
610 1238 663 1275 444
680 1224 796 1275 affertur.
820 1249 854 1261 -
874 1223 915 1274 44.
936 1224 1101 1288 supitiuortnn
1124 1237 1215 1273 munus
1234 1223 1337 1287 [4444444
1359 1228 1403 1273 444
1419 1224 1471 1273 sine
1487 1221 1519 1274 42
1537 1235 1565 1286 p.
1591 1247 1627 1257 -
1655 1219 1700 1270 42.
1719 1215 1751 1266 ub

413 1305 503 1356 dorum
518 1308 591 1370 copia
606 1308 701 1372 suetam
717 1313 752 1358 esi
768 1307 799 1359 42
811 1322 837 1373 p.
857 1307 941 1371 (copia
958 1307 1040 1359 habet
1055 1309 1134 1359 etiam
1146 1311 1181 1369 Α,
1201 1307 1250 1358 sed
1267 1321 1318 1358 non
1336 1308 1398 1370 443.
1411 1308 1457 1369 29,
1475 1309 1505 1357 44
1521 1307 1558 1356 444
1571 1305 1602 1355 Ζ.
1615 1318 1645 1370 p.
1662 1301 1749 1363 4026.)

414 1418 448 1428 -
463 1391 558 1456 detrun]
575 1393 668 1443 durum
683 1391 726 1443 vel
742 1393 840 1442 ciarum
856 1391 888 1444 42
905 1406 932 1457 p.
950 1420 983 1429 -
1000 1392 1040 1442 43.
1058 1392 1176 1456 iudicari]
1194 1393 1226 1440 sit
1242 1391 1274 1442 42
1290 1405 1317 1455 p.
1329 1419 1363 1427 -
1379 1389 1420 1442 44.
1439 1391 1530 1453 occipit
1545 1391 1572 1441 4.
1593 1389 1619 1440 6.
1638 1387 1687 1438 27.
1705 1385 1747 1437 tt.

414 1476 473 1525 Par.
491 1477 550 1527 ΑΒ.
569 1505 603 1515 -
619 1478 660 1527 44.
678 1490 799 1539 umquam
815 1490 869 1527 cm.
887 1476 928 1528 42.
946 1505 979 1514 -
1001 1476 1041 1527 47.
1061 1479 1090 1539 0.
1108 1490 1162 1527 om.
1182 1477 1287 1538 74433.
1306 1474 1370 1525 dett.
1388 1477 1416 1525 44
1431 1473 1463 1526 ta
1479 1488 1507 1539 p.
1526 1502 1559 1511 -
1576 1473 1621 1523 20.
1640 1468 1748 1534 iudices]

415 1559 536 1622 picodiibct
552 1559 583 1612 42
601 1575 628 1626 p.
654 1560 741 1613 Habet
758 1560 854 1612 deiude
871 1560 940 1610 nobis
955 1574 1004 1626 pro
1015 1560 1085 1610 uobis
1102 1562 1165 1611 item
1176 1573 1217 1624 pr.
1231 1573 1267 1610 m.
1279 1587 1313 1596 -
1329 1560 1370 1610 22.
1383 1558 1573 1618 444444444429;
1592 1556 1749 1607 obsim

414 1656 468 1695 um.
487 1642 519 1695 42
541 1658 579 1709 p.,
601 1657 670 1710 quoa
693 1646 792 1710 optima
815 1644 893 1695 444444
910 1658 971 1695 cum
989 1645 1060 1709 apud
1077 1645 1104 1695 Z.
1124 1658 1176 1694 444
1194 1646 1292 1704 exstet,
1316 1656 1364 1694 nus
1381 1641 1540 1693 vocabulum
1557 1644 1590 1693 ιιι
1606 1640 1747 1705 glossema

413 1727 582 1779 manifestum
598 1728 761 1781 inclusimus.
789 1728 827 1779 Ci.
847 1743 890 1793 ep.
909 1728 943 1778 ud
960 1730 990 1789 Q.
1010 1730 1050 1779 Fr.
1069 1730 1089 1780 1.
1109 1730 1133 1779 4.
1152 1729 1176 1792 5,
1196 1730 1237 1779 to.
1256 1728 1501 1790 circumspiciendum
1517 1725 1656 1792 diiipenter
1673 1730 1704 1775 ut
1719 1725 1747 1775 in

403 1813 461 1862 'duc
480 1814 592 1864 custodia
608 1815 754 1876 provinciae
776 1827 827 1864 nun
842 1819 866 1864 44
890 1827 979 1875 unum,
1000 1815 1043 1863 scd
1065 1826 1148 1864 444444
1169 1814 1295 1863 ministros
1310 1813 1409 1875 imperii
1425 1813 1462 1862 tui
1477 1813 1550 1863 sociis
1565 1817 1590 1863 et
1606 1810 1709 1862 ciuibus
1723 1815 1747 1862 44

412 1897 451 1947 444
463 1897 578 1960 44444444
590 1903 723 1961 proestare
738 1899 847 1948 videare.
865 1925 898 1934 -
914 1898 955 1948 29,
973 1898 1050 1962 uetus]
1066 1912 1141 1948 44444
1157 1897 1197 1949 42.
1275 1914 1280 1925 =

479 1995 540 2046 pag.
559 1983 615 2034 486.
635 1997 661 2033 v.
679 1984 703 2033 2.
722 1983 767 2033 444
783 1997 801 2031 4
815 1996 855 2033 ma
871 1981 971 2033 habent
988 1983 1066 2032 etiam
1084 1982 1108 2032 6.
1125 1982 1166 2033 i8.
1182 2009 1215 2018 -
1232 1982 1257 2033 3.
1275 1995 1326 2032 esse
1341 1995 1390 2046 pro
1405 1982 1460 2045 fort
1476 1983 1517 2033 esi
1532 1983 1559 2033 44
1576 1981 1611 2033 42
1629 1993 1692 2032 444.
1706 1993 1743 2032 m.

413 2091 447 2102 -
462 2067 487 2116 4.
506 2067 527 2116 si
543 2067 619 2117 suiuti
636 2073 659 2118 et
674 2067 772 2117 4444444
786 2065 819 2118 42
836 2081 862 2132 p.
881 2095 914 2104 -
931 2067 971 2116 42.
991 2067 1057 2117 Cum
1075 2066 1168 2118 Lamb.
1186 2067 1361 2125 constituerat.
1379 2068 1409 2116 ιιι
1425 2068 1466 2117 444
1482 2067 1509 2116 44
1525 2067 1589 2130 Lag.
1603 2065 1651 2127 42,
1672 2066 1746 2116 reci·

413 2152 503 2215 peret,
521 2164 601 2215 supra
616 2165 643 2203 v.
661 2152 702 2202 44.
721 2152 841 2216 scripsit:
864 2152 1014 2202 instituisset.
1033 2178 1066 2187 -
1089 2151 1130 2201 43.
1149 2151 1216 2202 Cum
1233 2165 1248 2201 4
1265 2150 1297 2203 42
1314 2165 1355 2216 pr.
1373 2164 1410 2202 m.
1428 2152 1557 2201 4444444444
1572 2149 1662 2212 absit,
1681 2149 1744 2201 vide

413 2247 447 2285 44
465 2235 652 2298 corrigendum
669 2237 719 2286 sit:
742 2241 795 2286 tum
810 2235 872 2285 iliud
889 2236 1013 2299 infinitum
1028 2249 1105 2298 penus
1121 2240 1176 2285 erut
1192 2237 1226 2285 cd
1244 2237 1379 2298 pecuniam
1394 2236 1592 2298 corripiendum
1617 2248 1686 2286 nam
1704 2235 1746 2286 esi

414 2319 533 2382 proiecto
550 2319 623 2383 quod
640 2319 901 2385 plusquamperfecto
918 2320 1047 2370 inuenerat
1064 2320 1089 2369 44
1107 2317 1219 2370 14444444
1236 2319 1307 2382 vulg.
1326 2319 1470 2370 4444444444.
1483 2348 1517 2357 -
1534 2320 1573 2370 ts.
1593 2323 1678 2370 444444
1695 2332 1745 2384 pro

413 2404 462 2453 sint
471 2402 504 2454 42
516 2416 596 2464 corr„
615 2417 668 2454 444
679 2418 719 2469 pr.
733 2417 787 2465 m.;
806 2402 878 2455 idem
889 2405 952 2455 item
965 2418 1020 2455 sec.
1033 2418 1070 2454 m.
1083 2405 1295 2454 calumniatorum
1305 2417 1354 2468 pro
1366 2417 1459 2454 eumen.
1474 2402 1558 2468 (aliter
1568 2405 1597 2454 z.
1611 2418 1639 2470 p.
1655 2402 1744 2464 4027.)

413 2513 447 2525 —-
463 2487 503 2539 i8.
526 2488 634 2538 iudicem
654 2502 708 2540 om.
726 2488 758 2540 42
775 2503 802 2554 p.
828 2516 861 2526 —
886 2489 926 2541 49.
950 2490 1011 2539 iscis
1031 2494 1054 2538 44
1076 2490 1142 2550 quod
1157 2488 1189 2540 42
1206 2502 1233 2553 p.
1253 2489 1316 2551 (om.
1334 2489 1385 2552 Z.),
1412 2490 1567 2553 corruptum
1584 2501 1619 2539 cx
1636 2487 1703 2538 leuis
1719 2487 1747 2537 id

414 2573 493 2634 quud,
512 2574 542 2622 44
557 2573 670 2624 videtur.
698 2573 737 2625 Ci.
755 2587 811 2625 var.
830 2573 891 2624 4444.
910 2573 945 2623 ad
962 2574 1004 2624 444.
1023 2572 1047 2635 s.
1062 2574 1102 2623 74.
1115 2601 1149 2610 -
1165 2575 1206 2624 20.
1225 2573 1316 2623 accidit
1332 2584 1426 2623 omues
1443 2573 1521 2636 Lagg.
1540 2574 1651 2636 practer
1668 2570 1704 2622 42
1716 2583 1744 2636 p.

413 2681 448 2696 ν·
463 2658 504 2707 22.
522 2658 646 2721 siporrct
662 2659 709 2717 29;
732 2658 832 2710 hubent
848 2659 869 2708 si
887 2662 962 2720 paret
978 2657 1010 2709 42
1028 2659 1085 2708 ets
1104 2656 1155 2709 alii.
1179 2686 1212 2694 -
1232 2657 1274 2708 23.
1293 2658 1383 2708 Seruili
1398 2657 1440 2707 29.
1462 2685 1496 2693 -
1517 2656 1559 2708 24.
1580 2657 1695 2720 modurn
1714 2656 1745 2719 0.

415 2741 502 2792 044444
517 2743 689 2794 restitueretur
704 2742 735 2794 42
752 2756 780 2807 p.
798 2771 831 2780 -
846 2743 887 2793 28.
906 2743 998 2805 accipis
1014 2742 1055 2793 29.
1074 2741 1113 2806 (84
1129 2757 1179 2794 444
1195 2743 1303 2805 occepit,
1325 2743 1342 2792 i.
1362 2756 1385 2793 e.
1405 2743 1427 2793 si
1443 2744 1523 2806 44344
1538 2755 1568 2793 44
1586 2741 1744 2807 accepisse,

415 2826 566 2890 suspicatur
581 2826 681 2878 Theod.
700 2827 910 2890 Mommseoius.)

481 2924 540 2975 pag.
560 2910 616 2962 487.
640 2926 665 2962 v.
685 2911 709 2961 3.
728 2911 749 2960 si
765 2924 819 2961 om.
838 2911 870 2962 42
886 2925 913 2976 p.
932 2939 965 2948 -
987 2913 1012 2962 7.
1027 2911 1140 2976 praetor]
1156 2914 1215 2974 Pop.
1233 2914 1262 2963 44.
1280 2911 1312 2964 42
1329 2926 1356 2977 p.
1374 2940 1407 2948 -
1424 2911 1448 2961 8.
1467 2911 1592 2962 sententiis
1607 2909 1641 2961 42
1660 2924 1691 2976 p.
1710 2938 1747 2949 -

414 2995 439 3044 9.
454 2995 570 3060 populus]
584 2997 701 3059 priuatus
717 2994 749 3047 42
766 3010 792 3061 p.
811 3024 844 3033 -
861 2998 901 3046 tt.
921 2998 998 3046 datur
1014 3009 1067 3047 om.
1086 2995 1127 3047 42.
1146 3025 1179 3033 -
1204 2998 1244 3048 42.
1263 2998 1323 3046 ciuis
1339 2998 1409 3046 44444.
1427 3009 1481 3047 om.
1499 2995 1540 3046 29.
1558 3022 1592 3033 -
1609 2994 1654 3045 43.
1673 2996 1748 3046 deci-

413 3093 503 3130 manus
517 3079 559 3132 42.
578 3107 611 3117 -
627 3081 668 3130 46.
686 3080 760 3130 civeis
775 3081 807 3131 29
825 3093 851 3144 p.
870 3108 904 3117 -
919 3095 976 3131 cum
991 3082 1041 3130 ciui
1058 3079 1139 3130 habet
1154 3080 1177 3129 V
1194 3082 1260 3131 44444
1278 3081 1403 3132 44444444.
1422 3108 1455 3118 -
1474 3081 1515 3132 20.
1533 3080 1561 3129 in
1576 3093 1651 3130 mum
1666 3084 1746 3142 poie-

413 3169 502 3214 stutem
517 3165 648 3229 redoperuit
663 3165 704 3216 29.
723 3192 756 3201 -
772 3164 814 3215 23.
832 3166 989 3215 iudicaturus
1005 3165 1035 3227 V,
1054 3164 1103 3214 sed
1120 3177 1184 3215 num
1202 3166 1281 3215 etiam
1298 3166 1363 3215 otius
1379 3163 1490 3227 habeat,
1507 3164 1561 3215 iam
1578 3177 1633 3214 ocu
1649 3166 1746 3228 potest

415 3248 538 3299 discerni.
556 3276 590 3285 -
611 3247 652 3300 24.
671 3255 824 3312 exspectaret
841 3251 901 3311 (ooo
918 3249 1048 3314 spectaret)
1065 3248 1106 3300 42,
1125 3277 1159 3286 -
1178 3250 1219 3300 26.
1237 3251 1285 3300 icc
1300 3251 1374 3312 cupio
1389 3249 1421 3300 42
1437 3263 1465 3314 p.
1482 3277 1516 3286 -
1537 3249 1579 3320 28,
1597 3249 1621 3300 si
1638 3262 1696 3301 om.
1717 3250 1743 3300 6.

414 3333 455 3384 27.
474 3360 507 3370 -·
524 3332 565 3383 30.
584 3333 658 3395 quen]
676 3334 696 3382 si
714 3335 780 3396 quod
796 3332 846 3396 (vel
864 3334 933 3398 quid)
951 3334 991 3385 42.

480 3431 540 3483 pag.
558 3418 615 3469 i88.
634 3431 660 3468 v.
678 3418 703 3468 8.
722 3419 756 3467 ud
772 3418 877 3482 scfitium
894 3419 970 3482 444444
985 3418 1085 3468 triciens
1100 3417 1132 3468 42
1144 3432 1182 3482 p..
1200 3419 1217 3468 i.
1231 3431 1256 3469 c.
1275 3420 1304 3468 44
1314 3419 1450 3483 Zumptius
1467 3417 1532 3469 vidit
1548 3420 1582 3468 cd
1598 3418 1745 3469 sestertium

414 3502 487 3566 444444
503 3502 619 3552 tricicm:
640 3502 715 3565 444444
738 3503 772 3551 nd
788 3502 829 3552 HS
844 3502 926 3552 tricies
943 3502 1021 3553 codd.
1040 3500 1098 3553 rell.
1116 3503 1145 3552 0.
1173 3501 1250 3564 (illud
1271 3516 1319 3553 nos
1336 3503 1504 3566 scripsimus,
1528 3515 1590 3553 cum
1607 3502 1745 3553 lordaous

415 3585 556 3637 lectionem
573 3586 633 3637 cod.
652 3587 743 3650 optimi
761 3587 987 3651 praetermiserit.)
1003 3614 1037 3624 -
1053 3587 1077 3636 9.
1095 3587 1171 3650 piena
1186 3587 1277 3636 4444444
1291 3588 1378 3649 optimi
1391 3587 1490 3650 erpeiiti
1504 3585 1537 3638 42
1548 3600 1575 3651 p.
1586 3614 1622 3624 -
1639 3588 1683 3638 44,
1694 3601 1745 3650 pe-

416 3672 518 3721 cuniam
533 3671 648 3722 Heraclio
665 3683 713 3721 nos
730 3684 764 3720 ax
780 3670 812 3721 42
830 3670 872 3733 (dc
889 3684 943 3735 quo
960 3671 987 3722 Z.
1000 3673 1092 3732 tacett:
1111 3672 1226 3721 Heraclio
1240 3673 1374 3733 pecuniam
1390 3670 1468 3722 codd.
1481 3669 1539 3721 reli.
1552 3671 1581 3721 0.
1595 3699 1630 3708 -
1647 3670 1691 3722 44.
1705 3672 1744 3722 ie-

414 3757 486 3806 niort
502 3755 622 3820 artificio,
640 3755 658 3806 i.
672 3768 696 3805 e.
712 3755 799 3805 miuus
811 3753 937 3816 violento,
955 3756 1062 3819 practer
1077 3754 1111 3806 42
1128 3757 1208 3806 ctiam
1225 3756 1240 3805 6
1256 3759 1330 3806 44444
1347 3753 1437 3805 hahet.
1456 3754 1547 3819 (officio
1563 3768 1611 3820 pro
1629 3740 1744 3819 artificio

416 3840 461 3901 29,
480 3839 514 3890 44
532 3852 584 3902 qua
602 3838 757 3889 4444444444
775 3852 800 3888 v.
819 3841 909 3889 444444
925 3838 999 3890 Ausi.
1018 3837 1083 3889 Tuli.
1103 3840 1122 3890 1.
1141 3853 1168 3904 p.
1181 3838 1206 3891 4.
1226 3841 1280 3891 444.
1299 3839 1334 3902 3.)
1351 3867 1385 3876 -
1405 3841 1446 3890 24.
1464 3852 1521 3889 mm
1536 3853 1586 3891 nos
1603 3852 1636 3890 ex
1653 3837 1688 3889 42
1707 3853 1742 3905 p:

417 3930 440 3974 44
456 3937 512 3974 cum
529 3922 607 3973 codd.
626 3921 683 3973 reii.
697 3923 765 3973 440.
788 3924 854 3972 sunt
870 3924 995 3986 quattuor
1006 3921 1141 3984 membru,
1159 3937 1213 3975 444
1225 3925 1292 3974 iria:
1310 3937 1441 3975 ramesse
1453 3921 1630 3989 praeclaram,
1648 3923 1743 3988 ipsum

418 4008 547 4058 maiorem
563 4009 638 4068 natu,
656 4007 797 4071 patronum
813 4005 914 4056 habere
926 4005 1039 4068 nulium,
1059 4021 1120 4059 4444
1138 4009 1164 4059 44
1175 4010 1336 4059 testamento
1348 4011 1399 4059 cci.
1418 4009 1444 4059 Si
1454 4009 1503 4058 tria
1514 4006 1638 4058 membra
1648 4009 1744 4058 oratur

416 4092 564 4156 posuisset,
582 4104 638 4141 4444
654 4093 715 4155 poat
731 4096 754 4141 44
771 4091 912 4142 omisisset.
924 4119 958 4128 -
974 4092 1015 4142 24.
1033 4092 1089 4142 iure
1104 4105 1149 4142 suo
1165 4093 1192 4143 44
1203 4092 1235 4145 42
1247 4106 1307 4145 4444
1325 4082 1451 4157 equidem
1467 4091 1589 4144 dubitare
1600 4089 1693 4146 nolim.
1706 4118 1743 4130 -

415 4175 457 4227 29.
475 4176 693 4226 accedaturinntur
709 4175 795 4226 44429
812 4188 839 4239 p.
856 4201 891 4213 ·-
906 4175 947 4227 33.
965 4176 1120 4227 sortientium
1135 4175 1168 4228 42
1184 4191 1212 4242 p.

481 4272 541 4324 pag.
560 4259 616 4310 489.
639 4271 666 4309 v.
685 4261 710 4309 4.
734 4263 762 4308 ιιι
782 4259 809 4308 44
828 4259 893 4308 iuno
909 4258 949 4310 42.
976 4261 1037 4323 (om.
1055 4262 1093 4325 Ζ.)
1125 4261 1157 4311 it
1177 4260 1211 4312 44.
1229 4262 1254 4327 5.
1272 4263 1312 4312 37.
1332 4261 1372 4313 42.
1390 4261 1432 4313 44.
1454 4289 1488 4299 —
1508 4267 1643 4326 postpuum
1658 4260 1693 4313 42
1710 4274 1740 4328 p.

417 4345 500 4394 recte.
517 4368 552 4382 ·-
567 4344 593 4394 4.
609 4356 664 4393 rem
680 4356 733 4393 om.
752 4342 784 4393 42
801 4356 827 4407 p.
846 4370 879 4380 -
900 4344 924 4393 6.
944 4357 976 4394 44
993 4345 1045 4409 4434
1061 4345 1217 4409 scripsimus
1240 4359 1272 4396 ex
1289 4348 1311 4397 Α
1327 4348 1355 4396 44
1371 4360 1403 4396 cx
1420 4347 1499 4410 4433.
1518 4346 1559 4398 44.
1577 4346 1619 4398 29.
1637 4345 1684 4408 48,
1704 4346 1741 4398 (44

417 4440 531 4492 quorum
547 4425 660 4478 lectione
678 4428 705 4478 Z.
719 4429 803 4486 tacet3
822 4440 854 4477 44
866 4440 919 4479 om.
933 4427 964 4479 42
983 4429 1176 4494 (postiudices);
1194 4430 1270 4494 sirpe
1280 4429 1337 4482 4444.
1356 4431 1398 4481 Sic
1409 4431 1489 4483 eiiam
1501 4431 1526 4495 5.
1539 4430 1580 4483 42.
1598 4443 1625 4496 p.
1639 4430 1699 4493 490,
1712 4429 1739 4482 8.

416 4513 516 4576 celeps
533 4511 629 4562 cumV
645 4511 839 4562 restituendum
856 4513 921 4562 erat.
934 4540 967 4549 -
983 4513 1008 4562 7.
1024 4513 1056 4562 44
1071 4514 1189 4564 4444444444
1202 4515 1359 4577 amariorum
1370 4528 1423 4566 om.
1437 4514 1481 4574 42;
1500 4515 1550 4566 sed
1566 4529 1599 4566 ex
1616 4528 1649 4566 44
1660 4527 1742 4566 44·-

415 4597 547 4646 recedutur
563 4608 611 4661 pro
627 4601 703 4645 ut--
713 4609 745 4647 ne
760 4597 892 4646 recedatur
908 4596 1092 4662 recipiendum
1109 4602 1159 4650 444,
1176 4626 1210 4636 -
1226 4599 1250 4649 8.
1270 4600 1375 4649 4444444
1391 4598 1493 4649 habent
1508 4600 1597 4663 4οφ
1613 4598 1646 4651 42
1662 4612 1691 4664 p.
1712 4601 1742 4652 44

416 4683 448 4731 6:
467 4682 568 4732 (4444444
585 4681 604 4731 B
622 4681 650 4730 44
666 4678 722 4731 rell.
741 4681 819 4744 Lagg.
840 4681 935 4743 (444444
951 4684 1075 4734 accurate
1093 4684 1187 4748 Zumpt
1203 4697 1230 4748 p.
1248 4683 1305 4734 278.
1325 4685 1352 4733 44
1363 4684 1446 4747 4027.)
1464 4710 1498 4722 —-
1514 4684 1538 4735 8.
1558 4684 1613 4746 puis
1626 4688 1741 4735 4444444

417 4779 471 4817 om.
489 4764 535 4827 42,
554 4764 599 4829 qui
617 4763 713 4815 deinde
730 4778 780 4815 non
796 4765 823 4814 44
839 4765 939 4815 urbano
954 4765 1048 4828 habet,
1068 4766 1140 4830 quod
1157 4780 1250 4819 verum
1267 4767 1382 4818 videtur.
1394 4795 1428 4804 -
1445 4769 1485 4819 44.
1503 4774 1532 4818 44
1548 4782 1602 4820 om.
1614 4766 1646 4819 42
1662 4781 1691 4833 p.
1703 4796 1741 4808 -

417 4851 457 4902 42.
475 4855 570 4900 certum
586 4862 640 4900 om.
658 4847 690 4900 42
707 4863 733 4913 p.
752 4875 786 4888 -
810 4849 850 4899 43.
868 4851 895 4900 Ρ.
914 4851 975 4913 iiup.
995 4851 1088 4914 consui]
1105 4852 1144 4902 444
1159 4852 1209 4903 42;
1231 4850 1288 4902 rell.
1307 4853 1384 4917 4433.
1403 4852 1505 4904 habeut
1519 4854 1561 4903 Pr.
1580 4850 1630 4916 (vei
1649 4853 1676 4902 P.
1697 4854 1739 4918 44.)

415 4934 528 4996 Rupilius
543 4946 606 4993 cos.;
625 4945 675 4983 cos.
694 4946 747 4984 om.
767 4931 798 4984 44
815 4931 901 4996 scius,
919 4935 1000 5000 idque
1017 4948 1073 4987 444.
1085 4949 1122 4987 m.
1142 4935 1289 4988 «Adduot8
1301 4936 1362 4987 edd.
1376 4940 1438 4989 vett.
1452 4950 1485 4989 eu
1500 4942 1600 4989 senatus
1614 4937 1738 5002 44444444,

416 5031 484 5082 quae
501 5015 585 5069 verbu
602 5029 696 5069 omncs
713 5016 793 5068 codd.
812 5018 871 5069 44444
887 5019 985 5082 pariter
1001 5020 1147 5084 ignorant.»
1165 5022 1236 5072 Nus.
1253 5048 1287 5059 —
1304 5022 1345 5072 46.
1363 5023 1462 5088 iudices]
1479 5022 1593 5073 uidelicet
1607 5021 1639 5073 42
1656 5034 1684 5087 p.
1702 5049 1740 5061 --

416 5103 456 5152 47.
468 5101 625 5152 addidimus
642 5102 824 5153 testimonium
841 5102 940 5154 codicis
950 5103 995 5162 42;
1015 5118 1078 5156 nam
1088 5105 1161 5169 apud
1172 5105 1248 5157 44444).
1260 5107 1299 5158 444
1312 5108 1370 5158 444;
1388 5108 1434 5158 444
1449 5106 1553 5171 4444444)
1570 5107 1627 5156 truie
1642 5106 1741 5159 nomini

414 5186 471 5236 44444
489 5186 514 5248 (i.
533 5199 558 5237 4.
576 5187 592 5236 7
610 5185 688 5236 codd.
707 5185 773 5238 dett.
792 5186 878 5249 4429)
901 5189 929 5238 44
942 5187 975 5239 42
991 5201 1047 5240 444.
1066 5201 1103 5240 m.
1129 5214 1164 5226 -
1188 5190 1228 5241 48.
1247 5191 1378 5243 (4444444444
1393 5195 1416 5241 et
1432 5203 1486 5243 om.
1503 5190 1551 5254 42,
1569 5204 1636 5253 444,
1654 5193 1741 5244 44444

415 5271 453 5335 z.¹
472 5272 557 5322 ictam
573 5268 786 5336 appeliationem.
804 5297 838 5311 -
858 5271 900 5327 24.
917 5272 991 5326 nudis
1006 5273 1110 5339 (4444444
1125 5273 1204 5338 4444.)
1221 5275 1294 5328 suist.
1309 5276 1393 5339 44444
1408 5275 1451 5331 42.
1470 5301 1504 5320 -
1525 5275 1567 5332 244.
1584 5275 1679 5329 4444444
1694 5277 1740 5332 444-
