4367 6109
763 590 817 656 an
840 590 992 657 LIBRUM
1013 591 1053 656 11.
1074 590 1375 658 accusamouls.
1672 590 1734 658 453

416 737 475 788 dicii
491 735 561 802 44)).
574 737 652 789 4449.
665 763 698 776 -
713 739 754 789 44.
771 752 859 790 onum
873 739 910 805 ut]
926 746 1045 792 amount
1060 740 1102 793 44.
1115 769 1148 780 -
1163 741 1205 793 49.
1223 743 1375 805 imperatum
1390 748 1425 794 444
1435 742 1467 795 44
1479 755 1506 808 p.
1518 768 1552 781 —-
1568 741 1609 794 30.
1622 744 1734 794 munitum

416 821 447 872 44
465 836 491 886 p.
503 848 537 860 -
554 822 594 872 34.
612 822 658 872 illu
672 828 743 873 nocte
758 824 890 885 succuris
906 838 959 875 non
975 825 1069 888 habat,
1088 827 1118 876 nt
1134 839 1167 876 ex
1182 827 1209 876 Ζ.
1223 825 1391 878 adnotatione
1403 828 1532 890 conicias,
1550 828 1612 891 Lag.
1626 827 1667 890 44,
1685 826 1734 879 scd

415 904 487 957 aolus
502 906 547 968 49,
566 919 649 970 quare
667 920 715 957 nos
732 907 853 959 ordinem
869 907 1004 972 vulgarem
1022 911 1192 962 restituimus.

479 1001 539 1055 pag.
558 989 615 1040 490.
634 1003 659 1040 v.
677 992 702 1041 4,
720 992 806 1054 incipit
822 991 922 1042 habent
938 995 1015 1057 lagg.
1034 1007 1136 1045 omnes.
1155 1021 1188 1032 -
1204 994 1229 1045 4.
1248 996 1278 1045 de
1294 995 1398 1059 4644444]
1417 994 1541 1045 absentem
1557 995 1589 1045 44
1606 1007 1648 1060 ρ.;
1672 994 1731 1045 iort.

414 1074 441 1123 in
458 1073 589 1124 4444444444.
607 1101 640 1110 -
657 1074 681 1124 7.
699 1075 788 1126 multos
805 1077 832 1126 et
848 1077 914 1136 quod
930 1077 951 1125 si
968 1075 999 1127 44
1017 1091 1043 1142 p.
1059 1104 1086 1113 -
1106 1077 1130 1128 8.
1149 1079 1264 1128 accedere
1279 1079 1310 1129 V.
1331 1079 1392 1140 (Br.)
1418 1079 1494 1144 Apud
1511 1079 1609 1130 Maium
1627 1079 1652 1129 in
1670 1079 1732 1130 adn.

415 1159 532 1209 erratum
549 1159 598 1209 est.
616 1184 650 1195 -
670 1158 694 1210 9.
713 1159 861 1220 iniquiorem
882 1161 961 1210 ctiam
979 1162 1001 1209 V
1025 1161 1084 1223 (non
1107 1162 1250 1227 iniquiore).
1269 1190 1302 1199 -
1328 1163 1367 1212 40.
1386 1165 1540 1226 recorriqere
1555 1163 1609 1211 nuit
1623 1165 1736 1224 apertius

414 1240 446 1292 44
464 1256 490 1307 p.
509 1269 542 1279 -
559 1242 599 1293 43.
617 1243 710 1293 iudices
725 1257 758 1293 ex
774 1243 833 1308 inqu]
850 1244 963 1294 uidelicet
979 1243 1005 1295 0.
1024 1245 1075 1309 iupa
1091 1243 1124 1296 44
1140 1259 1167 1310 p.
1194 1245 1332 1307 Adhaesit,
1354 1247 1383 1296 nt
1399 1246 1515 1307 videtur,
1535 1246 1562 1298 G.
1581 1260 1614 1296 ex
1631 1245 1733 1309 syllaba

414 1339 465 1387 444,
488 1328 630 1391 postquam
652 1327 706 1376 iudi
725 1327 751 1377 in
773 1327 885 1377 uidelicet
905 1328 1019 1389 transiit,
1042 1328 1071 1378 ut
1093 1327 1317 1380 consultissimum
1340 1329 1462 1380 videatur
1484 1330 1576 1380 iudices
1593 1331 1646 1394 irps
1661 1330 1733 1380 exii

415 1408 542 1461 scribere.
557 1437 590 1447 -·
602 1411 686 1473 pridie
702 1424 778 1473 quum
793 1411 877 1460 multis
893 1412 1004 1461 lacrimis
1019 1417 1105 1462 oraret
1121 1425 1175 1463 om.
1188 1418 1263 1475 utque
1279 1413 1417 1463 usuram
1433 1413 1465 1465 44
1476 1427 1503 1478 p.
1515 1442 1548 1451 -
1565 1414 1606 1464 46.
1619 1413 1734 1464 Vhahet

414 1494 461 1544 EX
476 1494 559 1545 vulti
570 1493 589 1551 ii
598 1493 614 1547 tt
622 1495 677 1557 118,
700 1497 788 1545 certae
811 1497 873 1545 sunt
894 1494 995 1546 litterae
1016 1497 1163 1556 urna..is,
1188 1497 1256 1547 inter
1278 1509 1345 1560 quas
1368 1497 1436 1548 duae
1453 1500 1542 1547 tresve
1560 1496 1627 1548 aliae
1644 1499 1733 1548 exsta-

416 1578 493 1637 bant;
517 1577 622 1628 videtur
638 1579 664 1629 in
682 1578 741 1629 cod.
760 1578 856 1630 luisse:
883 1593 916 1630 44
934 1593 1002 1629 urna
1024 1581 1070 1629 tris
1085 1580 1108 1630 ia
1123 1579 1164 1630 vel
1183 1594 1214 1630 ex
1231 1595 1299 1630 urnu
1315 1581 1384 1641 triis,
1413 1578 1514 1643 syllaba
1532 1582 1554 1630 is
1569 1595 1585 1630 a
1602 1583 1731 1646 sequente

414 1675 474 1713 voc.
491 1662 523 1711 iis
539 1662 675 1726 absorpta.
693 1691 727 1700 -
743 1662 784 1713 43.
799 1664 913 1725 praetori
930 1664 1065 1727 imperetur
1081 1664 1113 1715 44
1130 1678 1157 1729 p.
1175 1693 1209 1702 -
1224 1667 1265 1716 45.
1284 1665 1362 1716 nnitti
1378 1664 1458 1715 idem.
1470 1693 1504 1702 —
1520 1666 1561 1716 46.
1579 1667 1668 1730 nequii
1682 1680 1733 1717 non

412 1750 457 1810 pot
473 1745 528 1809 (444)
546 1746 578 1796 44
594 1758 632 1811 p.,
650 1748 667 1797 i.
685 1760 709 1797 e.
727 1761 777 1796 non
789 1752 883 1809 potest,
901 1747 973 1810 quod
990 1761 1083 1799 vemm
1101 1747 1197 1799 indico.
1210 1776 1243 1785 —
1259 1749 1300 1799 46.
1319 1748 1417 1813 iudicer]
1434 1749 1546 1799 uidelicet
1561 1747 1593 1800 44
1604 1763 1648 1814 p.;
1666 1751 1733 1800 iudi·

414 1831 481 1879 cium
497 1842 551 1880 sec.
570 1843 607 1880 m.
625 1858 659 1867 -
678 1831 718 1881 34.
736 1831 834 1881 sortitos
850 1843 901 1881 4444
916 1845 956 1881 sos
972 1831 1004 1882 44
1021 1844 1047 1897 p.

480 1926 539 1978 pag.
560 1913 616 1964 494.
634 1927 660 1964 v.
678 1915 703 1965 4.
720 1915 778 1965 uelit
795 1913 826 1965 44
842 1928 869 1979 p.
887 1943 921 1952 —
936 1913 962 1966 4.
980 1916 1113 1966 hereditate
1129 1928 1183 1966 om.
1202 1914 1234 1966 44
1251 1929 1277 1981 p.
1295 1944 1329 1953 —
1350 1918 1374 1967 6.
1394 1917 1504 1978 quiden,
1523 1915 1595 1979 qnod
1613 1915 1689 1967 deest
1705 1917 1732 1967 in

415 1999 460 2061 44,
478 2012 526 2050 nos
544 1996 711 2059 inclusimus;
731 2004 921 2050 enumerantur
931 2013 975 2050 res
988 1998 1152 2065 complures,
1171 2013 1258 2064 neque
1276 2013 1328 2050 nna
1346 1999 1432 2064 aliqua
1444 2002 1552 2065 praeter
1563 1998 1640 2049 aliam
1652 1999 1732 2050 alier-

415 2087 466 2133 tur.
484 2110 518 2120 -
534 2083 558 2132 6.
577 2095 625 2132 mu
640 2083 711 2147 sarna
727 2082 758 2134 44
775 2097 802 2148 p.
830 2084 868 2135 ci.
887 2083 947 2135 lect.
967 2098 1022 2135 var.
1041 2085 1075 2135 ad
1092 2097 1131 2134 or.
1145 2083 1219 2135 Catil.
1238 2086 1257 2134 4,
1278 2084 1302 2148 5.
1316 2084 1356 2135 43.
1374 2111 1408 2121 -
1424 2086 1449 2134 4.
1467 2088 1490 2134 44
1506 2085 1565 2133 daun
1581 2081 1613 2134 44
1624 2097 1651 2148 p.
1668 2084 1730 2146 (om.

414 2168 466 2230 4.),
484 2167 501 2217 4.
521 2179 545 2217 4.
563 2171 587 2216 44
602 2171 667 2227 turn3
686 2170 768 2218 recte.
786 2196 819 2205 -
836 2169 860 2219 9.
877 2173 964 2231 postca
979 2168 1010 2219 44
1027 2182 1054 2233 p.
1072 2195 1106 2205 -
1123 2168 1163 2218 44.
1182 2167 1246 2231 nuic]
1264 2168 1353 2217 abhinc
1370 2167 1401 2219 44
1418 2182 1445 2233 p.
1473 2168 1616 2219 Amaianus
1632 2179 1660 2232 p.
1672 2168 1730 2218 464.

414 2251 503 2302 locum
520 2251 558 2301 sic
575 2249 671 2301 hahet:
690 2253 795 2316 (uerat,
814 2253 943 2315 uiiquuntc
959 2257 1096 2315 antequam
1112 2256 1147 2301 444
1161 2257 1274 2302 44444444
1289 2252 1347 2301 nuic
1362 2252 1477 2301 Heraclio
1494 2253 1544 2301 etc.
1557 2278 1590 2289 -
1606 2251 1647 2302 48.
1664 2252 1733 2302 4444-

415 2336 516 2384 ditutem
529 2335 678 2397 propinquis
694 2336 727 2385 du
744 2348 798 2386 om.
810 2335 842 2386 44
853 2349 880 2400 p.
893 2364 926 2373 -
942 2337 983 2387 46.
1003 2336 1059 2387 Cor.
1076 2349 1208 2396 aaronem,
1227 2336 1347 2398 quidquid
1362 2336 1491 2400 stropulos
1506 2336 1579 2385 444444
1594 2333 1687 2386 Lamb.
1697 2361 1732 2373 -

414 2419 455 2471 33.
473 2419 561 2484 multu]
580 2420 678 2469 erravit
695 2419 727 2469 da
745 2419 777 2470 44
795 2421 930 2485 Zumptius
947 2435 973 2486 p.
991 2420 1048 2472 486.
1067 2449 1101 2458 -
1124 2420 1164 2471 34.
1184 2424 1401 2482 quantuncunque
1417 2418 1449 2471 44
1465 2431 1492 2484 p.
1510 2445 1545 2456 —-
1560 2419 1600 2470 35.
1617 2433 1668 2470 uno
1683 2433 1732 2470 no-

414 2505 480 2553 mina
496 2503 555 2582 Q
568 2505 637 2554 irrisu
649 2505 777 2567 praetoris
791 2504 864 2554 eluro
879 2517 930 2554 erse
945 2503 1026 2554 habel
1042 2504 1074 2555 44
1090 2518 1129 2569 p.,
1147 2506 1176 2553 nt
1193 2517 1242 2567 ego
1259 2502 1334 2554 Nieh.
1354 2507 1429 2554 notas
1446 2501 1569 2567 intelligo.

480 2620 540 2671 pag.
559 2607 614 2658 494.
639 2620 665 2657 v,
683 2605 708 2657 4.
727 2606 823 2656 clamor
839 2612 873 2658 444
887 2608 969 2672 suctus
984 2607 1025 2657 49.
1049 2634 1083 2644 -
1107 2607 1132 2657 i.
1150 2611 1203 2656 turn
1218 2607 1257 2656 sui
1274 2606 1305 2657 44
1322 2621 1349 2672 p.
1366 2634 1400 2643 -
1424 2606 1449 2657 8.
1467 2611 1551 2656 tumen
1566 2619 1623 2655 erun
1639 2605 1680 2657 44.
1701 2632 1728 2642 -

415 2695 438 2741 44
461 2691 591 2755 manifesto
614 2690 678 2754 [orte
700 2689 731 2741 44
753 2704 791 2755 p.,
813 2691 830 2741 i.
856 2704 879 2740 4.
907 2696 930 2741 44
953 2705 1021 2741 mun.
1045 2690 1126 2754 furto,
1153 2690 1225 2753 quod
1251 2689 1445 2741 restituendum
1469 2693 1517 2741 444.
1547 2689 1609 2752 (om.
1635 2689 1672 2752 Z.)
1701 2717 1728 2726 -

416 2773 456 2826 44.
474 2773 551 2825 uerba
566 2788 597 2825 ne
618 2776 686 2838 apud
707 2780 819 2825 44444444
837 2776 894 2839 (ecit
911 2773 951 2826 44.
971 2775 1041 2838 (lori.
1061 2788 1107 2824 ex:
1131 2775 1254 2836 undaque
1270 2775 1338 2837 apud
1355 2777 1405 2824 cet.
1430 2773 1506 2834 Quod
1523 2774 1594 2824 enim
1611 2774 1731 2838 sequitur

415 2859 498 2909 444444
513 2860 706 2922 praepositum,
726 2859 797 2910 idem
815 2862 855 2910 est
871 2859 942 2932 quod
960 2860 1042 2909 docuit
1057 2860 1141 2922 enim.)
1153 2887 1187 2895 -
1203 2859 1244 2910 43.
1262 2859 1379 2909 cornuum
1395 2856 1454 2907 loco
1465 2857 1538 2911 vocis
1548 2871 1659 2919 morian,
1676 2870 1730 2908 non

414 2957 517 2993 mortum
532 2945 650 2993 comitum
665 2943 766 2994 habent
781 2945 859 3007 Lagg.
878 2946 985 3008 praeter
1000 2943 1049 3005 44,
1067 2945 1097 2992 ut
1114 2945 1140 2993 in
1157 2942 1246 2993 adnot.
1265 2943 1438 2993 correximus.
1457 2940 1539 2992 Aliter
1549 2944 1576 2993 Z.
1589 2956 1617 3007 p.
1629 2943 1687 2994 488.
1697 2969 1731 2980 -

414 3027 456 3078 40.
474 3027 565 3077 sodalis
581 3026 622 3077 44.
640 3054 673 3064 -
689 3028 730 3078 44.
748 3032 831 3078 tamen
847 3028 951 3093 4444444]
970 3034 1052 3078 tumen
1069 3040 1233 3077 omnemne
1249 3025 1280 3078 44
1296 3040 1339 3090 p.;
1358 3040 1414 3075 nun
1429 3025 1568 3078 nonnulii
1580 3039 1635 3077 sec.
1648 3039 1684 3078 m.
1697 3053 1730 3064 -

414 3111 456 3162 43.
474 3125 534 3162 nuuc
548 3112 633 3176 [umus
648 3123 702 3162 om.
721 3110 753 3163 44
769 3125 796 3176 p.
814 3140 847 3149 -
868 3111 909 3163 44.
928 3113 993 3174 quod
1009 3124 1063 3162 om.
1081 3110 1114 3162 44
1131 3123 1158 3176 p.
1176 3137 1210 3149 -
1225 3112 1266 3161 46.
1283 3111 1326 3161 HS
1341 3111 1401 3190 920
1414 3109 1447 3161 44
1463 3122 1490 3175 p.
1508 3137 1542 3146 -
1557 3110 1599 3160 36.
1617 3110 1730 3173 3444444-

414 3228 488 3264 sanos
504 3227 558 3266 om.
576 3213 608 3264 44
625 3227 652 3278 p.
670 3241 703 3251 -
723 3215 764 3265 84.
783 3202 1008 3278 Lagomarsinium
1027 3213 1169 3266 lectionem
1191 3219 1214 3263 44
1232 3213 1278 3263 illa
1293 3213 1387 3264 4444444
1402 3225 1468 3274 quus
1484 3212 1511 3263 in
1527 3213 1582 3264 suis
1598 3210 1672 3263 libris
1689 3214 1731 3265 in·

415 3299 533 3359 44444444,
552 3298 613 3349 hinc
630 3300 714 3349 conici
731 3301 833 3363 potest,
852 3299 923 3362 quod
940 3298 1100 3349 Niebuhrius
1117 3300 1219 3349 lanium
1233 3311 1266 3348 ex
1276 3297 1308 3348 43
1320 3299 1355 3361 (=
1369 3296 1423 3347 edit
1433 3295 1526 3348 Lamb.
1540 3297 1623 3362 4666.)
1640 3296 1731 3350 lectio-

415 3395 476 3434 nem
493 3382 569 3432 etium
585 3383 631 3434 illu
646 3383 739 3434 sociem
755 3389 812 3433 sunt
828 3397 892 3446 quae
908 3384 934 3432 in
951 3397 1034 3446 marg.
1052 3381 1142 3432 habet.

480 3479 539 3531 pag.
559 3467 615 3517 493.
632 3480 659 3517 v.
679 3468 703 3517 4.
721 3467 915 3529 Duonuidorum
930 3465 962 3518 44
979 3481 1006 3532 p.
1020 3469 1048 3517 et
1057 3466 1098 3517 48.
1111 3493 1144 3502 -
1159 3465 1325 3515 4444444444
1340 3464 1372 3515 44
1384 3478 1411 3529 p.
1423 3491 1457 3501 -
1473 3465 1497 3517 3.
1515 3465 1647 3529 siqnuiatu
1657 3464 1689 3516 44
1700 3479 1728 3530 p.

414 3578 447 3587 —
463 3550 488 3601 8.
507 3563 540 3600 aa
555 3563 613 3601 uere
630 3564 683 3601 om.
701 3550 734 3602 44
752 3565 778 3616 p.
798 3551 839 3615 (dc
856 3564 909 3614 quo
926 3553 953 3601 Z.
973 3551 1064 3613 44444),
1091 3553 1181 3601 contra
1199 3554 1234 3600 444
1249 3549 1395 3614 postfacto
1412 3549 1511 3599 habent
1526 3549 1605 3612 lagg.
1625 3562 1728 3601 omnes.

415 3635 444 3684 ln
460 3633 607 3685 Metelliano
624 3633 721 3685 desunt
736 3633 818 3685 verba
835 3649 867 3684 44
883 3648 941 3687 uere
956 3636 1026 3699 suctu
1043 3636 1104 3698 (non
1121 3636 1185 3685 item
1202 3638 1251 3694 est,
1275 3634 1304 3683 ut
1320 3646 1352 3682 ex
1369 3632 1472 3683 lordani
1489 3631 1578 3684 adnot.
1597 3633 1729 3698 conicias),

415 3719 506 3769 uiant
523 3730 585 3769 oum
601 3718 653 3769 hoc
669 3716 842 3770 scribendum
859 3719 892 3769 sit
908 3723 993 3769 statua
1008 3724 1055 3779 444,
1074 3721 1121 3768 aut
1137 3731 1169 3768 ex
1181 3716 1347 3767 Fabriciano:
1365 3722 1450 3766 statuo
1462 3721 1510 3777 444,
1528 3730 1561 3767 aa
1577 3731 1637 3768 uera
1651 3717 1727 3781 44444.

415 3831 448 3841 -
464 3803 488 3854 9.
503 3808 641 3866 posuerunt
656 3805 735 3867 Lagg.
753 3802 915 3868 praeterii.
934 3830 967 3839 -
984 3804 1024 3852 45.
1042 3803 1195 3853 Mithridatis
1210 3800 1251 3852 49.
1264 3829 1297 3838 -
1314 3801 1355 3850 46.
1372 3801 1455 3851 lautia
1472 3800 1503 3852 44
1519 3814 1547 3865 p.
1567 3804 1593 3851 et
1609 3800 1731 3852 64444.-

415 3887 456 3939 49.
470 3901 519 3951 per
535 3901 596 3950 quor
611 3888 656 3937 iiio
671 3887 703 3939 44
721 3902 747 3953 p.
768 3914 794 3922 -
813 3888 854 3937 44.
875 3887 964 3937 Verrio
980 3891 1025 3936 uut
1042 3887 1088 3950 (sic
1106 3886 1184 3937 etiam
1196 3884 1236 3949 49)
1254 3889 1357 3950 uqerent
1372 3889 1417 3934 uut
1432 3898 1490 3934 eum
1505 3886 1570 3936 diem
1586 3899 1638 3948 quu
1653 3887 1732 3936 meris

415 3972 447 4023 44
462 3986 490 4037 p.
502 4001 536 4011 —
551 3971 592 4023 44.
610 3974 685 4023 veiint
700 3972 733 4023 44
744 3986 770 4037 p.
782 3998 816 4009 -
831 3972 873 4022 46.
891 3972 934 4032 qui
950 3984 975 4021 44
990 3971 1060 4021 inlitu
1071 3971 1103 4022 44
1114 3983 1141 4034 p.
1155 3972 1238 4021 recte.
1250 3997 1283 4007 -
1300 3971 1341 4020 44.
1357 3970 1427 4020 Vem'
1443 3969 1497 4018 ium
1508 3969 1648 4032 praeclara
1658 3968 1690 4021 44
1701 3982 1728 4034 p.

414 4083 447 4094 -
463 4057 504 4107 48.
523 4058 566 4118 qui
586 4061 614 4107 tu
634 4058 733 4107 domurn
754 4057 797 4118 qui
815 4056 901 4106 urbem
922 4055 955 4106 44
976 4068 1003 4121 p.
1025 4082 1058 4091 -
1080 4055 1120 4105 49.
1139 4056 1205 4116 quod
1227 4068 1277 4104 non
1300 4058 1366 4103 44444
1381 4065 1493 4103 mariun
1508 4053 1638 4114 reliqueris
1653 4052 1685 4105 44
1701 4066 1729 4118 p.

415 4142 549 4192 Fortasse:
569 4142 634 4204 quod
649 4155 700 4191 non
716 4145 842 4191 extersum
858 4144 881 4190 44
897 4152 1008 4190 consum
1023 4139 1069 4190 rel.
1087 4166 1121 4175 -
1136 4139 1178 4190 49.
1197 4152 1249 4201 qua
1265 4137 1425 4200 appellantur
1441 4136 1472 4188 44
1489 4150 1517 4200 p.

478 4237 539 4289 pag.
558 4224 615 4275 494.
634 4238 659 4274 ν.
679 4225 703 4273 4.
722 4225 753 4289 et]
769 4229 797 4273 ut
813 4223 844 4274 44
861 4237 888 4288 p.
906 4250 939 4260 -
961 4222 985 4274 4.
1006 4223 1085 4289 unuin]
1107 4223 1184 4286 silut
1199 4222 1252 4272 rid.
1270 4221 1348 4284 44).»
1373 4221 1415 4272 Sie
1432 4218 1605 4283 Niebnhrius,
1629 4220 1674 4284 qui
1690 4217 1731 4271 le·
1779 4278 1782 4285 ¹

415 4310 530 4360 ctionem
551 4321 567 4357 a
589 4308 697 4371 Lagom.
722 4309 756 4358 ita
775 4302 938 4372 exscriptam
960 4308 1092 4358 invenisse
1109 4306 1228 4369 videtur,
1252 4307 1280 4356 ut
1296 4317 1423 4355 numerus
1441 4303 1540 4355 codicis
1556 4316 1610 4356 non
1626 4303 1730 4356 additus

414 4393 495 4444 esset.
522 4391 674 4442 Laelionam
693 4403 786 4441 veram
807 4403 867 4441 esse
889 4393 916 4440 et
937 4405 986 4456 per
1005 4404 1035 4443 44
1060 4392 1144 4456 ipsam
1162 4388 1344 4441 commendari
1364 4387 1438 4439 iacile
1456 4391 1579 4453 apparet,
1603 4390 1729 4452 recteque

415 4475 527 4527 Klotzius
544 4476 654 4541 recepit.
672 4503 706 4512 -
722 4476 746 4525 8.
764 4475 992 4525 nisi··neraditus
1008 4488 1062 4526 om.
1083 4474 1116 4525 44
1132 4487 1176 4538 p.,
1194 4475 1257 4525 item
1274 4474 1385 4537 eoqiture
1400 4486 1426 4523 v.
1441 4472 1465 4523 9.
1478 4500 1511 4509 -
1528 4473 1568 4522 40.
1582 4471 1639 4536 quo]
1654 4486 1730 4534 44444

413 4560 444 4621 V,
463 4559 551 4610 addito
569 4573 628 4625 sup.
647 4558 690 4610 lin.
704 4560 918 4620 qrumadmodurn.
938 4560 987 4619 Qui
1004 4561 1103 4611 iactum
1120 4559 1154 4608 sit
1170 4560 1199 4608 ut
1215 4556 1356 4608 lectionem
1373 4571 1464 4620 quani,
1482 4569 1551 4621 quae
1567 4556 1676 4620 insignis
1688 4558 1731 4607 eat

415 4644 577 4705 emendatio,
604 4645 684 4694 edam
700 4642 815 4694 Klotzius
833 4647 1032 4708 aspernaretur,
1060 4640 1185 4706 equidem
1202 4655 1256 4693 non
1273 4654 1410 4756 assquor.
1428 4667 1461 4678 -
1483 4642 1524 4691 44.
1541 4641 1643 4691 utitem
1655 4641 1729 4704 puis-

1369 4722 1378 4755 t

414 4760 496 4824 strinu'
510 4773 600 4824 4444444
613 4777 723 4835 poterent
739 4772 770 4824 44
787 4786 814 4839 p.
833 4775 872 4838 (V,
892 4773 925 4824 dc
943 4786 996 4836 quo
1012 4774 1095 4824 Maius
1112 4773 1223 4835 erravit,
1249 4772 1330 4824 habel
1346 4773 1397 4822 bini
1410 4772 1540 4836 peterent).
1557 4798 1591 4808 -
1607 4770 1647 4823 44.
1662 4772 1730 4834 psti-

414 4860 505 4909 nissen
521 4857 552 4919 V,
570 4859 652 4908 recte.
670 4885 704 4894 -
724 4860 844 4921 numquid
860 4858 891 4909 44
908 4871 935 4922 p.
953 4885 986 4894 -
1010 4858 1050 4907 44.
1070 4858 1137 4908 Cum
1154 4857 1287 4908 adnotatio
1310 4859 1378 4908 iusto
1394 4855 1502 4907 brevior
1518 4856 1565 4916 sit,
1589 4857 1620 4904 ut
1641 4857 1728 4907 omnis

416 4955 490 4993 error
506 4940 623 5004 tollatur,
641 4954 738 4992 moneo
755 4943 816 4993 inV
833 4955 907 4992 esse:
927 4942 1068 5004 quistatim
1085 4943 1150 5005 quod
1165 4943 1249 4992 statim
1262 4941 1447 5004 nuesnninu,
1465 4940 1492 4990 in
1509 4940 1569 5002 Lag.
1588 4940 1678 4989 autem
1694 4939 1727 4989 49

415 5028 443 5077 44
459 5026 507 5077 ia:
527 5026 669 5087 quistatim
686 5027 751 5089 quod
763 5039 881 5090 44444444
896 5031 963 5078 esset.
979 5053 1012 5062 -
1029 5026 1069 5077 48.
1088 5026 1212 5091 neqliqers
1227 5027 1306 5088 coepit
1322 5030 1346 5076 44
1361 5029 1514 5074 contemnere
1529 5020 1561 5073 44
1571 5035 1599 5086 p.
1612 5022 1674 5085 (om.
1688 5023 1725 5087 Z.)

414 5111 468 5174 Ego
485 5108 593 5160 mallem
609 5111 687 5173 coepit
698 5108 814 5161 abesset.
827 5139 860 5148 -
877 5110 1039 5174 scripturam
1050 5111 1153 5175 lieqiun
1164 5112 1244 5161 eiiam
1255 5112 1333 5174 lagg.
1346 5107 1496 5173 complures
1506 5105 1605 5171 ubique
1617 5105 1725 5158 liabent.

414 5221 448 5232 —-
463 5194 505 5245 43.
523 5193 638 5258 absumi
654 5207 714 5246 esse
731 5196 757 5245 in
775 5196 852 5259 lagg.
871 5195 1006 5260 Zumptins
1023 5197 1105 5256 taoet,
1124 5195 1169 5259 qni
1186 5197 1212 5245 in
1229 5193 1319 5245 adnot.
1332 5194 1421 5244 critica
1433 5191 1468 5242 ad
1483 5192 1510 5242 h.
1523 5190 1541 5242 l.
1554 5202 1646 5254 graves
1657 5192 1726 5242 scri-

414 5278 496 5330 bendi
517 5291 620 5332 errores
642 5279 774 5333 commisit
795 5278 909 5344 (proiert
929 5280 999 5333 enim
1022 5292 1054 5330 ex
1075 5278 1118 5332 ed.
1136 5281 1219 5343 Nang.
1237 5277 1378 5331 lectionem
1400 5278 1525 5343 4))444444
1540 5287 1590 5340 pro
1606 5275 1724 5340 44444444,
