4367 6109
483 561 546 630 324
853 567 896 631 ΙΝ
916 566 1081 631 VERREM
1102 566 1226 632 acrio
1248 567 1432 633 SECUNDA

483 734 569 786 'larici
581 733 657 796 4336,
676 733 752 785 cuius
769 746 910 785 censuram
927 748 942 784 a
960 733 1058 786 Klotzio
1076 737 1254 800 conscriptam
1269 735 1294 785 in
1312 735 1395 786 lahnii
1411 731 1511 784 Annali.
1524 731 1581 783 Vol.
1594 733 1671 784 xxii.
1685 733 1763 784 Face.
1776 733 1810 783 11.

483 822 510 874 p.
530 809 572 859 434
594 822 654 874 sqq.
673 806 811 872 aliquoties
828 809 1110 869 commemorabimus,
1130 811 1245 875 itemque
1258 823 1399 861 censuram
1410 807 1540 874 Epistulae
1552 809 1659 861 criticae
1672 807 1810 873 Madvigii,

484 897 565 949 quam
581 885 686 949 scripsit
702 884 796 936 Bakius
812 885 839 936 in
856 883 1017 937 Bibliotheca
1033 886 1124 936 critica
1140 898 1210 936 nova
1226 886 1257 947 V,
1275 887 1299 936 4.
1318 899 1344 950 p.
1365 885 1452 936 4-56.

549 1100 715 1163 Quamquam
740 1099 846 1151 codices
869 1099 1005 1160 meliores,
1032 1115 1100 1167 quos
1121 1115 1201 1167 supra
1218 1100 1499 1160 commemoravimus,
1526 1101 1633 1164 praeter
1647 1099 1812 1150 Vaticanum

484 1186 576 1223 omnes
594 1172 715 1224 eiusdem
732 1173 843 1226 tamiliae
860 1178 921 1227 sunt
937 1175 1027 1240 [immo
1045 1175 1124 1227 codd.
1142 1178 1175 1227 et
1191 1177 1206 1226 4
1223 1174 1270 1226 hd.
1289 1177 1316 1225 et
1332 1172 1362 1237 4,
1386 1177 1415 1224 ut
1436 1175 1498 1224 mihi
1516 1173 1625 1237 quidem
1647 1185 1812 1240 persuasum

484 1250 537 1312 est,
556 1261 588 1298 er
604 1247 675 1299 nullo
693 1247 743 1299 alio
760 1250 852 1301 codice
870 1251 919 1301 nisi
936 1264 968 1301 ex
984 1251 1043 1315 ipso
1060 1253 1140 1315 Regio
1158 1251 1286 1314 originem
1303 1250 1444 1301 durarunt.
1467 1250 1574 1316 illari,
1598 1252 1695 1315 Regius
1718 1253 1813 1300 tamen

483 1323 519 1373 ita
544 1324 638 1375 ceteris
663 1327 792 1389 praestat,
819 1328 848 1375 ut
868 1327 926 1376 eius
946 1329 1092 1378 auctoritati
1116 1326 1171 1378 iere
1194 1325 1293 1390 ubique
1315 1324 1555 1390 obtemperandum
1578 1327 1619 1378 sit.
1654 1327 1729 1386 Quae
1747 1337 1813 1376 cum

483 1398 561 1449 huius
578 1398 678 1449 codicis
695 1401 729 1450 sit
745 1400 918 1465 praestantia,
937 1413 1030 1452 omnes
1047 1402 1103 1453 iare
1115 1402 1202 1452 varias
1212 1398 1349 1460 lectiones,
1368 1413 1434 1464 quas
1446 1414 1478 1450 ex
1490 1414 1522 1451 eo
1534 1403 1654 1452 enotatas
1665 1399 1812 1460 habemus,

483 1472 510 1522 in
528 1472 710 1524 annotationes
727 1475 830 1526 criticas
848 1474 1041 1537 transtulimus;
1060 1475 1173 1541 paucula
1190 1475 1321 1539 quaedam
1334 1474 1444 1535 menda,
1463 1488 1578 1538 quorum
1590 1473 1814 1527 commemoratio

484 1546 518 1598 ad
535 1546 633 1599 nullam
650 1561 708 1599 rem
725 1547 795 1600 utilis
813 1562 872 1600 esse
890 1549 1041 1612 videbatur,
1061 1552 1208 1601 omisimus.
1243 1551 1272 1600 ln
1289 1549 1370 1601 rebus
1388 1553 1477 1601 autem
1494 1549 1649 1611 levioribus,
1668 1551 1695 1601 in
1712 1547 1813 1614 quihus

485 1622 659 1675 diiudicandis
683 1623 742 1689 pias
764 1623 853 1676 velere
876 1625 958 1676 debet
978 1625 1106 1677 librorum
1128 1626 1197 1676 hlSS.
1216 1625 1373 1682 auctoritas,
1400 1638 1481 1689 quam
1497 1627 1564 1676 ratio
1582 1627 1609 1676 et
1625 1623 1754 1676 iudicium
1772 1621 1812 1686 lid

485 1696 557 1762 quod
574 1699 728 1763 saepissime
745 1712 796 1751 usu
812 1702 885 1751 venit
901 1702 927 1761 in
943 1702 1088 1753 verberum
1105 1699 1300 1763 collocatione),
1319 1699 1417 1751 codicis
1434 1701 1506 1763 liegii
1523 1702 1624 1766 potius,
1642 1712 1724 1764 mam
1735 1698 1814 1748 Vati-

485 1774 544 1824 cani
560 1773 641 1824 fldem
658 1775 742 1826 secuti
759 1788 860 1827 sumus.
896 1778 962 1828 Nam
979 1779 1027 1828 etsi
1044 1776 1186 1827 Vaticanus
1204 1776 1317 1839 optimae
1336 1777 1413 1825 notae
1431 1778 1486 1835 est,
1511 1779 1600 1827 umen
1617 1788 1671 1826 non
1688 1775 1743 1836 est,
1763 1786 1813 1824 cur

484 1847 564 1910 Regio
581 1852 772 1915 praeparatum
792 1852 818 1901 et
835 1864 896 1901 curn
913 1864 998 1916 pauca
1016 1853 1118 1901 tantum
1135 1851 1161 1900 in
1178 1849 1219 1901 his
1236 1848 1340 1900 duobus
1352 1847 1424 1900 libris
1435 1852 1570 1915 supersint
1581 1851 1638 1901 aius
1650 1849 1810 1912 iragmenta,

483 1923 579 1985 Regius
603 1924 716 1988 (praeter
732 1923 854 1976 lacunam
871 1926 897 1975 in
913 1923 982 1976 libro
998 1926 1039 1987 V.)
1058 1927 1160 1988 integer
1177 1926 1211 1975 sit
1227 1927 1362 1985 servatus,
1386 1925 1463 1976 huius
1480 1927 1665 1976 auctoritatem
1681 1925 1707 1974 in
1724 1922 1812 1975 rebus

484 1995 626 2049 levioribus
643 1999 814 2064 ambiguique
831 2001 919 2051 iudicii
936 2003 1066 2065 potiorem
1083 2000 1184 2050 habere
1202 2003 1410 2051 consentaneum
1422 2002 1486 2051 erat.
1513 2003 1625 2066 Propter
1641 1999 1743 2052 codicis
1761 2012 1812 2051 au·

485 2073 540 2122 tem
556 2073 628 2136 Regii
649 2075 839 2140 praestantiam
860 2089 905 2126 eas
927 2088 1033 2140 quoque
1051 2076 1136 2127 varias
1153 2074 1294 2137 lectiones,
1319 2088 1387 2139 quae
1405 2074 1439 2126 ad
1456 2075 1659 2142 orthographiae
1676 2076 1811 2126 rationem
1853 2115 1862 2131 .

485 2146 629 2211 pertinent,
648 2149 703 2199 suis
720 2146 784 2200 locis
801 2148 951 2201 afferendas
968 2150 1130 2214 putavimus.

569 2440 594 2503 1.
617 2434 646 2503 i.
668 2439 770 2503 Venio
794 2460 878 2503 nunc
895 2440 1060 2517 edistius,
1082 2443 1234 2526 quemad
1249 2443 1378 2506 modum
1393 2441 1463 2524 ipse
1478 2441 1633 2525 appellat,
1655 2443 1810 2518 studium,

486 2543 521 2600 at
541 2533 635 2598 amici
657 2534 743 2609 eius,
765 2535 910 2598 morbum
925 2542 958 2599 et
978 2537 1144 2612 insaniam,
1167 2545 1202 2601 ut
1217 2538 1334 2612 Siculi,
1356 2537 1570 2601 latrocinium:
1593 2557 1736 2621 egoque
1751 2555 1812 2600 no-

485 2631 570 2693 mine
592 2628 765 2712 appellem,
794 2629 912 2692 nescio.
949 2631 1026 2692 Rem
1047 2632 1140 2694 vohis
1161 2651 1355 2715 proponam:
1386 2651 1444 2695 vos
1466 2650 1534 2694 eam
1557 2651 1632 2707 suo,
1662 2651 1730 2695 non
1751 2650 1812 2693 no·

486 2724 579 2786 minis
601 2722 740 2807 pondere
754 2721 929 2805 penditote.
962 2723 1069 2788 Genus
1084 2725 1292 2808 ipsumprius
1307 2726 1507 2809 cognoscite,
1529 2725 1668 2804 iudices;
1692 2724 1811 2789 deinde

462 2816 618 2880 aiorasso
639 2836 704 2879 non
726 2835 841 2899 magno
863 2837 958 2900 opera
973 2820 1142 2901 quaeratis,
1164 2839 1228 2902 quo
1245 2820 1278 2882 id
1293 2820 1423 2883 nomine
1438 2818 1662 2902 appellandum
1677 2818 1811 2904 putetis.

484 2913 572 2994 Nego
587 2909 621 2973 in
636 2909 745 2972 Sicilia
760 2917 839 2985 tota,
866 2919 929 2974 mm
944 2910 1105 2995 locupleti,
1127 2920 1191 2976 mm
1206 2920 1312 2977 vetere
1329 2912 1509 2996 provincia,
1532 2919 1580 2976 tot
1594 2913 1739 2997 oppidis,
1761 2917 1812 2975 tot

484 3004 612 3068 familiis
626 3010 690 3066 tam
705 3003 855 3085 copiosis,
870 3005 971 3068 ullum
981 3013 1164 3087 argenteum
1176 3026 1242 3082 res,
1257 3007 1358 3069 ullum
1367 3006 1564 3069 Corinthium
1579 3015 1634 3070 aut
1644 3007 1811 3070 Deliacum

482 3097 593 3173 fuisse,
610 3096 709 3161 ullam
731 3117 887 3180 gemmam
908 3106 963 3163 aut
984 3100 1200 3183 margaritam,
1223 3099 1397 3184 quidquam
1413 3118 1453 3162 ex
1474 3120 1552 3164 auro
1573 3105 1630 3164 aut
1651 3099 1747 3162 chore
1762 3097 1812 3160 i'a·
1866 3127 1868 3130 ⁴

484 3199 580 3267 ctum,
596 3192 828 3274 signumullum
839 3213 983 3268 aeneum,
999 3213 1220 3269 marmoreum,
1235 3193 1425 3256 eburneum:
1442 3214 1524 3277 nego
1538 3194 1637 3257 ullam
1651 3192 1812 3276 picturam

449 3294 590 3370 ltneque
611 3287 646 3349 in
668 3285 776 3350 tabula
797 3308 900 3371 nequa
922 3287 956 3349 in
983 3287 1104 3363 textili,
1136 3289 1216 3372 quin
1238 3287 1465 3370 conquisierit,
1496 3287 1689 3371 inspexerit,
1723 3284 1813 3369 quad

484 3380 636 3465 placitum
657 3378 699 3442 sit
719 3380 892 3445 abstulerit.
925 3377 954 3444 i.
976 3383 1125 3464 Magnum
1141 3383 1253 3445 videor
1267 3381 1389 3443 dicere:
1412 3379 1564 3443 attendite
1579 3381 1690 3456 ctiam,
1713 3399 1812 3464 quem

486 3474 526 3540 ad
548 3474 676 3537 modum
698 3473 811 3537 dicam.
853 3477 924 3537 Non
947 3475 1032 3537 enim
1054 3477 1141 3539 verbi
1164 3496 1269 3560 neque
1291 3474 1432 3537 criminis
1454 3474 1591 3556 augendi
1607 3493 1703 3538 causa
1725 3492 1814 3536 com·

485 3566 607 3651 plector
628 3567 750 3631 omnia:
773 3589 844 3632 cum
867 3569 938 3631 dico
960 3569 1041 3631 nihil
1064 3570 1160 3633 istum
1182 3567 1353 3633 eiusmodi
1376 3589 1480 3632 reram
1502 3568 1536 3630 in
1558 3574 1625 3631 tota
1645 3566 1814 3652 provincia

486 3660 671 3743 reliquisse,
692 3662 803 3726 Latine
822 3685 872 3726 me
888 3665 1016 3738 scitote,
1038 3684 1103 3727 non
1119 3662 1316 3727 accusatorie
1330 3661 1435 3744 loqui:
1458 3661 1552 3724 ctiam
1565 3662 1707 3745 plenius:
1730 3660 1813 3724 mhrl

448 3754 520 3817 rain
542 3756 674 3820 aedibus
696 3757 900 3839 cuiusquam,
928 3758 1025 3820 nain
1048 3759 1175 3841 oppidis
1198 3757 1344 3841 quidem;
1373 3756 1454 3819 nihil
1475 3755 1509 3818 in
1532 3756 1613 3820 locis
1635 3757 1814 3820 communi-

485 3849 564 3927 bus,
586 3870 626 3913 ne
648 3851 682 3913 in
703 3849 785 3914 fanis
808 3853 952 3934 quidem;
973 3853 1055 3914 nihil
1077 3852 1161 3934 apud
1184 3849 1342 3924 Siculum,
1364 3849 1445 3912 nihil
1466 3849 1551 3934 apud
1573 3851 1675 3914 ciram
1694 3851 1814 3917 Roma-

551 4138 582 4191 la
599 4139 636 4190 .G.
657 4138 760 4190 Vanam
775 4139 854 4189 tiana
870 4138 925 4189 1111.
943 4139 979 4201 v;
998 4138 1132 4191 Crannonis
1148 4152 1279 4191 rrracrrrr
1294 4152 1324 4191 ra
1342 4142 1445 4192 Vnam
1460 4153 1563 4193 inciam.
1580 4143 1610 4193 li.

553 4224 578 4273 4.
595 4222 623 4272 44
637 4223 689 4285 lpse
705 4224 734 4273 E.
755 4250 782 4259 —
801 4222 825 4273 3.
843 4237 894 4273 son
910 4236 964 4274 om.
984 4224 1048 4275 dett.
1070 4252 1097 4262 -
1116 4225 1141 4275 it.
1159 4238 1251 4289 mopso
1268 4238 1341 4287 opere
1356 4226 1394 4276 Ii:
1414 4239 1565 4290 mopsoperc
1581 4225 1617 4277 (3³
1634 4223 1668 4277 al.
1688 4251 1716 4262 —
1735 4239 1815 4289 quaa·

485 4295 543 4346 ritis
558 4298 589 4347 R.
604 4323 632 4334 -
650 4297 677 4347 tri
692 4298 728 4348 443
740 4298 760 4348 E
771 4298 857 4362 agas:
876 4311 929 4349 om.
944 4299 1009 4349 dett.
1022 4300 1051 4350 0.
1067 4325 1094 4334 -
1114 4299 1137 4348 6.
1150 4299 1264 4362 locupleti
1280 4297 1341 4350 li3l
1352 4301 1372 4350 E
1383 4300 1452 4362 ugia
1469 4303 1498 4350 ut
1509 4299 1532 4363 s.
1545 4297 1598 4350 lh:
1615 4299 1813 4364 hcrphudett.

487 4373 517 4422 ut
534 4371 558 4435 5.
576 4371 618 4421 29.
639 4399 667 4409 -
685 4376 761 4422 mirri
777 4375 813 4424 Gi
830 4373 877 4424 Ld.
891 4400 920 4411 -
938 4375 963 4424 8.
981 4386 1043 4437 nepo
1059 4374 1138 4423 attam
1153 4387 1277 4437 poemiam
1293 4381 1339 4425 out
1348 4388 1430 4439 marp.
1442 4375 1720 4439 pmoomqaepocm
1729 4377 1813 4441 haga.

490 4474 517 4483 -
535 4446 632 4496 nathae
653 4461 777 4511 pacatam
794 4453 839 4499 out
859 4450 1029 4513 morparttam
1046 4461 1079 4499 ex
1103 4449 1129 4498 h.
1148 4447 1165 4499 i.
1185 4451 1301 4500 euomuit
1317 4453 1390 4501 serv.
1409 4449 1444 4500 ad
1460 4453 1526 4501 Aen.
1543 4451 1563 4501 1.
1582 4450 1653 4513 aaa.;
1678 4451 1712 4502 ci.
1731 4453 1815 4503 etiam

488 4519 574 4571 schol.
601 4520 635 4572 ad
657 4522 721 4573 Stat.
743 4524 826 4575 Theb.
845 4526 887 4576 Vl.
907 4526 946 4576 63.
974 4553 1002 4562 -
1029 4526 1163 4588 quicquam
1179 4527 1199 4576 li
1217 4529 1244 4577 et
1260 4526 1298 4577 sic
1314 4537 1431 4589 semper.
1453 4552 1480 4561 -
1507 4526 1530 4575 3.
1548 4525 1619 4590 nepo]
1636 4538 1714 4588 ocqrre
1730 4526 1813 4590 Lagg.

488 4599 595 4660 praeter
610 4597 651 4646 49.
673 4625 699 4634 -
720 4600 759 4651 tii.
777 4601 804 4650 in
820 4600 910 4650 meotis
925 4601 990 4651 dett.
1011 4628 1038 4637 —
1062 4602 1090 4651 in
1106 4601 1187 4651 tactiti
1204 4602 1236 4652 Gt
1257 4600 1320 4650 Lu:
1344 4600 1424 4650 mitti
1441 4597 1582 4660 tillim,
1607 4601 1718 4652 tectioris
1733 4600 1814 4664 dett,

488 4673 534 4735 qui
549 4672 625 4735 saum
634 4672 744 4736 addunt,
763 4674 836 4738 quod
847 4688 900 4727 om.
913 4675 1071 4739 ataugia.
1091 4674 1130 4727 ct.
1143 4674 1258 4726 Turneh.
1276 4675 1343 4727 lida.
1354 4676 1430 4726 XXV.
1443 4676 1468 4726 it.
1486 4678 1545 4726 Otto
1557 4675 1591 4726 ad
1602 4678 1656 4728 Fin.
1668 4690 1696 4742 p.
1709 4675 1768 4727 403.
1783 4702 1813 4712 -

488 4748 648 4809 conquisierit
662 4748 730 4798 44344
747 4748 790 4812 (ct.
808 4750 924 4801 Turneb.
943 4750 977 4800 ad
1002 4753 1067 4802 crat.
1086 4752 1114 4802 in
1131 4750 1196 4802 Itali.
1214 4752 1245 4802 ll.
1265 4751 1305 4801 35.
1324 4749 1382 4801 coll.
1401 4751 1466 4801 inira
1484 4751 1508 4815 s.
1527 4751 1568 4801 40.
1587 4751 1655 4815 43.);
1679 4751 1817 4813 quacient

489 4819 554 4871 dett.
576 4848 602 4859 -
621 4823 661 4872 44.
679 4823 790 4873 criminis
805 4837 884 4874 cerua
899 4827 1008 4890 capaci
1023 4827 1085 4890 hgg.
1105 4830 1211 4891 praeter
1226 4826 1268 4877 29.
1288 4852 1316 4860 -
1335 4825 1375 4876 43.
1394 4839 1469 4888 wem
1484 4827 1542 4891 lip.
1556 4839 1607 4886 m.;
1625 4838 1683 4874 m
1693 4836 1752 4888 sup.
1766 4822 1814 4876 lin.

490 4894 537 4958 (sic
554 4896 619 4946 item
635 4909 662 4946 v.
680 4897 731 4960 43.)
751 4925 778 4934 -
801 4900 930 4961 maincia
946 4902 966 4950 li
983 4914 1009 4966 p.
1029 4916 1065 4952 m.
1091 4929 1120 4939 —
1147 4901 1187 4954 44.
1198 4902 1305 4965 pietatm
1320 4901 1428 4964 scaptiae
1445 4903 1489 4951 Gt.
1510 4928 1538 4939 -
1563 4903 1604 4951 aa.
1622 4913 1654 4950 oc
1668 4900 1695 4949 io
1711 4898 1817 4962 hospitia

489 4970 589 5030 quiem
612 4970 680 5021 coni.
698 4972 760 5036 lcap
783 4971 860 5037 proh.
879 4972 964 5024 Halm.
996 4977 1029 5026 iit
1051 4977 1119 5027 haec
1141 4977 1292 5027 coniectura
1314 4976 1397 5038 magis
1413 4977 1550 5042 speciosa,
1577 4987 1658 5038 quam
1676 4986 1740 5024 vera
1757 4976 1814 5035 ast;

491 5057 554 5095 nem
571 5047 695 5108 quattuor
710 5044 778 5096 haec
795 5046 917 5097 membra
935 5048 1230 5113 respondentaccurate
1249 5051 1291 5111 iis,
1310 5063 1377 5115 quae
1390 5050 1456 5101 inira
1467 5053 1617 5116 ponuntur:
1635 5047 1776 5099 4444444444
1787 5070 1815 5091 ==

488 5119 552 5169 otest
564 5120 675 5181 privetu
692 5121 720 5169 io
736 5122 832 5183 oppidis
849 5147 873 5167 =
890 5123 996 5185 puhlict;
1014 5125 1042 5175 to
1057 5126 1117 5175 locis
1132 5126 1300 5176 conmunione
1318 5152 1343 5170 =
1358 5128 1474 5188 prosam,
1492 5129 1519 5177 io
1533 5127 1602 5191 [coh
1619 5150 1644 5170 ι-
1662 5126 1739 5177 awai.
1765 5125 1817 5174 At·

491 5204 544 5256 que
568 5192 665 5244 eadem
687 5193 755 5245 haec
779 5197 903 5259 quattuor
924 5197 1045 5248 mamhra
1062 5201 1135 5251 initio
1151 5200 1210 5252 lihri
1226 5201 1257 5252 V.
1277 5201 1300 5265 5.
1320 5202 1354 5264 4.,
1376 5201 1423 5252 uhi
1439 5201 1473 5252 ad
1490 5200 1548 5253 libri
1565 5201 1607 5251 lv.
1626 5200 1816 5264 argumentum

490 5267 612 5334 respiat,
630 5270 720 5335 ponit:
740 5271 845 5325 «Verres
858 5273 886 5323 io
895 5272 1068 5326 &atumem
1078 5276 1238 5340 proicooqao
1248 5277 1333 5329 mania
1348 5283 1371 5333 ot
1385 5279 1506 5342 pacato
1521 5275 1655 5344 epactes
1669 5272 1814 5340 ΨΜ·
