4367 6109
463 559 526 629 tre
566 568 609 633 nv
628 569 795 634 manau
814 566 937 632 norm
959 566 1143 635 secunus
1164 567 1271 633 nan
1294 569 1368 635 cn.
1382 570 1465 635 uxr.
1485 567 1543 654 ss.
1559 566 1737 638 sse-sm

463 738 547 800 enim
578 736 843 818 praetereundum
871 743 919 800 est
945 757 986 800 ne
1015 726 1048 800 id
1079 737 1218 821 quidem.
1261 741 1363 803 Petita
1390 740 1488 805 multa
1510 748 1559 805 est
1579 746 1663 827 apud
1685 744 1780 808 istum

463 838 638 913 praetorem
661 830 733 906 aQ.
750 829 893 912 Opimio:
916 833 971 914 qui
993 830 1148 894 adductus
1170 839 1219 895 est
1239 833 1273 895 in
1287 834 1438 897 iudicium
1453 835 1568 911 verbo,
1591 837 1686 920 quod,
1709 859 1780 901 cum

463 931 546 987 esset
559 923 701 986 nunnus
717 923 827 1005 plebis,
848 924 1075 989 intercessisset
1089 933 1198 990 contra
1212 927 1313 1009 legem
1330 927 1522 1004 Corneliam3
1545 949 1579 992 re
1593 950 1677 1005 vera,
1695 930 1781 1014 quod

462 1018 496 1080 in
517 1017 676 1081 tribunatu
698 1017 830 1081 dixisset
851 1026 960 1082 contra
981 1019 1114 1082 alicuius
1135 1020 1272 1084 bominis
1294 1021 1410 1084 nobilis
1428 1022 1634 1087 voluntatem.
1655 1027 1701 1088 De
1716 1044 1780 1108 quo

436 1109 577 1174 aiudicio
594 1110 620 1172 si
635 1111 729 1174 velim
744 1111 847 1175 dicere
866 1114 980 1187 omnia,
1003 1113 1093 1176 multi
1108 1114 1290 1197 appellandi
1313 1115 1525 1199 laedendique
1542 1128 1626 1192 sunt,
1649 1119 1681 1181 id
1696 1115 1781 1201 quod

461 1203 537 1267 mibi
558 1221 624 1265 non
645 1213 693 1268 est
714 1226 861 1269 necesse:
891 1214 1012 1273 tantum
1036 1207 1138 1270 dicam
1159 1229 1279 1291 paucos
1300 1208 1459 1283 homines,
1489 1219 1524 1273 ut
1554 1212 1712 1275 levissime
1735 1211 1781 1273 di·

461 1319 546 1374 cam,
569 1308 750 1382 arrogantes
771 1300 832 1363 boc
854 1301 997 1364 adiutore
1018 1300 1059 1376 Q.
1076 1300 1237 1384 Opimium
1258 1323 1315 1386 per
1336 1302 1446 1366 ludum
1467 1313 1500 1367 et
1520 1305 1625 1369 iocum
1647 1305 1780 1368 fortunis

461 1393 607 1457 omnibus
629 1394 789 1459 evertisse.
1663 1457 1665 1460 .

545 1481 616 1549 156.
650 1489 680 1550 Is
708 1488 785 1552 mibi
814 1490 908 1552 etiam
939 1489 1080 1573 queritur
1108 1490 1195 1574 quod
1225 1511 1244 1553 a
1271 1491 1363 1556 nobis
1393 1514 1427 1556 ur
1448 1493 1525 1556 solis
1546 1493 1658 1556 diebus
1679 1493 1781 1574 prima

424 1580 543 1644 coactio
565 1583 615 1646 sui
635 1583 743 1646 iudicii
765 1591 922 1646 transacta
936 1586 994 1657 sit,
1017 1604 1089 1647 cum
1103 1585 1189 1666 apud
1204 1584 1299 1647 istum
1314 1585 1418 1668 ipsum
1434 1587 1532 1649 tribus
1547 1586 1633 1649 boris
1649 1585 1688 1661 Q.
1705 1584 1781 1667 Opi·

460 1676 557 1750 mins,
580 1683 706 1739 senator
727 1677 837 1759 populi
857 1679 1006 1752 Romani,
1028 1676 1127 1752 bona,
1148 1677 1311 1754 fortunas,
1333 1689 1517 1744 ornamenta
1539 1678 1780 1743 omnia-amise-

459 1770 525 1834 ritt
554 1772 644 1834 cuius
671 1777 801 1853 propter
826 1771 1044 1853 indignitatem
1072 1771 1181 1835 iudicii
1203 1773 1386 1855 saepissime
1408 1783 1456 1838 est
1478 1782 1581 1837 actum
1603 1775 1636 1836 in
1658 1781 1779 1846 senatu,

460 1873 495 1928 ut
516 1885 615 1947 penus
635 1865 696 1928 boc
718 1871 819 1927 totum
841 1865 1009 1928 multarum
1031 1874 1127 1950 atque
1146 1866 1301 1930 eiusmodi
1315 1867 1505 1931 iudiciorum
1520 1868 1691 1931 tolleretur.
1714 1867 1778 1928 lam

459 1978 533 2022 vero
565 1961 598 2022 in
631 1959 723 2021 bonis
754 1957 792 2033 Q.
815 1958 932 2040 Opimii
960 1959 1135 2023 vendendis
1163 1980 1243 2043 quas
1273 1961 1334 2024 iste
1357 1962 1510 2043 praedas,
1543 1981 1639 2044 quam
1660 1968 1778 2041 aperte,

422 2062 556 2137 taquam
577 2054 721 2136 improbe
741 2052 864 2127 fecerit,
892 2052 1022 2134 longum
1043 2062 1091 2116 est
1113 2055 1227 2117 dicere.
1269 2055 1338 2118 Hoc
1360 2055 1448 2119 dieo:
1477 2056 1537 2118 nisi
1558 2054 1648 2118 vobis
1668 2054 1700 2116 id
1721 2054 1779 2116 ho·

458 2147 579 2210 minum
608 2148 902 2211 honestissimorum
930 2145 1045 2209 tabulis
1071 2147 1202 2230 planum
1228 2147 1348 2223 fecero,
1381 2146 1455 2231 fingi
1482 2168 1574 2212 ame
1594 2147 1656 2210 boc
1677 2155 1777 2209 totum

458 2242 608 2324 temporis
630 2260 725 2304 causa
747 2247 900 2323 putatote.

543 2330 614 2395 157.
642 2335 707 2396 lam
729 2336 784 2418 qui
813 2354 854 2397 ex
875 2334 1051 2398 calamitate
1073 2336 1227 2399 senatoris
1247 2336 1359 2417 populi
1380 2337 1528 2411 Romani,
1557 2356 1630 2400 cum
1652 2344 1779 2418 praetor

458 2428 575 2494 iudicio
590 2429 658 2491 eius
672 2428 877 2512 praefuisset,
893 2428 994 2511 spolia
1008 2427 1137 2492 domum
1151 2448 1240 2490 suam
1255 2428 1371 2492 referre
1389 2437 1422 2492 et
1435 2430 1598 2493 manubias
1614 2430 1777 2493 detrahere

421 2530 590 2586 anconatus
612 2524 667 2596 sit,
689 2523 716 2584 is
737 2521 834 2584 ullam
857 2522 895 2584 ab
918 2541 987 2584 sese
1010 2522 1216 2584 calamitatem
1238 2524 1354 2606 poterit
1375 2522 1559 2606 deprecari?
1597 2524 1677 2586 uxi.
1698 2524 1777 2586 Nam

459 2617 498 2680 de
526 2616 749 2680 subsortitione
775 2616 832 2678 illa
858 2615 990 2679 luniana
1016 2616 1157 2678 iudicum
1186 2615 1264 2678 nihil
1293 2615 1373 2679 dico.
1417 2616 1503 2692 Quid
1525 2616 1636 2681 enim‘t
1669 2625 1778 2679 contra

457 2711 596 2787 tabulas,
619 2730 698 2794 quas
719 2717 755 2772 tu
776 2708 952 2792 protulisti,
975 2710 1108 2774 audeam
1130 2710 1257 2774 diceret
1288 2709 1422 2775 Difficile
1443 2720 1506 2788 est;
1534 2730 1598 2775 non
1621 2710 1704 2772 enim
1726 2727 1776 2770 me

457 2813 512 2869 tua
533 2805 636 2869 solum
658 2814 690 2868 et
717 2803 856 2867 iudicum
883 2804 1068 2878 auctoritas,
1099 2804 1154 2867 sed
1183 2805 1278 2868 etiam
1305 2805 1420 2868 anulus
1449 2825 1564 2869 aureus
1586 2805 1706 2868 scribae
1729 2802 1775 2865 tui

457 2903 603 2965 deterret.
645 2902 716 2962 Non
745 2897 848 2961 dicam
870 2896 918 2972 id,
947 2898 1033 2981 quod
1060 2898 1194 2980 probare
1216 2898 1344 2962 difficile
1366 2907 1433 2962 est:
1462 2899 1522 2963 boc
1545 2899 1660 2972 dicam,
1690 2894 1775 2980 quod

314 3000 318 3007 '
419 2994 637 3068 reostendam,
658 2992 775 3055 multos
797 3011 838 3054 ex
860 2999 891 3053 te
913 2992 996 3055 viros
1017 2991 1185 3075 primarios
1199 2992 1342 3067 audisse,
1364 3014 1435 3056 cum
1450 2993 1570 3057 diceres
1584 2991 1704 3073 ignosci
1720 2988 1775 3052 tibi

457 3097 619 3172 oportere,
641 3084 864 3170 quodfalsum
887 3084 1025 3147 codicem
1054 3084 1241 3166 protuleris;
1269 3106 1357 3160 nam,
1386 3107 1450 3169 qua
1471 3087 1588 3151 invidia
1609 3085 1643 3148 C.
1666 3083 1775 3146 Iunius

456 3181 675 3264 conflagravit,
698 3198 751 3254 ea,
774 3178 835 3241 nisi
857 3177 1065 3261 providisses,
1086 3179 1145 3241 tibi
1167 3179 1227 3261 ipsi
1250 3187 1316 3243 tum
1338 3181 1535 3263 pereundum
1555 3179 1676 3242 fuisset.

540 3269 611 3336 158.
633 3273 703 3336 lloc
723 3273 818 3336 modo
839 3272 899 3335 iste
921 3272 981 3334 sibi
1002 3280 1034 3335 et
1056 3272 1148 3336 saluti
1171 3293 1247 3337 suae
1266 3275 1448 3357 prospicere
1463 3273 1587 3346 didicit,
1608 3269 1775 3335 referendo

455 3366 489 3432 in
517 3367 640 3431 tabulas
670 3374 700 3430 et
728 3368 865 3449 privates
894 3373 925 3428 et
952 3366 1112 3447 publicas,
1141 3367 1228 3450 quod
1259 3375 1380 3450 gestum
1402 3388 1467 3431 non
1489 3375 1590 3442 esset,
1623 3364 1775 3437 tollendo,

418 3463 542 3546 eoquod
570 3468 669 3537 esset,
699 3468 731 3523 et
758 3479 883 3544 semper
904 3458 1025 3542 aliquid
1052 3460 1225 3536 demendo,
1255 3460 1423 3536 mutando,
1454 3457 1685 3542 interpolando.
1727 3458 1775 3520 Eo

456 3559 539 3620 enim
567 3576 670 3639 usque
695 3555 911 3637 progreditur,
941 3562 975 3617 ut
1000 3573 1040 3617 ne
1062 3552 1278 3618 defensionem
1300 3553 1429 3637 quidem
1451 3550 1679 3617 maleficiorum
1700 3570 1775 3613 suo·

454 3670 525 3713 rum
546 3650 614 3713 sine
635 3649 705 3711 aliis
727 3645 888 3711 maleficiis
908 3648 1047 3731 reperire
1068 3647 1177 3729 possit.
1217 3646 1380 3710 Eiusmodi
1402 3646 1658 3710 subsortitionem
1677 3644 1774 3706 bomo

455 3744 685 3807 amentissimus
712 3761 842 3804 suorum
871 3759 1000 3824 quoque
1027 3740 1169 3803 iudicum
1196 3739 1264 3803 fore
1286 3740 1409 3822 putavit
1429 3760 1487 3823 per
1508 3738 1649 3803 sodalem
1670 3756 1774 3810 suum,

456 3837 495 3913 Q.
518 3836 677 3911 Curtium,
698 3835 835 3898 iudicem
856 3834 1050 3918 quaestionis
1072 3853 1166 3910 suae3
1193 3834 1244 3897 cui
1271 3853 1330 3916 ego
1353 3833 1414 3898 nisi
1434 3835 1466 3898 vi
1486 3833 1598 3916 populi
1620 3838 1653 3896 et
1670 3830 1775 3895 bomi-

520 4013 543 4064 ³.
561 4024 589 4062 re
604 4024 666 4062 cero
682 4012 763 4061 Prisc.
776 4011 807 4060 11.
826 4023 853 4074 p.
866 4010 938 4060 tta:
956 4023 984 4059 rs
1000 4008 1034 4058 de
1052 4009 1119 4058 coni.
1137 4009 1195 4059 llot.
1209 4009 1242 4068 03
1261 4009 1288 4058 in
1305 4007 1382 4059 codd.
1401 4021 1455 4059 om.
1473 4021 1581 4058 reem.
1596 4035 1624 4045 -
1642 4005 1666 4059 l.
1683 4005 1771 4056 octao-

453 4086 537 4152 uses]
557 4091 701 4150 potestatem
717 4091 778 4137 Asc.
797 4085 858 4136 edd.
876 4086 940 4135 vett.
959 4112 988 4125 .-
1011 4085 1035 4134 e.
1054 4088 1111 4133 rent
1125 4082 1218 4134 codd:
1237 4083 1287 4133 sint
1303 4096 1336 4133 ex
1352 4082 1582 4133 10111310.-
1598 4081 1625 4131 id
1641 4094 1666 4143 q.
1685 4080 1770 4144 1319ε

454 4177 508 4215 om.
525 4163 552 4214 td
568 4162 623 4214 rell.
643 4163 670 4213 0.
692 4187 719 4198 —-
738 4160 761 4210 6.
780 4161 862 4210 αῑεαηι
875 4162 906 4220 Α,
924 4156 1016 4221 vulgo:
1038 4158 1159 4220 oppettm
1175 4157 1252 4220 1319.
1273 4184 1301 4194 -
1319 4157 1440 4208 letiense
1456 4156 1525 4208 coni.
1542 4157 1638 4207 Osann.
1657 4154 1692 4205 ad
1707 4156 1772 4218 asp.

453 4251 480 4305 p.
493 4239 562 4298 arcs
582 4241 610 4288 at
625 4236 659 4287 cl.
677 4233 762 4287 ilalm.
781 4234 815 4285 ad
831 4235 898 4287 sest.
916 4246 943 4297 p.
956 4232 1012 4283 348.
1033 4258 1059 4268 -
1079 4232 1104 4282 9.
1121 4232 1161 4282 tic
1177 4233 1252 4282 etiam
1269 4246 1293 4294 q.
1312 4232 1407 4289 Prisc.;
1425 4231 1464 4280 tic
1478 4230 1540 4280 mibi
1555 4231 1631 4280 emm
1647 4230 1674 4279 1.
1695 4254 1723 4266 -
1741 4228 1774 4278 ab

452 4315 522 4368 cobis
537 4314 614 4377 1399,
639 4313 700 4376 (non
718 4311 809 4374 Prisc.)
828 4336 856 4347 -
881 4310 921 4359 10.
938 4310 1013 4359 etms
1027 4307 1110 4371 spem
1125 4309 1219 4359 Prisc:
1245 4309 1326 4370 ipsam
1342 4306 1420 4358 codd.
1439 4308 1468 4357 0.
1489 4333 1516 4343 -
1542 4305 1582 4356 13.
1600 4309 1676 4366 moue
1691 4302 1770 4354 codd.

452 4391 533 4444 Prisc.
548 4391 579 4439 ll.
598 4401 623 4452 p.
638 4387 709 4437 tte.:
728 4399 759 4435 nc
770 4387 799 4435 0.
815 4412 842 4421 -
861 4383 946 4433 dmm.
959 4382 1011 4433 iud.
1024 4383 1092 4447 ngas
1109 4384 1205 4435 Prisc:
1222 4383 1275 4433 iud.
1294 4384 1380 4432 eamr.
1393 4381 1442 4431 dtt.
1455 4381 1484 4430 0.
1500 4407 1527 4417 -
1545 4381 1587 4430 90.
1605 4380 1771 4431 thPriscs

452 4472 488 4519 est
504 4464 582 4517 codd.
598 4466 627 4514 0.
643 4490 670 4500 -
688 4461 780 4511 cotem
798 4473 816 4510 o
831 4471 881 4509 sese
897 4459 977 4509 Prisc.
998 4485 1025 4496 -
1044 4460 1084 4509 19.
1103 4459 1211 4508 mom
1226 4458 1295 4522 1319
1311 4456 1405 4521 vulgo:
1427 4457 1504 4506 eodm
1519 4454 1567 4506 dtt.
1587 4480 1615 4491 -
1632 4454 1674 4504 15.
1692 4467 1725 4504 esc
1741 4455 1772 4521 tc]

452 4544 490 4595 cit
504 4540 546 4592 vel
558 4545 617 4591 cate
631 4539 712 4589 Prisc.
731 4535 760 4600 (o
775 4541 797 4586 tc
814 4535 872 4586 cod.
892 4535 971 4596 tlon.)
990 4560 1017 4572 -
1035 4535 1076 4585 17.
1094 4535 1260 4598 coopnprwit
1276 4533 1343 4596 L329
1360 4545 1386 4597 p.
1401 4545 1437 4582 m.
1453 4533 1534 4582 Prisc.
1548 4529 1663 4581 Putscbii
1674 4531 1701 4578 et
1711 4528 1771 4579 cod.

453 4621 566 4672 lionae:
583 4613 748 4679 conpnprcrs‘t
762 4611 840 4661 codd.
859 4611 888 4660 0.
902 4613 928 4660 et
940 4611 1021 4661 Prisc.
1033 4607 1145 4668 ilrehlii‚
1164 4619 1244 4670 quem
1262 4606 1335 4664 vide;
1353 4608 1526 4671 ccnpcprcrat
1542 4605 1604 4655 edd.
1622 4606 1683 4669 post
1698 4606 1771 4655 Grut.

455 4719 483 4732 -
499 4693 584 4759 ficisset
599 4688 678 4742 codd.
697 4689 725 4738 et
741 4688 837 4738 Prisc:
855 4686 930 4749 mese
944 4685 974 4734 0.
989 4711 1016 4721 -—
1035 4684 1076 4734 30.
1094 4683 1214 4733 macodo
1230 4682 1299 4745 1399
1316 4683 1382 4732 Non.
1401 4695 1428 4745 p.
1440 4680 1490 4733 3l.:
1508 4681 1643 4740 mado,
1660 4679 1773 4728 woodo

452 4782 483 4820 oe
498 4767 577 4818 tuero
587 4767 710 4828 appareat
721 4761 781 4822 dtt;
799 4759 862 4811 secl.
874 4761 902 4811 0.
917 4786 945 4796 -
964 4759 1092 4822 esposse
1104 4758 1171 4821 1329
1189 4760 1216 4808 et
1231 4757 1284 4807 duo
1296 4755 1352 4806 alti:
1367 4761 1449 4818 posset
1464 4755 1512 4805 dit.
1527 4777 1556 4792 -
1573 4753 1693 4806 &modi
1703 4751 1772 4814 1.ng

452 4846 491 4894 A:
514 4843 622 4894 eimdem
636 4837 703 4889 modi
719 4835 775 4887 rell.
793 4838 867 4899 ng.,
884 4836 914 4885 0.
934 4859 962 4878 -
980 4833 1177 4884 ucbsortitiooem
1192 4834 1230 4882 A:
1256 4832 1408 4881 mrtiticaem
1424 4829 1502 4879 codd.
1517 4857 1545 4867 -
1563 4828 1604 4880 as.
1623 4826 1773 4890 poeniteris

452 4930 512 4967 asne
523 4917 553 4967 V:
572 4928 632 4965 asne
647 4927 700 4965 om.
721 4913 768 4963 dtt.
787 4913 816 4962 0.
840 4937 867 4947 -
885 4923 930 4975 epo
945 4909 993 4959 cisi
1010 4910 1047 4958 V:
1066 4910 1115 4958 sbi
1130 4921 1175 4972 epo
1191 4908 1237 4957 ott.
1251 4931 1279 4940 -
1298 4911 1373 4967 αιφιο
1388 4906 1452 4954 tom.
1470 4903 1578 4965 ngttt.
1605 4903 1773 4964 Quamquam

452 4993 479 5044 h.
498 4991 515 5044 l.
538 4992 653 5058 optlmus
670 4989 730 5042 cod.
749 4988 773 5040 V
792 4992 867 5051 etque
882 4985 976 5047 babet,
998 4988 1087 5036 umen
1104 4985 1173 5034 hanc
1188 4983 1347 5045 scripturam
1364 4981 1484 5044 recipere
1504 4979 1565 5028 ideo
1581 4977 1771 5037 dubitavimus,
1857 5016 1862 5025 .

453 5067 524 5132 quod
541 5070 568 5118 et
584 5065 675 5132 optimi
693 5063 799 5115 codices
815 5064 842 5112 in
858 5062 900 5112 his
916 5060 1031 5111 minutiis
1048 5071 1130 5122 saepe
1146 5059 1273 5123 peccant,
1291 5058 1319 5105 et
1335 5054 1417 5104 Vetto.
1435 5056 1462 5103 in
1478 5051 1545 5104 libro
1561 5054 1581 5103 1.
1599 5053 1772 5103 verrinarum

453 5140 530 5207 paulo
548 5143 636 5194 minus
652 5139 790 5204 diligenter
800 5149 879 5202 quam
897 5134 958 5187 alibi
970 5136 1012 5185 est
1022 5134 1150 5198 scriptus,
1168 5135 1195 5183 et
1208 5129 1305 5194 duplex
1320 5134 1396 5190 mccc
1412 5129 1448 5178 ita
1462 5125 1632 5189 collocatum,
1651 5127 1682 5177 ut
1698 5126 1771 5190 prius

452 5214 574 5267 membra
592 5216 657 5278 duo,
683 5214 815 5281 pestanus
832 5211 939 5262 alterius
955 5208 1069 5261 membri
1086 5211 1177 5275 partes
1193 5203 1311 5270 copulet,
1336 5206 1381 5256 vix
1404 5202 1551 5256 Tubunnm
1571 5205 1621 5254 est.
1647 5199 1771 5252 similiter

452 5289 589 5344 turbatum
605 5293 647 5343 est
662 5302 703 5343 ex.
716 5301 741 5342 c.
756 5286 880 5353 11119.
897 5287 941 5339 111.
953 5284 977 5350 8.
991 5285 1015 5336 0.
1028 5285 1068 5337 tt.
1082 5283 1123 5337 19.
1136 5275 1329 5336 7918111151.
