4367 6109
458 598 522 669 lli
778 628 783 638 ·
831 602 874 666 lli
893 600 1063 668 mmai
1083 598 1208 667 auno
1230 599 1420 668 SECUNDA·

457 771 597 838 minibus
617 776 745 836 actnrus
767 789 848 835 sum.
893 769 972 835 Cbio
1000 772 1143 856 pervim
1166 771 1256 854 signa
1277 769 1492 854 pulcherrima
1513 768 1588 832 dico
1608 767 1786 844 abstulisse,

456 869 534 932 item
554 864 700 952 Erythris
720 871 754 929 et
773 860 1008 929 Halicarnasso.
1051 865 1182 930 Tenedo
1205 862 1382 949 (praetereo
1404 862 1590 948 pecuniam,
1612 882 1708 947 qnam
1725 866 1787 927 eri-

456 959 537 1046 puit)
559 963 678 1025 Tenem
699 959 821 1043 ipsum,
843 960 900 1044 qui
922 959 1008 1045 apud
1030 958 1192 1024 Tenedios
1215 959 1436 1022 sanctissimus
1457 957 1538 1020 deus
1557 955 1709 1032 habetem,
1731 957 1786 1041 qui

456 1054 568 1119 urbem
595 1055 684 1118 illam
713 1053 831 1118 dicitur
861 1052 1061 1130 condidisse,
1090 1055 1182 1117 cuius
1211 1072 1253 1116 ex
1273 1054 1403 1117 nomine
1424 1051 1574 1115 Tenedus
1596 1050 1788 1124 nominatur,

432 1146 542 1212 chuno
561 1148 683 1232 ipsum,
715 1148 864 1232 inquam,
896 1147 1016 1211 Tenem
1045 1148 1259 1231 pulcherrime
1286 1147 1423 1222 factum,
1450 1164 1546 1229 quem
1569 1144 1733 1229 quondam
1754 1145 1788 1206 in

456 1241 587 1306 comitio
607 1242 751 1318 vidistis,
774 1241 906 1305 abstulit
926 1259 1042 1324 magno
1064 1262 1137 1306 cum
1159 1242 1280 1325 gemitu
1303 1241 1450 1304 civitatis.
1488 1237 1539 1300 50.
1561 1239 1621 1302 llla
1641 1258 1718 1301 vero
1733 1257 1788 1301 ex-

454 1335 697 1494 eutitii
710 1332 1788 1515 stilti.tulizzlflillf.i²ffssttuultu

454 1525 576 1588 nemini
595 1531 737 1589 vestrum
761 1524 921 1588 inaudita!
951 1526 991 1589 de
1013 1543 1078 1610 qua
1100 1524 1338 1609 expugnatione
1360 1542 1433 1586 cum
1453 1523 1549 1607 legati
1570 1522 1611 1586 ad
1634 1521 1667 1586 C.
1689 1521 1788 1584 Nero·

417 1630 528 1684 sonem
542 1620 577 1683 in
591 1619 700 1684 Asiam
716 1617 810 1682 Samo
825 1618 997 1694 venisseut,
1013 1638 1202 1703 responsum
1221 1618 1371 1691 tulemnt,
1386 1616 1545 1680 eiusmodi
1561 1614 1787 1700 querimonias,

455 1730 539 1799 quae
572 1713 613 1778 ad
644 1713 784 1797 legatum
812 1711 924 1796 populi
951 1713 1086 1776 Romani
1107 1712 1319 1796 pertinerent,
1351 1730 1418 1774 non
1440 1710 1481 1773 ad
1502 1717 1698 1794 praetorem,
1730 1706 1786 1772 sed

454 1809 587 1872 Romam
608 1806 725 1871 deferri
745 1813 906 1890 oportere.
920 1838 963 1854 -
985 1806 1073 1882 Quas
1095 1807 1156 1871 iste
1171 1805 1295 1871 tabulas
1309 1803 1415 1880 illino,
1439 1824 1523 1889 quae
1538 1804 1629 1888 signa
1643 1801 1786 1867 sustulit!

455 1920 539 1986 quae
566 1900 704 1984 cognovi
734 1906 861 1984 egomet
889 1901 975 1983 apud
1005 1901 1101 1964 istum
1130 1902 1164 1965 in
1186 1901 1319 1965 aedibus
1340 1919 1459 1984 nuper,
1492 1920 1564 1963 cum
1598 1896 1787 1981 obsignandi

454 1995 557 2079 gratia
576 1995 747 2058 venissem.
790 1989 842 2056 54.
864 1993 956 2070 Quae
978 1995 1070 2077 signa
1090 2015 1195 2070 nuno,
1221 1995 1352 2068 Verres,
1375 1993 1429 2056 ubi
1452 1997 1549 2057 sunt?
1576 1993 1634 2057 illa
1656 2010 1786 2077 quaero,

417 2098 538 2176 atquae
557 2090 645 2175 apud
667 2094 699 2152 te
721 2106 824 2172 nuper
844 2087 886 2151 ad
905 2108 1015 2152 omues
1030 2088 1211 2164 columnas,
1234 2088 1382 2151 omnibus
1404 2089 1501 2152 etiam
1523 2087 1786 2162 intercolumniis,

374 2228 382 2251 2
453 2185 488 2249 in
510 2185 589 2249 silva
611 2183 752 2268 denique
774 2182 930 2265 disposita
952 2183 1011 2247 sub
1033 2181 1109 2246 divo
1130 2182 1279 2246 vidimus.
1324 2182 1388 2246 Cur
1408 2202 1464 2257 ea,
1495 2203 1590 2267 wem
1610 2183 1667 2246 diu
1687 2183 1785 2246 alium

452 2286 632 2363 praetorem
654 2298 727 2341 cum
748 2276 788 2339 iis
810 2276 984 2352 iudicibus,
1008 2296 1091 2360 quos
1112 2277 1146 2339 in
1166 2277 1282 2339 horum
1304 2276 1411 2339 locum
1425 2277 1556 2340 sortitus
1572 2298 1676 2355 esses,
1699 2278 1740 2340 de
1754 2283 1786 2339 te

452 2375 488 2438 in
511 2373 681 2439 consilium
701 2370 821 2434 iturum
842 2372 972 2453 putasti,
994 2371 1130 2434 tamdiu
1152 2369 1239 2434 domi
1260 2369 1412 2434 fuerunt?
1434 2378 1646 2457 posteaquam
1667 2370 1786 2435 nostris

452 2468 587 2533 testibus
614 2485 674 2530 nos
703 2483 801 2549 wana
828 2464 917 2528 horis
940 2461 1028 2549 [tuis]
1059 2466 1107 2529 uti
1129 2465 1224 2528 malle
1245 2464 1371 2539 vidisti,
1404 2465 1528 2529 nullum
1551 2466 1679 2549 signum
1700 2464 1786 2529 domi

414 2560 611 2646 ttreliqnisti
637 2565 766 2644 praeter
791 2559 871 2634 duo,
905 2578 987 2643 qsme
1015 2560 1049 2623 in
1077 2560 1191 2623 mediis
1213 2560 1345 2623 aedibus
1367 2566 1468 2636 sunt,
1492 2579 1575 2645 quae
1595 2560 1670 2645 ipsa
1691 2559 1785 2623 Samo

452 2655 579 2720 sublata
600 2655 695 2720 eunti
716 2670 783 2717 non
802 2652 923 2736 putasti
944 2672 996 2715 me
1018 2654 1083 2717 tuis
1104 2653 1361 2718 familiarissimis
1375 2654 1410 2716 in
1423 2653 1508 2717 banc
1521 2673 1590 2717 rem
1604 2652 1787 2717 testimonia

452 2749 729 2823 denuntiaturum,
759 2747 815 2832 qui
841 2755 915 2811 tuae
943 2747 1030 2810 domi
1057 2766 1184 2831 semper
1204 2747 1358 2823 luissent,
1387 2749 1567 2833 exquibus
1590 2765 1787 2832 quaererem,

453 2845 544 2928 signa
565 2843 726 2908 scirentne
745 2841 864 2916 luisse,
886 2860 969 2925 quae
990 2860 1057 2904 non
1079 2844 1210 2905 essenti
1245 2843 1317 2906 XX.
1339 2838 1391 2905 52.
1414 2841 1500 2918 Quid
1523 2849 1591 2905 tum
1611 2841 1673 2905 bos
1694 2841 1735 2904 de
1756 2848 1788 2903 te

451 2937 651 3001 iudicaturos
672 2937 842 3000 arbitratus
864 2955 917 3011 es,
948 2954 1020 2999 cum
1042 2936 1188 3001 viderent
1208 2945 1240 3000 te
1262 2938 1325 3000 iam
1347 2957 1413 3001 uon
1435 2943 1547 3000 contm
1569 2941 1787 2999 accusatorem

414 3036 543 3094 actuum
564 3030 621 3094 sed
643 3036 756 3094 contra
776 3037 980 3116 quaestorem
1002 3037 1224 3116 sectoremque
1245 3034 1411 3115 pugnaret
1428 3064 1471 3079 -
1493 3031 1565 3107 Qua
1586 3029 1627 3093 de
1649 3049 1684 3093 re
1707 3029 1787 3093 Cba·

451 3125 610 3190 ridemum
632 3124 746 3189 Chium
767 3124 985 3189 testimonium
1006 3124 1114 3206 priore
1135 3126 1263 3189 actione
1285 3125 1391 3189 dicere
1412 3126 1568 3190 audistis:
1603 3144 1692 3201 sese,
1714 3144 1787 3188 cum

452 3227 538 3284 asset
566 3217 759 3284 trierarchus
789 3225 822 3282 et
846 3220 975 3282 Verrem
1004 3238 1046 3281 ex
1073 3221 1150 3284 Asia
1171 3221 1378 3284 decedentem
1399 3226 1665 3304 prosequeretur,
1696 3219 1787 3282 lnssu

450 3313 637 3379 Dolabellae
663 3312 765 3377 fuisse
791 3332 857 3376 una
878 3313 1034 3377 comisto
1057 3314 1143 3378 Sami
1165 3332 1301 3398 seseque
1324 3320 1391 3378 tum
1413 3314 1496 3378 scire
1518 3312 1692 3397 spoliatum
1713 3331 1785 3376 esse

450 3405 561 3472 lanum
587 3406 728 3493 Iunonis
750 3406 966 3492 et‚oppidum
987 3407 1134 3486 Samum
1162 3416 1340 3493 posteaque
1362 3428 1396 3472 se
1419 3427 1549 3472 cansam
1570 3408 1655 3493 apud
1677 3406 1787 3484 Chios,

413 3501 538 3566 accires
568 3520 663 3578 suos,
691 3498 808 3565 Samiis
836 3500 1061 3565 accusantibus
1089 3501 1217 3585 publice
1240 3502 1359 3565 dixisse
1381 3522 1486 3586 eoque
1508 3522 1543 3566 se
1565 3521 1637 3566 esse
1659 3500 1788 3566 absolu·

452 3601 536 3671 tum,
559 3595 648 3680 quod
668 3595 800 3678 planum
821 3593 951 3659 iecisset
972 3615 1025 3670 ea,
1049 3615 1134 3681 quae
1154 3596 1250 3680 legati
1272 3596 1451 3661 Samiorum
1473 3596 1630 3672 dicerent,
1653 3597 1694 3660 ad
1708 3597 1788 3660 Ver·

451 3706 530 3763 rem,
550 3707 617 3751 non
638 3687 679 3750 ad
701 3708 737 3752 se
757 3688 929 3771 pertinere.
942 3720 985 3737 -·
1007 3686 1058 3752 53.
1073 3690 1258 3772 Aspendum
1279 3697 1371 3753 vetus
1394 3691 1549 3776 oppidum
1571 3697 1603 3755 et
1623 3689 1733 3754 nobile
1754 3688 1788 3751 in

452 3782 640 3866 Pamphylia
668 3782 756 3845 scitis
784 3801 871 3859 esse,
899 3784 1122 3868 plenissimum
1151 3784 1315 3867 signorum
1343 3785 1546 3868 optimorum.
1589 3787 1662 3849 lion
1683 3783 1788 3848 dicam

453 3875 542 3940 illine
563 3877 627 3940 hoc
648 3876 775 3960 siguum
797 3877 938 3942 ablatum
960 3898 1030 3942 esse
1052 3885 1084 3941 et
1105 3879 1202 3942 illud:
1230 3880 1294 3944 hoo
1314 3878 1404 3954 dico,
1433 3879 1556 3943 nullum
1584 3887 1617 3944 te
1645 3876 1789 3965 Aspendi

414 3967 594 4051 atsignum,
626 3970 759 4046 Verres,
788 3970 977 4056 reliquisse3
1006 3974 1114 4036 omnia
1135 3993 1176 4037 ex
1195 3973 1294 4049 fanis,
1326 3994 1368 4038 ex
1388 3974 1469 4038 loois
1490 3973 1649 4057 puhlicis,
1669 3971 1788 4058 palam,

453 4061 671 4144 spectantibus
701 4064 849 4129 omnibus
877 4066 1008 4148 plostris
1033 4073 1143 4131 erecta
1176 4075 1406 4152 exportataque
1439 4088 1520 4132 esse.
1562 4069 1669 4152 Atque
1691 4067 1787 4132 etiam

453 4155 545 4220 illum
565 4156 765 4242 Aspendium
787 4159 1001 4235 citharistam,
1022 4161 1145 4246 dequo
1159 4180 1255 4246 saepe
1269 4161 1404 4226 audistis
1418 4162 1468 4239 id,
1491 4161 1579 4246 quod
1593 4167 1643 4227 est
1656 4159 1787 4227 Graecis

520 4415 544 4466 2.
571 4420 595 4465 et
615 4429 669 4468 om.
689 4415 734 4467 Gt.
759 4441 787 4454 -
813 4416 839 4468 3.
858 4417 945 4470 Tenem
962 4420 992 4482 S,
1010 4419 1043 4470 al.
1062 4421 1138 4471 Serv.
1156 4419 1191 4471 ad
1207 4420 1273 4471 Aen.
1292 4421 1323 4471 44.
1342 4420 1384 4471 24.
1412 4420 1506 4472 lsidor.
1525 4421 1596 4487 Orig.
1613 4421 1679 4473 XIV.
1697 4421 1727 4485 6,
1743 4419 1786 4473 23.

453 4498 481 4556 p.
499 4487 556 4540 ldl.
577 4490 634 4554 (sed
651 4487 712 4541 cod.
730 4489 903 4544 Benedictob.
923 4507 994 4545 saec.
1012 4495 1054 4546 444.
1075 4494 1166 4559 Tmen,
1185 4495 1244 4546 cod.
1264 4496 1328 4547 Fris.
1342 4508 1413 4547 saec.
1432 4497 1474 4547 lx.
1492 4510 1534 4563 pr.
1552 4509 1590 4548 m.
1608 4495 1711 4558 mm,
1729 4507 1786 4548 sec.

454 4572 492 4614 m.
507 4563 629 4630 Tmnenl:
650 4565 796 4628 renuerem
814 4572 912 4618 tenuari
922 4570 959 4620 Gt
971 4570 1030 4627 Ld.;
1051 4570 1171 4621 Maesa
1182 4572 1269 4623 (44-
1289 4570 1330 4621 44.
1342 4572 1377 4622 od
1393 4571 1531 4637 lcootosGt
1544 4573 1570 4624 2.
1584 4600 1613 4610 -
1626 4570 1786 4632 litatur,

453 4638 528 4689 istuc
542 4638 652 4690 44444ιοῦ4
664 4640 689 4690 2.
707 4640 743 4692 cl.
753 4641 777 4705 g.
788 4641 862 4692 52-
876 4642 916 4693 444.
929 4645 998 4696 Fort.
1008 4647 1085 4697 etium
1096 4648 1122 4698 in
1133 4649 1220 4699 intem.
1239 4649 1321 4699 nnus.
1330 4673 1358 4686 -
1373 4649 1413 4699 td.
1426 4649 1453 4699 io
1463 4648 1537 4714 allen]
1554 4647 1588 4700 cl.
1602 4645 1690 4699 schol.
1704 4645 1786 4710 crnq.

455 4712 491 4765 ad
507 4714 571 4765 lior.
587 4715 636 4780 Ep.
648 4715 668 4766 1.
683 4715 724 4779 40,
737 4717 779 4768 22.
793 4744 821 4754 ·-
843 4717 887 4768 aab
903 4719 960 4770 diuo
976 4721 1055 4772 codd.
1072 4726 1100 4774 et
1114 4723 1176 4775 sch.
1194 4724 1274 4787 Cruq.
1292 4721 1309 4773 l.
1323 4721 1357 4773 l.:
1374 4723 1419 4774 sud
1434 4724 1476 4774 dio
1491 4726 1522 4775 A.
1542 4750 1570 4760 -
1590 4723 1630 4774 l'l.
1646 4726 1708 4773 sort.
1725 4731 1790 4773 essu

454 4789 606 4855 Zumptlus:
623 4790 726 4841 sortitas
736 4793 841 4853 cadis-3
860 4793 913 4844 loco
925 4795 980 4846 dem
995 4799 1098 4849 sortitus
1110 4812 1135 4850 es
1151 4801 1197 4860 Gl3
1213 4799 1360 4849 absortum
1373 4813 1399 4850 es
1410 4798 1448 4850 Ld
1459 4800 1519 4859 dtu,
1536 4798 1716 4850 nomm
1730 4808 1790 4850 w

455 4864 525 4916 conl.
538 4863 599 4914 llot.
619 4888 648 4902 -
667 4863 708 4915 49.
726 4866 776 4915 tots
791 4878 845 4918 om.
858 4870 888 4919 A.
907 4869 967 4920 cod.
981 4871 1038 4923 Urs.
1050 4871 1128 4938 prob.
1141 4874 1197 4923 Rau
1208 4875 1227 4923 1.
1245 4886 1273 4938 p.
1287 4873 1380 4923 lau·
1397 4875 1438 4924 24.
1455 4874 1625 4938 solutioribus
1636 4875 1683 4925 (ll.
1696 4896 1726 4911 -
1743 4873 1787 4924 22.

454 4949 551 5004 maner
560 4939 594 4990 444
606 4939 664 5002 ag:
682 4952 756 5004 saepe
766 4939 815 4992 dtt.
828 4942 890 4994 0.-
907 4944 950 4995 ab.
963 4947 1129 5008 quaeum
1139 4950 1170 5010 A,
1188 4948 1234 5013 qui
1250 4952 1342 5000 tamen
1352 4947 1486 5013 volgatam
1500 4960 1608 5015 quoqne
1620 4952 1789 5000 commemo·-

454 5014 514 5074 rat;
536 5018 916 5079 mosomenses.
943 5019 1031 5073 Verba
1054 5037 1107 5087 qun
1128 5024 1158 5074 de
1176 5038 1253 5076 ren
1261 5026 1387 5090 pertinen
1404 5024 1438 5076 de
1450 5027 1512 5077 Em.
1526 5025 1596 5077 conl.
1610 5023 1695 5090 (prob.
1707 5023 1789 5087 wyt-

455 5085 541 5151 tenb.)
558 5087 637 5140 Beck.
651 5089 679 5140 et
694 5087 799 5143 schulz.
812 5092 989 5159 transponunt
1003 5100 1066 5161 post
1081 5099 1220 5163 superiora
1238 5101 1263 5165 5.
1276 5100 1316 5152 50.
1335 5101 1440 5152 llum
1456 5101 1549 5166 desmt
1562 5105 1686 5164 oportere
1709 5095 1786 5150 itale.

456 5160 490 5213 cl.
509 5162 635 5215 Orelllum
651 5164 680 5216 et
696 5164 800 5233 Zumpt.
818 5167 852 5218 ad
870 5168 897 5219 h.
910 5166 928 5219 l.
949 5197 976 5206 -
994 5171 1036 5223 26.
1055 5172 1143 5224 cutum
1159 5186 1213 5227 om.
1225 5175 1276 5236 ⁶⁴3
1294 5188 1352 5227 usis
1362 5177 1455 5227 ineest.
1467 5178 1537 5228 auct.
1549 5173 1644 5241 bagm.
1658 5169 1788 5225 deuerbo

456 5246 499 5302 au.
517 5237 635 5291 llacrob.
654 5238 698 5292 ed.
714 5241 770 5293 lan.
789 5240 844 5294 vol.
858 5244 878 5295 4.
896 5257 923 5310 p.
936 5246 993 5298 293.
1009 5272 1036 5283 ·-
1055 5248 1096 5300 36.
1111 5249 1291 5312 posuisses
1302 5250 1366 5302 ott:
1379 5248 1638 5318 praeseminata.
1653 5272 1682 5291 -·
1699 5249 1789 5303 waste

456 5312 484 5365 8.
504 5339 532 5352 ·-
550 5317 962 5386 ammoniacum:
981 5323 1164 5389 saporumque
1179 5328 1234 5390 (lt,
1251 5328 1495 5394 apompeus
1512 5330 1544 5385 0.
