4367 6109
440 562 502 630 728
649 561 651 564 ’
851 554 1003 622 ORATIO
1026 554 1106 621 PRO
1128 555 1164 618 L.
1184 552 1352 619 Millillllll

440 738 602 807 fecissem,
624 730 748 815 parcius
770 725 810 792 de
833 727 902 789 eius
923 726 1018 789 laude
1040 725 1197 789 dicerem:
1217 743 1303 787 nunc
1322 722 1401 787 nihil
1423 721 1528 787 deme
1543 723 1634 797 dico,
1658 719 1718 784 sed
1733 719 1773 784 de

442 833 499 905 iis,
522 827 632 912 quiin
655 821 791 886 dicendo
813 819 919 903 magni
941 826 1017 883 sunt
1037 827 1093 883 aut
1113 818 1252 882 fuerunt.

525 920 610 982 xlv.
631 913 683 977 30.
704 916 794 978 Duae
816 921 890 977 sunt
910 921 1010 988 artes,
1033 932 1116 997 qnae
1138 919 1271 995 possunt
1291 911 1396 974 locare
1417 910 1563 975 homines
1584 909 1620 972 in
1643 907 1775 992 amplis·

445 1018 524 1081 simo
555 1011 653 1096 gradu
682 1007 859 1091 dignitatis:
888 1026 952 1069 una
981 1005 1195 1089 imperatoris,
1223 1005 1321 1068 altera
1350 1005 1483 1068 oratoris
1510 990 1604 1068 boni:
1641 1001 1684 1065 ab
1711 1000 1775 1063 hoc

420 1111 531 1175 renim
563 1103 650 1188 pacis
679 1109 864 1164 ornamenta
895 1101 1086 1174 retinentur,
1122 1099 1162 1161 ab
1193 1097 1249 1161 illo
1282 1097 1357 1160 belli
1388 1098 1528 1182 pericula
1561 1096 1774 1180 repelluntur.

446 1206 575 1267 Ceterae
596 1206 701 1260 tamen
718 1195 850 1257 virtutes
864 1194 953 1276 ipsae
968 1214 1026 1278 per
1040 1214 1074 1257 se
1088 1193 1222 1255 multum
1237 1191 1360 1266 valent,
1381 1192 1516 1267 iustitia,
1537 1188 1635 1264 fides,
1659 1188 1775 1272 pudor,

445 1291 670 1378 temperantia3
700 1288 814 1371 quibus
836 1295 883 1361 te,
913 1287 1019 1361 Servi,
1049 1286 1206 1350 excellere
1233 1304 1343 1348 omnes
1372 1285 1568 1369 intelligunt,
1595 1283 1656 1350 sed
1685 1302 1775 1346 nunc

446 1389 486 1452 de
507 1385 619 1450 studiis
640 1382 680 1446 ad
700 1381 855 1444 honorem
877 1381 1055 1463 dispositis,
1077 1399 1142 1442 non
1164 1378 1204 1441 de
1218 1377 1314 1440 insita
1328 1379 1483 1463 cuiusque
1496 1380 1613 1444 virtute
1629 1377 1774 1461 disputo.

447 1479 561 1544 Omnia
586 1477 648 1539 ista
676 1477 768 1539 nohis
795 1475 899 1539 studia
928 1475 967 1537 de
996 1474 1141 1537 manibus
1174 1471 1394 1547 excutiuntur,
1421 1473 1515 1536 simul
1542 1480 1643 1557 alque
1670 1471 1774 1554 aliqui

410 1590 439 1636 so
448 1580 551 1637 motus
572 1590 675 1634 novus
696 1568 846 1632 bellicum
869 1587 981 1632 canere
1009 1566 1124 1648 coepit.
1178 1566 1320 1640 Etenim,
1349 1574 1384 1628 nt
1403 1568 1448 1630 ait
1469 1567 1656 1648 ingeniosus
1678 1571 1775 1649 poen

448 1675 479 1730 et
500 1671 611 1728 auctor
630 1662 723 1726 ualde
744 1662 865 1736 honus,
894 1661 1024 1745 proeliis
1046 1660 1252 1743 promulgatis
1274 1662 1400 1741 pellitur
1419 1681 1435 1724 e
1455 1662 1550 1723 medio
1577 1678 1645 1722 non
1667 1659 1773 1721 solum

448 1761 508 1822 ista
538 1762 642 1819 vestra
668 1755 803 1818 uerbosa
830 1754 988 1819 simulatio
1015 1754 1219 1837 prudentiae,
1252 1754 1307 1817 sed
1337 1757 1431 1819 etiarn
1460 1755 1531 1838 ipsa
1555 1754 1611 1818 illa
1640 1752 1775 1815 domina

448 1871 568 1924 rerum,
590 1849 758 1930 remedie:
778 1849 810 1911 oi
830 1849 946 1931 peritur
966 1867 1031 1910 res:
1057 1848 1210 1928 sperodur
1229 1857 1352 1922 orator,
1374 1869 1437 1912 non
1459 1848 1563 1912 solum
1584 1846 1719 1910 odiosus
1741 1845 1774 1907 in

449 1942 584 2007 dicendo
606 1961 643 2004 ac
663 1942 804 2026 loquax,
825 1960 934 2005 venum
955 1942 1049 2006 etiam
1070 1943 1177 2004 bouum
1199 1943 1341 2004 lumidus
1361 1944 1446 2005 miles
1465 1950 1606 2005 unimur:
1633 1949 1776 2006 restrium

413 2057 524 2104 severo
552 2035 691 2100 studium
721 2041 822 2098 totum
848 2037 939 2098 iacet.
986 2037 1054 2100 Nou
1082 2055 1121 2098 ear
1148 2037 1215 2098 iure
1243 2056 1365 2099 mutum
1385 2045 1571 2110 consertum,
1602 2036 1656 2098 sed
1679 2036 1775 2116 feno,

449 2129 568 2213 inquil,
597 2147 660 2192 rem
685 2137 828 2210 repetunt.
874 2127 967 2204 Quod
990 2131 1017 2192 si
1039 2129 1082 2192 ita
1104 2137 1167 2203 est,
1193 2130 1301 2205 cedat,
1323 2130 1454 2213 opinor,
1478 2124 1641 2213 [Sulpici,]
1671 2128 1775 2193 iorum

451 2223 576 2294 castris,
599 2223 697 2285 ndum
719 2221 867 2295 militiae,
890 2221 981 2286 stilus
1003 2222 1127 2305 gladio,
1148 2223 1258 2286 umhra
1280 2224 1355 2286 soli:
1377 2223 1418 2286 sit
1433 2222 1572 2306 denique
1591 2223 1626 2286 in
1648 2223 1775 2286 civitate

452 2338 489 2380 ea
509 2318 610 2400 prima
630 2335 699 2389 res,
722 2324 852 2398 propter
867 2337 961 2401 quam
974 2317 1043 2399 ipsa
1057 2324 1106 2379 est
1120 2315 1229 2378 civitas
1244 2316 1383 2379 omnium
1398 2317 1553 2399 princeps.
1582 2311 1636 2378 3l.
1655 2317 1774 2380 Verum

451 2409 530 2472 haec
553 2409 629 2472 Cato
651 2410 783 2471 nimium
805 2429 864 2472 nos
885 2411 1000 2473 nostris
1022 2410 1126 2473 verbis
1149 2429 1262 2492 magua
1281 2409 1385 2472 facere
1400 2410 1596 2473 demonstrat
1610 2416 1645 2473 et
1658 2409 1774 2472 oblitos

413 2523 539 2575 coesse,
571 2501 690 2565 bellum
718 2502 796 2566 illud
826 2523 918 2566 omne
947 2502 1195 2568 Mithridaticum
1223 2524 1293 2567 cum
1321 2503 1513 2566 mulierculis
1541 2524 1612 2567 esse
1638 2512 1774 2585 gestum.

452 2593 546 2671 Quod
575 2613 634 2676 ego
663 2595 757 2679 longe
783 2616 875 2659 secus
907 2597 1068 2671 existimo,
1098 2595 1238 2671 iudices,
1271 2596 1374 2680 deque
1405 2616 1442 2660 eo
1472 2616 1574 2680 pauca
1602 2596 1774 2672 disseram

451 2708 556 2772 neque
579 2688 663 2752 enim
685 2710 779 2754 causa
799 2691 832 2753 in
852 2690 913 2754 lroc
936 2690 1125 2753 continetur.

535 2786 614 2848 Nam
643 2784 670 2847 si
702 2783 808 2846 omnia
835 2783 937 2859 bella,
974 2804 1055 2867 quae
1084 2803 1156 2847 cum
1184 2785 1310 2849 Graecis
1338 2786 1507 2867 gessimus,
1542 2783 1776 2849 contemnenda

452 2887 538 2954 sunt,
568 2877 749 2941 derideatur
775 2877 814 2939 de
843 2898 917 2960 rege
945 2876 1065 2962 Pyrrho
1097 2879 1274 2961 triumphus
1303 2880 1353 2942 M'.
1379 2880 1478 2953 Curii,
1506 2879 1546 2942 de
1567 2878 1717 2962 Philippo
1739 2880 1774 2941 T.

416 2968 637 3046 rtFlaminini,
659 2971 699 3035 de
720 2971 839 3035 Aetolis
859 2974 902 3035 M.
923 2971 1040 3046 Fulvii,
1063 2970 1103 3035 de
1124 2991 1198 3054 rege
1220 2974 1314 3036 Perse
1336 2974 1370 3035 L.
1390 2973 1498 3047 Pauli,
1521 2972 1561 3037 de
1575 2972 1776 3055 Pseudophi-

453 3065 541 3149 lippo
563 3065 603 3140 Q.
624 3064 763 3140 Metelli,
792 3064 832 3127 de
855 3065 1024 3129 Corinthiis
1050 3067 1085 3127 L.
1107 3066 1265 3129 Mummii:
1296 3067 1345 3129 sin
1372 3067 1451 3129 haec
1478 3068 1560 3130 bella
1588 3067 1776 3150 gravissima

452 3159 663 3243 victoriaeque
686 3178 796 3222 eorum
817 3159 972 3223 hellorum
994 3160 1186 3243 gratissimae
1206 3159 1352 3235 fuemnt,
1374 3181 1430 3223 cur
1450 3161 1606 3225 Asiaticae
1627 3162 1775 3225 nationes

453 3261 548 3336 alque
569 3252 623 3315 ille
645 3272 664 3314 a
685 3259 717 3316 te
738 3251 839 3316 hostis
861 3253 1089 3317 contemnitur?
1122 3254 1218 3336 Atqui
1234 3273 1275 3316 ex
1288 3263 1428 3317 veterum
1441 3275 1545 3318 rerum
1560 3256 1775 3320 monumentis

453 3345 503 3408 vel
526 3346 696 3408 maximum
717 3345 836 3409 bellum
859 3346 1012 3429 populum
1033 3349 1206 3410 Romanum
1230 3369 1300 3410 cum
1322 3349 1475 3412 Antiocho
1506 3349 1641 3431 gessisse
1664 3349 1774 3412 video:

415 3440 542 3508 socuins
564 3439 639 3502 belli
661 3440 758 3503 victor
779 3440 815 3501 1..
839 3441 944 3522 Scipio
966 3441 1170 3523 aequiparata
1192 3462 1262 3505 cum
1284 3443 1395 3506 Publio
1415 3442 1510 3506 fratre
1533 3444 1648 3525 gloria,
1678 3463 1774 3527 quam

518 3748 541 3796 l.
557 3759 635 3809 perce
652 3761 679 3805 χ.
700 3773 727 3782 -
746 3746 777 3795 de
791 3758 831 3795 me
846 3745 908 3795 uilil
923 3759 954 3805 ν,
977 3747 1038 3797 nillil
1054 3748 1085 3797 de
1100 3761 1128 3798 re
1145 3749 1203 3798 EC.
1222 3777 1254 3785 -
1271 3751 1354 3800 dicem
1371 3753 1400 3799 G.
1420 3777 1446 3785 -
1467 3751 1490 3800 3.
1509 3753 1557 3801 sint
1574 3755 1604 3802 G.
1625 3779 1653 3788 -
1670 3759 1775 3815 possunt

453 3821 542 3871 EGv:
557 3826 655 3884 possent
671 3821 710 3882 M,
729 3821 825 3882 possiet
841 3835 868 3879 χ.
887 3847 920 3856 -
937 3821 962 3871 7.
980 3822 1118 3887 iutellipeul
1135 3826 1188 3874 Gv.
1204 3852 1230 3860 —
1250 3825 1274 3875 8.
1294 3827 1326 3875 ab
1342 3826 1434 3876 lurore
1450 3828 1592 3889 ilsl'zr,
1610 3831 1636 3879 M
1653 3829 1771 3894 suplin.

455 3922 481 3929 -
500 3895 634 3957 dispertitis
651 3897 685 3955 G;
703 3896 817 3958 depositis
833 3896 927 3956 EMv,
946 3897 960 3946 6
978 3898 1056 3960 Oion,
1075 3902 1134 3951 Per.
1152 3900 1176 3950 4.
1195 3901 1224 3960 8,
1243 3900 1314 3963 quod
1333 3901 1460 3952 mendum
1477 3916 1509 3952 ex
1526 3901 1638 3956 lectione
1655 3908 1775 3970 adpositis

452 3974 540 4020 ortum
565 3972 684 4032 videtur,
708 3983 788 4036 quem
809 3985 902 4022 verum
923 3985 984 4022 cum
1007 3975 1100 4026 Lamb.
1119 3975 1214 4027 haheo.
1239 4003 1266 4012 —
1290 3978 1437 4037 eulmqoem
1454 3981 1482 4028 G.
1506 4007 1539 4015 -
1560 3981 1584 4029 9.
1604 3979 1698 4042 niquis
1713 3982 1772 4043 Mv,

453 4047 514 4108 Lag.
534 4044 613 4095 ilsoli
632 4047 799 4097 81444444.-
820 4048 859 4097 lll.
878 4061 956 4097 uouos
972 4048 1049 4110 sex
1067 4055 1126 4103 Par.
1140 4051 1163 4102 4.
1176 4053 1200 4103 8.
1214 4053 1243 4114 9;
1258 4065 1305 4114 per
1321 4051 1438 4102 tubicines
1454 4066 1484 4113 v,
1502 4068 1580 4104 nouos
1592 4068 1641 4118 per
1657 4056 1775 4107 tubicines

453 4123 510 4171 Par.
529 4121 554 4171 9.
575 4148 601 4156 -
621 4123 661 4172 44.
677 4122 757 4185 proel.
772 4136 855 4184 prom.
875 4135 928 4173 om.
947 4139 976 4183 χ.
991 4152 1018 4163 -
1034 4127 1136 4188 pellitur
1151 4130 1189 4189 M,
1208 4128 1269 4178 cod.
1287 4127 1392 4189 Lemo,
1411 4131 1469 4179 Par.
1488 4131 1518 4189 9,
1537 4128 1633 4180 Gellius
1650 4131 1708 4192 XX,
1726 4133 1771 4181 20:

451 4197 578 4259 repellitur
594 4198 656 4260 Lag.
674 4198 704 4257 e,
723 4196 827 4247 bellmur
843 4200 878 4258 G,
897 4199 992 4249 tollitur
1008 4203 1066 4263 Ev,
1085 4203 1200 4263 3Perr.,
1218 4201 1275 4253 rell.
1294 4204 1372 4267 Lsgg.
1393 4233 1419 4240 -
1439 4205 1478 4254 lt.
1498 4211 1585 4255 nostro
1601 4220 1626 4256 v.
1640 4234 1673 4243 -
1690 4208 1732 4258 43.
1748 4209 1774 4257 oi

453 4272 549 4335 peritur
564 4283 617 4321 res:
634 4273 761 4334 speruilur
777 4272 854 4322 codd.
874 4272 962 4323 Gellii:
980 4277 1006 4324 oi
1022 4279 1119 4340 peritur
1133 4292 1173 4328 res
1188 4279 1316 4340 repellitur
1333 4294 1360 4338 v,
1382 4280 1479 4329 ciduur
1494 4282 1579 4343 respui
1594 4284 1723 4343 pemuur
1738 4285 1772 4344 M,

451 4348 549 4396 uidetur
565 4348 691 4409 respuitur
706 4349 741 4407 G,
758 4349 856 4398 uidetur·
872 4352 983 4411 resperni
999 4352 1019 4400 E
1029 4354 1048 4401 C
1058 4354 1075 4401 S
1084 4367 1103 4411 χ
1122 4353 1159 4414 lut
1170 4354 1217 4404 EG
1226 4355 1245 4403 C
1255 4354 1321 4414 Sx,
1331 4352 1431 4404 habent
1448 4355 1527 4404 etiam
1544 4354 1666 4420 plerique
1683 4359 1772 4423 lagg..

453 4422 498 4484 qui
516 4434 610 4471 omnes
627 4422 654 4471 h.
673 4418 690 4470 1.
710 4424 825 4487 corrupti
843 4425 923 4485 sunt).
947 4450 973 4459 -
1001 4425 1041 4476 ll.
1059 4427 1183 4476 bonurn
1194 4429 1258 4477 iocel
1278 4442 1331 4478 om.
1351 4431 1379 4478 G.
1406 4456 1433 4465 —
1457 4429 1534 4480 bourie
1553 4436 1576 4480 et
1596 4433 1666 4482 horr.
1690 4448 1718 4493 χ.
1745 4461 1771 4469 -

452 4495 556 4544 lomidu
573 4497 600 4545 L.
620 4522 649 4532 -
668 4497 708 4546 45.
726 4511 831 4548 manum
847 4500 909 4560 GL,
929 4501 989 4564 Lag.
1009 4502 1054 4552 65:
1072 4517 1151 4552 mauu
1167 4504 1260 4563 EMv,
1279 4505 1357 4566 lagg.
1376 4501 1448 4563 rell,
1466 4504 1495 4554 0.
1510 4532 1537 4541 -
1550 4506 1591 4555 sed
1606 4507 1675 4569 serre
1692 4507 1771 4559 codd.

453 4568 574 4620 Tulliani:
592 4572 634 4620 sed
649 4572 730 4635 mopis
744 4572 812 4635 ferro
829 4573 888 4623 cod.
908 4575 1000 4625 Frenc.
1019 4575 1105 4638 solus;
1123 4579 1166 4627 sed
1180 4591 1253 4642 mope
1268 4581 1335 4641 sero
1352 4577 1413 4628 edd.
1432 4581 1493 4642 post
1504 4579 1616 4643 llervng.
1629 4580 1774 4646 pleraeque

454 4659 487 4695 ex
504 4644 600 4705 Gellio,
619 4647 638 4696 0
655 4659 730 4710 mope
745 4648 848 4698 uncinis
865 4647 978 4700 inclusit.
990 4678 1024 4687 —-
1035 4652 1075 4702 46.
1093 4653 1188 4715 Sulpici
1205 4666 1259 4703 om.
1277 4655 1306 4702 G.
1322 4677 1348 4688 -
1363 4653 1404 4703 48.
1422 4652 1469 4716 res]
1487 4666 1530 4702 ars
1545 4655 1600 4716 st,
1618 4657 1677 4706 tort.
1689 4661 1772 4709 recle.

457 4750 483 4758 -
503 4722 543 4771 49.
561 4722 606 4770 lior
622 4721 676 4772 Tv.
697 4748 724 4756 -
743 4736 788 4772 uos
803 4724 891 4772 uestris
907 4726 936 4774 G.
958 4749 985 4760 -
1004 4727 1045 4777 20.
1063 4729 1207 4778 nordumbris
1222 4743 1250 4788 χ.
1271 4756 1297 4764 -
1316 4730 1357 4779 tl.
1375 4729 1488 4778 dumam
1505 4731 1534 4778 G.
1546 4756 1580 4764 —
1595 4729 1636 4779 al.
1653 4731 1710 4796 ln]
1730 4747 1772 4783 ‚m

454 4796 521 4855 mei,
541 4795 598 4845 CT.
620 4823 647 4830 -
668 4797 709 4847 25.
726 4798 824 4861 mutui
841 4800 874 4859 G,
894 4801 1003 4862 flaminii
1019 4802 1251 4854 EMCHSTLv.
1275 4832 1307 4839 —
1328 4803 1392 4865 sciui
1410 4807 1439 4853 G.
1466 4803 1587 4853 -Pauli
1603 4806 1669 4854 mei:
1693 4808 1775 4858 Paulli

454 4870 512 4920 LO.
531 4898 563 4905 -
581 4870 621 4920 26.
639 4871 757 4921 choristis
773 4873 803 4921 G.
821 4899 853 4907 -
874 4873 913 4922 sio
929 4875 966 4924 M:
988 4876 1010 4924 si
1026 4876 1072 4926 Ev
1088 4880 1116 4928 et
1132 4880 1147 4928 5
1165 4880 1244 4936 Oxx.;
1267 4880 1308 4928 scd
1324 4881 1353 4928 G.
1378 4904 1405 4912 —
1429 4879 1470 4928 al.
1488 4879 1646 4942 pretiesimoe
1663 4881 1724 4944 Lag.
1743 4882 1773 4932 43

455 4947 482 4994 et
497 4959 528 5004 χ,
548 4945 612 4994 item
628 4946 656 4994 P.
674 4946 804 4997 Victorius
819 4948 846 4997 in
863 4949 985 5014 exemplo
1003 4951 1046 5002 ed.
1065 4954 1243 5014 Manutianae,
1261 4954 1333 5017 quod
1346 4956 1386 5004 est
1397 4954 1423 5004 in
1434 4954 1593 5006 bibliotheca
1606 4956 1772 5008 Monacensi:

453 5020 617 5082 parmenae
632 5020 711 5073 codd.
722 5020 788 5083 rell,
802 5024 831 5084 L,
844 5023 905 5075 edd.
919 5028 993 5086 velt.;
1011 5027 1164 5078 clerusimce
1180 5029 1249 5079 coni.
1263 5027 1385 5080 Klotzius.
1394 5057 1421 5068 -
1439 5031 1480 5082 28.
1493 5031 1575 5095 Atqui]
1592 5036 1619 5081 ul
1634 5032 1678 5093 qui
1689 5033 1719 5092 G,
1732 5026 1774 5082 dt-

455 5107 502 5155 que
517 5094 639 5158 ECTrp.
658 5123 685 5133 —
709 5098 750 5148 29.
768 5099 807 5147 rel
828 5100 1127 5166 maximum--pessisse
1143 5102 1220 5154 effert
1236 5105 1317 5155 Prisc.
1336 5103 1392 5156 Vol.
1411 5107 1430 5156 l.
1449 5119 1476 5170 p.
1495 5105 1542 5155 623
1556 5106 1611 5163 ΚΓ..
1630 5105 1676 5168 qui
1692 5105 1775 5157 hebet

455 5182 511 5218 cum
526 5182 584 5233 repe
600 5170 725 5221 Autioclso.
750 5198 776 5206 —
798 5175 920 5236 populum
936 5189 990 5226 om.
1009 5178 1038 5227 Ε.
1064 5203 1090 5212 -
1115 5177 1195 5243 ilem]
1219 5192 1250 5228 .r.
1269 5179 1298 5229 E.
1324 5204 1350 5214 -
1375 5180 1416 5230 30.
1439 5182 1609 5243 aequiparato
1629 5180 1773 5244 Madvigius

457 5243 511 5319 top.
521 5244 552 5295 ll.
562 5257 590 5317 p.
601 5244 671 5312 ltu:
689 5247 770 5312 siquo
776 5250 867 5315 pertis
877 5252 913 5311 G3
926 5251 947 5300 si
957 5264 1008 5322 que
1013 5257 1092 5321 perte
1101 5252 1180 5311 codd,
1190 5252 1262 5316 relll
1278 5254 1377 5321 Partito
1385 5256 1413 5317 L,
1423 5256 1666 5322 parrae-luetis
1674 5270 1729 5309 om.
1740 5258 1770 5310 C.
