4367 6109
695 565 763 629 cn.
785 565 838 629 n.
869 563 943 630 oo.
965 564 1173 631 xv-xvn.
1198 560 1256 649 ss.
1277 560 1422 631 31-37.
1653 560 1716 633 337

394 734 557 817 provincia
579 731 686 796 Sicilia
707 735 839 818 pararis,
861 734 947 799 unde
969 735 1113 820 quidque
1134 742 1188 800 ant
1202 737 1312 820 quanti
1327 737 1450 801 emeris.
1484 731 1535 801 36.
1558 737 1644 814 Quid
1659 736 1716 806 litt

395 849 585 916 quamquam
607 849 672 895 non
695 828 849 892 debebam
865 849 924 913 ego
938 831 993 894 abs
1009 838 1040 894 te
1055 831 1112 894 bas
1127 830 1245 895 litteras
1258 851 1407 914 poscere;
1430 852 1480 895 me
1495 833 1578 900 enim
1593 837 1716 901 tabulas

394 929 465 988 tuas
485 926 602 992 babere
624 936 656 990 et
676 924 819 1008 prolerre
841 926 1016 1008 oportebat.
1046 927 1162 989 Verum
1184 943 1280 1008 negas
1302 933 1333 989 te
1353 926 1464 990 honam
1486 947 1639 993 annorum
1660 931 1718 995 ali·

396 1028 474 1102 quot
495 1022 679 1087 coniecisse.
724 1018 884 1102 Compoue
906 1019 982 1093 boc,
1012 1019 1098 1103 quod
1120 1019 1263 1101 postulo,
1292 1016 1331 1081 de
1353 1029 1500 1103 argento:
1534 1024 1573 1087 de
1594 1026 1717 1108 reliquo

394 1113 513 1179 videro.
554 1119 637 1181 «Nec
660 1115 810 1197 scriptum
830 1113 943 1188 babeo,
965 1133 1024 1176 neo
1045 1133 1174 1198 possum
1197 1115 1319 1176 edere.»
1357 1115 1443 1191 Quid
1463 1116 1603 1183 futurum
1624 1122 1742 1204 igiture

397 1213 466 1272 esti
496 1212 572 1295 quid
595 1211 757 1275 existimas
778 1208 837 1271 bos
865 1208 986 1271 iudices
1012 1208 1117 1270 iacere
1140 1211 1256 1291 posset
1298 1210 1418 1273 Domus
1440 1210 1535 1293 plena
1556 1214 1718 1297 signorum

396 1304 681 1385 pulcherrimorum
704 1304 767 1368 iam
788 1311 860 1366 aute
881 1309 1075 1385 praeturam:
1098 1302 1197 1366 multa
1218 1301 1258 1365 ad
1280 1304 1372 1367 villas
1394 1310 1464 1367 tuas
1485 1308 1599 1395 posita,
1621 1310 1720 1373 multa
1826 1323 1828 1330 ’

397 1398 539 1482 deposita
569 1398 654 1482 apud
681 1398 817 1471 amicos,
847 1396 944 1462 multa
974 1396 1044 1459 aliis
1071 1396 1144 1460 data
1165 1405 1260 1479 atque
1283 1397 1415 1462 donata:
1444 1400 1567 1465 tabulae
1598 1405 1718 1468 nullum

396 1491 538 1557 iudicant
559 1500 711 1577 emptum.
745 1491 847 1555 Omne
869 1498 1034 1574 argentum
1050 1491 1188 1554 ablatum
1204 1510 1244 1553 ex
1259 1491 1365 1555 Sicilia
1380 1500 1443 1556 est:
1466 1495 1546 1558 nibil
1561 1499 1719 1582 cuiquam,

396 1587 481 1669 quod
505 1608 595 1652 suum
618 1587 679 1650 dici
700 1585 808 1660 vellet,
829 1586 983 1649 relictum.
1026 1587 1170 1669 Pingitur
1199 1585 1340 1670 improba
1370 1586 1513 1651 defensio
1542 1600 1718 1674 praetorem
1729 1601 1758 1648 44)

396 1700 490 1744 omne
512 1678 544 1744 id
566 1687 732 1763 argentum
754 1680 924 1743 coemisse:
954 1686 1060 1743 tamen
1088 1681 1120 1742 id
1148 1681 1252 1762 ipsum
1282 1680 1398 1743 tabulis
1427 1680 1634 1748 demonstrari
1655 1706 1720 1749 non

396 1782 510 1859 potest.
555 1774 599 1848 Si,
623 1794 702 1858 quas
725 1773 848 1837 tabulas
870 1772 1003 1859 profers,
1024 1776 1057 1837 in
1079 1774 1132 1846 iis,
1156 1793 1237 1858 quae
1258 1773 1367 1849 babes,
1390 1795 1455 1859 quo
1476 1776 1572 1840 modo
1592 1779 1721 1855 babeas,

396 1869 549 1953 scriptum
572 1888 637 1931 nou
660 1875 718 1942 est,
740 1868 853 1931 borum
875 1876 980 1932 autem
1002 1874 1189 1950 temporum,
1215 1886 1286 1930 cum
1309 1874 1340 1931 te
1362 1868 1514 1951 plurimas
1535 1890 1586 1936 res
1608 1875 1721 1937 emisse

396 1964 495 2038 dicis,
524 1962 647 2026 tabulas
670 1963 800 2025 omnino
828 1962 932 2027 nullas
953 1961 1092 2046 profers,
1124 1981 1229 2025 nonne
1251 1968 1282 2024 te
1305 1970 1337 2025 et
1357 1965 1488 2047 prolatis
1510 1973 1543 2029 et
1563 1986 1627 2029 uon
1649 1987 1722 2050 pro-

396 2058 467 2121 latis
490 2054 608 2121 tabulis
631 2058 834 2123 condemnari
857 2077 987 2121 necesse
1010 2058 1081 2119 esti
1124 2055 1223 2117 XVII.
1244 2050 1297 2117 37.
1319 2058 1368 2120 Tu
1382 2076 1402 2119 a
1416 2058 1458 2120 ii.
1474 2059 1592 2136 Caelio,
1614 2063 1721 2144 equite
1730 2072 1759 2118 ts

395 2154 555 2229 Romano,
586 2151 757 2215 lectissimo
786 2152 1004 2225 adolescente,
1034 2168 1116 2235 quae
1138 2148 1284 2225 voluisti,
1313 2151 1455 2235 lilybaei
1484 2154 1658 2218 abstulisti:
1685 2161 1720 2218 tu

396 2245 429 2308 C.
454 2246 594 2322 Cacurii,
617 2247 753 2329 prompti
776 2245 913 2310 bominis
936 2253 968 2309 et
989 2245 1181 2329 experientis
1203 2250 1234 2307 et
1254 2246 1288 2307 iu
1310 2246 1420 2329 primis
1442 2247 1590 2330 gratiosi,
1616 2249 1722 2333 supel-

395 2338 531 2403 lectilem
561 2361 687 2403 omnem
716 2339 840 2404 auferre
869 2361 933 2404 uon
962 2339 1131 2403 dubitasti:
1161 2346 1195 2401 tu
1224 2339 1392 2402 maximam
1420 2347 1453 2404 et
1478 2341 1721 2425 pulcherrimam

395 2452 537 2496 mensam
558 2434 689 2498 citream
718 2434 799 2510 aQ.
822 2436 947 2498 Lutatio
976 2435 1135 2507 Diodoro,
1164 2432 1220 2516 qni
1248 2431 1287 2507 Q.
1310 2432 1413 2496 Catuli
1442 2432 1595 2500 beneficio
1625 2438 1664 2500 ab
1685 2436 1721 2498 L.

396 2527 483 2591 Sulla
505 2528 583 2592 oivis
605 2530 765 2592 Romanus
785 2528 888 2592 lactus
911 2537 975 2606 est,
1007 2528 1154 2591 omuibus
1183 2527 1353 2590 scientibus
1381 2529 1525 2614 Lilybaei
1553 2531 1759 2595 abstulistieo

395 2624 464 2686 Non
487 2624 544 2687 tibi
567 2624 694 2699 obiicio,
719 2622 806 2709 quod
828 2625 989 2688 hominem
1011 2621 1232 2705 dignissimum
1253 2621 1316 2685 tuis
1331 2623 1483 2699 moribus,
1506 2625 1721 2710 Apollonium,

394 2718 522 2782 Niconis
543 2718 655 2794 filium,
676 2721 935 2803 Drepanitanum,
959 2719 1014 2803 qui
1032 2737 1117 2781 nuuc
1131 2716 1168 2777 t.
1185 2713 1314 2779 Clodius
1328 2723 1469 2792 vocatur,
1492 2721 1578 2783 omni
1592 2728 1721 2805 argento

396 2811 514 2895 optime
543 2814 627 2877 iacto
657 2813 801 2897 spoliasti
834 2835 870 2878 ao
900 2812 1105 2897 depeculatus
1127 2831 1179 2874 es:
1213 2817 1314 2874 taceo.
1356 2814 1427 2875 Non
1450 2813 1534 2876 enim
1556 2821 1647 2898 putat
1667 2814 1721 2876 ille

396 3000 545 3084 laqueum
573 3003 725 3066 inserenti
759 3003 948 3077 subvenisti,
985 3022 1058 3065 eum
1089 3000 1221 3084 pupillis
1249 3001 1473 3081 Drepanitanis
1506 3000 1591 3065 bona
1619 3002 1759 3086 patriast

396 3103 505 3179 erepta
526 3117 598 3162 cum
630 3096 686 3160 illo
707 3097 842 3180 partitus
864 3118 908 3160 es.
952 3095 1083 3159 Gaudeo
1113 3095 1224 3169 etiam,
1256 3096 1283 3157 si
1312 3093 1389 3178 quid
1418 3096 1457 3158 ab
1486 3114 1525 3159 eo
1553 3095 1722 3170 abstulisti,

397 3196 429 3253 et
449 3189 506 3253 abs
527 3197 559 3253 te
580 3191 660 3254 nibil
683 3193 800 3255 rectius
821 3191 939 3254 lactum
962 3211 1032 3256 esse
1055 3190 1137 3253 dico.
1181 3188 1229 3250 Ab
1250 3190 1376 3272 Lysone
1406 3209 1482 3253 vero
1503 3189 1721 3274 Lilybaetana,

396 3283 498 3367 primo
520 3284 659 3361 homine,
682 3286 767 3370 apud
791 3305 887 3370 quem
905 3287 1088 3349 deversatus
1105 3304 1150 3358 es,
1171 3282 1328 3365 Apollinis
1344 3283 1470 3367 signum
1483 3283 1623 3348 ablatum
1637 3292 1722 3349 certe

396 3397 461 3441 non
483 3380 634 3463 oportuit.
656 3382 812 3444 -Dices
841 3387 873 3443 te
902 3382 1026 3444 emisse.
1046 3411 1088 3425 -
1111 3376 1201 3440 Soio:
1230 3378 1290 3441 HS
1313 3394 1381 3453 ειυς
1410 3377 1454 3439 ita
1483 3378 1615 3460 opinor:
1642 3379 1721 3454 scio,

395 3472 544 3557 iuquam3
573 3474 733 3558 proferam
760 3476 898 3539 litteras:
926 3483 1033 3538 tamen
1062 3473 1095 3536 id
1123 3472 1240 3536 lactum
1269 3492 1335 3535 non
1357 3472 1509 3556 oportuit.
1552 3473 1760 3558 Apupilloeo

396 3566 496 3643 Heio,
527 3569 578 3631 oui
606 3569 639 3633 C.
662 3569 830 3632 Marcellus
857 3576 944 3632 tutor
966 3575 1030 3642 est,
1061 3587 1167 3652 aquo
1189 3568 1357 3650 pecuniam
1378 3566 1529 3650 grandem
1552 3568 1724 3651 eripueras,

397 3663 525 3745 scaphia
547 3683 621 3727 cum
642 3664 840 3728 emblematis
861 3663 1005 3748 Lilybaei
1033 3669 1138 3726 uuum
1168 3667 1274 3744 empta
1303 3679 1373 3725 esse
1402 3660 1481 3725 dicis
1502 3679 1543 3723 an
1565 3660 1724 3726 confiteris

398 3758 527 3841 ereptai

397 4011 427 4051 sc
443 3999 501 4065 ipsa
518 4000 702 4063 commendat,
721 4001 858 4066 Zumptius
875 4015 929 4052 non
946 3998 1037 4052 babet.
1066 4001 1120 4052 Nos
1137 4001 1236 4065 arpenti
1252 3997 1424 4060 seclusimus,
1443 4001 1569 4065 quonism
1585 4000 1613 4051 b.
1631 3997 1659 4061 1.,
1680 4001 1727 4063 qut

397 4075 424 4126 io
440 4073 550 4127 meliore
568 4074 665 4128 tamilla
683 4079 753 4129 totus
770 4075 917 4137 intercidit,
935 4077 1020 4141 Legit
1037 4075 1146 4141 reliquis
1163 4075 1287 4128 omnibus
1304 4076 1460 4128 auctoritate
1476 4076 1602 4141 praestat.
1631 4072 1727 4127 Similis

400 4151 441 4202 est
457 4149 545 4216 glossa
561 4153 589 4205 in
605 4152 671 4204 dett.
690 4153 798 4205 intrav.
818 4153 857 4204 46.
876 4153 969 4216 iiam]
982 4154 1044 4203 -t.
1063 4152 1265 4216 oeodoueLgtti.
1277 4153 1340 4202 -2.
1359 4148 1682 4216 eponondebebomidem.
1696 4175 1725 4186 -

397 4223 421 4275 3.
440 4225 536 4289 mune
551 4227 631 4279 dett:
658 4228 747 4290 4444444
763 4230 801 4290 44,
823 4227 1292 4292 usqneoe.atct.uaav.op.1.
1311 4239 1336 4292 p.
1354 4227 1412 4278 369.
1433 4253 1461 4264 -
1478 4224 1503 4279 4.
1521 4238 1632 4288 consone
1647 4226 1677 4276 44.
1697 4249 1723 4263 -

399 4302 467 4362 qood
479 4303 578 4366 oestuo
594 4317 648 4356 om.
667 4305 746 4368 4329.
760 4329 788 4341 -
803 4306 829 4355 e.
845 4304 927 4355 videto
943 4303 1023 4356 idem.
1039 4330 1066 4341 -
1080 4306 1105 4356 6.
1123 4305 1248 4355 mimos
1263 4306 1297 4365 14;
1315 4304 1411 4355 atina
1426 4302 1473 4353 Ld.
1488 4326 1516 4339 -
1529 4302 1573 4352 boe
1589 4302 1622 4352 64
1636 4300 1666 4350 i:
1683 4299 1729 4350 boc

397 4376 427 4437 14,
446 4375 508 4437 Ld.;
534 4378 606 4431 besee
628 4378 693 4430 dett.
713 4380 746 4440 03
768 4379 820 4441 bie,
843 4381 860 4430 i.
880 4393 904 4430 e.
928 4392 991 4430 oum
1008 4380 1044 4430 ita
1062 4393 1091 4432 se
1109 4393 1154 4431 res
1172 4378 1279 4439 babeat,
1299 4390 1372 4442 susp.
1390 4375 1476 4428 iialm.
1496 4403 1524 4411 -
1542 4375 1567 4426 4.
1585 4375 1638 4425 mm
1653 4374 1729 4424 eueen

396 4454 454 4501 cote
472 4451 537 4504 dett.
558 4480 586 4491 -
603 4455 690 4505 odium
707 4459 778 4505 tuem
795 4456 827 4505 64
841 4456 867 4506 2.
887 4480 916 4492 -
935 4456 959 4506 8.
978 4456 1047 4518 epod
1063 4469 1115 4506 am.
1132 4456 1214 4505 mutto
1230 4455 1312 4516 depos.
1330 4454 1419 4516 lagg..
1439 4451 1503 4502 dett.
1521 4453 1552 4502 0.
1566 4478 1594 4488 -
1609 4449 1649 4500 42.
1665 4462 1730 4512 pro-

394 4526 459 4589 feres
475 4528 555 4592 igit.
576 4554 604 4566 -
623 4531 650 4578 io
665 4530 703 4580 bie
719 4531 740 4581 44
757 4531 776 4580 0
800 4531 827 4581 et
842 4527 929 4593 vulgo.
950 4556 977 4564 -
996 4543 1061 4593 quoe
1077 4531 1127 4592 443,
1151 4532 1189 4582 C:
1217 4543 1281 4592 oum
1298 4528 1362 4580 dett.
1391 4529 1635 4593 interpunctionem
1652 4527 1730 4577 buius

397 4598 448 4652 looi
465 4606 540 4656 recte
558 4606 690 4657 constituit
707 4606 811 4670 iladvig
833 4606 879 4671 op.
898 4607 918 4656 i.
941 4618 968 4670 p.
988 4605 1043 4657 349.
1062 4633 1090 4643 -
1110 4605 1150 4658 44.
1175 4605 1391 4669 dice--prosere
1411 4604 1462 4655 iss:
1489 4601 1731 4665 dieoe-·proseroe

397 4675 464 4730 deu.
484 4705 512 4717 -
531 4681 571 4732 tti.
596 4682 774 4745 coedenpneet
794 4683 824 4732 14.
844 4707 871 4717 -
891 4680 972 4732 coelio
994 4681 1028 4743 44,
1052 4681 1117 4732 celio
1140 4683 1172 4731 64
1192 4682 1218 4731 2.
1239 4707 1266 4717 -
1286 4681 1326 4731 46.
1349 4680 1504 4730 mutemus
1522 4679 1553 4729 44.
1574 4704 1601 4714 —-
1619 4674 1730 4736 Lilybaei

396 4751 445 4802 113:
471 4764 535 4804 coeo
556 4760 677 4822 eramo
703 4755 814 4818 tiniae
836 4755 900 4806 dett.
923 4755 998 4806 0.-
1022 4761 1049 4805 tc
1069 4769 1095 4806 o.
1118 4768 1140 4806 o.
1162 4755 1260 4806 demeti
1280 4753 1327 4804 Ld.
1356 4755 1390 4817 (P.
1408 4767 1459 4819 pro
1482 4753 1509 4805 C.
1529 4753 1612 4814 begs}
1639 4748 1731 4800 &aet

397 4826 485 4891 Leti.)
505 4856 533 4867 -
553 4829 594 4881 l't.
609 4831 790 4894 promptissimi
806 4830 872 4881 dett.
891 4832 921 4881 0.
937 4856 964 4867 -
983 4830 1023 4881 49.
1041 4843 1153 4881 manaen
1173 4831 1304 4880 4444444446
1320 4830 1399 4894 Lagss.
1417 4831 1525 4894 praeter
1541 4827 1582 4877 29.
1603 4851 1631 4861 -
1651 4822 1683 4873 ab
1699 4823 1729 4874 L.

298 4888 303 4902 '
396 4896 1728 4969 n,cee‚cgao:er.reu.o.-aoaanomuoesamoe-saumsirmio,

399 4973 456 5027 ci.
471 5004 500 5013 —
512 4979 553 5032 24.
569 4981 631 5047 tom]
650 4987 703 5033 taen
713 4983 743 5044 14,
762 4983 794 5032 64
809 4983 835 5032 2.
849 5007 877 5017 -
891 4982 932 5032 26.
951 4980 984 5030 ab
994 4993 1022 5030 eo
1038 4980 1068 5041 14,
1086 4982 1119 5031 64
1134 4982 1160 5044 2,
1178 4981 1256 5045 igis.
1276 4979 1381 5042 Quintil.
1399 4980 1441 5032 lx.
1454 4982 1480 5043 2,
1499 4980 1544 5029 624
1564 4976 1596 5029 ab
1612 4976 1655 5026 tito
1671 4971 1729 5025 rell.

401 5050 431 5100 0.
453 5077 479 5091 ·-
499 5053 540 5106 21.
559 5055 667 5120 obbee.
685 5058 720 5109 lt:
739 5057 830 5120 ebus.
848 5054 905 5107 rell.
924 5057 996 5107 0.-
1015 5055 1188 5119 4444464414.
1205 5057 1286 5108 -28,
1305 5057 1500 5120 beedmot-im
1517 5051 1731 5104 ce-eeueen

398 5130 464 5178 certe
479 5128 509 5191 44,
528 5130 574 5194 64,
593 5132 675 5197 ngas:
694 5131 744 5185 obt.
761 5145 812 5184 esse
826 5137 892 5184 certe
908 5133 954 5196 62,
972 5131 1034 5193 1.(1.;
1058 5131 1108 5183 abl.
1126 5137 1191 5184 certe
1207 5146 1258 5184 esee
1274 5133 1339 5185 dett.
1359 5161 1387 5172 -
1406 5133 1447 5185 29.
1466 5131 1532 5182 dices
1546 5129 1598 5181 113:
1623 5131 1651 5178 et
1666 5126 1732 5177 dicer

400 5208 464 5262 reti.
483 5212 517 5264 o.
536 5239 565 5252 -
583 5217 668 5268 aneu
684 5222 708 5268 e
723 5217 803 5282 uage.
823 5242 851 5254 -
867 5216 918 5269 ns.
930 5234 956 5266 ω
973 5218 1009 5279 n;
1035 5217 1085 5268 ns.
1100 5201 1133 5268 i.
1151 5217 1230 5282 ngas.
1249 5243 1279 5256 -
1297 5217 1339 5269 ao.
1352 5214 1384 5283 ἀ]
1407 5221 1435 5268 ae
1450 5215 1530 5280 mas.
1550 5240 1579 5252 -
1593 5226 1656 5277 ρῳ.
1677 5209 1731 5263 neo

397 5285 427 5337 44.
443 5312 471 5322 -
484 5285 525 5339 34.
544 5289 572 5342 0.
590 5289 627 5343 443
645 5289 703 5359 (sed
717 5291 740 5347 14
756 5291 815 5358 Gt:
833 5303 887 5345 om.
905 5304 1070 5359 praenomen
1081 5290 1146 5345 dett.
1165 5292 1204 5345 ct.
1216 5291 1304 5347 itadn
1315 5305 1343 5359 p.
1356 5293 1397 5344 oe.
1413 5317 1441 5329 -
1454 5290 1496 5343 32.
1508 5300 1625 5343 mom.
1638 5287 1684 5338 Gt.
