4367 6109
754 601 828 664 cs».
851 600 1034 664 vsu-rx.
1062 597 1119 682 §t-
1141 595 1289 664 re-sr.
1628 596 1691 662 :aa

454 764 503 829 l8.
528 768 756 843 «Quaesturam
779 790 840 831 una
864 771 969 852 petiit,
993 778 1024 832 et
1046 790 1115 833 sum
1139 788 1197 851 ego
1219 769 1320 832 factus
1342 771 1458 851 prior.»
1493 771 1563 833 Non
1578 777 1626 833 est
1642 791 1691 832 re-

368 862 587 945 spondendum
610 863 648 924 ad
664 864 777 925 omnia.
812 867 921 947 Neque
937 864 1019 926 enim
1035 872 1173 925 vestrum
1188 882 1379 946 quemquam
1397 862 1493 945 fugit,
1515 883 1586 926 cum
1602 862 1692 925 multi

366 973 459 1037 pares
488 954 638 1036 dignitate
665 956 758 1029 liant,
790 976 872 1019 unns
900 965 1004 1020 antem
1034 958 1170 1039 primum
1200 958 1286 1021 solus
1316 956 1414 1038 possit
1435 957 1594 1031 obtinere,
1627 976 1691 1019 non

367 1046 503 1111 eundem
525 1068 595 1111 esse
619 1048 761 1111 ordinem
785 1050 946 1132 dignitatis
963 1059 993 1112 et
1014 1050 1272 1122 renuntiationis,
1295 1056 1461 1131 propterea
1476 1050 1562 1133 quod
1576 1070 1693 1112 renun-

367 1140 456 1205 tiatio
478 1141 594 1223 gradus
616 1142 745 1216 babeat,
776 1145 910 1226 dignitas
941 1151 1045 1204 autem
1068 1144 1109 1205 sit
1130 1164 1282 1225 persaepe
1305 1143 1415 1205 eadem
1437 1144 1585 1206 omnium.
1629 1141 1715 1204 Sedti

367 1242 537 1318 quaestura
558 1236 723 1319 utriusque
747 1257 843 1320 prope
866 1237 991 1298 modum
1013 1237 1081 1318 pari
1104 1246 1263 1299 momento
1284 1238 1379 1300 sortis
1400 1236 1470 1300 fuit
1503 1236 1620 1299 Habuit
1640 1236 1691 1298 bie

367 1326 436 1409 lege
458 1327 542 1390 Titia
563 1329 757 1410 provinciam
782 1330 905 1391 tacitam
928 1338 959 1391 et
974 1330 1130 1411 quietam:
1154 1339 1187 1393 tu
1204 1331 1307 1404 illam,
1330 1332 1396 1406 cui,
1422 1351 1492 1393 cum
1509 1338 1692 1414 quaestores

366 1422 555 1495 sortiuntur,
578 1423 672 1484 etiam
689 1422 857 1485 adclamari
873 1421 969 1495 solet,
992 1423 1189 1495 Ostiensem,
1212 1442 1275 1486 nou
1297 1432 1361 1486 tam
1383 1424 1549 1507 gratiosam
1567 1430 1599 1486 et
1619 1421 1691 1483 illu-

366 1522 460 1577 strem
484 1535 579 1597 quam
603 1517 796 1597 negotiosam
820 1524 852 1577 et
873 1517 1046 1578 molestam.
1070 1515 1222 1578 Consedit
1236 1518 1402 1600 utriusque
1416 1536 1531 1579 nomen
1547 1516 1580 1577 in
1597 1533 1692 1597 quae-

366 1613 470 1682 stura:
499 1608 621 1670 nullum
652 1609 735 1670 enim
759 1609 848 1670 vobis
871 1629 939 1671 sors
961 1629 1104 1690 campum
1128 1609 1232 1681 dedit,
1262 1611 1294 1671 in
1317 1630 1381 1692 quo
1404 1629 1570 1672 excurrere
1592 1608 1691 1670 virtus
1702 1619 1729 1661 ⁴0

365 1703 582 1784 cognoscique
611 1710 727 1782 posset.
773 1697 822 1762 19.
844 1702 969 1785 Reliqui
996 1703 1147 1784 temporis
1169 1702 1306 1783 spatium
1328 1703 1361 1763 in
1384 1705 1615 1766 contentionem
1637 1722 1691 1764 vo·

367 1803 474 1856 catur:
507 1794 546 1856 ab
574 1803 711 1878 utroque
742 1795 951 1858 dissimillima
982 1795 1105 1857 ratione
1127 1802 1290 1857 tractatum
1313 1804 1370 1856 est.
1414 1797 1469 1858 1x.
1492 1795 1619 1857 Servius
1640 1794 1691 1856 bic

366 1888 531 1951 nobiscum
552 1888 633 1951 bano
656 1889 807 1950 urbanam
829 1889 971 1951 militiam
993 1886 1225 1969 respondendi,
1255 1887 1431 1961 scribendi,
1454 1889 1603 1962 cavendi,
1625 1888 1692 1970 ple-

366 1999 439 2043 nam
462 1980 686 2043 sollicitudinis
708 2001 743 2043 ac
765 1982 937 2055 stomachi,
969 1988 1096 2044 secutus
1118 1990 1181 2042 est:
1211 1979 1261 2042 ius
1290 1980 1383 2042 civile
1405 1980 1530 2045 didicit:
1560 1981 1690 2043 multum

366 2073 508 2155 vigilavit
540 2074 708 2137 laboravit:
739 2085 865 2157 praesto
894 2075 999 2136 multis
1028 2071 1105 2134 luit:
1137 2072 1308 2135 multorum
1336 2073 1501 2137 stultitiam
1523 2085 1729 2156 perpessusrs

366 2173 431 2241 eat,
454 2168 664 2248 arrogantiam
686 2168 829 2250 pertulit,
853 2163 1068 2229 difficultatem
1090 2167 1273 2229 exsorbuit:
1295 2167 1375 2228 vixit
1396 2166 1434 2229 ad
1457 2166 1593 2230 aliomm
1611 2165 1692 2228 arbi·

366 2261 476 2333 trium,
506 2280 569 2323 non
602 2261 640 2322 ad
672 2281 774 2322 suum.
819 2263 931 2342 lllagna
959 2261 1028 2322 laus
1051 2268 1082 2321 et
1104 2268 1191 2342 grata
1212 2259 1392 2322 bominibus
1414 2279 1512 2322 unum
1533 2260 1692 2322 bominem

367 2354 530 2416 elabomre
552 2354 585 2414 in
609 2373 646 2416 ea
668 2355 814 2427 scientia,
836 2373 918 2436 qnae
941 2354 984 2415 sit
997 2354 1104 2415 multis
1118 2353 1292 2436 protutura.
1327 2349 1378 2415 20.
1394 2352 1480 2429 Quid
1499 2355 1631 2417 Murena
1645 2355 1694 2415 in·

365 2449 474 2508 terea?
506 2446 688 2509 Fortissimo
720 2453 752 2509 et
774 2447 1009 2528 sapientissimo
1031 2447 1114 2521 viro,
1145 2465 1268 2510 summo
1290 2447 1489 2529 imperatori,
1514 2448 1636 2530 legatus
1657 2449 1692 2508 L.

367 2539 500 2602 Lucullo
522 2539 602 2602 fuit:
633 2540 751 2622 quain
775 2541 932 2622 legatione
954 2540 1046 2602 duxit
1067 2542 1257 2615 exercitum,
1280 2541 1369 2622 signa
1392 2541 1541 2614 contulit,
1564 2552 1730 2603 mauumao

367 2633 546 2706 conseruit,
576 2653 705 2715 magnas
727 2635 836 2716 copias
857 2633 997 2696 bostium
1018 2632 1115 2708 ludit,
1145 2635 1240 2697 nrbes
1262 2634 1374 2718 partim
1398 2635 1446 2707 vi,
1473 2634 1586 2717 partim
1609 2633 1692 2695 obsi-

368 2724 465 2789 dione
487 2727 587 2808 oepit,
609 2727 715 2789 Asiam
738 2729 829 2790 istam
853 2726 999 2789 refertam
1022 2735 1053 2787 et
1075 2730 1208 2791 eandem
1231 2727 1396 2790 delicatam
1418 2727 1580 2800 sicobiit,
1604 2736 1638 2790 ut
1660 2728 1692 2788 in

368 2839 407 2882 oa
427 2839 533 2903 neque
555 2822 704 2884 avaritiae
727 2841 831 2904 neque
853 2821 997 2882 luxuriae
1015 2822 1182 2903 vestigium
1204 2820 1387 2904 reliquerit:
1411 2821 1548 2883 maximo
1562 2821 1595 2882 in
1609 2819 1693 2880 bello

368 2915 415 2976 sie
444 2922 492 2976 est
520 2922 679 2988 versatus,
704 2923 738 2976 ut
760 2914 811 2977 hic
834 2914 948 2976 multas
971 2933 1021 2974 res
1044 2923 1075 2974 ot
1097 2934 1226 2997 magnas
1248 2917 1316 2977 sine
1342 2915 1530 2995 imperatore
1551 2913 1694 2994 gesserit,

368 3007 486 3070 nullam
510 3009 579 3071 sine
601 3009 662 3070 hoc
684 3008 863 3091 imperator.
885 3009 990 3090 Atque
1004 3006 1099 3081 haec,
1124 3027 1314 3091 quamquam
1330 3013 1496 3089 praesente
1510 3007 1544 3067 L.
1561 3004 1731 3068 Lucullosa

368 3101 498 3183 loquor,
521 3109 642 3175 minen,
664 3122 705 3163 ne
728 3102 767 3163 ab
790 3104 858 3185 ipso
880 3110 1007 3185 propter
1028 3101 1202 3184 periculum
1225 3109 1365 3163 nostmm
1388 3118 1570 3162 concessam
1588 3098 1719 3160 videa-'

368 3213 440 3256 mur
459 3194 576 3258 babere
598 3195 756 3258 licentiam
779 3192 935 3277 fingendi,
957 3195 1093 3276 publicis
1116 3195 1226 3258 litteris
1247 3203 1360 3256 testata
1383 3200 1457 3256 sunt
1478 3193 1600 3264 omnia;
1623 3192 1694 3273 qui-

367 3287 428 3351 bua
450 3289 485 3351 L.
500 3288 651 3351 Lucullus
673 3297 794 3351 tantum
816 3290 885 3351 baio
908 3287 1010 3349 laudis
1032 3289 1191 3369 impertit,
1214 3294 1366 3370 quantum
1388 3283 1694 3370 nequeambitiosns

368 3382 538 3466 imperator
558 3402 662 3466 neque
693 3383 818 3446 invidus
842 3383 980 3445 tribuere
1002 3381 1092 3444 alteri
1116 3381 1147 3441 in
1171 3378 1432 3442 communicanda
1454 3378 1555 3461 gloria
1576 3376 1693 3439 debuit

368 3469 420 3537 24.
443 3477 571 3538 Summa
592 3476 625 3538 in
648 3485 783 3560 utroque
799 3485 848 3538 est
868 3476 1033 3549 honestas,
1056 3494 1178 3537 summa
1194 3474 1347 3556 dignitas:
1369 3492 1466 3555 quam
1481 3492 1554 3555 ego,
1578 3472 1603 3533 si
1619 3469 1731 3532 mibiso

366 3588 425 3651 per
447 3569 591 3632 Servium
613 3570 720 3644 liceat,
748 3572 815 3652 pari
838 3577 932 3652 atque
956 3570 987 3630 in
1012 3567 1121 3630 eadem
1145 3566 1238 3629 laude
1261 3586 1387 3650 ponam.
1432 3565 1493 3627 Sed
1516 3564 1694 3627 nonlicet:

368 3663 466 3746 agitat
492 3683 560 3727 rem
588 3664 771 3736 militarem,
803 3665 975 3725 insectatur
997 3670 1092 3724 totam
1117 3661 1198 3723 banc
1220 3661 1426 3742 legationem,
1447 3658 1642 3720 assiduitatis
1664 3666 1695 3716 et

368 3775 533 3838 operarum
564 3758 675 3821 barum
699 3757 955 3840 quotidianarum
980 3763 1072 3838 putat
1093 3774 1164 3819 esse
1186 3754 1394 3818 consulatum.
1442 3753 1551 3837 «Apud
1573 3751 1696 3813 exerci-

432 4093 457 4142 3.
474 4096 585 4142 vestm
599 4103 749 4153 qumquam
765 4091 833 4140 mel:
861 4104 1010 4153 quemquam
1031 4094 1141 4140 vestm
1158 4087 1214 4154 llo.
1236 4115 1263 4125 -·
1286 4088 1310 4137 3.
1325 4099 1403 4150 porea
1418 4087 1514 4138 Gldv:
1539 4086 1599 4148 poet
1617 4085 1694 4134 ΕΗΒ

368 4173 432 4231 zap.
453 4193 480 4204 -
497 4168 562 4231 aaut
578 4178 632 4216 om.
651 4168 679 4216 G.
704 4193 729 4203 ··
745 4166 843 4227 mmo:
859 4167 920 4225 TL;
937 4168 1049 4230 pslmren
1065 4167 1147 4215 ὶοαιηι
1163 4164 1362 4215 Mommsenius.
1377 4189 1404 4200 -
1420 4166 1503 4225 posset
1518 4160 1578 4220 Ev,
1596 4161 1612 4208 44
1629 4161 1692 4208 (lxx.

369 4266 397 4278 -
415 4243 475 4305 sos]
491 4243 518 4292 le
535 4244 565 4292 G.
586 4269 613 4280 -
632 4243 657 4291 14.
675 4242 706 4290 stt
722 4253 775 4290 om.
795 4244 829 4301 G,
848 4241 931 4303 babet,
951 4244 1018 4306 algu.
1038 4247 1122 4292 umen
1135 4253 1202 4303 perr.
1220 4238 1305 4288 eadem
1322 4252 1345 4287 o.
1364 4239 1403 4287 stt.
1423 4238 1565 4299 Quaestum
1582 4234 1695 4286 blemm-

368 4318 515 4370 444414.-
539 4316 692 4368 omuibusv.
717 4343 743 4352 —
767 4318 790 4364 tt.
809 4318 1115 4380 monentuGetblpr.
1139 4341 1162 4350 -
1192 4315 1216 4363 7.
1235 4314 1295 4362 ticio
1311 4315 1341 4360 G.
1364 4337 1391 4348 -
1418 4311 1443 4362 8.
1462 4310 1599 4361 deolooum'
1616 4309 1645 4356 G.
1667 4334 1692 4343 ·-

368 4393 409 4445 tt.
427 4394 530 4443 mem
546 4394 584 4452 bl,
609 4392 693 4442 muti
714 4399 778 4453 χψ.
800 4419 826 4426 -
852 4391 892 4439 14.
911 4393 1015 4454 tempori
1032 4395 1061 4441 G.
1083 4419 1110 4426 -
1134 4391 1243 4452 :pultum
1259 4389 1325 4450 quod
1341 4387 1368 4436 le
1387 4387 1420 4437 bl.
1441 4413 1469 4421 -
1489 4386 1643 4436 centurione
1659 4384 1694 4433 G:

367 4467 506 4518 meconem
521 4467 578 4518 llS.
597 4492 625 4502 -
646 4467 685 4515 tt.
703 4467 818 4528 utroque]
835 4467 918 4515 cortem
936 4469 964 4516 G.
986 4493 1012 4501 —
1032 4468 1174 4515 audactam
1191 4469 1225 4515 eat
1242 4476 1316 4526 susp.
1335 4461 1468 4512 blattblae.
1488 4488 1516 4496 -
1535 4459 1575 4509 43.
1593 4457 1697 4506 coemi

368 4543 398 4592 G.
417 4567 447 4579 -
465 4539 506 4591 ll.
524 4545 548 4591 et
562 4545 633 4590 stom.
653 4541 710 4590 EG.
726 4568 752 4576 —
772 4542 812 4590 45.
830 4541 878 4603 salt
893 4542 978 4591 inulttr
996 4541 1060 4602 Εψ.
1077 4567 1104 4578 -
1125 4541 1164 4589 46.
1184 4544 1218 4588 est
1235 4551 1288 4587 om.
1308 4539 1338 4586 G.
1353 4564 1380 4573 -
1399 4535 1578 4599 adrogantiam
1594 4533 1652 4581 llG.
1666 4556 1692 4565 -

367 4615 483 4668 :corbuil
498 4617 560 4666 mei.
581 4642 607 4650 -
633 4617 672 4665 47.
690 4616 776 4678 prolia
793 4630 821 4674 χ.
843 4642 868 4653 -
898 4617 938 4666 re,
955 4618 1014 4680 sort.
1032 4618 1088 4665 utro
1105 4621 1128 4665 et
1144 4628 1198 4676 sap.
1217 4626 1248 4668 vt
1272 4617 1295 4661 et
1311 4613 1417 4674 sapient.
1436 4624 1489 4661 om.
1508 4611 1537 4660 E.
1558 4635 1584 4644 -
1603 4619 1699 4656 mmo

368 4702 422 4741 om.
441 4691 461 4742 ll
479 4692 506 4741 et
522 4690 538 4742 l
554 4692 618 4740 Orx.
638 4716 665 4725 -
685 4692 726 4740 14.
744 4691 849 4740 bostium
865 4693 951 4753 coplas
967 4692 995 4740 E.
1017 4718 1044 4726 -
1061 4691 1144 4752 suadit
1161 4692 1190 4738 G.
1213 4716 1238 4724 -
1258 4688 1300 4736 34.
1318 4688 1382 4750 cepit
1399 4699 1452 4736 om.
1471 4687 1501 4734 G.
1521 4709 1548 4718 -
1566 4682 1699 4744 reserem

369 4765 546 4828 (33:¹01)an
563 4767 678 4824 Gblxv.
699 4793 727 4802 -
746 4766 795 4816 oblt
812 4769 841 4815 G.
857 4793 883 4802 —
903 4767 945 4816 25.
963 4779 1110 4828 quanquam
1126 4766 1160 4817 bl.
1183 4790 1209 4798 -
1229 4763 1270 4812 36.
1289 4762 1379 4824 loquor
1395 4762 1433 4821 bl,
1452 4762 1481 4808 ut
1497 4759 1558 4809 Em.
1573 4757 1698 4806 coniecit:

368 4838 459 4905 loquor
476 4839 554 4890 codd.
572 4837 629 4890 rell.
648 4841 703 4890 noti
721 4843 748 4889 et
765 4841 793 4890 0.
823 4840 862 4890 Cl.
881 4839 1056 4902 Wesenberg.
1074 4839 1178 4890 ameno.
1199 4838 1295 4887 meur,
1314 4839 1334 4887 l.
1354 4851 1380 4901 p.
1399 4837 1439 4886 44).
1464 4833 1535 4884 Bake
1551 4831 1585 4881 ad
1603 4831 1652 4881 Cio.
1671 4831 1701 4879 de

368 4915 444 4980 legg.
461 4929 488 4981 p.
501 4916 558 4966 406.
577 4916 665 4978 lteislg
685 4917 776 4966 l'ortes.
795 4917 856 4966 atter
871 4917 915 4966 tot.
929 4916 1058 4978 Spraolen
1077 4927 1105 4978 p.
1117 4914 1174 4964 4448.
1189 4939 1215 4948 -
1233 4917 1401 4975 proptarom.
1415 4912 1444 4958 G.
1460 4935 1485 4944 -
1506 4908 1548 4958 27.
1566 4907 1676 4956 44444444-
1687 4931 1700 4940 -

293 5043 299 5057 ,
369 4994 490 5051 qucum
505 5001 559 5039 om.
578 4990 607 5038 G.
623 5015 650 5025 —
668 4991 709 5040 28.
728 4991 796 5053 bute,
816 4990 887 5054 qnod
906 4989 984 5040 codd.
998 4989 1137 5048 omlttunt,
1155 5000 1188 5037 er
1205 4988 1274 5038 conl.
1293 4986 1383 5037 addidi
1399 4985 1544 5049 praeeunte
1562 4979 1699 5038 lambino,

369 5063 414 5127 qul
430 5069 529 5114 meon
540 5065 661 5114 Matrem
676 5064 758 5114 laudis
774 5066 933 5129 scripserat:
951 5070 1049 5114 mutum
1065 5064 1088 5113 et
1105 5063 1188 5113 laud:
1203 5061 1317 5113 Klotaius
1334 5062 1359 5111 2.
1374 5087 1401 5097 -
1420 5057 1536 5120 reperto
1551 5053 1700 5110 ECHSv3

367 5139 488 5202 mult
505 5139 607 5189 Ernesti
623 5137 804 5202 probabiliter.
825 5165 852 5176 -
872 5139 912 5190 34.
928 5141 988 5202 pars·
1005 5151 1056 5189 om.
1071 5141 1107 5198 G:
1127 5139 1200 5188 deest
1217 5137 1338 5197 sequela
1355 5135 1441 5186 aaron
1457 5129 1659 5183 uommsenine.
1672 5152 1697 5161 -

368 5214 396 5263 tu
412 5215 499 5264 adero
513 5215 581 5276 mei,
600 5213 753 5264 eddrettt
772 5215 894 5265 emente
912 5214 969 5264 l.0.
982 5240 1009 5249 -
1026 5226 1120 5275 ponere
1135 5227 1163 5272 χ.
1186 5238 1212 5248 -
1231 5212 1272 5262 34.
1290 5208 1464 5260 eumd.
1477 5231 1504 5243 -
1523 5201 1652 5255 samad
1671 5202 1701 5250 G.

372 5311 400 5324 -
419 5288 488 5350 apud
503 5288 782 5342 saeua-contonam
798 5288 880 5341 babet
897 5287 1001 5349 Qumttl.
1019 5287 1051 5337 V.
1069 5287 1118 5349 43,
1137 5286 1179 5337 27.
