4367 6109
835 609 908 676 cn.
930 610 1096 677 vr-vn.
1123 607 1180 695 sq.
1202 605 1352 675 44-44.
1693 608 1756 674 sss

437 780 477 846 ad
498 779 653 855 tabulam,
674 779 789 844 licetur
808 781 977 857 Aebutius3
1000 782 1199 847 deterrentur
1221 789 1378 865 emptores
1393 780 1498 859 multi,
1520 781 1635 867 partim
1656 782 1756 865 gratia

438 875 646 950 Caesenniae,
674 875 788 958 partim
811 877 904 939 etiam
925 878 1039 956 pretio.
1079 876 1208 939 Fundus
1230 875 1387 940 addicitur
1408 878 1562 950 Aebuti03
1588 877 1755 959 pecuniam

436 967 613 1052 argentario
641 968 798 1051 promittit
824 967 992 1033 Aebutius:
1023 990 1086 1054 quo
1116 969 1297 1034 testimonio
1325 991 1408 1032 nunc
1430 972 1479 1033 vir
1500 973 1636 1054 optimus
1657 971 1757 1034 utitur

435 1058 658 1146 sini'emptum
678 1081 767 1137 esse,
796 1063 885 1146 quasi
915 1083 990 1126 reru
1018 1071 1073 1126 aut
1103 1082 1161 1124 nos
1183 1065 1213 1126 ei
1236 1083 1387 1144 negemus
1409 1062 1585 1138 addictum,
1614 1072 1668 1126 aut
1689 1070 1756 1126 tum
1892 1144 1894 1149 Ι

435 1159 600 1242 quisquam
621 1154 732 1230 inerit,
755 1157 810 1239 qui
832 1157 1004 1230 dubitaret,
1028 1159 1105 1240 quin
1128 1165 1285 1220 erneretur
1306 1157 1513 1231 Caesenniam
1541 1178 1612 1219 cum
1633 1157 1667 1219 id
1688 1157 1780 1238 ple-t

434 1253 526 1335 rique
547 1252 679 1324 scirent,
702 1270 811 1313 omnes
832 1248 898 1312 iere
921 1248 1101 1323 audissent,
1122 1251 1175 1330 qui
1188 1269 1248 1312 non
1261 1250 1409 1323 audisset,
1434 1251 1460 1311 is
1476 1251 1658 1313 coniectura
1671 1269 1756 1313 asse-

434 1344 490 1428 qui
511 1351 636 1427 posset,
667 1365 737 1407 cum
765 1345 901 1428 pecunia
923 1345 1115 1408 Caesenniae
1138 1364 1179 1407 ex
1200 1345 1255 1406 illa
1277 1343 1452 1406 hereditate
1475 1344 1657 1418 deberetur,
1687 1363 1756 1406 eam

433 1458 528 1523 porro
549 1438 582 1500 in
598 1437 736 1521 praediis
752 1439 901 1501 collocari
917 1440 1052 1502 maxime
1068 1438 1248 1520 expediret,
1272 1446 1378 1500 essent
1391 1446 1497 1501 autern
1511 1437 1651 1519 praedia,
1673 1457 1755 1520 quae

434 1531 559 1595 mulieri
582 1532 718 1594 maximo
740 1534 961 1607 convenirent,
985 1552 1023 1594 ea
1043 1531 1204 1605 venirent,
1227 1530 1374 1594 liceretur
1388 1531 1432 1604 is,
1455 1551 1548 1613 quem
1565 1531 1756 1594 Caesenniae

435 1627 509 1690 dare
532 1646 659 1710 operam
682 1646 775 1689 nemo
797 1626 978 1701 miraretur,
1002 1627 1062 1691 sibi
1085 1646 1188 1689 emere
1204 1646 1297 1689 nemo
1311 1632 1421 1708 posset
1434 1625 1598 1707 suspicari.
1624 1619 1675 1685 47.
1690 1625 1794 1692 llacto

435 1720 594 1803 emptione
614 1717 698 1781 facta
718 1719 852 1802 pecunia
874 1720 1007 1782 solvitur
1027 1739 1046 1782 a
1069 1720 1260 1783 Caesennia:
1289 1721 1379 1783 cuius
1400 1720 1447 1782 rei
1469 1726 1559 1803 putat
1581 1721 1640 1782 iste
1661 1718 1757 1781 ratio-

434 1835 507 1878 nem
528 1813 619 1877 reddi
640 1833 704 1876 non
726 1833 839 1896 posse,
861 1815 947 1897 quod
970 1816 1038 1897 ipse
1061 1814 1184 1877 tabulas
1207 1814 1370 1877 averterit:
1393 1833 1427 1876 se
1448 1821 1552 1875 autem
1573 1811 1690 1874 habere
1707 1831 1757 1873 ar-

434 1907 567 1991 gentarii
589 1907 728 1981 tabulas,
750 1908 783 1970 in
806 1907 922 1991 quibus
946 1908 1005 1971 sibi
1029 1928 1170 1991 expensa
1190 1909 1327 1991 pecunia
1349 1907 1410 1970 lata
1432 1907 1473 1969 sit
1494 1912 1687 1989 acceptaque
1707 1924 1758 1968 re·

434 2003 513 2065 lata:
534 2004 627 2084 qnasi
649 2002 681 2063 id
704 2002 795 2064 aliter
816 2000 883 2065 fieri
906 2003 1087 2086 oportuerit
1122 2002 1200 2064 Cum
1222 2003 1327 2066 omnia
1349 2002 1391 2064 iia
1413 2001 1494 2064 iacta
1516 2006 1639 2072 essent,
1661 2018 1757 2082 quem

433 2097 474 2160 ad
497 2096 624 2159 modum
646 2117 705 2160 nos
726 2096 941 2172 defendimus,
973 2097 1147 2160 Caesennia
1166 2095 1299 2159 fundum
1320 2094 1463 2179 possedit
1484 2093 1679 2175 locavitque,
1701 2112 1794 2162 ine-is

433 2210 496 2274 que
524 2190 568 2252 ita
597 2190 694 2253 multo
722 2197 794 2273 post
823 2193 859 2252 A.
883 2191 1034 2254 Caecinae
1064 2192 1181 2273 nupsit.
1217 2190 1310 2252 Utin
1332 2189 1630 2272 paucaconieram,
1662 2193 1758 2250 testa·

433 2290 540 2347 mento
561 2282 644 2347 lacto
666 2285 780 2348 mulier
801 2284 950 2347 moritur:
972 2284 1047 2349 lacit
1067 2284 1218 2348 heredem
1239 2303 1281 2346 ex
1302 2282 1424 2346 deunce
1446 2292 1477 2347 et
1498 2283 1659 2346 semuncia
1679 2280 1757 2344 Cae·

433 2378 552 2450 cinam,
576 2396 617 2440 ex
638 2377 760 2441 duabus
783 2378 915 2441 sextulis
929 2380 971 2441 Μ.
986 2380 1163 2442 Fulcinium
1178 2377 1323 2441 libertum
1339 2377 1509 2461 superioris
1524 2378 1600 2451 viri3
1622 2375 1756 2441 Aebutio

432 2470 588 2544 sextulam
616 2469 786 2553 adspergit.
829 2471 918 2533 Hanc
939 2473 1095 2536 sextulam
1117 2472 1172 2535 illa
1193 2471 1368 2535 mercedem
1390 2473 1442 2534 isti
1464 2491 1535 2534 essa
1556 2471 1658 2534 voluit
1677 2468 1756 2533 assi·

432 2564 561 2628 duitatis
584 2571 616 2627 et
638 2565 819 2639 molestiae,
842 2570 868 2629 si
892 2585 986 2649 quam
1008 2574 1145 2649 ceperat.
1171 2565 1234 2628 Ista
1256 2574 1360 2629 antem
1382 2565 1442 2628 bac
1457 2565 1581 2628 sextula
1596 2585 1630 2628 se
1646 2582 1793 2631 ansamst

431 2658 568 2722 retinere
592 2660 730 2722 omnium
754 2660 1035 2723 contmversiarum
1057 2667 1157 2743 putat.

515 2753 582 2816 Vll.
606 2748 656 2815 48.
680 2754 745 2816 lam
774 2754 930 2838 principio
959 2773 1054 2816 ausus
1085 2761 1134 2817 est
1161 2755 1280 2828 dicere,
1308 2774 1372 2817 non
1394 2774 1490 2837 posse
1511 2752 1662 2816 heredem
1685 2770 1755 2816 esse

415 2847 625 2910 *Caesenniae
654 2847 835 2922 Caecinam,
867 2849 952 2931 quod
981 2847 1008 2910 is
1038 2847 1192 2912 deteriore
1222 2851 1289 2913 iure
1317 2856 1401 2912 esset
1430 2869 1526 2933 qnam
1552 2847 1648 2909 ceteri
1670 2848 1755 2911 cives

430 2949 561 3025 propter
592 2940 827 3005 incommodum
855 2943 1129 3005 Volaterranorum
1163 2942 1433 3025 calamitatemque
1467 2941 1600 3005 civilem.
1642 2942 1754 3026 ltaque

431 3035 527 3097 bomo
550 3034 684 3097 timidus.
701 3035 948 3119 imperitusqne,
971 3036 1024 3119 qui
1047 3055 1152 3118 neque
1174 3036 1271 3098 animi
1293 3055 1397 3120 neque
1415 3036 1539 3098 consilii
1561 3035 1637 3098 satis
1658 3036 1792 3103 habe-so

429 3135 495 3203 ret,
517 3147 582 3191 non
603 3129 725 3213 putavit
739 3149 809 3192 esse
831 3130 909 3193 tanti
931 3129 1154 3205 hereditatem,
1176 3137 1211 3192 ut
1225 3130 1264 3192 de
1280 3129 1405 3193 civitate
1424 3128 1601 3193 indubium
1617 3131 1754 3194 reniret:

431 3222 604 3296 concessit,
635 3221 746 3298 credo,
776 3224 932 3299 Aebutio,
961 3232 1111 3306 quantum
1132 3224 1229 3286 vellet
1250 3223 1290 3286 de
1313 3223 1507 3287 Caesenniae
1529 3223 1621 3287 bonis
1642 3230 1678 3287 ut
1698 3224 1755 3288 ha·

429 3318 526 3380 beret
567 3316 684 3391 Immo,
706 3324 742 3379 ut
763 3317 832 3380 viro
854 3316 929 3379 lorti
951 3337 989 3379 ac
1010 3317 1143 3401 sapienti
1165 3317 1295 3399 dignum
1315 3316 1392 3391 iuit,
1413 3318 1458 3380 ita
1473 3317 1663 3381 calumniam
1677 3317 1755 3382 stul-

429 3411 595 3494 titiamque
624 3411 692 3473 eius
722 3411 849 3474 obtrivit
876 3430 912 3474 ac
940 3409 1095 3473 contudit.
1139 3404 1189 3472 49.
1211 3411 1248 3472 ln
1276 3410 1477 3494 possessione
1504 3410 1659 3474 bonorum
1680 3431 1753 3474 cum

429 3511 513 3568 esset
542 3509 573 3566 et
603 3524 675 3567 cum
697 3504 757 3568 iste
781 3505 939 3567 sextulam
961 3523 1049 3567 suam
1071 3504 1204 3567 nimium
1226 3511 1446 3585 exaggeraret,
1474 3504 1604 3567 nomine
1625 3503 1791 3572 hereuisso

428 3597 579 3662 arbitrum
600 3596 738 3661 familiae
758 3597 986 3661 herciscundae
1007 3598 1187 3682 postulavit.
1218 3599 1324 3681 Atque
1346 3598 1410 3660 illis
1426 3598 1538 3680 paucis
1553 3597 1675 3673 diebus,
1696 3618 1754 3681 po·

430 3700 592 3776 steaquam
621 3691 724 3765 videt,
752 3690 831 3754 nibil
861 3711 895 3754 se
924 3691 963 3754 ab
986 3692 1022 3755 A.
1046 3692 1180 3755 Caecina
1207 3711 1302 3775 posse
1325 3691 1426 3754 litium
1450 3698 1569 3756 terrore
1590 3690 1753 3766 abradere,

430 3785 549 3848 homini
571 3787 688 3849 liomae
708 3785 743 3848 in
763 3784 833 3848 foro
856 3784 1041 3861 denuntiat,
1062 3786 1197 3849 fundum
1219 3785 1327 3861 illum,
1350 3785 1390 3847 de
1413 3806 1475 3869 quo
1498 3791 1571 3849 anto
1591 3785 1675 3862 dixi,
1698 3808 1754 3851 cn-

494 4050 519 4098 i.
536 4047 623 4112 pratia
639 4060 692 4097 om.
711 4047 739 4097 T.
760 4075 787 4083 -
805 4047 830 4096 2.
849 4047 924 4098 etiam
941 4060 1001 4097 cum
1018 4046 1121 4095 lunbna
1138 4058 1190 4095 om.
1210 4047 1238 4096 L.
1252 4071 1280 4080 -
1298 4046 1324 4095 t.
1342 4044 1466 4096 4444444444
1481 4046 1547 4097 ET:
1566 4045 1687 4096 44444444
1701 4048 1752 4100 ltA

429 4123 512 4178 440.
528 4149 555 4158 -
575 4122 599 4173 4.
617 4122 753 4183 audissent,
771 4123 814 4183 qui
830 4136 880 4171 non
897 4123 1017 4182 audisset,
1035 4122 1057 4169 is
1072 4125 1225 4181 capesset
1241 4133 1306 4170 nos:
1326 4120 1466 4179 audissent,
1483 4120 1510 4168 bi
1524 4119 1600 4184 (isT,
1617 4123 1655 4171 bis
1671 4123 1751 4190 lily,

427 4199 459 4248 444
474 4210 541 4256 em,
563 4198 611 4246 biis
626 4210 669 4262 pq
680 4199 702 4258 4,
725 4198 744 4246 44
760 4195 949 4259 β44444444444
965 4197 1062 4258 assequi
1075 4200 1174 4258 possem
1190 4194 1332 4247 444440.
1354 4193 1504 4258 (audissem
1526 4197 1549 4244 si
1565 4197 1608 4258 qui
1623 4197 1687 4260 sorte
1702 4212 1753 4249 4444

427 4262 563 4333 audissent,
581 4271 607 4321 bi
622 4286 644 4322 c.
663 4285 688 4322 4.
703 4277 802 4334 possent
818 4272 865 4323 Th.
884 4273 1045 4331 Mommsen;
1072 4272 1196 4320 4444444444
1211 4274 1235 4320 et
1250 4270 1272 4318 44
1288 4270 1344 4331 quis
1358 4283 1409 4319 444
1425 4271 1545 4332 audisset,
1572 4273 1594 4321 44
1610 4273 1754 4324 4444444444

427 4348 524 4408 assequi
538 4351 618 4410 posset
634 4346 758 4412 Spengel;
777 4349 915 4407 audissent,
933 4348 974 4396 444
991 4346 1121 4411 (Caecina)
1138 4359 1160 4394 c.
1173 4359 1199 4395 4.
1215 4353 1296 4407 posset
1307 4345 1487 4409 Wesenberg,
1506 4347 1632 4397 4444444444
1641 4349 1680 4397 uei
1695 4362 1753 4399 eon·

427 4426 524 4474 iectura
539 4423 641 4484 adsequi
654 4427 752 4484 possent
769 4421 882 4472 lilotzius
900 4423 925 4472 in
944 4422 986 4471 ed.
1003 4420 1061 4476 alt.;
1080 4421 1218 4480 4444444444,
1235 4421 1257 4469 si
1272 4421 1367 4480 minus,
1386 4422 1528 4470 coniectura
1539 4423 1642 4485 adsequi
1653 4428 1754 4485 possent

341 4488 345 4495 ’
426 4500 499 4549 idem
515 4499 543 4548 in
560 4497 716 4558 Prooemio.)
735 4524 762 4533 -
782 4498 822 4547 to.
836 4498 916 4560 possit
931 4510 971 4546 ae
985 4498 1032 4560 (pr.
1046 4498 1093 4556 ru.)
1106 4497 1155 4558 qt;
1171 4507 1243 4557 posse
1254 4495 1312 4545 ET.
1326 4522 1353 4531 -
1373 4494 1413 4545 il.
1430 4496 1486 4559 4444
1502 4508 1555 4546 om.
1569 4498 1597 4546 l..
1612 4522 1642 4534 -
1662 4497 1701 4547 46.
1713 4499 1753 4548 ita

427 4588 480 4626 om.
499 4574 527 4623 T.
549 4598 575 4609 -
606 4573 646 4622 tr.
664 4572 786 4622 4444444444
801 4573 829 4622 T.
851 4598 878 4607 -
906 4572 945 4621 tii.
965 4572 1069 4621 liberum
1084 4570 1114 4620 T.
1134 4596 1161 4604 -
1190 4571 1230 4619 te.
1249 4570 1359 4632 asperpit
1375 4570 1404 4619 E.
1425 4596 1452 4604 -
1479 4570 1520 4620 isti
1534 4572 1594 4632 4444]
1612 4571 1656 4619 iste
1672 4571 1701 4621 T.
1720 4597 1748 4608 -

426 4649 467 4700 20.
485 4650 584 4710 ceperat
600 4648 633 4706 T,
651 4653 768 4709 caeperat
783 4648 818 4698 E:
836 4652 976 4710 susceperat
992 4644 1134 4698 nanto,
1161 4644 1199 4695 ci.
1218 4657 1244 4708 p.
1263 4642 1331 4693 Sulla
1349 4643 1374 4707 5.
1394 4646 1417 4694 t.
1435 4643 1506 4695 Lnol.
1525 4645 1549 4709 5.
1568 4647 1609 4696 90.
1628 4670 1658 4682 -
1676 4658 1752 4695 musas

426 4725 461 4784 T;
479 4722 512 4774 ci.
531 4719 601 4772 lael.
620 4720 644 4784 ἓ.
662 4723 703 4771 49.
722 4735 748 4786 p.
767 4723 852 4772 Sestio
869 4723 894 4786 5.
912 4723 953 4772 44.
975 4748 1002 4757 -
1019 4722 1059 4771 22.
1079 4721 1140 4786 4444]
1158 4725 1218 4771 esset
1234 4721 1262 4771 T.
1283 4747 1310 4756 -
1328 4721 1369 4771 23.
1388 4723 1454 4784 quod
1469 4722 1499 4784 is]
1516 4723 1583 4782 quod
1599 4723 1637 4771 dis
1654 4723 1682 4773 T.
1709 4722 1749 4774 ci.

427 4810 481 4850 var.
502 4794 599 4859 14445.
613 4796 636 4845 7.
652 4822 680 4831 —
697 4796 738 4846 28.
755 4796 933 4858 astutiamque
948 4797 1001 4847 eius
1015 4796 1080 4846 ET:
1098 4796 1277 4859 4444444444
1294 4796 1356 4859 (om.
1369 4797 1429 4859 eius)
1447 4796 1590 4851 RALt'O.
1605 4825 1633 4836 -
1650 4798 1751 4848 14444444-
1827 4814 1832 4825 ·

423 4872 513 4933 pniasn
527 4883 553 4920 v.
572 4882 596 4919 c.
615 4869 642 4919 ln
658 4873 711 4933 nug.
724 4868 751 4923 4.
772 4897 798 4905 -
818 4870 986 4921 eanostriue
1001 4872 1021 4921 T
1038 4875 1064 4923 et
1081 4885 1121 4935 pr.
1140 4872 1169 4921 E.
1195 4898 1222 4908 -
1249 4885 1281 4921 44
1295 4871 1414 4935 contudi]
1437 4872 1477 4922 lle
1494 4870 1621 4935 particula
1638 4885 1670 4922 44
1688 4874 1749 4924 ante

427 4943 556 5008 syllabam
573 4946 718 5007 conposita
736 4943 768 4994 ci.
787 4944 811 5008 5.
829 4946 885 4994 st.:
912 4959 943 4994 ac
959 4946 1069 4995 conuelli.
1088 4946 1163 4996 verr.
1180 4947 1238 4996 Act.
1255 4948 1275 4996 l.
1294 4947 1318 5009 5.
1337 4946 1390 4997 its:
1414 4960 1446 4996 ae
1462 4948 1597 4998 4444444444.
1614 4960 1642 5012 p.
1661 4946 1749 4999 Caelio

426 5020 450 5083 5.
469 5019 523 5070 39.:
547 5032 577 5069 ac
597 5020 768 5070 continentiae.
789 5047 816 5057 -
837 5021 1001 5082 possessiones
1020 5019 1315 5086 ETVGabepqtti.
1335 5048 1362 5057 -·
1388 5021 1428 5072 30.
1447 5026 1471 5071 ot
1486 5022 1551 5087 44444]
1568 5036 1582 5073 4
1598 5036 1654 5072 44444
1670 5023 1699 5072 Τ.
1718 5049 1746 5058 -

425 5094 471 5145 iste
487 5108 548 5146 cum
566 5094 687 5145 Schiitzio
704 5094 737 5144 0:
757 5095 809 5157 ipse
824 5092 905 5146 unu
915 5094 941 5149 T.
967 5096 1048 5157 (444444
1064 5094 1260 5157 Pantagathus.)
1280 5123 1308 5133 -
1329 5096 1435 5145 nimiam
1450 5096 1481 5146 A.
1502 5121 1530 5131 -
1555 5095 1595 5145 34.
1614 5096 1749 5146 4444444444

426 5169 516 5220 Tkm.
545 5196 572 5206 -
595 5168 769 5221 4444444444
793 5169 890 5220 EGA:
916 5170 1060 5219 herciscindi
1085 5170 1118 5228 T;
1144 5170 1408 5225 mansuescite
1438 5194 1466 5208 -
1487 5171 1630 5234 postulavit.
1661 5172 1749 5233 ltaque

426 5243 527 5307 Kayser
537 5243 644 5294 4444444.
655 5242 757 5293 tatrbb.
775 5243 848 5295 tasi.
865 5255 893 5308 p.
906 5243 963 5294 686.
978 5270 1005 5280 -
1023 5244 1080 5307 iliis]
1097 5245 1297 5296 isuscbiitzius.
1360 5245 1402 5297 34.
1420 5245 1621 5312 concauus]
1639 5246 1747 5296 4444444

426 5319 468 5383 (ex
484 5320 551 5383 44444)
569 5321 602 5372 ab
617 5321 647 5374 Δ.
661 5321 769 5375 0444444
783 5332 833 5389 per
849 5319 1051 5387 dittographiam
1067 5318 1097 5371 T.
1116 5345 1144 5355 -
1163 5319 1295 5371 4444444444
1310 5321 1340 5371 T.
