4367 6109
459 543 523 612 de
829 547 872 612 IN
892 547 1059 614 VERREM
1078 547 1202 613 ACTIO
1224 549 1406 617 SECUNDA

460 716 610 782 deseres?
639 734 698 780 nec
726 713 828 780 solum
850 715 983 800 spoliata
1003 717 1060 782 illa
1079 719 1226 801 patieris,
1253 719 1309 784 sed
1331 738 1441 784 eorum
1462 718 1559 783 etiam
1579 715 1790 804 spoliatorem

460 820 705 895 vexatoremque
727 809 903 874 defendes?
934 810 1057 874 Adsunt
1079 812 1258 897 Segestani,
1279 814 1408 877 clientes
1423 813 1484 887 tui,
1505 813 1582 877 socii
1596 810 1711 898 populi
1723 811 1791 876 Ro-

460 907 546 970 mani
567 912 662 990 atquo
683 904 791 968 amici:
823 906 987 969 certiorem
1015 911 1047 969 te
1067 904 1187 970 faciunt
1207 907 1240 969 P.
1261 907 1443 971 Africanum
1463 906 1655 990 Karthagine
1678 904 1791 970 deleta

459 999 660 1062 simulacrum
679 1000 799 1063 Ilionae
821 1000 990 1063 maioribus
1012 999 1077 1063 suis
1099 1000 1273 1065 restituisse
1294 1000 1391 1085 idque
1406 1001 1490 1086 apud
1505 1001 1698 1085 Segestanos
1714 999 1789 1064 eius

434 1093 651 1176 stuperatem
671 1093 799 1157 nomine
820 1095 956 1176 positum
977 1114 1013 1157 ac
1034 1093 1213 1157 dedicatum
1233 1094 1351 1159 fuisse:
1372 1095 1433 1158 hoc
1454 1096 1586 1158 Verrem
1607 1093 1791 1158 demolien-

458 1187 533 1251 dum
554 1193 587 1250 ot
606 1188 828 1272 asportandum
849 1207 1028 1271 nomenque
1043 1189 1171 1251 omnino
1187 1188 1220 1251 P.
1237 1189 1393 1271 Scipionis
1409 1188 1579 1253 delendum
1593 1188 1791 1254 tollendum·

370 1328 373 1333 <
457 1301 520 1365 que
549 1300 692 1345 curasse:
722 1287 812 1345 orant
832 1288 864 1345 te
885 1288 980 1365 atque
1002 1281 1180 1356 obsecrant,
1213 1289 1248 1345 ut
1275 1283 1334 1346 sibi
1362 1283 1564 1367 religionem,
1596 1283 1708 1366 generi
1728 1291 1789 1347 tuo

456 1372 583 1439 laudem
605 1374 798 1458 gloriamque
819 1375 980 1449 restituas,
1001 1383 1052 1449 ut,
1075 1375 1161 1459 quod
1183 1395 1240 1459 per
1253 1378 1287 1440 P.
1301 1376 1481 1442 Africanum
1496 1398 1539 1442 ex
1551 1376 1630 1441 urbe
1644 1376 1789 1441 bostium

456 1469 686 1551 temperarint,
707 1468 740 1533 id
762 1488 819 1552 per
840 1476 871 1531 te
894 1488 935 1531 ex
955 1468 1124 1552 praedonis
1139 1467 1232 1533 domo
1248 1490 1431 1535 conservare
1448 1474 1580 1555 possint.
1618 1470 1789 1536 XXXVII.

420 1562 541 1638 toQuid
569 1569 624 1625 aut
652 1567 686 1626 tu
706 1561 757 1624 his
778 1561 969 1645 respondere
990 1563 1125 1627 honeste
1146 1570 1236 1645 potes
1258 1572 1313 1628 aut
1333 1564 1379 1627 illi
1399 1564 1521 1641 lacere,
1551 1565 1613 1630 nisi
1634 1573 1671 1628 ut
1692 1572 1725 1629 te
1748 1584 1789 1627 ac

454 1654 549 1720 fidem
577 1664 662 1721 tuam
691 1655 881 1739 implorent?
912 1655 1037 1720 Adsunt
1064 1664 1097 1721 et
1123 1657 1301 1739 implorant
1344 1659 1436 1723 Potes
1466 1660 1656 1724 domesticae
1678 1658 1789 1723 laudis

454 1750 711 1837 amplitudinem,
734 1749 854 1832 Scipio,
878 1750 978 1824 tueri,
999 1758 1106 1834 potes:
1132 1750 1238 1813 omnia
1259 1753 1387 1815 suntin
1410 1760 1455 1828 te,
1478 1773 1560 1837 quae
1581 1760 1636 1818 aut
1654 1753 1788 1818 fortuna

452 1844 632 1909 hominibus
660 1851 716 1908 aut
742 1850 855 1906 natura
882 1843 1020 1927 largitur.
1056 1847 1126 1908 Non
1154 1863 1326 1928 praecerpo
1347 1846 1483 1910 fructum
1504 1844 1598 1912 officii
1617 1849 1685 1913 tui:
1717 1866 1787 1911 non

453 1941 587 2004 alienam
609 1938 687 2003 mibi
708 1937 834 2001 laudem
855 1946 987 2021 appeto:
1015 1958 1079 2003 non
1108 1947 1156 2002 est
1185 1940 1315 2021 pudoris
1336 1941 1397 2003 mei
1424 1941 1457 2003 Ρ.
1480 1941 1645 2024 Scipione,
1666 1943 1787 2006 doren-

416 2037 573 2100 tfltissimo
595 2034 811 2106 adolescente,
831 2031 903 2094 vivo
925 2039 956 2095 et
976 2032 1124 2096 incolumi
1146 2052 1196 2095 me
1218 2042 1480 2117 propugnatorem
1500 2036 1535 2097 P.
1551 2035 1709 2119 Scipionis
1726 2036 1788 2099 de-

452 2128 674 2212 fensoremque
702 2124 853 2210 profiteri.
897 2121 949 2188 8l.
979 2126 1081 2202 Quam
1111 2126 1151 2188 ob
1173 2147 1240 2189 rem
1261 2124 1288 2189 si
1310 2128 1443 2211 suscipis
1465 2128 1655 2194 domesticae
1677 2129 1786 2195 laudis

451 2222 675 2308 patrocinium,
698 2241 748 2285 me
770 2239 835 2284 non
856 2220 958 2283 solum
979 2221 1072 2284 silere
1095 2220 1135 2282 de
1156 2219 1269 2283 vestris
1290 2221 1501 2287 monumentis
1524 2225 1697 2305 oportebit,
1722 2222 1785 2288 sed

452 2320 544 2383 etiam
566 2315 674 2381 laetari
694 2317 729 2380 P.
749 2313 889 2378 Africani
910 2313 979 2377 eius
1000 2312 1085 2377 modi
1105 2313 1263 2376 soronam
1285 2334 1356 2378 esse
1376 2314 1509 2390 mortui,
1529 2323 1566 2379 ut
1586 2316 1654 2381 eius
1675 2318 1784 2382 honos

451 2415 491 2480 ab
512 2414 553 2479 iis
560 2460 570 2491 ,
592 2412 648 2497 qui
669 2430 712 2474 ex
732 2407 842 2473 eadem
863 2406 983 2471 familia
1004 2407 1082 2481 sint,
1112 2406 1299 2471 defendatur
1320 2429 1425 2492 nequo
1446 2409 1546 2474 ullum
1567 2410 1784 2476 adventicium

413 2508 604 2574 maurilium
632 2504 818 2589 requiratur.
863 2501 918 2564 Sin
946 2500 1038 2564 istius
1066 2500 1201 2564 amicitia
1221 2507 1253 2565 tc
1280 2502 1428 2587 impedit,
1458 2503 1485 2567 si
1506 2502 1582 2578 boc,
1610 2504 1698 2590 quod
1719 2524 1783 2588 ego

450 2604 506 2668 abs
527 2608 558 2665 te
579 2598 726 2685 postulo,
748 2597 852 2660 minus
874 2593 914 2657 ad
934 2593 1073 2659 officium
1095 2600 1183 2658 tuum
1205 2595 1364 2678 pertinere
1379 2596 1589 2661 arbitrabere:
1612 2598 1783 2663 suoeedam

451 2716 510 2781 ego
530 2694 667 2761 vicarius
688 2700 743 2757 tuo
764 2689 904 2763 muneri,
926 2686 1095 2772 suscipiam
1116 2695 1238 2771 partes,
1261 2709 1339 2773 quas
1362 2690 1481 2755 alienas
1503 2711 1574 2756 esse
1595 2691 1782 2757 arbitrabar.

449 2789 573 2856 Deinde
600 2789 661 2852 ista
687 2784 848 2870 praeclara
876 2780 1025 2845 nobilitas
1047 2781 1170 2845 desinat
1192 2784 1283 2865 queri
1305 2785 1456 2868 populum
1478 2785 1654 2850 Romanum
1675 2784 1783 2852 bomi-

449 2886 543 2950 nibus
574 2880 665 2947 noris
697 2876 859 2941 industriis
892 2875 1027 2938 libenter
1051 2875 1189 2960 bonores
1219 2877 1369 2941 mandare
1391 2897 1579 2963 semperque
1600 2879 1782 2945 mandasse.

412 2980 520 3043 ”Non
542 2984 591 3041 est
612 2971 809 3059 querendum
831 2971 865 3032 in
886 2968 946 3032 hac
967 2969 1112 3044 civitate,
1137 2988 1218 3054 quae
1240 2977 1369 3054 propter
1389 2971 1535 3036 virtutem
1555 2973 1702 3038 omnibus
1723 2994 1783 3037 na-

450 3071 587 3135 tionibus
610 3068 760 3151 imperat,
782 3066 929 3128 vidutem
950 3063 1120 3147 plurimum
1140 3083 1244 3147 posse.
1267 3063 1314 3126 Sit
1334 3063 1419 3146 apud
1435 3065 1514 3129 alios
1529 3066 1633 3150 imago
1647 3068 1682 3131 P.
1696 3067 1782 3130 Affi-

450 3165 541 3229 oani:
571 3169 722 3227 ornentur
746 3158 800 3222 alii
829 3156 943 3220 mortui
963 3157 1077 3220 virtute
1099 3175 1136 3218 ac
1159 3158 1301 3220 nomine:
1330 3159 1402 3221 talis
1422 3160 1477 3222 ille
1497 3162 1546 3224 vir
1565 3160 1642 3238 fuit,
1671 3163 1717 3228 ita
1739 3161 1780 3225 de

450 3259 568 3345 populo
589 3258 730 3320 Romano
752 3253 883 3315 meritus
906 3258 968 3326 est,
998 3258 1119 3313 utnon
1140 3251 1197 3313 uni
1216 3250 1367 3327 familiae,
1397 3252 1454 3316 sed
1474 3256 1643 3318 universae
1664 3256 1781 3321 civitati

450 3352 688 3417 commendatus
710 3367 781 3411 esse
804 3346 925 3408 debeat
968 3345 1025 3408 Est
1045 3343 1154 3427 aliqua
1175 3364 1245 3408 mea
1265 3365 1337 3429 pars
1358 3346 1473 3422 uirilis,
1502 3347 1589 3432 quod
1612 3349 1681 3413 eius
1703 3349 1781 3414 civi·

412 3447 521 3512 ³⁰tatis
548 3464 634 3519 sum,
662 3461 757 3528 quam
784 3440 839 3503 ille
867 3438 1019 3523 amplam,
1048 3438 1202 3502 illustrem
1224 3439 1404 3524 claramque
1426 3441 1580 3520 reddidit3
1608 3442 1780 3528 praecipue

517 3756 541 3805 4.
559 3764 604 3802 occ
619 3747 711 3804 ltht
726 3748 758 3798 2:
782 3759 834 3797 ooo
850 3742 912 3806 nd.;
937 3757 1017 3807 oeque
1032 3743 1097 3795 dett.
1116 3745 1145 3794 0.
1166 3771 1194 3780 -
1211 3745 1318 3808 potieris
1332 3743 1383 3796 113:
1399 3746 1497 3808 potiere
1512 3746 1578 3799 dett.
1597 3750 1628 3801 0.
1656 3750 1735 3816 [cum
1751 3754 1779 3804 tn

451 3832 588 3898 superlore
605 3828 664 3880 loco
681 3822 760 3876 codd.
778 3822 884 3886 praeter
900 3820 921 3871 44
939 3822 967 3870 et
982 3833 1015 3870 ex
1033 3831 1065 3869 eo
1082 3819 1231 3885 descriptos
1246 3821 1366 3884 relinques
1382 3823 1409 3872 et
1425 3822 1516 3872 desem
1531 3822 1661 3889 habeant,
1684 3831 1780 3893 pomo-

450 3907 520 3957 rlore
538 3906 627 3954 autem
644 3902 664 3951 R
682 3900 709 3949 et
725 3899 786 3960 Lag.
799 3896 840 3946 09.
858 3894 967 3958 &leodis
983 3895 1011 3944 et
1026 3895 1166 3957 praeterea
1182 3896 1202 3945 R
1216 3896 1333 3958 potieris,
1360 3909 1413 3947 uon
1427 3898 1538 3960 potiere,
1566 3904 1780 3956 consentaneum

450 3979 556 4030 videtur
576 3976 677 4039 ubique
699 3975 804 4036 tempus
824 3981 952 4033 praesens
974 3966 1131 4029 restituere,
1158 3968 1186 4018 id
1203 3970 1274 4033 quod
1294 3972 1425 4022 sententia
1442 3972 1492 4023 loci
1508 3972 1552 4024 vel
1567 3977 1683 4029 maxima
1701 3993 1780 4031 com.

451 4053 569 4106 mendet.
589 4048 681 4114 illum]
701 4075 728 4084 -
747 4057 834 4095 conco
850 4044 925 4094 diam
941 4044 975 4093 R:
993 4055 1081 4092 eorum
1097 4043 1180 4106 Lg29;
1198 4045 1274 4094 ctiam
1289 4059 1375 4096 eorum
1392 4047 1428 4097 03
1446 4047 1511 4098 dett.
1526 4049 1556 4099 0.
1576 4077 1605 4088 -
1622 4052 1647 4103 0.
1665 4053 1780 4118 dogm

452 4129 534 4180 dett:
556 4125 664 4189 &leodis
683 4121 719 4173 043
730 4119 809 4183 0309.
835 4144 862 4153 -
887 4119 912 4168 6.
931 4117 1130 4181 adopertoodum
1145 4118 1175 4169 lt.
1196 4145 1223 4155 -
1246 4121 1271 4170 Ἰ.
1290 4125 1313 4171 tc
1329 4134 1382 4171 om.
1401 4124 1479 4186 Lagg.
1499 4148 1527 4157 -
1554 4124 1578 4175 8.
1596 4130 1625 4175 ot
1641 4127 1715 4194 quoa]
1732 4133 1780 4180 ω

451 4203 518 4268 ool
533 4202 612 4264 Lese-
627 4225 655 4235 -
673 4211 706 4248 w
721 4195 782 4246 orco
797 4193 822 4243 1·-
836 4194 922 4256 psrr.
933 4192 988 4256 Atr-
1006 4195 1084 4257 ura.
1102 4194 1261 4259 praeterae,
1274 4195 1304 4246 o.
1320 4222 1347 4231 -
1367 4197 1391 4248 c.
1408 4210 1442 4248 ev
1454 4198 1581 4261 precoro
1595 4200 1668 4254 a...
1684 4216 1778 4256 errore

451 4281 557 4344 typogr.
574 4275 619 4325 Or.
631 4273 657 4324 2.
677 4297 704 4306 -
722 4271 763 4320 40Ι
782 4273 827 4318 out
842 4271 870 4316 to
886 4268 907 4318 R
923 4266 985 4319 bd:
1004 4274 1087 4319 cotan
1104 4273 1131 4318 to
1147 4270 1198 4329 Gl;
1217 4274 1302 4320 cotos
1317 4272 1779 4332 cacmG2;ootdett.-12,t„u

450 4356 508 4404 aiot
524 4350 589 4401 dett.
608 4347 638 4398 0.
658 4373 683 4385 -
704 4357 769 4409 quoe
783 4347 812 4394 ct
826 4342 885 4406 fort.
904 4343 933 4393 it.
954 4371 982 4380 -
1006 4343 1047 4395 44.
1066 4346 1155 4408 odpcto
1171 4345 1201 4395 R.
1222 4371 1249 4381 —-
1275 4348 1315 4397 45.
1331 4361 1456 4412 propaga,
1474 4348 1511 4399 Ra
1522 4346 1553 4398 22
1575 4365 1704 4420 W·
1720 4369 1779 4406 mo,

450 4430 626 4478 omcotoctcn
641 4421 707 4473 dett·
726 4420 755 4471 0-
775 4445 803 4455 -
823 4419 863 4468 ⁴7·
881 4419 961 4468 tedet
977 4419 1034 4472 loct.
1053 4418 1110 4472 tot
1126 4423 1151 4472 2.
1172 4449 1199 4459 -
1222 4423 1262 4474 l8.
1281 4436 1331 4474 csse
1345 4425 1461 4488 sortcocs
1477 4424 1553 4487 dett,
1572 4427 1602 4478 0.
1623 4453 1650 4464 -
1669 4427 1710 4478 49.
1728 4428 1779 4478 seit

451 4504 473 4555 R
489 4501 536 4552 l.d.
554 4500 569 4550 Ἰ
587 4500 682 4562 legg:
700 4500 757 4547 suot
772 4492 788 4543 λ
801 4494 832 4543 04
848 4493 864 4542 0
882 4492 959 4558 0308.
980 4523 1007 4532 -
1034 4497 1075 4547 00.
1095 4497 1241 4560 requiratur
1256 4511 1319 4548 oue.
1337 4501 1415 4563 Logg.
1434 4500 1498 4550 dett.
1518 4502 1547 4551 0.
1576 4529 1604 4539 -
1629 4502 1669 4553 ete
1679 4503 1779 4554 ..oa-

447 4579 518 4643 pedit
534 4576 586 4627 23:
605 4570 799 4634 si--tmpectec
815 4568 880 4619 dett.
900 4570 1022 4633 (impediet
1038 4572 1117 4622 ctiam
1134 4572 1173 4634 0.)
1194 4600 1221 4610 -
1240 4585 1284 4637 ego
1303 4586 1356 4623 om.
1376 4576 1390 4624 7
1408 4576 1485 4639 Lagg.
1505 4576 1570 4627 dett.
1589 4577 1618 4629 0.
1638 4601 1667 4615 -
1685 4578 1727 4629 04.
1744 4578 1780 4628 ud

452 4656 495 4719 off.
513 4655 584 4702 eoum
598 4650 681 4701 micci
696 4646 775 4709 Lagg.
794 4643 866 4720 dett.-
880 4666 907 4717 ς
925 4645 966 4694 00.
984 4658 1085 4697 macen
1101 4647 1179 4711 lagg.
1200 4674 1227 4683 -
1253 4661 1304 4699 esse
1320 4662 1373 4699 om.
1392 4651 1470 4714 0309.
1489 4677 1518 4688 -
1544 4652 1586 4704 09.
1604 4653 1692 4704 000100
1706 4652 1778 4718 0309

454 4735 495 4800 (cl.
513 4734 590 4786 Verr.
601 4733 644 4784 111.
663 4731 687 4796 5.
700 4730 727 4782 tr
736 4730 751 4794 .)
762 4743 769 4779 ε
784 4729 822 4780 de.
840 4729 859 4779 l.
876 4729 908 4779 N.
927 4728 986 4778 dell
1004 4727 1065 4793 [hoc
1081 4728 1143 4780 nihil
1161 4729 1232 4781 aliud
1248 4733 1297 4783 nisi
1315 4733 1401 4784 004000
1417 4747 1477 4785 esse
1494 4735 1548 4786 iam
1559 4735 1733 4788 confirmatur
1743 4737 1779 4789 si-

453 4808 508 4862 mili
525 4811 655 4874 scriptura
672 4807 697 4871 ἓ.
715 4805 767 4866 tl..
793 4817 861 4868 quae
882 4801 1014 4866 diligentia
1037 4804 1146 4854 Esoheri
1167 4808 1195 4856 et
1216 4807 1336 4858 Bursiani
1357 4822 1390 4859 ex
1407 4810 1426 4858 lt
1444 4808 1545 4874 prolata
1566 4810 1629 4876 eall,
1654 4812 1684 4863 de
1705 4813 1723 4863 l.
1740 4826 1776 4864 m.

453 4885 483 4936 dc
500 4885 536 4934 00
553 4883 615 4944 l.d.;
634 4882 691 4933 del.
706 4918 712 4931 .
727 4917 733 4931 .
747 4881 777 4930 de
793 4881 844 4939 ot,
862 4892 893 4929 oe
909 4877 986 4938 dett.;
1005 4891 1053 4928 noe
1070 4878 1104 4929 de
1122 4880 1229 4931 Ferratii
1245 4882 1313 4930 coni.
1333 4883 1364 4942 0;
1383 4885 1483 4933 modom
1500 4886 1568 4935 coni,
1586 4884 1674 4937 Madv,
1693 4887 1742 4951 op,
1754 4888 1776 4936 1,

453 4972 481 5026 p.
495 4960 569 5019 304.;
586 4955 868 5018 deiodc--plocimaeo
885 4955 975 5018 spuria
991 4953 1073 5004 habet
1089 4954 1159 5004 Bake
1175 4968 1202 5019 p.
1214 4955 1255 5006 03.
1273 4957 1330 5006 Rau
1345 4958 1375 5007 Il.
1397 4972 1424 5022 p.
1438 4959 1495 5009 400.
1510 4987 1536 4994 -
1555 4959 1597 5011 04.
1615 4961 1686 5011 „ooo
1701 4966 1779 5024 alque

452 5036 506 5086 iod.
524 5035 590 5086 dett.
612 5061 639 5073 -
656 5031 766 5082 comer
782 5032 811 5080 ll.
831 5056 859 5066 -
877 5030 919 5081 00.
938 5031 1107 5092 quaerendum
1123 5030 1157 5091 lt;
1176 5033 1332 5091 marmoren
1348 5033 1425 5097 0309,
1447 5059 1474 5071 -
1493 5037 1520 5085 o,
1535 5036 1583 5086 pa,
1599 5033 1695 5087 3333
1711 5035 1776 5088 mg

451 5109 482 5160 lu
497 5107 609 5162 cadolt.
628 5108 662 5168 03
679 5107 707 5157 lo
721 5107 769 5156 loc
785 5106 832 5155 cio.
850 5117 904 5154 om.
923 5106 969 5155 04.
989 5131 1016 5140 -
1037 5104 1079 5155 06.
1097 5105 1200 5168 imperet
1215 5107 1284 5171 0309
1303 5108 1389 5173 [deest
1405 5110 1475 5174 apud
1492 5111 1520 5161 Ζ.
1537 5109 1616 5163 lectio
1633 5108 1776 5176 notabiliel.

457 5209 486 5233 -.-
503 5183 545 5235 22.
562 5187 688 5234 mestre
703 5181 749 5231 olli
763 5194 799 5231 m.
815 5194 841 5231 v.
858 5185 934 5243 atque
949 5179 1034 5230 ocimo
1050 5181 1119 5230 coni.
1137 5180 1207 5235 Bake
1223 5180 1242 5234 l.
1260 5181 1278 5234 l.
1298 5210 1325 5221 —
1345 5184 1386 5236 00.
1403 5185 1507 5242 eloim
1520 5187 1552 5240 R,
1571 5211 1600 5226 -
1618 5186 1660 5239 ³0.
1676 5186 1778 5240 m

452 5257 568 5326 00104400
580 5256 749 5322 leuemque
765 5255 816 5320 03,
833 5267 888 5307 non
903 5255 933 5308 s.
946 5253 1082 5320 (macru
1097 5257 1139 5321 fl.)
