4367 6109
691 628 758 694 n».
780 628 832 694 rv.
862 628 935 694 crs.
957 626 1151 692 nx-nxr.
1178 625 1235 713 ps.
1258 624 1448 694 aaa-aar.
1671 625 1733 695 ara

412 798 548 863 maiores
575 798 675 862 nostri
701 798 793 863 iacile
820 798 1023 883 patiebantur
1049 798 1127 862 haec
1155 819 1224 863 esse
1253 799 1339 883 apud
1368 799 1441 864 illos
1465 802 1732 887 quamplurima:

412 892 497 978 apud
518 893 639 968 socios,
660 901 697 956 ut
717 893 847 977 imperio
870 899 976 956 nostro
993 913 1086 976 quam
1102 893 1294 958 ornatissimi
1312 895 1595 980 florentissimique
1611 902 1733 972 essent3

413 986 498 1073 apud
519 1006 575 1051 eos
596 995 715 1061 autem,
739 1006 819 1071 quos
841 986 1009 1068 vectigales
1031 996 1084 1050 aut
1106 987 1330 1071 stipendiarios
1347 987 1504 1064 fecerant,
1528 997 1633 1053 tamen
1655 988 1733 1054 haec

412 1081 649 1166 relinquebant,
670 1088 706 1145 ut
726 1080 790 1156 illi,
813 1081 927 1165 quihus
949 1079 1027 1142 haec
1048 1080 1186 1142 iucunda
1208 1088 1295 1155 sunt,
1319 1101 1401 1164 quae
1414 1083 1506 1145 nobis
1530 1083 1610 1147 levia
1624 1084 1734 1148 viden·

413 1181 481 1249 tur,
511 1173 664 1239 baberent
691 1174 769 1237 haec
796 1174 1025 1239 oblectamenta
1046 1180 1077 1234 et
1099 1172 1216 1236 solacia
1238 1175 1405 1238 servitutis.
1450 1171 1520 1239 435.
1544 1176 1627 1252 Quid
1650 1177 1757 1241 arbi-u

413 1268 539 1331 tramini
566 1268 743 1352 Rheginos,
773 1269 828 1354 qui
850 1268 912 1330 iam
939 1268 1023 1330 cives
1045 1266 1177 1328 Romani
1199 1276 1287 1341 sunt,
1309 1288 1430 1331 merere
1452 1270 1553 1344 velle,
1575 1277 1611 1334 ut
1632 1271 1671 1334 ab
1693 1271 1733 1335 iis

413 1381 586 1426 marmorea
607 1364 713 1426 Venus
735 1361 790 1424 illa
811 1360 991 1424 auferatur?
1020 1359 1096 1443 quid
1119 1360 1321 1436 Tarentinos,
1349 1370 1385 1424 nt
1405 1362 1564 1446 Europam
1586 1364 1619 1426 in
1641 1371 1733 1427 tauro

412 1456 578 1519 amittenti
610 1463 645 1519 ut
677 1456 838 1540 Satyrum,
871 1456 926 1538 qui
954 1454 1037 1538 apud
1064 1452 1137 1516 illos
1160 1453 1192 1515 in
1214 1453 1293 1517 aede
1315 1455 1428 1518 Vestae
1451 1459 1519 1519 esti
1551 1464 1587 1521 ut
1608 1460 1733 1521 cetera?

413 1549 490 1633 quid
519 1549 747 1634 Thespienses,
775 1554 809 1612 ut
838 1549 1002 1632 Cupidinis
1030 1548 1171 1630 signum,
1199 1556 1327 1631 propter
1355 1549 1441 1632 quod
1469 1570 1566 1613 unum
1588 1550 1734 1614 visuntur

412 1643 590 1726 Thespiae?
621 1644 697 1728 quid
731 1643 877 1717 Cnidios,
909 1648 944 1705 ut
970 1644 1124 1705 Venerem
1154 1645 1381 1706 marmoream?
1414 1643 1507 1729 quid,
1538 1651 1574 1706 ut
1601 1645 1769 1727 pictam,to

414 1737 518 1801 Cnosi
548 1737 625 1822 quid
644 1737 818 1822 Ephesios,
846 1744 881 1799 ut
901 1735 1136 1799 Alexandrum?
1159 1735 1235 1820 quid
1260 1737 1448 1822 Cyzicenos,
1475 1744 1511 1800 ut
1530 1737 1657 1802 Aiacem
1678 1748 1734 1802 aut

412 1831 577 1896 Medeam?
600 1833 677 1917 quid
699 1831 855 1906 Rhodios,
877 1837 913 1893 ut
935 1830 1091 1914 lalysumi
1114 1829 1190 1914 quid
1213 1822 1438 1907 Athenienses,
1460 1838 1497 1894 ut
1517 1852 1558 1894 ex
1578 1853 1733 1897 marmore

413 1924 559 1989 lecchum
581 1933 636 1988 aut
656 1925 800 1990 Paralum
821 1926 939 2010 pictum
961 1933 1015 1987 aut
1036 1944 1075 1986 ex
1090 1944 1162 1988 aere
1177 1925 1317 2009 Myronis
1334 1924 1503 1988 buculamt
1525 1925 1670 2008 Longum
1685 1933 1734 1989 est

414 2027 445 2084 et
466 2039 529 2081 non
552 2020 764 2084 necessarium
786 2039 1045 2093 commemorare,
1068 2038 1150 2102 quae
1172 2019 1255 2102 apud
1271 2039 1416 2103 quosque
1432 2019 1564 2083 visenda
1581 2026 1654 2082 sunt
1667 2026 1733 2083 tota

370 2158 373 2165 -
413 2114 487 2178 Asia
516 2120 548 2176 et
576 2114 723 2177 Graecia:
754 2133 863 2176 verum
890 2112 969 2175 illud
996 2118 1060 2187 esi,
1093 2132 1188 2196 quam
1219 2114 1347 2176 obrem
1376 2113 1455 2177 haec
1477 2127 1769 2188 commemoremus

414 2208 498 2294 quod
528 2209 708 2271 existimare
738 2228 795 2270 vos
816 2206 876 2270 hoc
897 2206 985 2280 volo,
1015 2207 1126 2269 mirum
1152 2206 1310 2290 quendam
1333 2207 1471 2270 dolorem
1500 2208 1643 2294 accipere
1665 2228 1731 2284 eos,

414 2325 453 2369 ex
476 2323 609 2388 quorum
632 2302 762 2364 urbibus
783 2301 860 2364 haec
881 2300 1073 2381 auferantur.
1105 2301 1186 2362 Lxl.
1209 2295 1279 2363 436.
1300 2302 1424 2386 hique,
1446 2309 1482 2365 ut
1503 2310 1624 2367 ceteros
1639 2303 1733 2368 omit·

413 2409 529 2472 umus,
552 2396 591 2460 de
613 2397 689 2480 ipsis
711 2395 917 2479 Syracusanis
939 2394 1136 2478 cognoscite:
1159 2393 1199 2456 ad
1222 2415 1301 2478 quos
1323 2415 1381 2478 ego
1404 2416 1473 2459 cum
1488 2398 1663 2471 venissem,
1685 2398 1731 2461 sic

412 2487 546 2579 primum
569 2490 804 2564 existimabam,
833 2497 869 2552 ut
896 2491 1014 2552 liomae
1036 2508 1076 2551 en
1104 2489 1195 2552 istius
1216 2489 1326 2553 amieis
1347 2509 1546 2573 acceperam,
1573 2491 1729 2555 civitatem

413 2591 638 2674 Syracusanam
665 2592 794 2667 propter
820 2583 959 2648 lleraclii
984 2583 1187 2647 hereditatem
1210 2604 1274 2646 non
1297 2585 1399 2647 minus
1421 2605 1490 2647 esse
1513 2584 1566 2648 isti
1586 2585 1767 2658 amicam,ao

414 2702 507 2769 quam
534 2679 750 2744 Mamertinam
775 2686 903 2763 propter
930 2676 1115 2761 praedarum
1137 2696 1173 2740 ac
1194 2675 1345 2740 furtorum
1369 2678 1511 2741 omnium
1533 2679 1730 2742 societatem:

413 2776 505 2844 simul
528 2783 560 2838 et
581 2773 729 2846 verebar,
750 2792 791 2835 ne
812 2772 979 2834 mulierum
1001 2769 1153 2833 nobilium
1176 2778 1207 2832 et
1227 2770 1435 2834 formosamm
1457 2772 1574 2856 gratia,
1597 2791 1730 2856 quarum

412 2873 473 2936 iste
494 2867 624 2931 arbitrio
645 2873 823 2951 praeturam
845 2886 903 2948 per
924 2864 1091 2927 triennium
1114 2873 1268 2946 gesserat,
1299 2865 1519 2948 virorumque,
1542 2865 1730 2950 quibuscum

415 2965 488 3029 illae
510 2969 628 3046 nuptae
651 2966 756 3034 erant,
777 2959 874 3022 nimia
895 2960 927 3022 in
950 2959 1044 3021 istum
1066 2977 1132 3020 non
1154 2957 1247 3021 modo
1261 2957 1451 3032 lenitudine,
1474 2959 1529 3022 sed
1545 2959 1637 3023 etiam
1652 2958 1731 3021 libe·

412 3057 536 3122 ralitate
567 3073 785 3139 oppugnaret,
816 3053 842 3115 si
877 3051 952 3138 quid
983 3072 1023 3114 ex
1056 3051 1166 3115 litteris
1200 3051 1467 3137 Syracusanorum
1499 3052 1767 3137 conquireremus

414 3146 484 3212 437.
507 3150 617 3232 ltaque
639 3147 802 3230 Syracusis
824 3167 894 3210 cum
917 3144 1036 3209 civibus
1058 3146 1208 3209 Romanis
1230 3166 1329 3209 eram:
1351 3166 1460 3210 eorum
1481 3146 1603 3210 tabulm
1618 3146 1731 3230 exqui-

413 3244 536 3318 rebam,
558 3243 690 3305 iniurias
712 3241 949 3323 cognoscebam.
993 3240 1072 3303 Cum
1095 3240 1213 3303 diutius
1235 3241 1268 3303 in
1289 3242 1416 3324 negotio
1438 3260 1578 3326 curaque
1599 3239 1730 3314 fueram,

413 3345 449 3401 ut
477 3338 707 3421 requiescerem
740 3354 909 3418 curamque
941 3334 1035 3396 animi
1063 3336 1266 3409 remitterem,
1296 3333 1336 3397 ad
1360 3333 1527 3417 Carpinatii
1554 3333 1730 3418 praeclaras
1823 3371 1835 3389 ·

413 3431 534 3495 tabulas
556 3430 752 3503 revertebar,
771 3428 827 3490 ubi
850 3449 920 3490 cum
944 3429 1103 3512 equitibus
1124 3430 1292 3504 Romanis,
1313 3429 1495 3492 hominibus
1517 3449 1558 3492 ex
1578 3429 1633 3493 illo
1655 3448 1732 3492 con·
1783 3502 1788 3514 ¹

412 3533 508 3589 ventu
530 3524 778 3598 honestissimis,
800 3521 885 3585 illius
908 3523 1094 3596 Verrucios,
1120 3523 1159 3584 de
1181 3523 1297 3608 quibus
1318 3532 1390 3586 ante
1413 3522 1496 3598 diri,
1519 3522 1767 3606 explicabamzao

413 3640 433 3683 a
454 3617 659 3703 Syracusanis
680 3637 810 3701 prorsus
832 3616 910 3680 nihil
932 3616 1105 3680 adiumenti
1126 3636 1230 3701 neque
1251 3617 1378 3701 publice
1392 3636 1497 3700 neque
1514 3616 1661 3700 privatim
1676 3635 1731 3678 ex·

479 3912 503 3962 4.
518 3910 683 3974 paciebantur
698 3911 727 3960 44.
749 3933 776 3945 -
795 3909 863 3972 apud
878 3909 933 3972 illae
949 3907 999 3959 aa:
1019 3922 1073 3960 om.
1092 3907 1169 3959 codd.
1188 3904 1245 3958 rell.
1264 3909 1291 3957 et
1302 3908 1331 3967 0,
1350 3903 1450 3969 virgata
1466 3909 1527 3970 post
1542 3907 1620 3957 rodae
1635 3906 1729 3971 posita.

414 3986 451 4038 Ci.
470 3985 556 4036 lladv.
575 3986 652 4049 epist.
671 3997 697 4048 p.
717 3981 772 4034 4444.
791 3983 838 4047 Op.
853 3983 871 4031 l.
884 3982 983 4047 36244.
1004 3984 1073 4046 (aput
1089 3985 1109 4035 44
1127 3987 1154 4034 et
1170 3983 1208 4034 sie
1225 3981 1371 4045 deinceps.)
1390 4007 1417 4017 —
1436 3981 1461 4031 4.
1480 3983 1642 4031 ornatiuumi
1657 3982 1687 4032 lt.
1702 4006 1730 4018 ·-

413 4063 437 4113 3.
449 4060 576 4125 ceatipaiie
585 4061 614 4110 44.
630 4086 657 4096 -
677 4057 700 4110 4.
713 4059 772 4109 haee
784 4059 829 4112 443.
843 4058 925 4121 Lais:
944 4059 1050 4109 eadett.
1063 4060 1091 4111 0.
1107 4085 1134 4095 -
1153 4064 1230 4109 esau
1246 4058 1357 4122 Lga9.-
1375 4056 1523 4107 uidebantur
1538 4057 1635 4108 dett·
1654 4058 1678 4108 4.
1690 4069 1733 4106 eo·

412 4137 480 4188 lucia
496 4138 531 4187 lt:
549 4135 640 4186 solatia
656 4136 686 4184 0.
706 4162 733 4172 -
753 4134 768 4184 ti
796 4134 899 4196 Repiuos
915 4134 935 4183 44
952 4135 980 4184 44
995 4135 1073 4199 lagg.
1092 4137 1198 4199 praeter
1211 4132 1243 4183 42
1254 4135 1281 4183 et
1292 4132 1332 4184 lb.
1347 4159 1374 4169 -
1394 4133 1447 4194 quit
1464 4132 1540 4195 (corr.
1554 4134 1621 4194 quid)
1637 4132 1731 4182 iaculi.

416 4238 443 4248 -
461 4211 552 4262 mereri
569 4209 633 4260 dett.
658 4211 692 4259 at
713 4207 745 4259 ci.
765 4210 851 4258 Garat.
870 4207 904 4257 ad
925 4221 963 4257 or.
983 4208 1046 4258 Phil.
1066 4210 1084 4258 4.
1104 4223 1130 4274 p.
1149 4208 1205 4260 406.
1224 4207 1267 4257 ed.
1286 4205 1410 4257 Wernsd.
1430 4233 1456 4245 -
1484 4207 1515 4256 ite
1533 4209 1565 4257 L:
1584 4207 1622 4257 bis
1637 4204 1731 4265 coda,

413 4288 449 4338 eis
465 4288 494 4339 Ο.
514 4313 541 4324 -
560 4287 584 4336 7.
603 4285 735 4348 auferatur
751 4284 800 4344 443,
818 4282 847 4333 l:
866 4296 897 4334 ue
913 4283 1045 4347 auferatur
1061 4284 1125 4334 dett.
1145 4285 1181 4346 (ut
1195 4282 1324 4346 {eraturll
1339 4294 1379 4346 pr.
1393 4281 1439 4343 m.)
1454 4305 1481 4317 -
1500 4286 1528 4331 ut
1543 4295 1574 4331 rie
1584 4282 1647 4331 Eser.
1666 4279 1731 4331 deit.

416 4389 443 4400 -
455 4363 483 4412 ie
499 4357 654 4412 marcilii
671 4359 765 4422 (Madv.
784 4371 810 4423 p.
824 4356 863 4409 al.
882 4356 940 4408 coll.
959 4359 986 4408 in
1003 4359 1053 4408 Pis.
1073 4358 1097 4422 5.
1111 4357 1177 4417 bul:
1197 4358 1224 4406 iu
1239 4361 1314 4406 tauro
1330 4357 1451 4406 mum
1467 4355 1531 4407 dett.
1550 4356 1612 4406 0.-
1631 4356 1656 4407 8.
1673 4355 1734 4404 mit-

415 4443 469 4489 uu
485 4439 515 4489 44.
535 4465 563 4474 -
581 4437 688 4486 sutirum
705 4436 748 4498 qui
764 4436 865 4497 aputu.
881 4462 907 4470 -
927 4435 951 4484 9.
970 4433 1137 4495 tespicuscsit.
1152 4459 1178 4468 -
1199 4433 1237 4482 40.
1255 4433 1379 4482 euidoelt.
1394 4457 1421 4469 -
1442 4433 1495 4494 quii
1510 4437 1539 4481 ut
1550 4433 1647 4493 pictam
1662 4430 1735 4481 choos

413 4513 467 4575 quit
482 4513 512 4563 lt.
532 4538 559 4548 -
580 4512 621 4564 44.
640 4513 692 4575 quit
708 4511 819 4574 culturos
834 4515 862 4559 ut
878 4523 982 4573 opacum
998 4509 1026 4558 44.
1047 4534 1075 4544 -
1100 4509 1140 4558 ta.
1157 4514 1186 4558 ut
1201 4508 1298 4570 munem
1310 4508 1338 4557 44.
1359 4535 1386 4545 -
1405 4507 1445 4558 43.
1464 4507 1563 4557 iachum
1574 4507 1593 4557 44
1606 4505 1659 4556 etti
1672 4508 1732 4569 [gg.

415 4615 443 4624 -
460 4587 595 4639 Parhalum
612 4588 690 4651 lgbb.
710 4613 736 4624 -
755 4587 858 4636 mironis
875 4584 1004 4635 bacculum
1019 4583 1048 4633 44.
1069 4609 1096 4618 -
1115 4581 1155 4633 tt.
1174 4584 1222 4632 aiut
1238 4583 1267 4632 lt.
1283 4606 1310 4618 -
1330 4583 1369 4632 lb.
1389 4581 1556 4647 quamobrem]
1574 4580 1735 4644 quenadmo-

412 4664 472 4713 dum
488 4662 534 4713 63.
555 4686 582 4699 -
601 4662 646 4713 hoa
662 4661 730 4713 uua
747 4660 793 4712 Ld.
813 4659 846 4711 ci.
865 4659 897 4711 ad
916 4660 939 4724 5.
960 4660 1015 4711 444.
1041 4685 1069 4695 -
1093 4671 1313 4709 commemorarem
1329 4658 1410 4722 Lgitl3
1436 4657 1651 4708 commemorarim
1667 4655 1732 4705 dett.

411 4738 442 4788 ln
459 4738 492 4787 64
513 4749 566 4788 om.
584 4737 692 4787 baean
703 4737 834 4798 quendam.
854 4759 882 4771 -
902 4735 942 4785 46.
960 4748 1004 4785 uos
1020 4747 1073 4784 om.
1087 4734 1107 4784 14
1119 4734 1156 4784 Gi
1167 4734 1214 4784 ld.
1229 4757 1256 4770 -
1277 4734 1407 4799 quendam]
1425 4731 1488 4797 quen
1505 4734 1544 4785 eie
1560 4734 1618 4793 litt.
1632 4745 1657 4782 e.
1669 4743 1734 4792 quea

412 4823 481 4862 corr.
500 4811 526 4860 in
543 4814 633 4874 quem).
647 4840 674 4850 -
693 4813 805 4875 accipere
820 4824 861 4861 eor
876 4811 922 4873 443,
941 4810 1020 4861 codd.
1033 4806 1162 4877 Lambiqi.
1180 4808 1195 4858 3
1213 4811 1285 4858 Parr.
1303 4806 1381 4859 Lali:
1399 4809 1512 4859 amiam
1528 4809 1559 4858 iis
1575 4806 1639 4857 dett.
1658 4806 1687 4856 0.
1702 4828 1730 4841 —

411 4887 504 4937 mirum
515 4911 552 4924 --
563 4887 713 4950 auferantur
728 4901 782 4938 om.
801 4887 837 4937 64
855 4886 900 4936 Ld.
931 4914 958 4923 -
986 4886 1025 4933 ta.
1044 4884 1195 4947 auferamur
1210 4880 1282 4933 464.
1312 4911 1339 4921 -
1368 4883 1407 4933 49.
1423 4884 1535 4946 pristitum
1551 4881 1586 4932 443
1598 4879 1626 4930 l:
1649 4881 1734 4943 primo

413 4963 477 5014 dett.
490 4962 520 5013 0.
535 4986 563 5000 -
581 4964 623 5013 ab.
642 4964 719 5014 macti
730 4964 889 5013 aercditatem
901 4963 928 5012 44.
945 4987 972 4995 -
990 4958 1031 5009 43.
1047 4971 1095 5020 per
1111 4963 1143 5007 tr.
1159 4962 1241 5020 praet.
1255 4955 1271 5006 λ
1283 4957 1327 5008 63.
1343 4984 1370 4993 -
1389 4955 1430 5008 al.
1448 4958 1505 5007 illae
1516 4958 1543 5007 et
1554 4954 1651 5005 deinde
1661 4954 1734 5004 modo

413 5051 467 5089 om.
485 5039 563 5102 lagg.
582 5038 689 5103 praeter
704 5037 745 5087 29.
766 5065 793 5075 -
815 5037 956 5087 bethadiae
974 5034 1007 5084 de
1025 5033 1093 5083 coni.
1110 5032 1186 5082 amici
1204 5031 1295 5082 hamb.
1314 5031 1390 5096 prob.
1409 5033 1499 5083 Burm.
1511 5026 1614 5081 lumel.
1634 5029 1732 5079 44414.

414 5125 440 5176 p.
458 5113 515 5164 aba.
534 5110 592 5163 coll.
611 5113 677 5163 Non.
696 5125 721 5176 p.
742 5110 796 5161 434.
817 5110 873 5162 tat.
905 5137 926 5146 -
955 5108 995 5159 26.
1014 5106 1175 5168 acquirebam
1197 5106 1247 5166 443,
1268 5103 1284 5155 λ
1302 5105 1395 5168 (Madv.
1414 5119 1440 5170 p.
1459 5105 1490 5156 8³
1507 5104 1573 5169 aqi:
1598 5102 1734 5153 scribebam

414 5186 494 5245 dett.;
513 5187 681 5238 eascribebam
697 5187 731 5237 de
749 5187 854 5237 Manutii
871 5185 938 5238 coni.
956 5186 985 5235 0.
999 5211 1027 5219 -
1045 5183 1086 5232 44.
1104 5183 1131 5232 iu
1147 5195 1175 5232 eo
1191 5183 1293 5246 nepotio
1305 5182 1383 5245 lagg.
1398 5208 1425 5219 -
1443 5181 1484 5231 28.
1503 5179 1634 5243 Carpinati
1650 5177 1732 5242 ipim

414 5261 589 5325 Carpinatium
606 5263 651 5314 443.
671 5261 790 5326 [lomere
807 5274 853 5312 er:
872 5259 1003 5323 Carpinati
1019 5259 1079 5308 iam.
1099 5256 1191 5321 timu]
1210 5284 1238 5294 -
1265 5256 1306 5307 29.
1324 5256 1461 5307 bominibus
1477 5268 1530 5307 orn.
1550 5253 1614 5305 dett.
1634 5278 1662 5291 —
1680 5251 1734 5302 ittae

414 5335 478 5388 dett.
498 5337 527 5389 0.
547 5364 575 5375 -
593 5338 634 5392 30.
655 5336 853 5391 tommano:
875 5335 999 5387 Venutius
1015 5334 1044 5385 Ο.
1065 5360 1092 5370 -
1111 5338 1188 5384 aeuo
1202 5332 1280 5397 Lgib.
