4367 6109
457 566 518 634 iso
826 569 868 632 IN
889 569 1055 632 VERREM
1076 567 1199 633 acilo
1222 568 1407 633 SECUNDA

455 741 537 814 dico,
558 744 701 802 versatur
721 735 798 799 mibi
820 744 891 800 ante
914 738 1023 801 oculos
1037 738 1217 821 ¹indignitas
1239 738 1434 801 calamitatis.
1470 734 1596 798 XLVII.
1618 735 1785 797 Eorumne

453 832 643 918 populorum
666 830 767 904 cives,
795 850 904 894 eorum
926 851 1071 914 agrorum
1095 833 1259 907 alumnas,
1281 852 1322 894 ex
1345 831 1460 915 quibus
1483 828 1621 894 maxima
1642 831 1692 893 vis
1717 827 1785 891 ira·

453 927 550 990 menti
579 926 749 1008 quotannis
779 924 865 1007 plebi
887 927 1047 989 Romanae
1076 927 1205 990 illorum
1234 927 1340 1009 operis
1362 947 1399 989 ac
1420 924 1581 988 laboribus
1602 921 1784 1006 quaeritur,

453 1021 507 1103 qui
529 1039 547 1081 a
568 1020 749 1101 parentibus
772 1039 829 1102 spe
851 1020 951 1082 nostri
973 1021 1096 1102 imperii
1116 1031 1306 1104 nostraeque
1321 1019 1491 1102 aequitatis
1506 1017 1646 1101 suscepti
1663 1015 1784 1080 educa·

429 1114 540 1196 stique
570 1121 658 1188 sunt,
685 1112 726 1174 ad
755 1112 789 1175 C.
817 1115 923 1176 Verris
952 1114 1105 1178 nefariam
1136 1115 1361 1178 immanitatem
1390 1123 1423 1176 et
1451 1114 1491 1176 ad
1520 1114 1588 1176 eius
1618 1110 1783 1174 funestam

452 1228 594 1271 securem
616 1226 685 1271 esse
708 1211 870 1271 servatos?
907 1203 978 1270 lui.
1002 1209 1080 1271 Cum
1102 1209 1179 1271 mibi
1196 1208 1399 1291 Tyndaritani
1421 1208 1506 1271 illius
1527 1205 1615 1269 venit
1635 1206 1668 1269 in
1692 1223 1783 1266 men·

451 1308 531 1376 tem,
559 1321 631 1364 cum
653 1301 832 1384 Segestani,
862 1310 927 1364 tum
950 1302 1020 1365 iura
1048 1303 1142 1364 simul
1169 1303 1330 1365 civitatum
1352 1311 1447 1384 atque
1471 1301 1576 1364 officia
1597 1297 1784 1362 considero.

452 1395 539 1470 Quas
560 1397 655 1460 nrbes
683 1397 716 1457 P.
737 1395 903 1459 Africanus
926 1398 1020 1460 etiam
1042 1397 1200 1459 ornandas
1223 1416 1293 1459 esse
1316 1395 1426 1477 spoliis
1448 1394 1587 1458 bostium
1609 1392 1783 1456 arbitratus

451 1496 509 1562 est,
531 1508 585 1552 eas
607 1489 640 1552 d.
663 1490 777 1552 Verres
799 1510 863 1551 non
886 1490 988 1553 solum
1010 1490 1073 1552 illis
1097 1491 1301 1561 ornamentis,
1323 1489 1379 1552 sed
1402 1490 1496 1553 etiam
1519 1487 1595 1551 viris
1617 1485 1783 1549 nobilissi-

413 1584 509 1645 tomis
531 1581 650 1645 nefario
681 1583 800 1645 scelere
830 1584 973 1665 privavit.
1016 1584 1064 1645 En
1087 1583 1173 1666 quod
1196 1584 1400 1667 Tyndaritani
1421 1583 1556 1647 libenter
1576 1580 1782 1666 praedicent:

453 1677 540 1740 «Nos
566 1678 600 1738 in
626 1677 828 1756 septendecim
858 1679 981 1759 populis
1009 1678 1132 1740 Siciliae
1167 1697 1380 1741 numeramur:
1416 1697 1471 1740 nas
1501 1695 1615 1757 semper
1642 1674 1783 1738 omnibus

449 1769 574 1833 Punicis
607 1769 867 1852 Siciliensibusque
902 1772 984 1833 bellis
1017 1773 1183 1835 amicitiam
1214 1775 1356 1854 fidemque
1382 1774 1490 1854 populi
1522 1772 1652 1838 Romani
1685 1768 1783 1833 secuti

449 1883 568 1927 sumus:
590 1884 610 1926 a
630 1864 714 1926 nobis
732 1865 842 1945 populo
857 1868 993 1928 Romana
1014 1885 1128 1947 semper
1149 1876 1176 1929 et
1197 1867 1264 1929 dclii
1277 1867 1448 1930 adiumenta
1463 1875 1490 1930 ct
1499 1869 1586 1948 pacis
1600 1875 1783 1930 mmmmm

449 1959 623 2021 ministrato
644 1969 739 2020 sunt.»
775 1960 910 2023 Multum
932 1980 1008 2023 vero
1030 1959 1109 2024 baec
1130 1961 1170 2023 iis
1192 1961 1262 2023 iura
1282 1961 1518 2042 profueruntin
1534 1962 1625 2026 istius
1639 1959 1781 2042 imperio

414 2064 487 2116 nac
508 2053 678 2134 potestate!
694 2084 736 2099 -
751 2049 822 2116 425.
846 2054 975 2116 Vestras
998 2055 1159 2136 quondam
1174 2061 1286 2117 nautas
1301 2063 1410 2118 contra
1425 2055 1650 2138 Karthaginem
1667 2053 1781 2135 Scipio

451 2145 555 2209 duxit:
577 2155 610 2209 at
631 2167 715 2210 nunc
738 2167 850 2210 navem
873 2155 982 2210 contra
1002 2147 1181 2230 praedones
1203 2167 1304 2230 paene
1326 2149 1452 2212 inanem
1469 2148 1655 2213 Cleomenes
1678 2147 1782 2211 ducit.

387 2270 391 2275 ·
450 2241 621 2304 Vobiscum
642 2240 810 2303 Africanus
832 2240 972 2303 bostium
993 2242 1096 2323 spolia
1119 2251 1151 2304 et
1171 2242 1311 2324 praemia
1332 2241 1436 2304 laudis
1458 2243 1720 2306 communicavit:
1748 2247 1784 2303 at

449 2356 533 2398 nnnc
556 2355 613 2416 per
633 2332 718 2397 bunc
741 2335 868 2417 spoliati
889 2355 969 2397 nave
992 2355 1011 2398 a
1032 2336 1247 2419 praedonibus
1269 2336 1405 2398 abducta
1426 2336 1487 2421 ipsi
1502 2338 1534 2398 in
1549 2336 1691 2399 hostium
1706 2334 1783 2398 loco

450 2450 645 2512 numeroque
668 2429 829 2492 ducimini.
843 2462 885 2474 -
901 2428 986 2503 Quid
1009 2433 1107 2492 veroi
1129 2430 1184 2492 illa
1201 2431 1443 2512 Segestanorum
1465 2451 1530 2494 non
1545 2428 1647 2493 solum
1662 2427 1782 2492 litteris

413 2523 565 2587 inuadite
586 2543 690 2606 neque
712 2532 956 2587 commemorata
978 2523 1098 2597 verbis,
1128 2524 1183 2586 sed
1206 2524 1312 2586 multis
1342 2523 1455 2586 officiis
1476 2523 1605 2586 illorum
1625 2529 1784 2605 usurpata

450 2627 482 2680 et
503 2617 706 2699 comprobata
734 2619 880 2699 cognatio
912 2638 993 2701 qnos
1024 2617 1150 2681 tandem
1177 2616 1299 2679 fructus
1321 2617 1454 2679 huiusce
1476 2618 1722 2681 necessitudinis
1746 2617 1783 2678 in

449 2711 541 2775 istius
563 2710 696 2791 imperio
721 2711 812 2773 tuliis
856 2714 977 2794 Nempe
999 2712 1060 2774 hoc
1082 2711 1150 2773 iure
1172 2710 1249 2784 suit,
1275 2710 1414 2782 iudices,
1442 2720 1476 2773 ut
1497 2730 1538 2773 ex
1560 2710 1632 2772 sinu
1653 2709 1782 2794 patriae

449 2804 665 2867 nobilissimus
693 2803 878 2867 adolescens
908 2806 999 2867 istius
1027 2801 1165 2867 carnifici
1193 2804 1302 2866 Sextio
1340 2804 1517 2866 dederetur.
1570 2805 1628 2868 Cui
1657 2795 1782 2866 civitati

449 2898 582 2961 maiores
603 2896 704 2960 nostri
734 2897 889 2960 maximos
912 2918 1004 2980 agros
1033 2906 1129 2980 atque
1157 2898 1294 2981 optimos
1323 2905 1562 2972 concesserunt,
1594 2917 1691 2981 quam
1716 2897 1781 2959 im-

412 3006 576 3055 nmnnem
600 3010 669 3054 esse
690 2991 874 3054 aduerunt:
896 2992 976 3054 haec
997 2991 1082 3073 apud
1105 2999 1135 3055 te
1159 2992 1373 3074 cognationis,
1395 2991 1575 3064 fidelitatis,
1596 2991 1779 3064 vetustatis,

449 3085 643 3148 auctoritatis
666 3104 707 3147 ne
727 3085 789 3148 boc
812 3086 942 3168 quidem
970 3086 1048 3149 iuris
1072 3086 1224 3160 obtinuit,
1251 3093 1287 3149 ut
1314 3087 1409 3148 nnius
1436 3084 1650 3148 honestissimi
1678 3090 1779 3166 atque

448 3179 699 3241 innocentissimi
716 3180 791 3242 civis
807 3189 939 3242 mortem
955 3200 991 3242 ac
1007 3180 1192 3262 sanguinem
1208 3180 1442 3262 deprecaretur.
1464 3179 1605 3240 XLVlll.
1616 3173 1689 3240 iao.
1702 3177 1778 3252 Quo

449 3271 632 3354 confugient
654 3272 753 3335 socii?
776 3294 872 3355 quem
894 3273 1111 3355 implorabunt
1128 3266 1220 3356 iqua
1242 3293 1298 3354 spe
1322 3273 1473 3355 denique,
1495 3281 1529 3335 ut
1544 3271 1649 3335 vivere
1664 3271 1778 3344 velint,

449 3366 649 3440 tenebuntur,
664 3367 691 3429 si
707 3387 763 3430 vos
779 3387 835 3429 eos
851 3367 1026 3430 deseretis?
1047 3367 1096 3429 Ad
1115 3374 1260 3429 senatum
1274 3367 1422 3429 venienti
1445 3365 1550 3441 Quidi
1572 3373 1608 3428 ut
1620 3365 1660 3427 de
1675 3365 1777 3428 Verre

513 3608 538 3659 1.
557 3609 619 3659 ciuis
635 3610 707 3659 11.-
721 3622 807 3659 sorum
824 3608 859 3659 aa
877 3609 899 3656 V
916 3608 998 3671 agea:
1018 3621 1135 3658 emumnc
1152 3607 1215 3658 dett.
1235 3609 1263 3657 0.
1280 3635 1307 3644 -
1321 3609 1434 3658 alumnos
1450 3609 1470 3659 li
1488 3607 1525 3659 63
1542 3608 1562 3658 6
1579 3607 1602 3657 V
1618 3607 1666 3670 Lgt
1683 3605 1715 3658 ri
1726 3606 1774 3657 29:

447 3685 545 3734 colonos
561 3684 626 3734 dett.
646 3710 675 3721 -
693 3684 718 3734 3.
736 3684 876 3745 quodannis
892 3685 922 3733 li.
943 3711 970 3720 -
989 3683 1082 3733 laboris
1104 3684 1138 3741 V;
1166 3683 1250 3733 tiberis
1265 3684 1343 3745 agiu.
1364 3711 1391 3720 -
1410 3681 1434 3733 1.
1452 3695 1507 3744 spes
1527 3682 1558 3731 V.
1579 3708 1607 3719 -
1624 3686 1777 3744 cornuaque

447 3759 537 3809 asmtis
553 3759 583 3808 V.
603 3784 630 3794 -
650 3760 674 3808 5.
693 3759 793 3809 innian.
808 3760 836 3809 li.
857 3783 883 3794 —
901 3757 1025 3822 funestam
1049 3771 1158 3808 secum
1174 3758 1197 3808 V
1214 3761 1240 3809 et
1257 3757 1293 3808 ns
1317 3757 1374 3820 [sed
1390 3758 1427 3807 61
1445 3757 1492 3807 Ld.
1510 3757 1639 3822 securint:
1662 3769 1777 3807 marna

446 3835 499 3897 tun.
519 3833 582 3884 dett.
601 3835 630 3883 0.
651 3860 678 3870 -
697 3834 722 3884 ii.
742 3848 815 3897 quom
831 3835 860 3883 n.
882 3860 909 3868 -
927 3833 988 3882 milti
1005 3833 1083 3884 codd.
1103 3834 1184 3883 Prisc.
1203 3835 1233 3883 ll.
1252 3846 1278 3897 p.
1296 3831 1367 3884 atae
1387 3845 1439 3882 om.
1459 3833 1495 3882 st.
1510 3859 1538 3869 -
1552 3833 1591 3882 ti.
1610 3845 1777 3893 rassrneramur¹

447 3909 484 3959 aa
496 3909 579 3972 Lais:
597 3922 759 3961 annuamus
775 3909 855 3971 Lgitn
873 3909 999 3958 miramur
1015 3909 1051 3968 V;
1069 3922 1120 3958 non
1136 3922 1236 3958 narnus
1251 3909 1297 3957 aui
1312 3920 1461 3957 coenamus
1477 3910 1529 3957 eto.
1548 3905 1612 3958 dett.
1632 3907 1671 3959 Cl.
1684 3906 1774 3957 lladv.

449 3985 524 4046 epist.
544 3997 570 4046 p.
590 3985 645 4033 111.
664 3983 724 4034 coll.
746 3987 793 4048 Op.
811 3985 831 4034 l.
851 3997 878 4048 p.
897 3983 954 4035 3111.
978 3986 1040 4035 Bais.
1059 3998 1085 4050 p.
1104 3986 1145 4036 50.
1166 4012 1194 4022 -
1212 3984 1323 4035 mnibm
1339 3984 1375 4034 113
1392 3984 1414 4033 V
1431 3983 1510 4046 ngat:
1532 3983 1558 4031 in
1575 3981 1688 4032 mundus
1704 3981 1773 4032 deti.

448 4058 476 4106 0.
498 4085 525 4093 -
545 4058 585 4108 13.
603 4058 672 4108 nobis
688 4058 739 4109 ns:
764 4058 833 4107 nobis
849 4060 934 4107 omnia
951 4059 972 4106 V
989 4060 1064 4122 (lin),
1089 4060 1153 4110 dett.
1173 4062 1201 4110 0.
1223 4088 1250 4097 -
1270 4058 1310 4110 ii.
1328 4058 1473 4108 ministrato
1489 4058 1508 4107 li
1527 4059 1559 4107 Gi
1580 4057 1595 4106 3
1612 4058 1684 4106 Pars.
1703 4055 1772 4107 aad:

446 4132 613 4182 ministrando
629 4136 666 4184 61
684 4133 745 4193 Ld.;
765 4134 942 4183 administrato
960 4135 995 4196 V,
1020 4136 1084 4186 dett.
1106 4161 1133 4172 -
1151 4150 1210 4186 uero
1227 4148 1281 4186 om.
1300 4134 1346 4184 G3.
1361 4162 1389 4170 -
1408 4135 1438 4183 iis
1454 4136 1474 4184 n
1491 4133 1527 4182 V:
1545 4134 1567 4182 is
1583 4130 1665 4194 agam
1682 4130 1721 4180 bis
1738 4131 1773 4191 0;

445 4206 513 4256 uobis
529 4209 598 4258 coni.
617 4210 695 4259 Bake.
714 4237 741 4244 -
762 4211 802 4259 is.
821 4210 997 4273 Cartbapinnn
1013 4211 1049 4269 V;
1068 4211 1228 4273 Cartaginem
1244 4212 1278 4269 lt;
1297 4210 1512 4273 Carthaginienses
1528 4206 1606 4271 agis.
1621 4231 1649 4242 -
1664 4206 1705 4256 ts.
1724 4206 1775 4255 ad·

446 4283 519 4332 ducit
536 4285 570 4333 ad
586 4299 651 4334 stunc
668 4285 697 4333 V.
719 4311 745 4320 -
763 4299 902 4335 nartem„
913 4286 1013 4335 inanem
1030 4287 1049 4336 li
1067 4283 1082 4334 i
1101 4287 1132 4335 Gi
1155 4286 1234 4349 agae:
1253 4298 1375 4334 naues·-
1387 4286 1474 4334 inanes
1490 4283 1554 4334 dett.
1573 4284 1611 4355 Οἱ
1624 4295 1700 4333 naues
1717 4296 1773 4334 om.

447 4358 540 4408 6116.
561 4358 591 4422 [V
609 4359 690 4409 habet
707 4357 829 4409 distincte
845 4374 950 4418 nouom
970 4374 1033 4411 num
1051 4361 1151 4410 inanem
1167 4373 1200 4410 an
1218 4361 1313 4421 inanes,
1333 4359 1462 4410 incertum
1479 4359 1539 4422 est]
1559 4385 1586 4394 -
1605 4357 1680 4422 ducit]
1698 4358 1776 4408 ducii

446 4437 469 4481 st
485 4434 529 4483 113.
551 4460 579 4471 -
598 4435 636 4484 il.
655 4435 741 4484 laudes
757 4435 785 4483 a.
808 4461 834 4470 -
854 4436 894 4485 48.
911 4449 957 4497 per
974 4437 1038 4485 bunc
1056 4436 1089 4485 V:
1113 4448 1161 4497 per
1176 4448 1216 4485 rna
1236 4433 1292 4486 rell.
1311 4435 1340 4485 0.
1362 4463 1388 4470 -
1406 4436 1514 4497 spoliata
1529 4434 1590 4483 naui
1606 4448 1624 4484 a
1636 4433 1776 4496 mamoni-

446 4505 489 4555 bus
508 4509 569 4570 (om.
588 4508 702 4569 mouera)
721 4508 752 4558 V.
767 4534 794 4543 -
809 4508 835 4557 in
852 4509 904 4558 ioco
921 4524 1073 4573 numeroque
1089 4511 1126 4560 113
1138 4512 1174 4560 V:
1192 4524 1295 4561 nanisro
1312 4511 1412 4572 meoque
1429 4511 1493 4561 deti.
1507 4511 1536 4560 0.
1552 4534 1579 4545 -
1594 4508 1634 4558 ts.
1653 4508 1776 4558 dmnnini

444 4581 497 4630 Rs:
517 4584 639 4632 ducemini
656 4583 678 4630 V
696 4583 768 4646 (Ba).
787 4582 869 4644 deti.;
888 4586 1015 4635 dorcasini
1032 4587 1109 4648 ng.
1130 4613 1156 4620 -
1176 4586 1216 4637 10.
1234 4585 1320 4648 mous]
1339 4599 1382 4635 nso
1399 4587 1450 4645 1323
1473 4600 1524 4635 non
1542 4584 1588 4637 Ld.
1608 4610 1636 4620 -
1654 4583 1696 4634 11.
1715 4597 1776 4634 con-

441 4655 550 4716 probata
567 4659 601 4715 R;
627 4663 822 4708 cornmcmorato
838 4659 868 4708 V.
889 4686 916 4694 -
935 4661 1056 4724 huiusque
1077 4662 1127 4716 ne:
1153 4662 1224 4711 iuius
1246 4660 1324 4724 Lgli.
1345 4688 1372 4697 -
1391 4661 1432 4710 22.
1451 4662 1506 4711 iure
1524 4662 1572 4723 tuit
1593 4659 1630 4711 aa
1646 4658 1669 4708 V
1686 4658 1772 4722 lg‘id:

442 4730 642 4791 fudiursdeti.
662 4734 690 4783 0.
711 4736 856 4796 -patrios
877 4734 999 4787 niul:
1025 4743 1099 4799 patra
1116 4737 1152 4786 61
1171 4736 1233 4795 Ld.;
1256 4735 1381 4798 patrioV
1405 4737 1479 4799 (Br.];
1503 4737 1587 4798 patris
1607 4735 1672 4786 dett.
1691 4734 1722 4784 0.
1743 4759 1772 4768 -

443 4805 484 4855 13.
504 4807 644 4857 adulescens
660 4807 711 4857 aa:
736 4809 876 4859 adolescens
892 4815 915 4859 ot
932 4824 945 4860 e
961 4812 1093 4874 omnptscu
1113 4813 1202 4861 matris
1219 4815 1316 4873 neptus
1331 4811 1447 4860 innocms
1461 4811 1528 4875 filicis
1544 4811 1609 4860 dett.
1629 4812 1656 4859 et
1672 4808 1703 4868 V,
1723 4807 1776 4858 sed

443 4877 487 4928 hio
503 4893 536 4928 aa
552 4881 675 4942 conpicsu
691 4885 719 4932 et
735 4883 792 4933 sine
807 4884 882 4947 fliius.
903 4885 1004 4948 611.)-
1023 4889 1093 4936 istius
1109 4899 1163 4937 om.
1183 4887 1260 4948 lagg.
1280 4890 1386 4949 praetor
1403 4886 1443 4936 19.
1458 4912 1485 4921 -
1498 4886 1613 4949 carnifici
1629 4885 1716 4934 Samio
1734 4883 1771 4932 V:

443 4955 568 5018 carnificis
585 4957 662 5007 esitio
679 4958 730 5021 113,
755 4960 833 5022 lagg.
852 4972 955 5011 omnes.
976 4989 1003 4998 —
1023 4960 1063 5012 ei.
1082 4965 1258 5012 emansorem
1278 4961 1306 5010 li.
1327 4987 1354 4996 -
1373 4961 1414 5012 25.
1432 4962 1492 5011 laec
1509 4961 1545 5012 113
1562 4961 1584 5010 V
1601 4958 1684 5023 agie:
1710 4959 1775 5008 baec

443 5034 526 5078 auten
543 5031 620 5095 lagg.
635 5032 714 5092 dett.;
732 5034 793 5084 liaeo
809 5040 882 5084 tanta
899 5034 932 5086 de
951 5037 1018 5086 coni.
1031 5037 1139 5087 Munatii
1156 5038 1185 5087 0.
1201 5063 1228 5073 -
1241 5041 1304 5099 aput
1315 5036 1345 5086 V.
1361 5062 1387 5072 -
1401 5037 1441 5087 26.
1456 5037 1607 5087 auctoritato
1617 5033 1651 5084 de
1663 5033 1775 5085 nancti

444 5104 512 5153 coni.
527 5105 555 5154 0.
570 5132 597 5142 -
611 5107 650 5156 ius
662 5108 712 5165 Gt;
732 5121 786 5159 om.
799 5110 829 5159 0.
846 5137 873 5146 -
887 5111 992 5172 optinuit
1002 5110 1033 5159 V.
1048 5137 1075 5146 -
1089 5116 1164 5174 atquc
1174 5109 1365 5160 innocentissimi
1377 5124 1430 5162 cm.
1443 5111 1536 5172 llaius,
1554 5123 1607 5161 non
1619 5108 1650 5158 V.
1664 5105 1727 5171 (Er.)
1742 5134 1770 5144 -

442 5178 483 5227 27.
502 5193 532 5227 ac
549 5180 603 5230 RV
620 5182 652 5231 61
668 5182 684 5232 2
701 5184 784 5246 Lgdl:
804 5185 838 5235 ad
854 5184 916 5239 l.d.:
935 5186 1076 5237 ridolto.
1091 5214 1118 5224 -
1132 5184 1417 5248 enumerabuntur.
1432 5188 1513 5238 -19,
1528 5183 1718 5237 desuetuRGi
1734 5182 1771 5233 V:

443 5252 552 5303 moeniis
568 5254 604 5308 61
621 5251 668 5307 Ld.
688 5255 753 5309 deti.
773 5258 802 5311 0.
822 5285 850 5297 -
869 5260 903 5310 ad
918 5265 1061 5313 munnae
1076 5261 1108 5311 V.
1126 5262 1184 5313 Noa
1199 5257 1282 5312 male!
1304 5284 1331 5298 -
1349 5262 1446 5314 omioni
1461 5262 1512 5314 ne:
1534 5261 1636 5315 uoniam
1651 5258 1674 5312 V
1691 5259 1770 5326 (Bon
