4367 6109
714 613 831 678 msc
862 612 937 678 mr.
957 610 1150 676 ιιι-ω.
1176 607 1237 710 gg
1256 604 1444 676 les-le.
1676 593 1732 668 tm

417 803 489 847 cum
520 782 583 846 isto
616 781 786 864 diligenter
817 782 1118 846 sermocinatorum:
1150 781 1264 844 reverti
1296 780 1392 843 iubet.
1445 781 1525 842 Tum
1552 776 1737 841 discedunt:

416 876 571 960 postridie
598 885 809 941 revertuntur.
851 878 953 958 Negat
980 874 1036 939 illa
1060 895 1156 958 posse
1177 874 1338 938 hominem
1361 874 1505 937 exorari:
1534 889 1737 955 permagnam

417 990 490 1037 enm
518 970 625 1034 dicere
653 990 695 1034 ex
721 970 778 1033 illa
804 990 840 1033 re
862 970 1029 1052 pecuniam
1051 966 1163 1032 confici
1194 987 1298 1051 posse.
1342 968 1421 1030 Llll.
1444 968 1564 1031 Vereor
1589 984 1629 1028 ne
1662 961 1736 1046 quis

415 1064 498 1127 torte
520 1064 560 1128 ds
582 1065 720 1148 populo,
742 1065 799 1148 qui
820 1065 927 1147 priore
948 1065 1073 1127 actione
1096 1082 1160 1125 non
1181 1061 1299 1135 adluit,
1322 1061 1418 1136 haec,
1441 1061 1516 1144 quia
1537 1066 1668 1142 propter
1689 1055 1737 1119 in·

417 1158 540 1240 signem
560 1157 789 1241 turpitudinem
811 1163 885 1221 sunt
906 1156 1123 1229 incredibilia,
1144 1156 1221 1236 fingi
1243 1175 1262 1218 a
1284 1175 1335 1218 ms
1349 1156 1536 1219 arbitretur:
1558 1175 1597 1217 ea
1611 1172 1668 1216 vos
1681 1163 1761 1215 amo

417 1260 485 1325 tea,
518 1252 658 1325 iudices,
690 1252 895 1334 cognovistis.
939 1245 1010 1311 t39.
1038 1249 1128 1311 Dixit
1156 1250 1278 1312 iuratus
1306 1250 1339 1311 P.
1362 1250 1478 1323 Titius,
1509 1256 1596 1313 tutor
1622 1244 1737 1329 pupilli

418 1344 521 1409 lunii:
544 1343 627 1407 dixit
647 1347 688 1410 M.
704 1346 814 1408 lunius
837 1351 924 1408 tutor
937 1350 970 1406 et
982 1350 1136 1426 patruus:
1158 1342 1293 1405 Mustius
1308 1343 1459 1417 dixisset,
1482 1344 1509 1406 si
1523 1344 1658 1416 viveret:
1680 1336 1738 1403 sed

416 1438 536 1503 recenti
558 1458 593 1501 re
616 1438 656 1501 de
678 1438 795 1502 Mustio
818 1439 960 1501 auditum
983 1445 1049 1501 est:
1072 1437 1154 1500 dixit
1174 1437 1209 1498 L.
1224 1436 1399 1512 Domitius:
1422 1438 1477 1522 qui
1493 1459 1565 1501 cum
1580 1438 1675 1501 sciret
1687 1452 1738 1497 me

417 1555 459 1599 ex
481 1535 598 1598 Mustio
620 1535 693 1598 vivo
716 1535 859 1608 audisse,
881 1533 968 1618 quod
983 1552 1021 1595 eo
1044 1552 1115 1595 sum
1128 1551 1206 1595 usus
1221 1529 1410 1611 plurimum,
1433 1529 1561 1612 (etenim
1575 1529 1738 1600 iudicium,

419 1628 506 1713 quod
538 1648 638 1711 prope
665 1627 808 1690 omnium
836 1626 1034 1690 fortunarum
1065 1643 1194 1688 suarum
1225 1625 1257 1688 C.
1279 1627 1415 1689 Mustius
1442 1627 1569 1701 habuit,
1602 1645 1652 1689 me
1672 1635 1776 1687 unott

418 1721 608 1785 defendente
636 1719 741 1804 vicit,)
772 1740 844 1784 cum
871 1722 947 1795 hoc,
976 1727 1013 1783 ut
1033 1720 1121 1793 dico,
1151 1720 1246 1783 sciret
1267 1722 1302 1782 l..
1324 1721 1498 1795 Domitius,
1526 1741 1576 1783 me
1597 1721 1677 1783 scire
1698 1716 1739 1781 ad

419 1836 491 1880 eum
514 1835 565 1877 res
587 1835 698 1879 omnes
719 1816 870 1878 Mustium
892 1814 1022 1878 solitum
1044 1834 1114 1876 esse
1137 1813 1276 1889 deferre,
1296 1822 1401 1878 umen
1417 1816 1456 1878 de
1472 1815 1644 1879 Chelidone
1667 1813 1742 1875 reti·

419 1909 497 1983 cuit,
520 1911 627 1991 quoad
650 1910 770 1991 potuit:
800 1910 863 1973 alio
886 1907 1127 1991 responsionem
1149 1927 1238 1970 suam
1261 1908 1425 1973 derivavit.
1468 1912 1588 1973 Tantus
1608 1909 1642 1970 in
1664 1905 1742 1969 ado·

419 2002 557 2065 lescente
572 2003 747 2066 clarissimo
762 2022 799 2066 ac
814 2003 959 2085 principe
974 2003 1148 2069 iuventutis
1162 2003 1267 2084 pudor
1280 2003 1356 2077 luit,
1378 2012 1414 2067 ut
1427 2004 1568 2088 aliquam
1582 2002 1647 2076 diu,
1669 2019 1741 2062 cum

419 2117 510 2163 ame
531 2103 744 2180 premeretur,
781 2097 887 2159 omnia
908 2097 1016 2180 potius
1038 2097 1260 2177 responderet,
1294 2117 1389 2180 quem
1412 2098 1617 2161 Chelidonem
1639 2093 1779 2157 nomi-a

419 2198 519 2255 neret.
562 2190 667 2253 Primo
689 2191 887 2254 necessarios
910 2190 1001 2253 istius
1031 2190 1070 2252 ed
1093 2209 1166 2251 eum
1188 2189 1342 2271 allegatos
1364 2211 1434 2255 esse
1455 2192 1599 2255 dicebat:
1627 2189 1742 2253 deinde

419 2286 591 2369 aliquando
615 2291 743 2347 coactus
767 2283 974 2348 Chelidonem
996 2284 1181 2349 nominavit.
1224 2279 1295 2346 tto.
1328 2287 1399 2349 Non
1421 2293 1452 2349 te
1474 2286 1588 2368 pudet,
1618 2286 1743 2355 Verres,

420 2379 488 2442 eins
510 2377 653 2441 mulieris
675 2377 828 2441 arbitratu
850 2379 988 2461 gessisse
1010 2386 1204 2461 praeturam,
1228 2399 1323 2462 quam
1346 2381 1381 2442 L.
1403 2382 1561 2444 Domitius
1582 2381 1621 2444 ab
1636 2400 1670 2443 se
1685 2396 1743 2440 no-

420 2474 532 2537 minari
552 2472 608 2536 vix
630 2472 689 2535 sihi
712 2471 882 2536 honestam
906 2492 975 2537 esse
996 2472 1232 2536 arbitrabatur:
1275 2474 1352 2536 LlV.
1382 2475 1502 2538 Reiecti
1528 2495 1547 2537 a
1569 2471 1742 2538 Chelidone

420 2566 549 2649 capiunt
569 2565 739 2629 consilium
761 2567 993 2640 necessarium,
1019 2574 1056 2629 ut
1083 2566 1260 2649 suscipiant
1281 2567 1343 2649 ipsi
1365 2569 1537 2650 negotium.
1581 2569 1658 2630 Cum
1680 2565 1780 2628 lla-so

419 2659 518 2723 honio
546 2664 669 2732 tutore,
704 2658 791 2742 quod
818 2667 885 2722 erat
912 2661 967 2722 vix
998 2660 1057 2723 Hs
1080 2659 1290 2743 quadraginta
1310 2661 1450 2736 milium,
1482 2663 1662 2744 transigunt
1683 2659 1742 2723 Hs

422 2753 567 2816 ducentis
589 2753 727 2816 milibus.
759 2753 868 2817 Defert
888 2756 929 2817 ed
951 2755 1046 2817 istum
1068 2775 1135 2817 rem
1156 2755 1338 2818 Habonius:
1359 2763 1396 2819 ut
1410 2757 1469 2820 sihi
1485 2758 1645 2830 videatur,
1667 2753 1744 2818 satis

421 2847 570 2932 grandem
593 2848 762 2930 pecuniam
785 2849 915 2911 alsatis
937 2849 1153 2930 impudentem
1175 2867 1255 2911 esse.
1298 2850 1377 2925 lste,
1408 2851 1464 2934 qui
1485 2852 1650 2934 aliquanto
1671 2847 1744 2931 plus

420 2943 606 3025 cogitasset,
629 2941 711 3004 male
733 2942 849 3023 accipit
869 2942 974 3004 verbis
993 2942 1192 3005 Habonium:
1215 2952 1309 3024 negat
1330 2964 1403 3007 eum
1426 2945 1485 3008 sihi
1507 2945 1562 3008 illa
1583 2943 1744 3008 decisione

422 3037 497 3099 satis
510 3035 614 3099 facere
634 3055 750 3118 posse:
773 3055 813 3098 ne
836 3035 950 3110 multa,
973 3035 1150 3098 locaturum
1172 3054 1206 3098 se
1222 3057 1292 3099 esse
1308 3039 1481 3101 confirmat.
1518 3033 1588 3100 tlt.
1611 3039 1781 3099 Tutoresss

420 3131 482 3193 hoc
506 3130 673 3192 nesciunt:
709 3129 796 3212 quod
825 3138 930 3191 actum
960 3132 1026 3193 erat
1047 3149 1119 3192 cum
1141 3129 1305 3205 Habonio,
1327 3139 1441 3214 putant
1461 3132 1494 3194 id
1516 3152 1585 3195 esse
1607 3127 1744 3193 certissi-

422 3244 526 3286 mum:
561 3222 680 3285 nullam
708 3224 860 3286 maiorem
890 3224 1013 3306 pupillo
1046 3231 1191 3286 metuunt
1223 3225 1442 3287 calamitatem.
1485 3226 1547 3288 lste
1575 3243 1650 3288 vero
1679 3242 1744 3287 non
1782 3282 1793 3302 ,

421 3316 651 3400 procrastinat:
673 3316 779 3379 locare
801 3319 915 3400 incipit
935 3338 999 3380 non
1021 3317 1199 3399 proscripta
1220 3337 1325 3400 neque
1345 3317 1448 3381 edicta
1463 3319 1528 3394 die,
1550 3316 1744 3381 alienissimo

422 3420 580 3493 tempore,
604 3408 687 3472 ludis
710 3412 789 3494 ipsis
811 3413 975 3485 Romanis,
1005 3410 1076 3473 foro
1099 3417 1220 3473 ornato.
1267 3412 1377 3494 ltaque
1398 3414 1560 3476 renuntiat
1579 3410 1744 3474 llahooius

422 3504 506 3567 illam
530 3502 724 3566 decisionem
747 3506 913 3567 tutoribus.
956 3509 1134 3567 Accumunt
1156 3511 1260 3566 tamen
1282 3503 1322 3565 ad
1345 3512 1470 3587 tempus
1491 3514 1632 3570 tutores:
1666 3504 1781 3585 aigi-eo

422 3606 488 3661 tum
510 3597 595 3660 tollit
616 3597 726 3659 lunius
740 3605 883 3679 patruus.
920 3599 975 3662 Isti
993 3598 1081 3659 color
1096 3598 1279 3660 immutatus
1295 3606 1363 3661 est:
1386 3600 1507 3675 vultus,
1530 3601 1641 3674 oratio,
1657 3617 1745 3661 mens

423 3692 562 3775 denique
585 3689 715 3754 excidit.
753 3690 837 3766 Quid
860 3701 983 3775 ageret,
1006 3691 1112 3773 coepit
1133 3692 1292 3772 cogitare:
1315 3692 1342 3754 si
1365 3712 1446 3774 opus
1467 3695 1591 3778 pupillo
1611 3693 1746 3757 redime·

422 3793 524 3858 retur,
547 3784 574 3846 si
596 3803 646 3846 res
668 3784 770 3847 abiret
791 3785 829 3847 ab
853 3805 890 3848 eo
913 3785 1072 3867 mancipe,
1095 3804 1190 3868 quem
1213 3784 1281 3866 ipse
1304 3787 1520 3867 apposuisset,
1543 3790 1604 3853 sibi
1626 3787 1745 3853 nullam

422 3878 572 3963 praedam
594 3897 673 3940 esse.
717 3879 827 3961 Itaque
849 3880 1024 3961 excogitat,
1047 3879 1150 3962 quid?
1183 3878 1268 3940 Nihil
1290 3879 1468 3961 ingeniose,
1490 3883 1587 3958 nihil,
1608 3891 1643 3946 ut
1658 3883 1746 3966 quis·

423 3993 518 4057 quam
540 3977 649 4055 posset
671 3971 794 4044 dicere,
827 3972 1006 4054 «improbe,
1037 3992 1147 4034 verum
1170 3971 1323 4034 callidem
1355 3973 1435 4036 nihil
1463 3976 1503 4036 ab
1529 3976 1590 4039 isto
1611 3975 1779 4049 vafrum&

423 4067 503 4130 nihil
524 4065 747 4129 veteratorium
771 4066 1048 4148 exspectaveritis:
1071 4066 1178 4131 omnia
1192 4074 1319 4147 aperta,
1342 4068 1449 4132 omnia
1467 4071 1638 4153 perspicua
1654 4090 1745 4153 repe·

422 4162 559 4234 rientur,
580 4160 795 4242 impudentia,
816 4161 970 4236 amentia,
992 4161 1135 4225 audacia.
1167 4155 1237 4221 lla.
1263 4161 1315 4222 «Si
1336 4162 1459 4244 pupillo
1474 4183 1556 4245 opus
1570 4165 1745 4237 redimitur,

423 4254 500 4317 mihi
532 4252 651 4336 praeda
680 4252 719 4315 de
747 4255 892 4317 manibus
914 4256 1056 4340 eripitur.
1101 4254 1196 4331 Quod
1218 4262 1266 4317 est
1287 4255 1387 4337 igitur
1407 4256 1608 4321 remedium:
1635 4257 1744 4342 quod?

421 4350 468 4412 Ne
488 4347 584 4411 liceat
603 4347 725 4430 pupillo
747 4348 931 4411 redimere.»
978 4350 1036 4412 Ubi
1063 4349 1117 4412 illa
1147 4349 1343 4411 consuetudo
1377 4350 1543 4426 inbonis,
1575 4350 1745 4433 praedibus

422 4576 448 4613 ss
463 4562 541 4625 agae.
567 4561 604 4622 (ss
620 4560 678 4610 tort.
698 4559 850 4611 delendum.
871 4561 961 4623 Hecu.)
987 4589 1014 4598 -
1039 4560 1062 4611 l.
1079 4562 1166 4623 pctore
1181 4562 1216 4619 V,
1238 4563 1299 4624 ng.
1319 4560 1544 4625 praeteream:
1564 4563 1647 4625 pesce
1663 4561 1696 4612 el.
1714 4563 1744 4612 0.

424 4663 450 4675 -
470 4639 494 4687 6.
516 4637 592 4686 littus:
609 4635 642 4683 V:
672 4636 760 4685 rectus
776 4637 858 4698 [μὴ
882 4637 985 4685 Potitius
1001 4635 1047 4687 dts.
1067 4637 1096 4686 0.
1111 4664 1148 4676 --
1173 4637 1197 4685 7.
1216 4638 1272 4686 luat
1288 4636 1319 4685 V.
1340 4661 1367 4672 -
1394 4636 1513 4699 defensor,
1531 4643 1599 4688 tator
1616 4639 1695 4688 Prisc.
1713 4637 1744 4686 ll.

422 4728 448 4779 p.
469 4713 524 4764 ⁴53.
549 4740 576 4749 -
597 4712 704 4761 coatrae.
722 4723 751 4758 re
767 4711 797 4759 de
813 4711 848 4759 M.
868 4712 981 4761 auditum
997 4710 1085 4759 estV:
1112 4711 1217 4773 :adpro
1235 4713 1326 4761 Mustio
1346 4724 1397 4760 rec.
1414 4725 1442 4760 rc
1465 4713 1494 4761 ds
1513 4714 1549 4763 lt.
1567 4714 1680 4762 nuditum
1699 4711 1745 4760 ctt.

422 4790 450 4840 0.
467 4815 492 4825 -
512 4789 536 4838 8,
556 4789 584 4837 l.
603 4787 676 4837 Dore.
696 4785 734 4834 eV
751 4787 779 4833 et
795 4782 873 4846 vulgo
890 4789 950 4849 post
965 4788 1063 4848 Neug.:
1088 4785 1113 4834 T.
1131 4787 1204 4836 Doro.
1224 4788 1269 4835 ctt.
1291 4813 1318 4822 -
1336 4799 1376 4835 me
1391 4791 1415 4835 st
1431 4799 1464 4836 sc
1479 4788 1510 4836 V.
1533 4815 1560 4824 —
1586 4789 1610 4836 9.
1629 4787 1747 4836 ludicius

421 4863 520 4925 thttl
537 4861 586 4912 al.:
604 4861 632 4910 iu
647 4861 699 4909 iud.
714 4858 819 4910 lcodd.
833 4859 895 4918 dtt.;
914 4861 940 4910 td
956 4861 1007 4909 lad.
1021 4861 1049 4910 0.
1066 4886 1093 4895 -
1112 4861 1153 4910 tl.
1166 4865 1258 4910 tutores
1275 4861 1343 4910 coni.
1357 4861 1475 4911 Menard.
1491 4888 1518 4898 -
1536 4862 1577 4911 ἢ
1590 4861 1667 4923 desert
1678 4859 1746 4923 Laid

422 4938 463 4989 lb.
481 4938 515 4988 cl.
527 4938 558 4987 V.
573 4936 597 4999 S.
612 4935 678 4985 ⁴60:
696 4935 772 4997 refert
789 4934 835 4985 dtt.
855 4935 884 4984 0.
905 4962 932 4971 -
950 4936 1065 4983 videatur
1081 4934 1150 4984 conl.
1174 4936 1251 4984 Ero:
1270 4935 1399 4985 uidebatur
1414 4935 1492 4985 codd.
1513 4963 1540 4973 -
1559 4936 1599 4985 :a
1617 4936 1662 4984 boc
1678 4932 1746 4996 agae

424 5014 461 5064 ll:
479 5012 540 5060 baec
556 5010 604 5060 dtt.
623 5012 651 5060 0.
670 5037 696 5045 -
715 5010 756 5059 32.
775 5012 886 5073 cogitare
901 5011 980 5072 coepit
997 5011 1076 5060 Prisc.
1097 5010 1127 5058 ll.
1146 5022 1172 5072 p.
1192 5009 1247 5060 t53.
1271 5036 1298 5045 -
1317 5010 1357 5061 bl.
1375 5016 1403 5060 at
1419 5013 1550 5073 qusquam
1563 5017 1643 5073 posset
1660 5010 1744 5072 agae:

423 5088 502 5150 qutsq.
517 5086 595 5148 possit
611 5085 627 5135 8
644 5084 704 5143 dt:.;
725 5087 791 5145 quod
807 5087 886 5147 quisq.
901 5086 978 5146 possit
994 5084 1026 5135 al.
1046 5085 1075 5133 0.
1097 5111 1124 5118 -
1143 5085 1183 5135 38.
1201 5085 1303 5146 vafrum
1320 5086 1388 5136 coni.
1407 5085 1493 5135 Madv.
1512 5085 1545 5135 de
1563 5089 1621 5136 Asc.
1642 5098 1667 5148 p.
1687 5083 1744 5134 soe.

424 5165 488 5212 not:
506 5161 607 5224 sobmon
623 5163 657 5219 Α;
675 5173 763 5209 verum
780 5161 832 5222 ng
848 5160 872 5209 5.
891 5160 931 5208 27.
949 5159 990 5208 29.
1004 5159 1044 5209 lt.
1058 5159 1093 5218 H:
1112 5163 1202 5209 tectum
1218 5159 1274 5220 clii,
1293 5161 1328 5220 0:
1346 5160 1379 5210 cl.
1393 5161 1447 5209 lteu
1465 5161 1495 5209 ll.
1513 5172 1539 5223 p.
1552 5158 1607 5210 est.
1630 5158 1703 5219 Vcter
1718 5158 1747 5208 et

423 5240 548 5285 comtos·
563 5235 602 5285 sic
619 5235 761 5298 iunguntur
777 5235 824 5284 Otl.
844 5236 885 5285 lll.
905 5235 930 5296 5.
948 5235 988 5285 57.
1007 5235 1070 5297 llep.
1090 5235 1131 5284 lll.
1153 5248 1196 5299 ap.
1214 5237 1280 5286 Non.
1298 5249 1325 5300 p.
1344 5236 1383 5287 se.
1404 5262 1432 5272 -
1457 5235 1498 5286 37.
1514 5235 1606 5298 populo
1621 5233 1706 5287 Rufio.
1723 5233 1744 5286 1.

424 5310 466 5361 2⁰.
481 5334 510 5347 -
528 5308 570 5359 39.
588 5308 657 5360 bont:
672 5310 804 5361 immerito
821 5311 976 5376 suspectum
992 5308 1121 5361 Emestto.
1148 5309 1182 5361 cl.
1199 5309 1286 5363 Madv.
1303 5311 1324 5361 1.
1341 5323 1368 5378 p.
1386 5308 1443 5363 als.
