4367 6109
709 577 778 642 nn.
800 576 838 642 v.
869 574 943 640 cn.
964 574 1198 639 xxa-xum
1225 571 1282 659 33.
1304 568 1452 637 sa-er.
1679 569 1742 636 aar

419 768 486 811 sam
507 745 765 811 Mamertinorum
787 745 950 828 cognoscit
971 752 1003 809 et
1024 745 1062 809 de
1086 743 1210 808 consilii
1232 743 1390 808 sententia
1404 741 1599 806 Mamertinis
1620 762 1655 806 se
1677 740 1743 806 iru-

419 848 558 904 mentum
579 860 645 903 non
667 841 822 922 imperare
843 841 1037 924 pronuntiat.
1074 835 1124 900 54.
1147 838 1262 902 Audite
1278 839 1438 902 decretum
1453 838 1638 902 mercenarii
1652 857 1755 921 prae·¹

418 934 497 998 toris
519 954 560 997 ex
581 934 682 1016 ipsius
704 935 931 997 commentario
954 941 987 997 et
1008 933 1206 1017 cognoscite,
1228 940 1347 1016 quanta
1367 933 1401 994 in
1414 931 1580 995 scribendo
1596 932 1743 1016 gravitas,

419 1036 539 1113 quanta
559 1027 593 1090 in
614 1027 835 1092 constituendo
849 1028 919 1091 iure
934 1028 975 1090 sit
989 1028 1170 1089 auctoritas.
1192 1026 1300 1089 Recita
1315 1027 1586 1089 commentarium.
1608 1026 1648 1087 Ι).
1662 1025 1694 1088 C.
1709 1025 1742 1089 S.

419 1123 540 1184 libenter
560 1122 606 1186 ait
627 1123 793 1202 sefacere,
824 1121 932 1204 itaque
953 1120 1130 1203 perscribit.
1172 1118 1280 1194 Quina
1311 1119 1337 1181 si
1366 1119 1428 1182 boc
1449 1122 1546 1184 verbo
1569 1139 1634 1182 non
1656 1136 1768 1183 essese

419 1235 496 1279 usus
517 1214 657 1290 libenter,
686 1234 745 1278 uos
766 1214 915 1278 videlicet
936 1214 1069 1277 invitum
1091 1221 1123 1276 te
1145 1222 1313 1296 quaestum
1334 1211 1438 1276 iacere
1459 1217 1663 1296 putaremus?
1698 1215 1744 1277 Ac

418 1311 452 1373 de
479 1309 600 1373 consilii
627 1309 780 1373 sententio.
831 1308 1031 1371 Praeclarum
1057 1307 1184 1370 recitari
1214 1306 1397 1380 consilium,
1430 1306 1567 1382 iudices,
1600 1306 1744 1373 audistis.

419 1402 528 1466 Utrum
550 1403 641 1466 vobis
670 1402 838 1467 consilium
861 1403 988 1465 tandmn
1010 1403 1165 1485 praetoris
1186 1400 1311 1463 recitari
1335 1398 1516 1475 videbatur,
1542 1422 1614 1465 cum
1636 1402 1745 1466 audie·

418 1497 499 1560 batis
514 1498 654 1571 nomina,
670 1516 710 1560 an
726 1495 897 1579 praedonis
913 1495 1138 1579 improbissimi
1153 1494 1290 1557 societas
1305 1503 1400 1577 atque
1415 1496 1603 1559 comitatus?
1630 1493 1681 1559 55.
1696 1496 1745 1558 En

418 1588 582 1653 foederum
605 1589 811 1672 interpretes,
834 1590 994 1654 societatis
1009 1596 1171 1673 pactores,
1192 1586 1357 1670 religionis
1371 1589 1531 1652 auctoresl
1566 1590 1783 1673 Numquamto

420 1683 452 1745 in
475 1683 584 1747 Sicilia
604 1683 797 1748 frumentum
819 1683 947 1767 publice
969 1690 1018 1747 est
1039 1689 1197 1766 emptum,
1219 1681 1296 1764 quin
1312 1682 1507 1745 Mamertinis
1523 1702 1582 1764 pro
1596 1684 1746 1766 portione

421 1776 647 1860 imperaretur,
668 1788 839 1863 antequam
861 1778 921 1840 boc
936 1776 1090 1840 delectum
1113 1773 1374 1859 praeclarumque
1390 1774 1559 1838 consilium
1574 1777 1633 1839 iste
1649 1776 1746 1851 dedit,

419 1879 455 1935 ut
482 1871 521 1935 ab
542 1871 593 1935 lris
615 1891 762 1935 nummos
784 1873 943 1955 acciperet
968 1892 1005 1934 uc
1027 1869 1076 1933 sui
1099 1869 1211 1932 similis
1234 1875 1327 1932 esset.
1371 1868 1482 1952 ltaque
1504 1875 1626 1932 tantum
1647 1869 1747 1933 valuit

419 1965 510 2028 istius
540 1963 657 2028 decreti
686 1965 870 2039 auotoritas,
901 1972 1053 2049 quantum
1075 1963 1186 2026 debuit
1207 1963 1276 2026 eius
1297 1961 1452 2036 bominis,
1481 1963 1554 2045 qui,
1581 1983 1600 2025 a
1629 1963 1746 2046 quibus

419 2058 611 2123 frumentum
640 2079 744 2122 emere
774 2060 952 2133 debuisset,
982 2059 1022 2121 iis
1052 2058 1214 2121 decretum
1236 2056 1441 2120 vendidisset.
1483 2058 1562 2119 Nam
1584 2058 1689 2121 statim
1711 2057 1785 2125 hta

419 2152 566 2216 Metellus
586 2159 623 2216 ut
643 2153 696 2217 isti
719 2156 884 2228 successit,
907 2175 947 2217 ex
971 2153 1004 2217 C.
1020 2153 1201 2217 Sacerdotis
1223 2161 1255 2215 et
1277 2172 1317 2213 ex
1339 2152 1413 2214 Sex.
1428 2152 1583 2216 Peducaei
1601 2153 1746 2217 instituto

419 2267 456 2310 ac
478 2245 592 2310 litteris
613 2245 804 2317 frumentum
829 2248 1024 2312 Mamertinis
1045 2247 1222 2329 imperavit.
1254 2246 1357 2309 Xllll.
1379 2242 1431 2307 56.
1453 2247 1533 2308 Tum
1553 2247 1601 2310 illi
1622 2247 1748 2311 intelle·

420 2347 534 2403 xerunt
555 2360 590 2403 se
611 2340 663 2417 id,
686 2341 772 2426 quod
794 2363 813 2406 a
834 2341 917 2405 malo
932 2346 1061 2404 auctore
1076 2341 1246 2414 emissent,
1269 2338 1388 2403 diutius
1403 2339 1546 2404 obtinere
1561 2361 1626 2404 non
1641 2360 1747 2425 posse.

419 2436 485 2517 Age
506 2454 602 2520 porro
625 2442 674 2510 tu,
696 2437 753 2520 qui
775 2444 838 2499 tam
860 2435 1046 2518 religiosum
1069 2434 1243 2499 existimari
1264 2444 1295 2498 te
1310 2432 1441 2498 voluisti
1462 2435 1665 2518 interpretem
1681 2435 1749 2499 foe·

421 2529 548 2605 derum,
570 2550 627 2593 cur
647 2529 924 2593 Tauromenitanis
945 2528 1155 2605 frumentum,
1177 2550 1234 2593 cur
1254 2530 1377 2593 Netinis
1398 2528 1584 2611 imperasti?
1612 2545 1786 2612 queruloso

420 2620 582 2687 civitatum
604 2629 740 2706 utraque
762 2623 925 2687 foederata
947 2632 1004 2688 est.
1047 2626 1092 2688 Ac
1115 2623 1223 2687 Netini
1246 2622 1377 2708 quidem
1399 2622 1460 2687 sibi
1481 2642 1547 2685 non
1570 2622 1748 2699 defuerunt,

420 2733 457 2778 ac
486 2714 581 2779 simul
608 2716 826 2800 pronuntiasti
852 2717 989 2783 libenter
1016 2727 1047 2782 te
1073 2718 1270 2782 Mamertinis
1292 2716 1468 2791 remittere,
1495 2724 1526 2780 te
1547 2717 1697 2781 adierunt
1717 2725 1749 2782 et

421 2807 554 2873 eandem
575 2830 665 2874 suam
687 2831 813 2876 causam
833 2812 973 2877 foederis
999 2833 1069 2877 esse
1092 2813 1278 2876 docuerunt.
1321 2812 1370 2876 Tu
1391 2811 1483 2874 aliter
1504 2810 1674 2874 decernere
1696 2830 1749 2874 ea·

421 2901 493 2965 dem
514 2901 548 2965 in
571 2924 667 2969 causa
687 2925 754 2969 non
775 2907 927 2988 potuisti:
948 2905 1134 2990 pronuntias
1155 2906 1288 2969 Netinos
1307 2903 1501 2968 frumentum
1523 2905 1599 2969 darc
1613 2925 1679 2968 non
1694 2904 1749 2968 de·

420 2996 496 3060 bere
523 3006 555 3061 et
582 3000 621 3062 ab
648 2999 699 3063 his
727 3007 832 3064 tamen
862 3001 974 3084 exigis.
1013 3000 1098 3065 Cedo
1124 2999 1202 3064 mibi
1233 2998 1377 3063 eiusdem
1398 2999 1555 3083 praetoris
1576 2998 1695 3063 litteras
1717 3004 1787 3065 etas

421 3109 526 3154 rerum
555 3090 752 3156 decretarum
779 3102 813 3157 et
840 3094 990 3158 frumenti
1018 3095 1174 3179 imperati.
1216 3094 1379 3157 errsrrs
1400 3114 1506 3158 uasa
1527 3111 1749 3157 oseasrsarrr.

422 3183 508 3260 Quid
530 3186 641 3269 potius
663 3186 697 3249 in
718 3187 778 3251 bac
799 3194 886 3252 unta
907 3196 940 3253 et
961 3197 1025 3253 tam
1052 3188 1136 3272 turpi
1158 3187 1371 3252 inconstantia
1391 3188 1546 3272 suspicari
1566 3206 1750 3272 possumus,

420 3278 557 3355 iudices,
586 3301 683 3364 quam
705 3282 754 3357 id,
786 3283 875 3367 quod
896 3303 1026 3348 necesse
1049 3290 1113 3358 est,
1135 3290 1191 3345 aut
1210 3281 1264 3346 isti
1286 3302 1305 3347 a
1326 3282 1449 3346 Netinis
1470 3283 1655 3366 pecuniam,
1676 3300 1748 3346 cum

420 3382 581 3454 posceret,
604 3394 670 3437 non
692 3374 796 3440 datam
818 3384 873 3439 aut
893 3378 927 3441 id
949 3398 1019 3442 esse
1042 3384 1162 3451 actum,
1184 3383 1219 3438 ut
1240 3374 1454 3459 intelligerent
1467 3375 1645 3439 Mamertini
1666 3375 1748 3439 bene

422 3485 456 3528 se
484 3466 569 3549 apud
598 3468 694 3533 istum
722 3478 786 3533 tam
812 3471 910 3534 multa
940 3472 1043 3554 pretia
1063 3491 1101 3534 ac
1124 3490 1254 3534 munera
1276 3470 1467 3545 collocasse,
1494 3491 1566 3534 cum
1587 3468 1673 3534 idem
1693 3467 1809 3533 aliisu-

422 3558 499 3623 iuris
522 3580 563 3623 ex
585 3563 696 3626 eadem
719 3583 813 3628 causa
834 3585 899 3629 non
922 3566 1125 3630 obtinerent?

507 3650 558 3716 57.
579 3654 639 3720 llic
660 3657 739 3720 mihi
761 3658 856 3722 etiam
877 3660 1007 3724 audebit
1029 3660 1223 3725 mentionem
1243 3659 1348 3724 facere
1366 3658 1571 3723 Mamertinae
1591 3658 1748 3723 laudatio-

421 3749 489 3824 nis,
517 3749 551 3811 in
573 3769 636 3835 qua
657 3771 753 3834 quam
774 3753 873 3818 multa
895 3755 960 3819 sint
980 3754 1130 3832 vulnera,
1159 3755 1232 3839 quis
1253 3764 1302 3818 est
1322 3761 1480 3828 vestrum,
1508 3752 1648 3828 iudices,
1668 3748 1748 3835 quin

487 3992 512 4042 t.
529 3994 687 4045 wmaori
703 3995 732 4044 a.
753 4021 780 4031 -
799 3995 824 4046 3.
843 4002 939 4059 ewice
950 4022 987 4034 --
997 3998 1114 4062 praedes
1129 4010 1182 4047 om.
1201 3996 1266 4046 dett.
1287 4022 1314 4032 -
1333 3995 1360 4045 ta
1375 3994 1506 4045 scribendo
1522 3995 1551 4045 ll.
1566 4020 1593 4030 —
1612 3994 1637 4046 l.
1654 3990 1747 4059 amre]

423 4067 451 4117 a.
470 4068 498 4117 44.
520 4094 547 4104 -
570 4069 604 4118 D.
621 4068 648 4120 0.
667 4070 694 4118 S.
714 4071 738 4132 (i.
758 4083 783 4120 e.
801 4071 831 4121 de
847 4072 943 4122 consilii
959 4072 1086 4133 valentio)
1104 4071 1138 4122 de
1156 4070 1267 4136 Zumptii
1285 4071 1368 4130 coni,
1391 4069 1437 4133 qui
1460 4073 1548 4121 umen
1567 4066 1669 4119 titulum
1687 4080 1748 4119 esse

421 4140 516 4200 soluit3
543 4142 641 4194 rectius
664 4141 795 4207 Halmius,
821 4145 848 4196 id
865 4147 937 4211 quod
958 4148 1097 4212 sequentia
1114 4147 1225 4206 docent,
1252 4145 1436 4197 commentarii
1457 4143 1537 4195 verba
1561 4156 1621 4195 esse
1642 4144 1746 4194 statuit:

422 4216 449 4266 C.
468 4215 495 4266 S.
514 4215 566 4273 atu
589 4217 619 4268 lt.
638 4217 665 4269 G.
683 4218 765 4280 dett,
789 4222 818 4271 lt.
836 4222 869 4271 D.
889 4223 1001 4287 llsrvag.
1019 4222 1036 4272 i.
1056 4236 1079 4272 e.
1098 4235 1185 4273 rerum
1201 4222 1372 4279 decmtonem
1396 4222 1425 4271 ll.
1444 4221 1476 4271 b.
1501 4215 1686 4284 [became
1705 4215 1752 4269 ux

422 4289 663 4358 COMMENTARIO]
681 4294 710 4345 0.
731 4320 758 4330 -
778 4296 802 4345 7.
820 4297 907 4346 consili
923 4298 952 4348 ll.
973 4324 999 4332 -
1022 4297 1047 4349 8.
1065 4297 1165 4347 tandem
1179 4301 1261 4359 praet.
1279 4296 1383 4347 recitari
1400 4290 1464 4345 uel
1481 4298 1508 4345 et
1524 4293 1540 4344 7
1557 4294 1635 4357 baga.
1655 4291 1747 4354 (Madv.

422 4378 448 4430 p.
467 4365 533 4428 bil:
551 4367 621 4417 recit.
640 4370 741 4420 sanaem
753 4376 837 4434 prud.
856 4373 886 4423 0.
906 4371 953 4436 [De
971 4372 1048 4424 codd.
1067 4373 1147 4437 mag.
1166 4371 1263 4422 erravit
1279 4368 1436 4435 Zumptius.]
1456 4396 1483 4406 ·-
1502 4369 1542 4419 40.
1559 4367 1686 4431 smitam
1701 4366 1747 4418 143.

424 4467 450 4477 -
470 4441 510 4492 ti.
529 4444 671 4510 conquam]
698 4459 775 4508 quam
798 4452 822 4498 te
838 4448 868 4498 ll.
889 4473 917 4485 -
946 4449 985 4499 45.
1009 4448 1104 4499 deberet
1120 4447 1198 4512 ngas.
1217 4472 1244 4482 -
1270 4445 1310 4511 iis]
1327 4446 1349 4495 is
1364 4446 1393 4495 a.
1414 4470 1441 4479 -
1461 4444 1502 4494 46.
1520 4443 1653 4493 Sacerdote
1669 4443 1698 4493 ll.
1719 4467 1746 4477 -

421 4520 445 4566 et
460 4528 493 4566 aa
510 4516 558 4567 aa:
577 4532 611 4569 ec
627 4533 680 4570 om.
699 4519 764 4571 dett.
783 4522 812 4572 0.
831 4550 857 4558 -
876 4524 941 4574 muti
955 4522 1065 4586 peducee
1082 4523 1138 4586 (sic)
1156 4523 1187 4572 u.
1201 4548 1228 4556 -
1248 4520 1289 4572 48.
1307 4519 1365 4571 emit
1381 4521 1458 4569 Arus.
1477 4518 1510 4570 ll.
1529 4531 1556 4583 p.
1570 4517 1664 4571 221-
1683 4517 1750 4580 opti-

420 4604 480 4641 aere
495 4591 525 4643 a.
546 4619 572 4628 -
597 4593 637 4644 49.
655 4595 728 4644 aaut.
746 4600 769 4646 te
785 4597 822 4648 443
833 4594 861 4647 l:
886 4603 909 4648 te
925 4600 986 4648 ante
1003 4603 1056 4647 tom
1071 4596 1174 4648 babent
1189 4596 1255 4647 dett.
1273 4596 1303 4645 0.
1323 4619 1351 4631 -
1374 4595 1416 4644 st.
1440 4597 1469 4643 ot
1489 4592 1573 4643 Netini
1590 4593 1623 4642 Gt
1644 4592 1747 4655 Zumpt.

421 4667 455 4715 rt
471 4665 504 4717 cl.
522 4666 608 4719 Madv.
627 4669 675 4733 Op.
693 4672 712 4720 l.
731 4683 758 4735 p.
777 4670 835 4722 366.
865 4699 891 4709 -
914 4673 955 4722 22.
973 4686 1035 4722 nom
1051 4672 1125 4722 dmrrl
1141 4686 1173 4722 uc
1189 4669 1253 4722 dett.
1273 4672 1302 4720 0.
1328 4698 1354 4706 -
1381 4669 1540 4720 Mamertinis
1556 4668 1654 4731 wdem
1671 4666 1747 4726 dett.;

421 4741 457 4792 M.
477 4741 591 4809 [quidne]
609 4744 638 4794 0.
655 4771 682 4780 -
696 4749 719 4796 te
735 4759 788 4797 om.
807 4746 853 4798 143.
873 4746 951 4811 [Fort.
964 4760 1039 4808 rem,
1053 4748 1170 4798 adierunt
1180 4753 1203 4797 te
1213 4752 1237 4796 et
1248 4749 1299 4797 cet.
1313 4745 1406 4808 blara]
1420 4771 1446 4780 -
1460 4744 1501 4794 23.
1514 4744 1541 4793 ia
1552 4744 1638 4794 eadem
1648 4742 1714 4792 dett.
1727 4740 1748 4791 0

423 4817 451 4878 (ll
469 4829 505 4868 m·
523 4830 564 4881 pr.
583 4817 687 4869 medem
703 4819 748 4883 ia).
770 4847 795 4856 —
815 4819 856 4872 il.
875 4820 961 4872 debere
977 4821 1013 4872 aa
1031 4819 1063 4873 λι
1083 4828 1198 4885 oportere
1213 4821 1278 4872 dett.
1297 4820 1326 4872 0.
1346 4846 1376 4858 -
1394 4819 1435 4870 25.
1454 4817 1541 4870 Malim
1557 4818 1597 4869 iis.
1616 4819 1697 4869 Hans.
1718 4843 1745 4854 -

421 4889 539 4955 meuses
555 4892 588 4953 a;
606 4893 695 4958 eptem
710 4892 772 4955 Ld.;
790 4897 893 4961 eupuli
910 4898 943 4956 L;
962 4896 1022 4948 lort.
1034 4897 1125 4962 stipis.
1142 4898 1192 4949 Sed
1201 4898 1269 4949 cedo.
1284 4924 1311 4933 -
1324 4896 1365 4946 26.
1378 4896 1487 4946 litterae
1496 4906 1582 4944 rerum
1592 4894 1750 4945 decrdm

422 4965 574 5030 Zumptius:
596 4980 653 5018 eam
672 4969 829 5019 amomum
844 4970 877 5030 lt,
901 4983 958 5021 mm
973 4972 1158 5023 &mentones
1174 4975 1207 5023 ot
1222 4972 1252 5032 2,
1275 4984 1331 5022 aea
1347 4971 1530 5021 decertmacum
1546 4966 1606 5026 Ld.;
1625 4971 1649 5016 et
1663 4979 1750 5017 roasa
1850 4974 1856 4986 ·

422 5038 580 5090 decremmm
587 5043 664 5092 tritici
671 5043 747 5106 enspti
757 5043 821 5094 dett.
830 5058 837 5105 ;
849 5042 882 5109 [et
891 5045 968 5096 tritici
978 5045 1071 5112 erepti]
1083 5048 1228 5111 [bllls'ildli
1234 5046 1408 5099 pressuris
1414 5046 1476 5097 rra
1481 5045 1525 5095 Vll
1533 5040 1751 5093 necassetve

423 5113 591 5167 FRVMENTI
611 5116 765 5169 latrasse!
778 5118 822 5169 lii
834 5120 1002 5173 FRVMENTI
1016 5121 1133 5187 wll]
1151 5123 1180 5175 0.
1201 5150 1228 5160 -
1247 5123 1288 5174 Yl.
1306 5135 1338 5171 oc
1355 5126 1406 5171 tom
1423 5120 1502 5183 lagg.
1521 5120 1636 5184 (praeter
1652 5116 1685 5167 29
1696 5115 1748 5180 48),

423 5188 507 5329 (ἰῇ-9-
530 5190 667 5319 mm
688 5193 769 5259 baga.
791 5192 856 5248 dett
882 5223 910 5236 ·-
934 5196 975 5248 29.
998 5209 1023 5249 se
1045 5195 1311 5263 bessum-30.
1333 5191 1749 5248 memma-aarum
