4367 6109
444 577 508 645 732
859 579 1011 643 onat'lo
1032 576 1113 642 PRO
1133 578 1171 640 l.
1190 575 1355 641 numa

447 751 664 825 desiderabat,
684 757 831 835 praetura
851 749 997 812 restituit.
1039 744 1092 809 38.
1112 748 1193 809 lium
1215 745 1272 808 tihi
1292 744 1373 808 haec
1393 765 1492 828 parra
1511 745 1672 808 ridentur
1691 746 1781 810 adiu·

447 854 555 909 menta
574 855 606 909 et
625 844 767 909 suhsidia
788 842 990 906 consulatus?
1023 841 1178 904 Voluntas
1200 840 1355 902 militamt
1376 859 1459 923 quae
1480 860 1554 902 cum
1569 861 1632 923 per
1646 861 1684 903 se
1699 842 1781 905 valet

448 938 668 1012 multitudine,
700 959 772 1001 cum
799 935 885 1021 apud
915 955 991 998 suos
1018 938 1136 1017 gratia,
1164 942 1231 996 tum
1258 952 1333 995 vero
1361 935 1393 995 in
1422 933 1555 997 consule
1583 933 1780 998 declarando

448 1033 580 1096 multum
612 1033 706 1094 etiam
732 1030 816 1114 apud
845 1031 1028 1093 universum
1059 1028 1214 1111 populum
1244 1029 1418 1091 Romanum
1447 1029 1652 1092 auctor-itatis
1684 1029 1781 1093 hahet

427 1125 630 1208 ssudragatio
653 1124 815 1198 militaris3
837 1125 1042 1207 imperatores
1064 1123 1148 1184 enim
1170 1123 1305 1184 comitiis
1325 1122 1561 1195 eonsularihus,
1581 1143 1654 1186 non
1668 1126 1780 1188 verho

448 1239 518 1282 rum
540 1220 728 1302 interpretes
750 1218 941 1300 deliguntur.
985 1216 1091 1293 Quare
1113 1215 1216 1298 gravis
1237 1223 1287 1278 est
1307 1215 1363 1278 illa
1384 1217 1503 1279 oratio:
1532 1219 1612 1279 «lle
1634 1219 1780 1281 sancium

448 1312 618 1375 recrearit:
640 1331 690 1374 mc
712 1310 829 1393 praeda
852 1310 1001 1374 donavit:
1033 1310 1094 1372 hoc
1116 1309 1196 1371 duce
1218 1318 1321 1372 castra
1343 1310 1500 1393 cepimus,
1526 1309 1621 1391 signa
1642 1310 1779 1373 eontuli-

450 1425 537 1468 mus:
560 1423 731 1489 numquam
752 1405 811 1467 iste
833 1404 905 1487 plus
927 1402 1018 1466 militi
1039 1403 1157 1465 laboris
1175 1402 1340 1486 imposuit,
1362 1423 1457 1486 quam
1471 1403 1531 1466 sihi
1546 1405 1686 1487 sumpsit
1699 1405 1779 1488 ipse,

449 1517 521 1559 cum
542 1495 652 1571 fortis,
674 1504 740 1559 tum
763 1499 857 1561 etiam
878 1497 985 1560 felini
1019 1497 1087 1559 lloc
1108 1497 1217 1577 quanti
1231 1506 1323 1579 putas
1337 1517 1408 1559 esse
1421 1496 1462 1559 ad
1476 1497 1593 1559 famam
1606 1496 1777 1560 hominum

412 1607 441 1653 so
448 1609 485 1652 ac
506 1590 724 1654 voluntatem?
752 1591 876 1654 Etenim
899 1591 926 1653 si
941 1599 1027 1653 tanta
1042 1590 1104 1652 illis
1119 1591 1254 1652 comitiis
1267 1591 1380 1673 religio
1395 1599 1459 1664 est,
1480 1599 1517 1654 ut
1529 1591 1637 1654 adhuc
1652 1611 1779 1673 semper

450 1702 543 1745 omen
568 1683 700 1746 valuerit
720 1685 988 1767 praerogativum,
1020 1683 1097 1766 quid
1125 1683 1237 1746 mirum
1265 1693 1314 1747 est
1340 1685 1374 1747 in
1395 1685 1456 1747 hoc
1476 1684 1641 1748 felicitatis
1661 1684 1777 1748 famam

448 1795 690 1860 sermonemque
711 1777 867 1841 vallinse?

531 1870 619 1932 xlx
649 1870 712 1934 Sed
741 1873 768 1934 si
794 1870 873 1935 haee
899 1871 1017 1935 leviora
1048 1872 1154 1946 ducis,
1188 1890 1271 1955 quae
1300 1880 1373 1935 sunt
1400 1873 1601 1954 gravissima,
1636 1880 1670 1934 et
1693 1871 1777 1935 hanc

449 1962 599 2025 urbanam
622 1965 877 2046 suffragationem
899 1966 1025 2030 militari
1047 1969 1233 2049 anteponis,
1262 1964 1331 2027 noli
1352 1964 1497 2029 ludorum
1525 1966 1625 2029 huius
1648 1965 1776 2048 elegan-

412 2075 440 2123 ie
449 2057 523 2119 tiam
545 2063 578 2118 et
598 2076 730 2121 scaenae
751 2057 1016 2142 magnificentiam
1038 2059 1129 2123 valde
1152 2068 1372 2132 contemnere,
1402 2080 1485 2144 quae
1505 2060 1580 2123 huic
1600 2059 1775 2123 admodum

448 2149 644 2232 profuerunt
686 2153 764 2214 Nam
786 2152 864 2235 quid
888 2173 946 2237 ego
968 2154 1068 2217 dimm
1090 2153 1244 2238 populum
1265 2173 1301 2216 ac
1321 2154 1433 2236 vulgus
1454 2155 1671 2237 imperitorum
1693 2152 1776 2218 ludis

449 2263 563 2325 magno
584 2263 680 2327 opere
702 2245 869 2308 delectarit
911 2247 1017 2310 llinus
1039 2254 1087 2310 est
1114 2246 1306 2321 mirandum
1337 2267 1527 2332 quamquam
1555 2247 1633 2310 huic
1661 2268 1776 2312 causac

450 2338 482 2400 id
504 2338 580 2400 satis
601 2346 667 2414 est;
689 2347 763 2403 suut
783 2340 867 2403 enim
889 2340 1000 2425 populi
1020 2361 1057 2403 ao
1079 2339 1291 2403 multitudinis
1313 2341 1448 2404 comitia.
1476 2341 1583 2416 Quare
1605 2342 1633 2404 si
1654 2340 1775 2424 populo

450 2431 593 2494 ludorum
616 2433 846 2516 magnificentia
866 2434 1021 2517 voluptati
1044 2442 1107 2508 est,
1129 2442 1261 2498 nonest
1283 2434 1457 2497 mirandum
1479 2455 1548 2498 eam
1570 2437 1606 2497 l..
1620 2437 1775 2499 Murenae

411 2525 534 2607 toapud
555 2527 709 2609 populum
731 2527 896 2610 profuisse.
933 2525 984 2590 39.
1008 2528 1070 2590 Sed
1092 2527 1121 2590 si
1142 2528 1366 2609 nosmetipsi,
1389 2530 1445 2612 qui
1459 2536 1491 2591 et
1504 2529 1544 2591 ah
1558 2527 1774 2591 delectatione

449 2618 535 2680 omni
555 2620 690 2701 negotiis
712 2621 899 2705 impedimur
920 2630 951 2685 et
972 2623 1005 2684 in
1027 2623 1096 2705 ipsa
1116 2621 1323 2703 occupatione
1345 2620 1571 2684 delectationes
1591 2622 1672 2685 alias
1694 2622 1776 2683 mul-

451 2719 497 2774 tas
518 2711 636 2776 hahere
656 2733 842 2797 possumus,
871 2714 954 2779 ludis
976 2724 1081 2778 tamen
1109 2715 1304 2777 oblectamur
1325 2721 1358 2776 et
1377 2714 1535 2789 ducimur,
1563 2715 1642 2798 quid
1663 2724 1698 2779 tu
1720 2715 1775 2778 ad-

450 2805 562 2868 mirere
585 2806 626 2869 de
648 2806 844 2871 multitudine
866 2808 1014 2872 indocta?
1056 2806 1108 2871 40.
1137 2810 1172 2869 L.
1203 2806 1306 2881 Otho,
1334 2809 1383 2870 vir
1406 2808 1513 2881 fortis,
1543 2828 1635 2873 meus
1664 2829 1774 2872 neces·

450 2899 568 2974 sarius,
591 2900 730 2983 equestri
753 2901 857 2964 ordini
879 2903 1017 2966 restituit
1030 2923 1096 2966 non
1110 2902 1213 2966 solum
1227 2899 1425 2983 dignitatem,
1448 2901 1504 2964 sed
1518 2903 1613 2966 etiam
1628 2903 1775 2986 volupta-

412 3001 523 3060 tstem.
566 2994 676 3077 ltaque
699 2993 751 3057 lex
773 2996 868 3070 haec,
898 3016 979 3080 quae
1000 2997 1040 3060 ad
1062 2996 1155 3060 ludos
1177 2995 1327 3077 pertinet,
1354 3003 1402 3058 est
1423 2996 1565 3058 omnium
1586 2997 1774 3078 gratissima,

449 3087 535 3169 quod
555 3087 780 3152 honestissimo
802 3089 905 3152 ordini
927 3110 998 3153 cum
1019 3090 1187 3174 splendore
1208 3087 1328 3150 fructus
1350 3109 1477 3172 quoque
1498 3088 1705 3152 iucunditatis
1726 3099 1775 3153 est

448 3180 619 3244 restitutus.
664 3181 769 3256 Quare
791 3182 950 3246 delectant
969 3182 1133 3257 homiues,
1155 3181 1232 3245 mihi
1254 3181 1364 3256 crede,
1386 3182 1468 3256 ludi,
1490 3185 1584 3247 etiam
1600 3183 1693 3258 illos,
1717 3186 1772 3266 qui

450 3272 665 3349 dissimulant,
694 3295 757 3338 non
784 3276 885 3339 solum
916 3296 988 3351 eos,
1017 3278 1071 3360 qui
1101 3277 1255 3339 fatentur:
1285 3275 1370 3360 quod
1392 3295 1451 3359 ego
1472 3277 1505 3338 in
1527 3296 1598 3339 mea
1618 3278 1772 3361 petitione

449 3367 548 3442 sensi;
571 3387 641 3431 narn
665 3388 723 3431 nos
745 3389 875 3453 quoque
897 3369 1063 3432 habuimus
1085 3389 1230 3432 scaenam
1253 3371 1508 3452 competitricem.
1542 3370 1636 3446 Quod
1660 3372 1686 3434 si
1702 3391 1771 3454 ego,

410 3461 504 3544 ioqui
525 3461 623 3527 trinos
646 3462 737 3526 ludos
759 3463 869 3525 aedilis
890 3463 1042 3537 feceram,
1065 3471 1170 3525 tamen
1191 3462 1320 3525 Antonii
1343 3463 1424 3524 ludis
1446 3464 1683 3538 commovebar,
1705 3466 1771 3538 tihi,

449 3554 504 3636 qui
526 3574 601 3617 casu
621 3557 726 3620 nullos
747 3557 883 3631 feceras,
906 3556 985 3619 nihil
1007 3557 1101 3620 huius
1123 3557 1215 3620 istam
1236 3556 1354 3639 ipsam,
1385 3576 1480 3640 quam
1501 3557 1631 3631 irrides,
1660 3578 1772 3642 argen-

449 3654 531 3712 team
552 3668 697 3713 scaenam
721 3650 916 3714 adversatam
938 3654 1051 3734 putast
1095 3646 1146 3712 ll.
1176 3649 1238 3714 Sed
1259 3651 1337 3714 haec
1358 3671 1435 3714 sane
1456 3651 1520 3715 sint
1540 3651 1628 3734 paria
1649 3653 1770 3716 omnia:

513 4068 537 4118 l.
555 4069 710 4119 ‹lendmmct
726 4071 787 4121 Ern.
805 4082 879 4135 susp.
893 4071 961 4121 —3.
979 4084 1036 4120 cren
1052 4073 1121 4134 amad
1137 4072 1257 4133 EGzL,
1275 4076 1334 4124 Par.
1353 4071 1378 4122 l.
1396 4073 1421 4123 8.
1440 4074 1456 4123 9
1472 4075 1544 4137 (opat
1560 4076 1604 4134 G):
1632 4080 1686 4124 taen
1702 4076 1771 4138 opud

448 4145 536 4194 Μθν.
554 4172 587 4180 -
608 4144 632 4196 l.
652 4147 790 4196 liontcnom
807 4159 860 4196 om.
879 4161 907 4206 χ.
931 4174 964 4182 -
985 4147 1057 4196 hahet
1072 4149 1222 4211 suffraqotio
1238 4148 1333 4199 codd:
1355 4149 1448 4199 habet?
1468 4150 1624 4214 Summotis
1640 4150 1699 4199 LO.
1729 4150 1767 4199 Cf.

448 4220 558 4284 iladvig.
577 4220 611 4270 ad
628 4222 678 4271 Cic.
697 4222 726 4270 do
743 4222 815 4271 Fine.
834 4234 860 4285 p.
879 4221 936 4272 809.
954 4249 989 4258 —-
1009 4224 1034 4272 a.
1052 4222 1110 4286 non]
1128 4223 1155 4271 in
1172 4226 1204 4284 G,
1228 4235 1282 4273 om.
1300 4224 1360 4273 EC.
1378 4251 1412 4260 —
1434 4225 1458 4275 6.
1477 4225 1615 4288 ditiqrm
1631 4225 1664 4282 G,
1689 4225 1714 4274 Μ
1732 4236 1768 4275 m.

446 4309 503 4360 pr.,
528 4309 555 4344 v.
575 4323 608 4331 —-
627 4301 663 4345 est
678 4295 732 4360 illc]
754 4296 820 4345 illitu
836 4309 862 4346 v.
886 4324 919 4334 —
940 4298 964 4346 7.
983 4297 1098 4346 recitavit
1120 4305 1156 4359 ψ.
1183 4325 1210 4335 -
1234 4298 1258 4347 8.
1274 4299 1332 4360 plus
1347 4300 1392 4348 iste
1409 4313 1434 4349 v.
1458 4326 1485 4335 —
1508 4300 1595 4348 militis
1610 4298 1639 4349 Τ.
1665 4325 1693 4334 -
1719 4300 1768 4350 lab.

446 4369 561 4430 imposuit
578 4381 632 4419 om.
652 4371 682 4419 ll.
701 4398 734 4407 -
750 4371 861 4432 nenpsit.
879 4373 931 4433 ipse
948 4372 1092 4431 ElleL.
1113 4397 1140 4407 -
1160 4373 1184 4422 9.
1203 4385 1259 4420 com
1276 4372 1344 4423 EM:
1367 4378 1420 4422 turn
1437 4375 1547 4433 GTxv.
1568 4399 1595 4408 -
1615 4374 1657 4423 to.
1674 4376 1772 4424 cernitis

447 4447 476 4493 G.
495 4471 528 4479 -
545 4444 625 4492 adhuc
641 4457 715 4505 snper
731 4458 802 4494 mnne
814 4447 960 4507 praevalent
977 4461 1002 4496 v.
1014 4473 1048 4484 —
1065 4447 1105 4496 li.
1123 4446 1202 4510 omen]
1219 4447 1307 4496 honori
1324 4448 1351 4497 Ε.
1368 4476 1395 4484 -
1412 4448 1521 4497 soluerit
1535 4460 1589 4498 om.
1607 4463 1637 4507 χ.
1652 4474 1679 4485 -
1690 4461 1771 4510 proe-

445 4519 588 4583 ropontiam
604 4520 629 4569 ll
646 4532 682 4569 m.
695 4532 735 4584 pr.
748 4548 781 4556 -
797 4522 863 4582 quod
880 4524 908 4570 G.
925 4549 951 4557 -
966 4526 1001 4570 cst
1017 4535 1070 4572 om.
1089 4535 1115 4573 v.
1131 4549 1158 4558 -
1171 4523 1212 4572 ti.
1230 4523 1396 4584 monsque
1410 4522 1515 4572 oolmsse
1525 4525 1554 4573 G.
1569 4549 1596 4558 -
1611 4525 1652 4574 45.
1664 4537 1772 4575 momine

445 4607 473 4642 v:
492 4606 580 4644 scenos
596 4593 708 4643 EGllO
726 4594 761 4656 (et
778 4596 816 4645 sic
834 4596 917 4658 infra).
939 4622 965 4632 -
986 4597 1025 4646 ⁴6.
1043 4601 1089 4645 cot
1103 4597 1191 4660 colpus
1207 4597 1236 4647 Ε.
1248 4625 1282 4634 -
1296 4597 1386 4660 vulpem
1400 4597 1544 4659 iorpmitam
1559 4610 1633 4660 susp.
1646 4598 1725 4657 Ern.;
1744 4602 1771 4649 at

446 4681 470 4716 v.
490 4668 611 4717 (isonat.
630 4668 672 4716 lll.
692 4668 716 4731 S.
736 4669 791 4718 495.
811 4668 844 4719 de
862 4671 941 4721 Deor.
961 4673 1018 4721 Nat.
1037 4673 1056 4721 l.
1076 4671 1100 4734 5,
1120 4672 1176 4721 tot.
1195 4699 1228 4707 -
1244 4673 1285 4721 ll.
1303 4672 1393 4734 minin]
1414 4672 1488 4721 nfinis
1504 4675 1534 4721 G.
1564 4673 1701 4723 lmmerito
1718 4674 1770 4725 hoc

446 4741 522 4794 colon
544 4743 640 4792 eminas
656 4747 691 4791 est
706 4743 864 4793 mirandum·
887 4748 948 4808 post
964 4746 1090 4795 Beckium
1107 4746 1228 4796 Schtitzio
1245 4750 1400 4811 suspectum
1416 4746 1472 4796 fuit.
1493 4773 1519 4782 -
1546 4760 1662 4809 ouonom
1677 4762 1772 4799 cnusm

445 4832 470 4867 v.
488 4844 522 4854 -
539 4818 579 4867 ⁴8.
598 4817 623 4865 id
640 4829 693 4866 om.
713 4819 742 4866 G.
763 4843 790 4851 -
814 4818 854 4867 ⁴9.
873 4820 937 4880 eam]
955 4832 1057 4869 causum
1074 4835 1102 4880 χ.
1128 4844 1154 4856 -
1178 4822 1221 4871 20.
1239 4821 1271 4870 ab
1288 4821 1371 4871 deieci.
1391 4821 1441 4871 EG
1458 4819 1567 4884 aliique:
1590 4835 1609 4870 o
1624 4823 1710 4873 deieci.
1729 4825 1768 4882 lt;

444 4892 476 4941 oh
494 4905 545 4941 om.
560 4892 605 4950 Τχ
615 4904 643 4949 v,
661 4891 693 4940 oh
704 4891 861 4942 oblectatione
878 4894 938 4956 Lag.
953 4895 993 4944 ⁴0.
1007 4894 1037 4943 43
1050 4896 1106 4954 etz
1119 4896 1145 4958 (x
1157 4895 1214 4945 sine
1226 4894 1277 4957 ab),
1290 4895 1349 4946 fort.
1362 4897 1445 4945 recte.
1457 4922 1484 4930 —
1503 4896 1544 4945 il.
1557 4894 1634 4959 mimi]
1644 4901 1771 4948 cmnmani

445 4980 517 5030 susp.
537 4967 667 5017 Benecke.
682 4993 711 5004 -
723 4968 764 5017 it.
781 4969 902 5030 possimus
919 4969 965 5017 HS
974 4983 1002 5028 χ.
1017 4995 1043 5005 -
1058 4974 1081 5020 ct
1097 4971 1213 5020 ducimur
1228 4973 1252 5020 ll
1270 4984 1329 5034 sup.
1348 4968 1393 5020 lin.
1412 4970 1502 5023 hahet.
1517 4997 1545 5006 -
1557 4972 1688 5021 adonim
1704 4974 1769 5033 mei,

447 5043 516 5104 Cup,
540 5043 601 5104 Lag.
621 5041 644 5091 9.
663 5042 704 5092 20.
723 5043 763 5092 25.
781 5043 823 5093 26.
842 5044 882 5093 65.
904 5070 931 5079 -
953 5044 993 5094 23.
1013 5046 1042 5095 de
1057 5046 1128 5095 mult.
1146 5046 1209 5110 ind]
1230 5046 1412 5095 multitudinem
1427 5047 1552 5096 indoctum
1568 5047 1637 5098 coni.
1657 5046 1768 5105 Lamh.;

447 5119 474 5164 at
491 5129 515 5165 v.
534 5115 620 5168 lladv.
638 5116 672 5165 ad
690 5117 739 5167 Cic.
758 5119 787 5167 ds
803 5118 875 5168 Finn.
893 5132 919 5182 p.
940 5120 979 5169 ⁴0.
1001 5146 1027 5154 -
1046 5118 1086 5169 al.
1106 5122 1192 5170 ordine
1209 5126 1238 5170 G.
1255 5148 1282 5157 -
1301 5120 1426 5169 eonstitmt
1442 5135 1469 5179 χ.
1484 5147 1511 5156 -
1524 5123 1565 5170 25.
1583 5126 1608 5171 ot
1623 5135 1647 5170 o.
1665 5124 1771 5184 massis-

446 5192 510 5239 ss'mo
526 5196 561 5240 est
576 5197 612 5253 ψ.
632 5217 658 5225 -
678 5192 720 5241 at.
738 5197 761 5241 et
776 5193 831 5242 illos
848 5207 876 5254 v,
894 5195 970 5243 ctiam
985 5207 1026 5245 eos
1042 5196 1069 5244 l..
1090 5221 1117 5228 —
1138 5195 1178 5244 29.
1197 5196 1218 5244 si
1235 5209 1289 5245 om.
1308 5198 1338 5246 G.
1350 5222 1384 5232 —-
1395 5195 1436 5245 30.
1454 5201 1537 5246 unios
1552 5209 1578 5247 v.
1593 5222 1620 5232 -
1637 5196 1727 5246 arnoni
1738 5200 1768 5248 G.

450 5291 477 5303 -
496 5265 536 5318 3⁴.
553 5266 635 5317 nodos
652 5269 726 5319 G.—
743 5267 811 5335 nihil]
829 5268 923 5320 nonll.
938 5268 1071 5321 —inn‘dss
1087 5271 1117 5321 G.
1132 5270 1213 5322 -32,
1229 5276 1302 5334 natm
1317 5271 1371 5322 Tv.
1386 5275 1483 5322 -ttmt
1497 5282 1552 5331 κν.
