4367 6109
806 565 879 631 66.
900 564 1132 631 xxi-xxo
1158 535 1216 647 ps.
1237 556 1384 627 sr-ca.
1687 556 1750 627 444

435 740 598 806 dicemus?
631 736 789 810 44466464,
818 736 846 800 si
867 736 979 799 Latine
1000 735 1088 820 loqui
1110 736 1270 811 volumus,
1300 754 1381 818 quos
1403 733 1562 819 appellare
1582 753 1656 797 rere
1677 754 1751 817 pce·

434 835 563 899 sumus?
604 830 726 915 Opinor
750 829 908 914 eos,·qui
936 830 1033 893 scutis
1060 831 1196 914 telisque
1223 830 1323 914 parati
1352 829 1519 911 ornatique
1541 837 1624 893 sunt.
1667 827 1752 905 Quid

432 929 549 1010 igitur?
583 927 610 990 si
637 925 737 1009 glebis
765 933 820 989 aut
845 923 932 987 saxis
959 932 1015 986 aut
1041 923 1177 987 fustibus
1207 923 1343 1007 aliquem
1367 922 1407 985 de
1427 922 1527 987 fundo
1549 923 1752 1007 praecipitem

431 1021 533 1103 egeris
562 1020 730 1102 iussusque
763 1019 823 1093 sis,
859 1037 954 1103 quem
990 1018 1174 1081 bominibus
1207 1019 1335 1081 armatis
1369 1016 1539 1095 deieceris,
1575 1018 1753 1089 restituere,

430 1115 605 1178 restituisse
626 1121 657 1176 tc
680 1113 787 1176 diceet
819 1111 922 1175 Verba
940 1111 971 1177 si
994 1111 1109 1185 valent,
1131 1113 1157 1174 si
1180 1131 1293 1174 causae
1314 1131 1379 1175 non
1399 1113 1533 1187 ratione,
1555 1113 1610 1175 sed
1624 1109 1778 1175 vocibuse

430 1205 654 1292 ponderantur,
676 1227 727 1270 me
748 1212 876 1270 auctore
899 1205 1019 1268 dicito:
1041 1205 1149 1267 vinces
1170 1203 1311 1287 profecto
1334 1225 1398 1268 non
1419 1204 1518 1269 fuisse
1540 1213 1674 1268 armatos
1689 1222 1754 1276 eos,

431 1304 487 1385 qui
509 1322 586 1368 saxa
607 1301 762 1374 iacerent,
793 1319 875 1383 quae
897 1298 937 1363 de
959 1305 1042 1362 terra
1062 1299 1124 1382 ipsi
1148 1297 1309 1373 tollerent;
1338 1318 1402 1360 non
1424 1318 1493 1362 esse
1514 1320 1600 1362 arma
1621 1297 1755 1382 cespites

431 1418 537 1479 neque
559 1384 770 1479 glebas3'non
792 1392 890 1455 fuisse
914 1399 1051 1455 armatos
1072 1412 1138 1465 eos,
1161 1393 1216 1474 qui
1238 1399 1475 1474 praetereuntes
1496 1412 1616 1457 ramum
1639 1389 1756 1455 defrin-

431 1499 541 1574 gerent
569 1489 706 1553 arboris:
739 1506 825 1551 arma
853 1507 923 1550 esse
952 1487 1018 1549 suis
1046 1486 1226 1549 nominibus
1255 1485 1319 1548 alia
1343 1487 1383 1549 ad
1405 1487 1593 1569 tegendum,
1626 1486 1687 1550 alia
1715 1482 1755 1547 nd
1858 1473 1861 1482 '

431 1585 620 1658 nocendum,
643 1601 725 1666 quae
749 1582 805 1664 qui
828 1599 892 1644 non
913 1579 1092 1655 habuerint,
1115 1599 1170 1643 eos
1192 1579 1330 1643 inermos
1351 1578 1448 1643 tuisse
1469 1582 1588 1644 vinces.
1623 1574 1674 1640 di.
1695 1579 1797 1640 Veto

430 1699 501 1742 rnm
533 1679 560 1741 si
589 1676 676 1760 quod
705 1675 765 1739 erit
793 1693 951 1738 armorum
978 1673 1145 1747 iudicium,
1174 1680 1241 1735 tum
1270 1673 1332 1736 ista
1358 1672 1469 1736 dicito:
1502 1674 1580 1737 iuris
1607 1671 1756 1735 iuditium

434 1792 506 1836 cum
528 1770 589 1835 erit
610 1775 642 1833 et
662 1769 846 1852 aequitatis,
879 1787 955 1832 cave
977 1769 1010 1831 in
1032 1768 1093 1831 ista
1123 1775 1186 1830 tam
1212 1766 1342 1849 frigida,
1375 1774 1439 1831 tam
1467 1768 1575 1831 ieiuna
1603 1762 1757 1829 calumnia

433 1865 604 1929 delitiscas.
646 1865 718 1926 Non
748 1863 831 1925 enim
859 1862 1000 1944 reperies
1032 1881 1222 1945 quemquam
1250 1861 1387 1923 iudicem
1415 1868 1470 1925 aut
1495 1868 1756 1945 recuperatorem,

434 1961 500 2045 qui,
523 1969 682 2043 tamquam
704 1957 731 2021 si
753 1975 839 2020 arma
860 1956 971 2020 militis
993 1955 1196 2038 inspiciunda
1217 1956 1291 2029 sint,
1312 1955 1358 2017 ita
1379 1955 1494 2037 probet
1508 1962 1679 2019 armatum:
1701 1949 1757 2015 sed

433 2054 566 2137 perinde
588 2050 715 2124 valebit,
738 2051 827 2134 quasi
850 2051 1049 2114 armatissimi
1070 2049 1197 2123 inerint,
1220 2050 1247 2111 si
1267 2048 1467 2132 reperientur
1479 2051 1522 2113 ita
1535 2046 1635 2134 parati
1648 2045 1794 2119 fuissene

433 2157 471 2213 ut
490 2150 555 2214 vim
575 2148 659 2210 ritae
680 2150 736 2207 aut
757 2143 879 2227 corpori
900 2144 1061 2226 potuerint
1080 2143 1203 2206 afferre.

519 2239 621 2302 XXII.
644 2234 695 2301 62.
717 2237 837 2319 atque,
858 2245 894 2299 ut
914 2237 1015 2319 magis
1036 2232 1213 2319 intelligas,
1235 2257 1332 2320 quam
1352 2237 1451 2302 rerba
1471 2235 1551 2300 nihii
1569 2237 1708 2314 valeant:
1729 2236 1758 2301 si

434 2345 469 2398 tu
497 2333 585 2398 solus
617 2339 672 2395 ant
699 2331 803 2414 quivis
834 2352 917 2395 nnus
938 2352 1009 2395 cum
1040 2337 1129 2394 scuto
1150 2337 1183 2393 et
1203 2331 1308 2414 gladio
1330 2332 1483 2416 impetum
1505 2332 1538 2397 in
1559 2353 1610 2397 sne
1631 2333 1760 2399 fecisset

433 2435 528 2510 atque
551 2445 610 2508 ego
632 2425 677 2488 ita
699 2423 841 2488 deiectus
863 2444 982 2499 essem,
1003 2424 1179 2489 auderesne
1201 2425 1307 2489 dicere
1327 2426 1532 2490 interdictum
1546 2445 1617 2491 esse
1638 2429 1679 2491 de
1701 2428 1759 2493 ho-

433 2521 570 2584 minibus
592 2517 737 2592 mmatis,
758 2517 810 2581 bic
832 2525 937 2582 antem
958 2518 1120 2581 bominem
1140 2527 1295 2582 armatum
1315 2538 1414 2585 unum
1434 2519 1559 2585 inisset
1580 2523 1666 2597 Non,
1688 2521 1796 2606 opi-tt

434 2636 510 2689 nor,
532 2622 595 2678 tam
617 2611 786 2695 impudens
808 2633 904 2677 esses.
937 2613 1035 2696 atqui
1056 2612 1149 2687 ride,
1176 2633 1217 2676 ne
1238 2613 1338 2677 multo
1360 2633 1445 2678 nunc
1466 2617 1511 2678 sis
1532 2613 1756 2699 impudentior.

433 2710 513 2772 Nam
542 2714 609 2771 tum
639 2705 769 2788 quidem
797 2725 908 2770 omnes
929 2704 1077 2769 mortales
1103 2705 1271 2789 implorare
1293 2728 1421 2790 posses,
1449 2709 1536 2793 quod
1556 2709 1702 2774 homines
1722 2710 1756 2774 in

434 2809 489 2865 tuo
519 2800 649 2882 negotio
679 2799 791 2864 Latine
820 2799 1098 2874 obliviscerentur,
1138 2799 1225 2884 quod
1252 2801 1364 2865 inermi
1396 2802 1506 2865 armati
1534 2801 1756 2882 indicarentur,

436 2894 539 2979 quod,
569 2913 641 2956 cum
674 2890 875 2957 interdictum
897 2900 980 2957 esset
1001 2892 1041 2956 de
1062 2893 1225 2978 pluribus,
1255 2896 1423 2958 commissa
1444 2915 1494 2958 res
1515 2898 1659 2960 essetab
1680 2919 1756 2974 uno,

435 3009 518 3053 unus
546 2987 642 3050 homo
671 2987 778 3070 piures
809 3007 878 3050 esse
898 2988 1044 3051 homines
1070 2988 1273 3051 iudicaretur.
1316 2984 1367 3050 63.
1389 2989 1505 3052 Verum
1527 2989 1561 3051 in
1582 2990 1631 3054 his
1653 2992 1795 3057 causis!⁸

434 3101 500 3146 non
522 3081 618 3143 verba
639 3081 772 3144 veniunt
791 3081 825 3144 in
846 3080 1016 3155 iudicium,
1045 3080 1102 3144 sed
1124 3101 1162 3145 ea
1183 3101 1249 3155 res,
1279 3081 1370 3145 cuins
1391 3101 1487 3145 causa
1507 3083 1603 3147 rerba
1622 3084 1701 3148 haec
1721 3086 1755 3148 in

433 3175 636 3247 interdictum
658 3175 802 3238 coniecta
823 3181 904 3238 sunt
937 3174 1026 3248 Vim,
1049 3194 1130 3258 quae
1153 3175 1193 3238 ad
1216 3182 1311 3258 caput
1330 3194 1368 3238 ac
1382 3176 1478 3238 vitam
1498 3177 1685 3260 pertineret,
1706 3198 1756 3242 re·

435 3269 523 3331 stitui
545 3269 615 3332 sine
636 3269 702 3331 ulia
724 3268 909 3350 exceptione
923 3266 1102 3331 voluerunt.
1135 3268 1181 3332 Ea
1201 3269 1237 3332 fit
1254 3269 1439 3353 plerumque
1453 3288 1511 3353 per
1524 3270 1668 3335 homines
1684 3291 1757 3336 coa·

435 3370 503 3425 ctos
526 3369 748 3445 armatosque:
772 3362 799 3424 si
821 3361 884 3424 alio
900 3361 1048 3435 consilio,
1070 3360 1182 3426 eodem
1204 3362 1346 3445 periculo
1368 3362 1451 3425 facta
1472 3363 1529 3437 sit,
1552 3365 1665 3429 eodem
1686 3366 1755 3429 iure

436 3476 505 3519 esse
534 3455 713 3519 voluerunt.
751 3456 822 3519 Non
851 3455 936 3519 enim
963 3455 1064 3519 maior
1085 3463 1134 3519 est
1158 3457 1293 3530 iniuria,
1322 3457 1349 3520 si
1379 3464 1434 3520 tua
1463 3455 1584 3522 familia
1610 3479 1706 3544 quam
1727 3461 1795 3525 si⁸⁰

499 3687 525 3740 8.
541 3686 634 3752 praee
649 3685 680 3745 4;
698 3687 737 3738 646
753 3687 833 3738 etiam
850 3687 965 3738 46446-
984 3689 1008 3738 e.
1027 3693 1050 3739 te
1066 3685 1411 3742 mcumtidinabto:
1429 3689 1567 3748 4446444444
1585 3692 1754 3753 4444644444ς

434 3763 640 3816 4464444444-
658 3762 683 3813 6.
700 3762 748 3827 464]
764 3774 796 3813 64
811 3762 840 3812 T.
855 3788 883 3799 -
899 3763 1150 3827 obesaqueprcsecto
1160 3765 1188 3814 T.
1207 3763 1607 3829 sort.ctncssqstcenpmraeso.
1626 3766 1666 3817 Ci.
1679 3766 1755 3817 fland

434 3840 510 3892 Tuis.
527 3839 570 3889 iv,
588 3851 615 3903 p.
632 3837 691 3888 884.
711 3863 739 3875 -
762 3837 787 3887 ’4.
806 3835 877 3901 quae]
894 3838 939 3899 664
954 3836 1099 3903 Gbekpt
1115 3840 1143 3889 et
1157 3840 1188 3889 4.
1208 3864 1236 3877 -
1262 3839 1363 3901 camur
1378 3839 1470 3890 ETA:
1487 3841 1606 3902 4644444444
1621 3840 1705 3896 480.
1724 3867 1752 3879 -·

434 3915 458 3965 8.
475 3916 673 3976 444644444644446
689 3922 819 3976 aempq
836 3912 884 3976 (pr.
902 3912 938 3974 cn)
957 3909 995 3973 444
1011 3914 1084 3963 etii.
1105 3939 1134 3951 -
1152 3914 1192 3964 44.
1209 3913 1399 3964 meriti:
1425 3914 1688 3970 tnmRALto.
1712 3915 1753 3968 ct.

435 3989 461 4053 5.
473 3988 514 4040 43.
531 4012 559 4023 -
578 3988 618 4037 44.
635 3987 657 4036 44
673 3986 774 4049 quoqa
791 3988 819 4037 et
834 3986 965 4037 irenndio
981 3988 1081 4038 testei:
1099 3986 1141 4050 (de
1158 3989 1178 4037 T
1193 3986 1254 4039 silet
1269 3986 1440 4051 tiariessiusiz
1457 3989 1479 4039 44
1495 3990 1594 4052 quidm
1609 3989 1753 4046 444440.

434 4063 552 4116 Eaedem
567 4072 648 4114 voces
665 4062 730 4113 intra
748 4073 855 4125 quoquc
872 4060 897 4124 fi.
909 4061 950 4112 44,
963 4062 1033 4111 inter
1049 4073 1079 4113 se
1096 4064 1261 4126 permutatae
1277 4065 1348 4113 sunt.
1362 4087 1391 4101 -
1409 4062 1450 4113 44.
1467 4062 1756 4128 4646446144646444·

435 4141 533 4204 puncta
546 4138 576 4190 E.
587 4163 616 4174 -
629 4136 775 4187 «4646444646
784 4149 809 4186 v.
824 4148 865 4186 c.»
881 4148 934 4200 mg.
946 4134 974 4190 4.
987 4161 1015 4172 -
1035 4136 1075 4187 48.
1087 4137 1210 4187 4444444664
1219 4136 1257 4186 E:
1275 4136 1401 4188 dsttmes
1410 4135 1486 4200 44444
1497 4138 1517 4188 T
1527 4137 1676 4191 Heriessins
1687 4137 1754 4203 44444)

434 4213 549 4269 4440.
568 4213 608 4264 Gt.
626 4212 650 4275 s.
669 4212 709 4261 66.
728 4223 754 4274 p.
767 4209 849 4262 Tullio
865 4211 889 4274 5.
908 4211 948 4263 88.
966 4213 995 4262 L.
1013 4212 1100 4263 4444644
1115 4211 1201 4275 (trop
1219 4211 1276 4261 464.
1289 4211 1367 4274 serp.
1379 4223 1430 4261 444.
1442 4210 1556 4278 44444444)
1571 4226 1597 4264 v.
1615 4212 1687 4264 844.;
1704 4214 1756 4264 Nec

432 4287 627 4351 perdetisctt
641 4286 696 4352 44464
711 4286 801 4347 464464,
818 4292 899 4336 4446444
913 4299 1015 4349 cmpos
1028 4285 1147 4351 66446644
1163 4311 1192 4322 —
1208 4286 1334 4349 4464444444
1345 4287 1374 4337 Τ.
1392 4285 1430 4337 (44.
1450 4286 1476 4351 fl.
1489 4285 1530 4338 64.
1543 4287 1599 4337 soc.
1618 4287 1704 4338 Osann
1721 4286 1756 4337 64

436 4364 491 4415 Cio.
509 4363 543 4415 de
560 4364 624 4427 itep.
643 4375 669 4425 p.
688 4359 736 4412 448
752 4373 812 4424 sqq.
827 4385 854 4398 -
874 4360 914 4413 44.
932 4362 1086 4425 6464444646
1102 4362 1149 4412 ek
1164 4364 1193 4412 et
1208 4363 1237 4413 1..
1250 4387 1280 4400 -
1299 4363 1338 4412 46.
1353 4361 1461 4425 64644444
1476 4361 1533 4412 Ti..
1547 4387 1575 4397 -
1594 4361 1756 4412 6466446444

435 4433 1380 4500 144464444046646444444646646644444;66446444646.4;
1398 4435 1756 4501 emandoebttp.-tt.ed·

433 4512 501 4575 44444
516 4512 587 4562 4.-
606 4509 646 4560 48.
664 4510 1022 4574 6666666664684ι
1040 4508 1557 4576 466666666644644440.-
1574 4506 1752 4574 4464444444.-

435 4589 476 4639 40.
494 4586 631 4639 4664444446
647 4586 753 4637 64446444
768 4587 804 4637 T:
830 4586 1088 4637 6646444664πῶ46
1104 4583 1247 4640 444480.
1266 4611 1293 4622 -
1320 4587 1363 4636 rt.
1380 4585 1441 4651 46444]
1462 4587 1516 4636 46444
1531 4586 1595 4637 Eat
1612 4586 1676 4646 (sse.
1693 4584 1755 4647 mi,

434 4676 496 4714 44664
512 4675 530 4726 q
547 4660 672 4725 (seem.)
688 4657 759 4720 4.-
777 4660 819 4711 tt.
840 4661 1238 4724 ...mqeodtorotvsertotuo
1254 4663 1652 4726 44466446υ46444664444446444444
1668 4667 1756 4712 66646-

434 4737 506 4787 444644
526 4740 752 4798 episcopm...
772 4733 804 4798 (3.
822 4735 873 4799 64.)
897 4735 979 4786 habet
995 4737 1023 4786 P.
1043 4761 1071 4771 —
1089 4735 1131 4786 23.
1150 4735 1226 4787 4644444
1249 4736 1449 4788 64444444444444444·
1468 4735 1565 4790 Mo:
1592 4738 1668 4788 4644444
1688 4737 1756 4800 toqui

436 4811 637 4863 6444644444444464
657 4819 721 4860 cum
737 4806 828 4859 Aldina
844 4807 900 4863 48.
921 4835 949 4845 -
975 4810 1066 4861 44444444
1087 4810 1423 4877 484464666464,
1448 4825 1518 4864 corr.
1535 4825 1568 4879 p,
1591 4825 1644 4877 rog.
1662 4814 1697 4875 4,
1718 4813 1753 4864 0:

436 4886 537 4935 4444444444
552 4897 592 4948 pr.
611 4895 642 4947 p;
659 4883 765 4934 4444444444
780 4883 861 4936 444444
877 4886 905 4935 64
920 4882 980 4946 44;
1007 4891 1123 4936 64446464
1138 4887 1167 4938 L.
1190 4886 1229 4938 ct.
1248 4886 1273 4951 fi.
1290 4886 1332 4938 88.
1351 4913 1380 4927 ·-
1397 4887 1439 4938 25.
1457 4889 1611 4938 4644464464
1626 4888 1756 4939 editiones

436 4961 553 5011 Venetae
570 4959 767 5022 antiquissimae
784 4962 855 5010 tres:
872 4959 1198 5015 assumsisse
1209 4986 1237 4998 ··
1254 4962 1296 5013 bt.
1305 4962 1366 5013 4644
1380 4961 1538 5012 8464444444
1547 4963 1608 5026 (orn.
1620 4963 1655 5026 444)
1667 4961 1716 5012 'ia
1729 4962 1757 5014 et

437 5035 615 5099 superscripta
630 5035 825 5099 praepositione
840 5035 868 5086 444
883 5035 919 5096 Ε;
939 5035 999 5085 4646
1015 5037 1050 5087 64
1064 5038 1224 5088 46444444444444
1237 5049 1321 5102 pravo
1337 5036 1456 5102 perditae
1472 5040 1500 5088 tn
1516 5037 1662 5102 archetypo
1678 5036 1757 5101 sylla·

437 5110 489 5160 hee
506 5109 691 5175 supplemento
707 5111 735 5161 P.
754 5109 793 5162 ct.
810 5123 838 5176 p.
855 5110 913 5161 864.
930 5123 959 5162 v.
971 5111 995 5161 6.
1014 5110 1038 5175 S.
1051 5111 1092 5164 66.
1106 5138 1135 5149 -
1152 5113 1194 5163 et.
1210 5112 1311 5176 64444644
1326 5114 1400 5166 644.
1413 5136 1442 5150 -
1461 5126 1493 5163 64
1508 5113 1599 5164 PET:
1616 5116 1641 5164 et
1656 5113 1691 5162 64
1705 5113 1756 5165 444

437 5184 520 5239 nto.
541 5211 569 5224 -
589 5186 724 5250 perttomt
741 5187 777 5238 P:
799 5186 907 5250 4444444444
924 5184 1069 5240 444440.
1088 5212 1116 5224 -
1139 5185 1371 5253 samm,
1393 5199 1459 5252 quae
1478 5187 1581 5239 etcum
1595 5187 1755 5240 4464644666

438 5259 585 5316 tertiabit.
