4367 6109
453 597 517 671 508
864 612 1015 679 ORATIO
1037 613 1116 680 rao
1137 614 1176 680 Δ.
1198 614 1370 682 CAECINA

403 846 408 856 ,
454 801 524 846 rum
546 782 627 846 sitne
648 781 745 857 fecta3
768 788 799 846 te
821 804 896 847 vero
919 784 1005 849 nullo
1029 785 1124 849 modo
1147 806 1242 869 posse
1259 785 1446 860 defendere,
1468 787 1501 850 in
1516 806 1580 870 qua
1594 807 1629 850 re
1643 794 1676 851 tu
1696 784 1782 849 velis

455 878 550 941 verba
576 876 711 960 spectari
739 884 899 960 oportere,
928 879 961 941 in
984 899 1047 963 qua
1074 899 1108 942 re
1131 880 1213 944 nolis
1235 899 1299 943 non
1322 888 1478 964 oportere.
1513 880 1615 944 XXX.
1637 879 1691 944 86.
1719 883 1782 942 Ve-

453 991 523 1035 rum
543 979 647 1035 tamen
669 971 786 1056 ecquid
806 971 884 1035 milri
906 973 1116 1056 respondetur
1137 973 1178 1037 ad
1199 972 1295 1048 illud,
1317 975 1404 1058 quod
1420 993 1479 1057 ego
1501 974 1563 1037 iam
1578 982 1672 1038 antea
1695 972 1781 1053 dixi,

454 1082 519 1127 non
539 1065 641 1129 solum
662 1086 697 1129 re
718 1073 750 1130 et
770 1067 942 1142 sententia,
972 1067 1028 1131 sed
1049 1067 1155 1131 verbis
1177 1088 1306 1152 quoque
1328 1069 1388 1132 hoc
1414 1068 1613 1131 interdictum
1635 1069 1680 1132 ita
1702 1088 1780 1131 esse

429 1159 678 1240 seompositum,
698 1169 735 1224 ut
748 1160 827 1223 nihil
842 1162 1095 1226 commutandum
1110 1160 1288 1226 videretur?
1310 1161 1480 1237 Attendite,
1495 1181 1622 1244 quaeso,
1637 1163 1782 1247 diligen·

454 1260 518 1327 ter,
545 1261 801 1338 recuperatores:
830 1261 879 1318 est
909 1254 993 1319 enim
1014 1259 1110 1320 vestri
1138 1256 1273 1338 ingenii,
1300 1276 1366 1319 non
1388 1276 1509 1330 meam,
1538 1257 1780 1321 sed-maiorum

453 1347 652 1431 prudentiam
674 1368 878 1431 cognoscere;
901 1368 966 1412 non
988 1351 1071 1414 enim
1096 1352 1127 1414 id
1143 1371 1212 1413 sum
1227 1348 1384 1424 dicturus,
1409 1350 1495 1434 quod
1510 1370 1569 1433 ego
1587 1351 1780 1425 invenerim,

453 1443 509 1507 sed
531 1442 618 1526 quod
639 1443 712 1507 illos
733 1462 798 1505 non
818 1441 943 1525 fugerit.
982 1444 1059 1507 Cura
1082 1445 1121 1507 de
1143 1444 1175 1506 vi
1198 1444 1413 1517 interdicitur,
1441 1443 1503 1507 duo
1525 1464 1641 1526 genera
1661 1466 1781 1509 causa-

452 1559 523 1602 rum
544 1558 614 1602 esse
635 1536 867 1619 intelligebant,
889 1537 929 1600 ad
952 1558 1033 1621 quae
1056 1539 1256 1601 interdictum
1273 1538 1460 1621 pertineret:
1482 1559 1597 1612 unum,
1619 1539 1718 1622 siqui
1734 1557 1781 1601 ex

416 1636 492 1698 ¹leo
513 1634 602 1710 loco,
630 1632 684 1697 ubi
705 1630 834 1703 luisset,
866 1650 900 1694 se
923 1631 1078 1698 deiectum
1101 1632 1235 1706 diceret;
1267 1632 1414 1706 alterurn,
1445 1632 1472 1695 si
1494 1632 1547 1714 qui
1569 1632 1608 1695 ab
1630 1652 1668 1696 eo
1689 1632 1779 1705 loco,

454 1749 517 1814 quo
539 1729 676 1803 veniret3
698 1733 730 1791 et
749 1725 864 1788 horum
883 1733 1067 1810 utrumque,
1091 1746 1194 1809 neque
1215 1735 1377 1810 praeterea
1390 1725 1580 1809 quidquam,
1602 1734 1709 1809 potest
1722 1746 1780 1790 ac·

452 1822 574 1898 cidere,
595 1828 841 1906 recuperatores.
883 1816 933 1881 87.
955 1820 990 1882 Id
1013 1819 1093 1883 adeo
1114 1821 1159 1883 sio
1188 1819 1391 1884 considerate.
1425 1820 1458 1882 Si
1480 1821 1535 1903 qui
1559 1840 1659 1883 meam
1680 1821 1779 1884 farni-

451 1917 526 1981 liam
548 1917 587 1980 de
602 1936 672 1980 meo
686 1915 784 1980 fundo
800 1913 966 1988 deiecerit,
989 1933 1082 1977 exeo
1098 1934 1147 1977 me
1165 1915 1237 1977 loco
1254 1914 1420 1977 deiecerit:
1442 1914 1469 1976 si
1484 1914 1538 1997 qui
1553 1915 1629 1978 mihi
1643 1923 1776 1999 praesto

453 2011 548 2075 luerit
575 2032 647 2074 curn
676 2010 803 2073 armatis
824 2007 1003 2072 hominibus
1028 2017 1118 2073 extra
1139 2029 1242 2071 meum
1263 2007 1395 2071 fundum
1419 2015 1451 2071 et
1471 2028 1521 2071 me
1544 2009 1675 2071 introire
1697 2028 1776 2092 prc-

416 2104 607 2180 tinibuerit,
629 2124 693 2168 non
715 2123 755 2166 ex
776 2122 832 2176 eo,
854 2101 911 2165 sed
932 2102 971 2165 ab
994 2123 1032 2166 eo
1054 2103 1125 2166 loco
1147 2123 1197 2165 me
1219 2102 1380 2166 deiecerit.
1412 2101 1461 2164 Ad
1482 2102 1560 2165 haec
1574 2102 1636 2166 duo
1653 2123 1776 2186 genera

451 2218 556 2263 rerum
577 2218 675 2262 unum
697 2198 840 2271 verbum,
858 2195 945 2280 quod
967 2197 1043 2260 satis
1059 2197 1231 2260 declararet
1250 2204 1403 2278 utrasque
1417 2216 1483 2269 res,
1505 2197 1703 2271 invenerunt,
1726 2204 1773 2269 ut,

453 2293 520 2356 sive
542 2312 582 2356 ex
602 2291 700 2356 iuudo
723 2291 788 2355 sive
810 2310 830 2353 a
849 2288 948 2352 tundo
970 2291 1111 2354 deiectus
1133 2310 1253 2364 essem,
1274 2309 1339 2352 uno
1361 2298 1457 2373 atque
1472 2289 1583 2353 eodem
1602 2290 1774 2353 interdicto

451 2389 647 2461 restituerer,
676 2406 756 2450 vans
786 2406 836 2448 rv.
873 2385 940 2448 Hoc
960 2385 1090 2448 verbum
1112 2403 1193 2447 rans
1214 2391 1385 2467 utrumque
1408 2383 1561 2458 declarat,
1590 2392 1682 2447 etex
1704 2402 1773 2468 quo

451 2478 522 2543 loco
544 2487 577 2542 et
596 2499 615 2542 a
637 2500 700 2564 quo
722 2481 803 2544 loco.
839 2478 929 2543 Unde
957 2478 1096 2542 deiectus
1118 2485 1168 2541 est
1188 2478 1311 2541 Cinnai
1341 2479 1391 2541 Ex
1413 2478 1500 2541 urbe.
1540 2478 1629 2541 Unde
1650 2478 1775 2541 Telesi-

415 2575 537 2635 ¹⁰nusl
559 2572 606 2635 Ab
627 2575 714 2638 urhe.
749 2575 837 2639 Unde
860 2574 973 2637 deiecti
988 2573 1092 2636 Gellii
1114 2572 1323 2655 ACapitolio.
1357 2571 1445 2648 Unde
1467 2573 1521 2654 qui
1542 2593 1614 2635 cum
1630 2572 1772 2637 Graccho

449 2667 601 2731 luerunt?
623 2668 673 2730 Ex
696 2667 859 2753 Capitolio.
893 2667 1014 2730 Videtis
1035 2668 1147 2750 igitur,
1170 2666 1230 2730 hoc
1249 2686 1313 2729 uno
1330 2666 1426 2729 verbo
1442 2686 1522 2728 vane
1537 2662 1704 2748 significari
1719 2686 1772 2729 res

452 2760 545 2834 duas,
568 2768 661 2824 etex
684 2783 746 2845 quo
769 2770 800 2825 at
821 2782 839 2825 a
862 2781 937 2845 quo.
976 2759 1026 2823 88.
1050 2761 1128 2824 Cum
1150 2769 1254 2824 autem
1276 2780 1317 2824 eo
1339 2760 1462 2823 restitui
1483 2759 1585 2833 iubet,
1608 2761 1651 2823 ita
1672 2759 1770 2835 iubet,

450 2863 502 2929 ut,
524 2856 551 2919 si
574 2855 655 2919 Galli
679 2876 698 2919 4
719 2856 889 2919 maioribus
910 2856 1026 2918 nostris
1049 2855 1260 2939 postularent,
1293 2862 1330 2918 ut
1350 2874 1388 2917 eo
1409 2855 1662 2927 restituerentur,
1684 2853 1770 2916 unde

352 2946 355 2951 ’
451 2949 564 3012 deiecti
593 2957 714 3024 essent,
743 2957 774 3013 et
795 2951 902 3032 aliqua
921 2950 952 3011 vi
973 2950 1034 3012 hoc
1057 2950 1185 3033 assequi
1211 2955 1357 3031 possent,
1390 2967 1469 3022 non,
1500 2948 1627 3032 opinor,
1657 2967 1712 3010 eos
1734 2947 1768 3009 in

414 3044 648 3119 ”cuniculum
670 3064 734 3128 qua
755 3044 893 3127 aggressi
915 3051 1018 3117 erant,
1040 3042 1097 3106 sed
1118 3045 1152 3107 in
1168 3043 1357 3126 Capitolium
1371 3043 1494 3105 restitui
1509 3048 1677 3125 oporteret.
1698 3042 1769 3105 Hoc
1856 3038 1862 3047 '

516 3287 541 3337 3.
558 3287 653 3350 ecquid]
675 3290 698 3336 44
714 3287 757 3348 qni
773 3287 807 3346 T;
833 3291 856 3336 44
877 3287 936 3349 qnid
952 3287 1015 3345 ΒΑς
1040 3287 1099 3349 quid
1115 3286 1143 3335 L.
1175 3284 1294 3334 Correxit
1313 3285 1340 3334 P.
1359 3284 1499 3335 llanutius.
1520 3312 1547 3321 —
1574 3285 1639 3348 quod
1654 3298 1699 3349 spo
1715 3285 1769 3336 iam

451 3367 526 3412 44444
542 3363 579 3412 T:
605 3362 670 3424 4444
686 3365 761 3410 oeteo
778 3362 840 3420 (om.
851 3373 902 3423 epo
918 3360 977 3423 4444)
996 3357 1100 3413 444444
1110 3359 1138 3408 O.
1159 3385 1185 3393 —
1212 3357 1236 3410 4.
1254 3360 1299 3408 444
1315 3371 1368 3408 om.
1387 3359 1414 3408 T.
1435 3385 1461 3395 -
1489 3361 1514 3409 t.
1533 3373 1623 3421 quaeso
1640 3362 1770 3424 ditipmter

451 3439 515 3490 ET:
534 3437 663 3500 ditipeoter
680 3449 770 3498 444444
787 3434 1029 3498 eistetenses
1046 3436 1084 3495 E.)
1102 3462 1130 3470 -
1148 3435 1173 3484 7.
1192 3435 1218 3483 id
1233 3434 1296 3494 sam]
1314 3433 1648 3499 ETVGabempqtli:
1671 3449 1726 3485 rum
1742 3438 1770 3485 id

451 3509 677 3568 secessim
695 3511 959 3572 sumtom.id)1l.-
980 3510 1004 3560 9.
1023 3509 1408 3571 ceeolocoubisatsset-·ct
1423 3510 1512 3558 horum
1529 3511 1592 3560 ET:
1611 3524 1645 3559 ac
1661 3524 1688 3559 44
1704 3513 1768 3572 4444,

451 3590 478 3637 io
495 3601 543 3650 cuo
559 3591 619 3636 44444
634 3586 661 3634 ai
677 3585 835 3645 deiiceretcr,
853 3587 961 3635 44444444
976 3586 998 3634 ri
1014 3585 1045 3634 ab
1061 3599 1089 3634 eo
1106 3585 1159 3634 4444
1175 3597 1224 3644 quo
1240 3584 1352 3633 ueniret:
1369 3589 1392 3632 et
1406 3583 1495 3632 torum
1511 3584 1541 3638 lr;
1560 3598 1593 3634 44
1608 3597 1637 3635 44
1652 3586 1705 3634 4444
1720 3601 1770 3648 quo

450 3663 546 3713 amirei
562 3667 585 3712 44
600 3661 689 3711 torsera
707 3660 808 3724 (mediis
825 3661 938 3722 omissis)
956 3661 989 3717 lt;
1011 3673 1044 3709 44
1060 3672 1088 3709 44
1105 3659 1170 3719 loco,
1192 3659 1218 3707 44
1236 3672 1284 3720 qao
1300 3662 1376 3709 esset:
1398 3658 1504 3707 44444444
1520 3659 1541 3707 si
1558 3658 1591 3707 ab
1607 3673 1634 3709 eo
1651 3660 1703 3710 4444
1720 3675 1769 3722 qao

450 3739 564 3788 amirei:
581 3744 604 3787 44
619 3738 708 3787 44444444
723 3739 759 3796 Α;
778 3749 811 3786 ee
826 3749 855 3786 44
871 3736 936 3794 loco,
954 3736 982 3784 44
998 3748 1046 3797 pao
1062 3740 1139 3784 esset:
1156 3734 1274 3795 44444444,
1292 3732 1355 3783 stab
1372 3746 1400 3782 so
1416 3733 1482 3791 loco,
1501 3746 1550 3794 coo
1566 3736 1674 3796 4444444,
1692 3738 1769 3786 4444-

450 3814 527 3863 444444
542 3817 619 3862 meet:
644 3815 668 3862 st
682 3811 771 3862 444444
795 3823 858 3862 curn
874 3812 1033 3862 escensione
1049 3807 1132 3859 eltera
1148 3807 1232 3862 440.
1256 3834 1283 3846 ·-
1310 3809 1350 3858 49.
1368 3821 1395 3858 44
1412 3809 1514 3858 44444444
1530 3809 1587 3859 ΕΤ.
1613 3810 1770 3862 Emendavit

451 3885 575 3938 Klotzius.
599 3885 639 3936 Cl.
656 3886 681 3949 5.
699 3885 741 3937 88.
760 3886 800 3936 92.
822 3911 847 3923 -
867 3886 965 3947 444444
980 3885 1012 3935 ab
1028 3885 1056 3934 T.
1075 3909 1103 3919 -
1123 3884 1162 3933 44.
1182 3883 1207 3932 id
1223 3884 1285 3933 4444
1301 3884 1336 3932 ric
1351 3884 1547 3934 considerem:
1565 3885 1592 3935 id
1606 3886 1769 3936 444444444-

451 3962 557 4012 Meroe
574 3961 593 4010 E
611 3961 659 4025 (pr.
673 3961 734 4023 m.);
753 3961 779 4009 44
794 3961 856 4012 odeo
872 3961 989 4022 siptacet
1004 3959 1157 4009 cmmidmote
1173 3959 1192 4007 44
1211 3959 1233 4020 [a
1252 3970 1330 4008 manu
1347 3970 1402 4008 sec.
1420 3958 1499 4009 etiarn
1511 3958 1538 4019 Ε)
1556 3959 1668 4014 Alto.
1687 3962 1726 4012 Cl.
1738 3976 1766 4026 p.

452 4034 572 4086 Cluentio
591 4034 615 4099 fl.
634 4035 691 4086 80.:
714 4036 743 4085 ld
762 4036 824 4086 adso
843 4036 879 4085 rto
894 4036 1038 4099 4444444444.
1060 4033 1134 4083 verr.
1153 4036 1247 4083 Aecus.
1265 4032 1309 4083 lV.
1327 4031 1352 4095 5.
1371 4031 1440 4083 444.;
1462 4035 1491 4082 Id
1507 4034 1661 4084 odeo--sic
1674 4049 1719 4086 cos
1734 4050 1769 4086 44

451 4123 491 4161 ma
505 4110 649 4174 copnorcits.
668 4135 697 4149 -
722 4110 763 4160 43.
782 4110 897 4174 4444444444
914 4110 962 4160 ΕΤ
979 4110 1052 4171 (non,
1070 4112 1100 4158 ut
1116 4108 1197 4157 reteri
1213 4107 1354 4165 lordanus,
1377 4108 1497 4171 detiperit)
1515 4108 1765 4174 VGMeenrpqt.

453 4185 491 4237 Cl.
510 4184 534 4249 S.
553 4184 593 4236 49.
613 4210 641 4221 -
659 4198 692 4236 444
708 4197 735 4235 so
751 4197 791 4235 444
806 4185 859 4235 loco
874 4185 987 4235 deiecerit
1002 4197 1056 4235 om.
1075 4180 1098 4234 a
1115 4182 1229 4246 (praeter
1244 4182 1269 4243 44)
1287 4185 1317 4231 Α.
1339 4181 1445 4232 Addidit
1460 4183 1604 4246 Naugerius
1620 4184 1646 4232 in
1663 4184 1764 4235 Aldina.
1864 4219 1870 4226 -

451 4262 495 4327 (w
503 4276 532 4313 4ο
543 4275 582 4312 mc
592 4262 705 4312 deiecerit
715 4260 752 4323 k.)
767 4286 793 4294 -
814 4258 854 4310 tl.
865 4265 940 4310 44444
949 4258 1039 4322 meam]
1051 4263 1199 4309 satrapeam
1210 4257 1238 4305 T.
1254 4284 1281 4292 -
1301 4258 1341 4308 46.
1354 4259 1545 4308 declarantem
1556 4273 1684 4321 4444444444
1694 4263 1722 4311 T.
1738 4287 1765 4299 -

452 4339 492 4389 48.
505 4338 615 4388 declarat
630 4337 736 4397 selom.
748 4336 779 4397 44)
792 4336 820 4384 T.
831 4361 858 4371 —-
877 4336 917 4385 49.
937 4336 1017 4385 Cinna
1033 4334 1123 4384 ELO:
1141 4345 1224 4394 44444
1236 4334 1269 4389 T;
1288 4333 1390 4382 4444444
1404 4347 1426 4383 s.
1439 4334 1523 4383 444444
1535 4337 1597 4392 itm
1616 4335 1723 4385 Coccina
1739 4336 1765 4390 4.

454 4438 481 4450 -
493 4413 559 4462 undo
571 4412 689 4461 4444444444
705 4422 769 4460 nos:
788 4410 852 4460 4444
869 4410 954 4459 ddecet
970 4409 1038 4458 44444
1055 4411 1115 4471 (noo
1127 4409 1214 4467 amus,
1234 4410 1262 4455 ut
1278 4407 1360 4457 retert
1371 4408 1505 4468 lordanus)
1519 4410 1552 4467 T;
1569 4411 1633 4460 4444
1649 4411 1769 4460 dosassis

451 4487 487 4546 V;
504 4488 569 4537 4444
585 4486 691 4536 deiecisti
707 4486 773 4544 Re,
792 4487 857 4534 4444
872 4486 977 4535 deiectae
992 4485 1033 4518 *⁴*
1050 4485 1082 4541 0;
1101 4485 1166 4533 4444
1177 4483 1299 4533 Samnites
1309 4484 1498 4546 Pantagathus3
1516 4486 1582 4533 4444
1597 4486 1682 4535 deiecti
1695 4488 1768 4536 Poeni

452 4564 485 4620 ις
502 4563 566 4612 ands
582 4562 687 4611 44444444
703 4558 783 4611 Cario
800 4572 861 4609 cum
878 4561 1039 4609 ascensiana
1058 4561 1090 4621 (e.
1104 4554 1188 4620 ⁴53⁴.)
1205 4557 1235 4611 t:
1253 4559 1317 4608 4444
1333 4559 1437 4608 44444444
1446 4560 1551 4621 lepidas
1562 4560 1685 4619 Beekius;
1703 4564 1769 4611 4444

452 4638 537 4688 deiecti
555 4637 623 4687 44444
640 4633 706 4697 (coll.
725 4634 779 4685 Liv.
796 4636 828 4684 Il.
845 4635 898 4694 444.)
915 4636 1088 4684 Buttmannus
1104 4634 1157 4683 Act.
1175 4634 1208 4683 N.
1220 4634 1275 4684 Soc.
1293 4635 1343 4684 444.
1357 4635 1375 4682 l.
1394 4647 1420 4697 p.
1433 4635 1475 4684 449.
1496 4634 1623 4686 Omnibus
1639 4635 1680 4686 his
1697 4649 1769 4686 com-

452 4712 547 4762 mentis
563 4711 668 4762 reiectis
685 4708 806 4760 substitui
825 4709 958 4758 Telesinam
975 4712 1002 4759 et
1023 4712 1133 4773 proptor
1149 4708 1226 4758 huius
1244 4709 1355 4760 nominis
1372 4710 1397 4758 in
1415 4710 1505 4760 codice
1522 4712 1542 4760 T
1559 4711 1629 4760 haud
1645 4708 1703 4760 leve
1720 4725 1769 4760 vc·

450 4786 555 4849 stigium
573 4788 601 4835 et
616 4785 740 4848 qnoniam
756 4785 813 4835 eius
830 4797 874 4834 res
891 4787 980 4847 gestae
998 4797 1059 4834 curn
1077 4784 1200 4834 Cinnanis
1217 4785 1322 4846 egregie
1339 4786 1506 4834 conveniunt.
1525 4784 1565 4834 Ct.
1582 4785 1646 4835 vell.
1665 4788 1766 4836 Patere.

451 4861 482 4910 ll.
501 4860 541 4911 44.
566 4859 611 4910 luli
635 4859 699 4909 Flori
721 4861 787 4922 Epit.
810 4872 837 4924 p.
856 4861 896 4910 99.
915 4858 957 4909 ed.
981 4858 1137 4909 1444444444.
1157 4857 1226 4909 Sulla
1249 4872 1272 4907 o.
1291 4859 1332 4908 29.
1359 4886 1385 4894 -
1412 4860 1453 4907 20.
1478 4860 1574 4909 Gracco
1594 4860 1677 4910 Tvrt
1693 4864 1720 4910 ct
1736 4865 1766 4910 Α.

450 4934 525 4986 Conl.
552 4935 618 4985 Frid.
644 4933 812 4986 ititschelium
837 4935 867 4983 444
891 4935 960 4984 titolo
985 4935 1137 4983 Maromiaoc
1162 4947 1188 4997 p.
1207 4934 1248 4994 V..
1273 4935 1303 4984 dc
1327 4934 1436 4982 miliario
1460 4934 1597 4995 Poptttiano
1620 4946 1646 4999 p.
1669 4934 1710 4983 at.
1737 4962 1764 4971 -

450 5011 491 5062 44.
509 5009 582 5060 aerbo
603 5010 669 5058 4444
689 5008 826 5073 significari
850 5009 915 5059 ET:
942 5009 1016 5058 oeric
1040 5011 1067 5057 in
1087 5010 1224 5073 4444444444
1246 5010 1287 5072 (is
1307 5022 1322 5057 4
1346 5021 1401 5059 sec.
1420 5021 1456 5058 m.
1475 5021 1556 5073 supra
1580 5010 1703 5068 versum)
1729 5009 1765 5065 V;

449 5084 525 5135 44444
541 5084 678 5148 4444444444
699 5084 763 5147 (om.
780 5083 853 5145 44444)
875 5083 1015 5137 Raeto.
1044 5083 1082 5134 Ct.
1102 5084 1125 5147 5.
1144 5084 1184 5135 89.
1205 5109 1233 5119 -
1256 5084 1319 5133 duos
1334 5097 1374 5141 ros
1389 5084 1418 5134 T.
1444 5085 1541 5133 Deerat
1562 5084 1630 5133 haec
1646 5080 1723 5132 lectio
1741 5083 1766 5132 io

451 5159 618 5211 llommsenii
635 5158 749 5210 schedis.
769 5184 796 5194 -
814 5159 856 5208 44.
874 5173 892 5209 4
908 5172 956 5221 qao
972 5161 1004 5209 T:
1023 5171 1041 5211 4
1057 5172 1106 5220 qao
1121 5159 1149 5206 44
1165 5160 1202 5217 V;
1221 5172 1238 5207 a
1254 5173 1303 5220 pac
1319 5160 1371 5209 4444
1381 5159 1409 5207 m·
1423 5157 1535 5222 [delicet]
1548 5159 1609 5217 4444;
1627 5172 1645 5206 o
1655 5171 1704 5218 444
1715 5158 1767 5207 loco

451 5246 514 5285 cnm
530 5236 557 5284 P.
576 5235 691 5286 neuntio
707 5232 792 5289 tto.
811 5260 839 5271 ·-
857 5235 894 5285 444
910 5234 990 5284 iudet:
1013 5235 1099 5284 Vries
1117 5234 1157 5285 TV
1171 5233 1344 5295 DlilliClSTl,
1362 5235 1404 5285 40
1420 5233 1599 5285 assereres,
1615 5238 1644 5283 44
1659 5232 1681 5282 si
1697 5233 1724 5283 1..
1736 5258 1764 5269 -

451 5309 492 5362 44.
508 5307 545 5377 or]
562 5310 600 5361 44
615 5309 644 5363 τ.
663 5336 691 5349 -
709 5304 862 5376 soonam
878 5310 916 5371 v;
937 5315 1049 5375 operas
1064 5309 1083 5361 b
1100 5314 1128 5363 et
1142 5310 1174 5361 4.
