4367 6109
453 550 516 617 200
823 549 866 612 IN
886 547 1053 613 VERREM
1073 544 1196 610 ACTIO
1219 545 1401 610 SECUNDA
1510 617 1512 621 ¹

453 722 534 786 dunt
555 740 675 785 omues.
710 720 790 782 Nam
812 717 907 780 ceteri
929 698 1059 801 quoque
1080 717 1252 798 impetrant
1271 735 1312 778 ne
1333 715 1542 790 retineantur,
1564 716 1619 798 qui
1642 735 1676 778 se
1691 714 1776 778 velle

453 817 600 881 dicebant
620 812 761 877 alterutri
786 830 905 885 eorum,
929 811 1072 894 quitum
1095 810 1174 873 illud
1196 811 1349 873 iudicium
1364 810 1530 883 habebant,
1552 810 1675 872 adesse.
1711 808 1776 870 Ita·

453 932 522 995 que*
537 911 597 974 iste
618 908 704 972 solus
725 926 797 968 cum
819 926 876 968 sua
898 905 1027 968 cohorte
1050 905 1247 988 nequissima
1270 904 1472 988 relinquitur.
1514 900 1565 965 72.
1587 903 1659 965 Non
1681 900 1776 964 dnbi-

451 1005 538 1069 tabat
558 1002 725 1076 Minucius,
747 1001 803 1083 qui
826 1000 994 1082 Sopatrum
1017 998 1216 1074 defendebat,
1239 1000 1317 1083 quin
1337 1000 1408 1074 iste,
1430 998 1582 1082 quoniam
1604 995 1775 1060 consilium

427 1098 632 1172 edimisisset,
652 1094 710 1158 illo
732 1095 785 1158 die
807 1114 874 1157 rem
896 1093 983 1155 illam
1005 1093 1207 1177 quaesiturus
1229 1114 1294 1157 non
1316 1102 1410 1166 esset,
1438 1114 1509 1156 cum
1530 1097 1660 1174 repente
1681 1091 1775 1154 iube-

431 1199 503 1255 .tur
524 1190 639 1252 dicere.
666 1188 866 1272 Respondet:
888 1187 936 1250 Ad
959 1189 1062 1270 quosl
1084 1187 1132 1248 Ad
1156 1207 1216 1264 me,
1238 1187 1353 1269 inquit,
1375 1187 1401 1249 si
1425 1187 1481 1249 tibi
1499 1187 1634 1249 idoneus
1648 1184 1774 1259 videor,

451 1284 507 1369 qui
528 1283 567 1347 de
588 1282 718 1364 homine
734 1281 841 1345 Siculo
864 1302 900 1344 ac
916 1278 1069 1343 Graeculo
1085 1280 1233 1343 iudicem.
1255 1281 1393 1344 Idoneus
1409 1300 1460 1355 es,
1483 1280 1606 1364 inquit:
1630 1281 1686 1343 sed
1701 1300 1776 1364 per-

449 1378 564 1443 vellem
585 1377 734 1457 adessent
755 1375 788 1451 ii,
811 1375 866 1460 qui
889 1373 1056 1438 adfuerant
1076 1382 1169 1441 antea
1191 1394 1383 1458 causamque
1405 1381 1590 1457 cognorant.
1632 1374 1701 1448 llic,
1723 1374 1774 1436 in·

450 1472 535 1556 quit:
557 1470 603 1533 illi
625 1471 736 1534 adesse
761 1490 827 1532 non
848 1476 991 1553 possunt.
1033 1469 1113 1531 Nam
1135 1468 1273 1543 hercule,
1299 1468 1404 1552 inquit
1427 1468 1596 1544 Minucius,
1619 1490 1669 1532 mc
1693 1489 1775 1554 quo-

413 1586 512 1651 mque
534 1564 682 1639 Petilius,
711 1570 747 1627 ut
768 1563 829 1627 sibi
850 1564 884 1625 in
906 1562 1041 1627 consilio
1069 1582 1189 1636 essem,
1217 1563 1349 1645 rogavit.
1392 1563 1433 1625 Et
1454 1563 1549 1625 simul
1571 1584 1590 1627 a
1611 1564 1773 1630 subselliis

449 1659 535 1722 abire
563 1659 678 1741 eoepit.
727 1654 778 1720 73.
804 1657 867 1720 lste
896 1657 993 1719 iratus
1021 1655 1183 1718 hominem
1211 1657 1314 1720 verbis
1344 1657 1632 1723 vehementioribus
1661 1680 1775 1744 prose-

450 1752 558 1837 quitur
578 1759 675 1835 atque
697 1751 727 1814 ei
749 1753 874 1834 gravium
896 1751 989 1813 etiam
1012 1751 1125 1814 minari
1147 1753 1262 1834 coepit,
1285 1752 1371 1836 quod
1393 1752 1427 1814 in
1450 1772 1483 1814 sc
1506 1758 1627 1814 tantum
1650 1753 1772 1817 crimen

448 1847 664 1929 invidiamque
686 1847 848 1909 conflaret.
890 1846 993 1907 XXX.
1016 1845 1190 1919 Minucius,
1214 1846 1269 1929 qui
1293 1845 1457 1929 Syracusis
1479 1847 1525 1909 sic
1547 1847 1773 1929 negotiaretur,

449 1951 484 2005 ut
507 1940 555 2003 sui
578 1940 656 2003 iuris
678 1934 912 2023 dignitatisque⁴
927 1938 1140 2013 meminisset,
1169 1947 1201 2001 et
1228 1940 1282 2023 qui
1313 1941 1407 2003 sciret
1431 1941 1475 2002 ita
1497 1961 1531 2003 se
1553 1942 1585 2002 in
1608 1942 1773 2024 provincia

413 2055 515 2120 sepem
537 2052 652 2116 augere
674 2040 836 2116 oportere,
857 2041 893 2095 ut
911 2053 951 2096 ne
974 2033 1051 2116 quid
1073 2034 1112 2095 de
1135 2033 1280 2096 libertate
1303 2033 1505 2116 deperderet,
1526 2033 1666 2110 homini,
1689 2057 1771 2120 quae

449 2130 518 2193 visa
539 2135 612 2191 sunt
633 2135 665 2189 et
687 2147 769 2210 quae
791 2135 916 2211 tempus
938 2126 1018 2189 illud
1040 2126 1114 2191 tulit
1142 2135 1173 2190 et
1201 2149 1309 2202 causa,
1337 2128 1518 2211 respondit:
1547 2148 1674 2191 causam
1702 2149 1772 2193 sese

449 2222 580 2285 dimisso
601 2229 697 2305 atque
719 2221 863 2304 ablegato
886 2221 1021 2285 consilio
1044 2221 1248 2284 defensurum
1269 2223 1406 2305 negavit.
1440 2223 1551 2305 ltaque
1573 2243 1591 2285 a
1613 2223 1772 2288 subselliis

449 2316 610 2390 discessit,
632 2316 782 2399 idemque
803 2315 865 2379 hoc
887 2322 1011 2398 praeter
1032 2315 1157 2378 Siculos
1180 2317 1275 2378 ceteri
1293 2316 1418 2398 Sopatri
1446 2316 1538 2378 amici
1561 2317 1771 2400 advocatique

447 2410 600 2474 lecerunt.
644 2404 694 2470 74.
717 2409 780 2472 lste
804 2429 996 2494 quamquam
1019 2417 1068 2471 est
1089 2409 1267 2471 incredibili
1298 2410 1537 2492 importunitate
1568 2418 1600 2472 et
1628 2409 1772 2488 audacia,

411 2515 554 2571 adtamen
577 2502 681 2566 subito
704 2504 791 2566 solus
814 2502 982 2566 destitutus
1005 2503 1169 2585 pertimuit
1190 2510 1221 2565 et
1243 2504 1446 2566 conturbatus
1467 2512 1532 2566 est:
1556 2504 1633 2588 quid
1655 2513 1771 2585 ageret,

449 2619 514 2683 quo
537 2618 571 2661 se
592 2604 738 2671 verteret,
760 2597 930 2660 nesciebat.
975 2597 1008 2659 Si
1030 2597 1202 2660 dimisisset
1224 2617 1262 2659 co
1286 2604 1427 2680 tempore
1450 2598 1678 2681 quaestionem,
1700 2605 1774 2680 post

448 2693 512 2757 illis
534 2691 684 2755 adhibitis
706 2692 740 2753 in
763 2691 947 2764 consilium,
981 2711 1062 2774 quos
1090 2690 1305 2773 ablegaverat,
1337 2692 1516 2754 absolutum
1538 2691 1578 2753 iri
1602 2692 1772 2775 Sopatrum

448 2787 591 2850 videbat:
608 2785 657 2848 sin
672 2792 777 2848 autem
792 2785 952 2847 hominem
969 2785 1118 2847 miserum
1133 2790 1228 2868 atque
1244 2786 1446 2848 innocentem
1462 2785 1506 2848 ita
1521 2787 1771 2861 condemnasset,

449 2882 610 2964 cumipse
632 2888 760 2964 praetor
781 2879 849 2942 sine
872 2877 1016 2951 consilio,
1039 2898 1112 2939 reus
1134 2887 1239 2940 autem
1261 2880 1330 2942 sine
1346 2886 1479 2962 patrono
1495 2886 1593 2963 atque
1608 2879 1772 2944 advocatis

410 2976 561 3041 afuisset
583 2975 801 3058 iudiciumque
822 2972 855 3035 C.
872 2972 1050 3035 Sacerdotis
1073 2973 1270 3035 rescidisset:
1292 2974 1444 3036 invidiam
1467 2994 1500 3036 se
1523 2974 1680 3036 sustinere
1702 2981 1772 3036 tan-

447 3079 512 3134 tam
534 3090 599 3133 non
621 3088 715 3153 posse
737 3067 956 3130 arbitrabatur.
1000 3067 1112 3149 ltaque
1134 3068 1297 3129 aestuabat
1325 3067 1540 3130 dubitatione:
1569 3068 1715 3130 versabat
1737 3087 1772 3131 se

448 3167 482 3229 in
504 3173 671 3247 utramque
692 3169 814 3245 partem
836 3180 901 3223 non
923 3161 1027 3223 solum
1049 3168 1165 3235 mente,
1187 3181 1296 3224 verum
1319 3163 1413 3224 etiam
1435 3181 1577 3245 corpore,
1602 3171 1635 3225 ut
1651 3183 1772 3239 omnes,

449 3261 505 3345 qui
524 3260 673 3344 aderant,
704 3254 881 3337 intelligere
912 3262 1059 3337 possent,
1090 3255 1248 3317 inanimo
1271 3256 1340 3318 eius
1363 3264 1480 3318 metum
1503 3277 1575 3319 cum
1598 3258 1772 3339 cupiditate

448 3373 600 3438 pugnare.
635 3352 712 3414 Erat
726 3349 890 3412 hominum
906 3356 1080 3431 conventus
1098 3351 1263 3423 maximus,
1285 3371 1441 3411 summum
1456 3350 1627 3424 silentium,
1650 3370 1772 3414 summa

412 3446 661 3530 inexspectatio,
691 3463 830 3528 quonam
854 3451 937 3504 esset
958 3438 1036 3504 eius¹
1050 3443 1207 3527 cupiditas
1230 3453 1396 3526 eruptura:
1430 3444 1538 3506 crebro
1562 3464 1596 3506 se
1619 3465 1772 3508 accensus

450 3539 633 3603 demittebat
660 3540 700 3601 ad
722 3556 829 3599 aurem
852 3536 1078 3598 Timarchides.
1121 3534 1172 3597 75.
1196 3540 1276 3601 Tum
1299 3539 1357 3600 iste
1380 3538 1568 3621 aliquando:
1597 3541 1680 3622 Age,
1710 3540 1772 3618 dic,

449 3633 563 3717 inquit.
598 3633 683 3694 Reus
705 3649 795 3693 orare
817 3638 912 3712 atque
935 3629 1112 3703 obsecrare,
1135 3639 1170 3693 ut
1191 3652 1262 3693 cum
1284 3632 1418 3694 consilio
1441 3643 1655 3714 cognosceret.
1691 3635 1772 3697 'l'um

449 3734 580 3810 repente
601 3727 660 3789 iste
683 3730 779 3787 testes
801 3723 891 3786 citari
914 3723 1018 3786 iubet:
1047 3723 1124 3787 dicit
1153 3745 1235 3787 unus
1265 3734 1296 3788 ct
1325 3725 1405 3788 alter
1433 3725 1587 3788 breviter:
1616 3727 1695 3789 nihil
1724 3727 1772 3789 in·

449 3825 641 3902 terrogatur:
662 3837 778 3902 praeco
801 3835 927 3881 nrxrssn
950 3819 1145 3901 pronuntiat.
1180 3820 1251 3892 lste,
1274 3820 1365 3902 quasi
1387 3826 1553 3892 metueret,
1576 3841 1616 3882 ne
1638 3821 1771 3884 Petilius

411 3914 572 3996 uprivato
596 3911 651 3975 illo
674 3911 791 3974 iudicio
812 3920 972 3976 transacto
995 3919 1051 3973 aut
1070 3911 1196 3995 prolato
1219 3932 1290 3974 cum
1307 3913 1419 3975 ceteris
1435 3913 1467 3974 in
1483 3914 1651 3977 consilium
1666 3934 1772 3978 rever-

500 4126 524 4176 t.
535 4139 561 4175 re
576 4124 640 4174 uotte
651 4126 699 4188 Lgt
712 4124 768 4174 627
778 4125 807 4176 ll.
822 4125 899 4175 blein.
913 4124 1008 4189 probb.
1023 4125 1099 4175 Facio
1111 4125 1137 4175 et
1149 4125 1252 4175 Beckio.
1272 4125 1339 4174 ·Sed
1349 4126 1465 4175 otterestat
1476 4127 1600 4190 equidem
1613 4126 1715 4192 explico
1726 4130 1772 4177 aut

448 4200 524 4252 Verri
541 4203 587 4250 aut
602 4199 706 4258 Petillo;
724 4202 781 4251 tum
798 4213 872 4259 vero,
892 4213 954 4251 cum
972 4199 1233 4252 crederentVerrem
1251 4199 1420 4251 dimissurum
1438 4213 1498 4251 esse
1515 4205 1600 4251 totum
1612 4200 1646 4251 de
1660 4202 1771 4266 Sopatro

449 4276 584 4334 iudicium.
603 4289 665 4326 cum
682 4275 772 4326 Petilio
789 4275 919 4326 abierunt.
937 4275 1026 4346 Vulgo¹
1039 4273 1168 4339 explicant
1184 4275 1300 4324 alterutri
1313 4301 1340 4311 —
1351 4276 1393 4337 qui
1409 4277 1527 4326 iudicium
1543 4276 1665 4326 omeliam
1677 4276 1711 4326 de
1724 4290 1771 4327 reo

451 4351 577 4416 (Sopatro)
597 4352 707 4414 eiusque
719 4353 885 4409 accusatore:
905 4353 932 4400 at
946 4351 1047 4415 Sopatri
1059 4351 1136 4399 amici
1148 4350 1323 4413 advocatique
1336 4350 1474 4400 discedunt
1486 4351 1595 4401 demum
1608 4349 1632 4413 5.
1646 4350 1686 4399 73.
1705 4352 1773 4400 ludi·

449 4427 515 4478 dum
531 4425 621 4476 butue
637 4437 700 4488 ergo
717 4425 744 4475 h.
758 4423 774 4475 l.
794 4423 923 4488 significat
940 4438 1063 4487 usercere,
1081 4426 1173 4475 iudicio
1186 4438 1325 4489 praeesse·
1345 4427 1389 4475 On.
1418 4425 1451 4477 cl.
1469 4428 1524 4477 liau
1542 4427 1571 4476 ll.
1585 4439 1611 4490 p.
1625 4425 1673 4474 496
1684 4437 1726 4488 sq.
1742 4453 1769 4462 -

449 4503 473 4553 6.
493 4502 623 4564 respondet
644 4512 698 4550 om.
717 4498 786 4564 Lng
801 4513 827 4564 p.
848 4513 883 4550 m.
904 4526 931 4536 -
951 4501 1084 4562 aespeucu
1106 4501 1194 4550 obiisse
1215 4501 1315 4550 iudices.
1346 4501 1384 4550 Au
1400 4516 1464 4561 non,
1490 4502 1583 4563 iuquit,
1607 4501 1650 4551 tibi
1671 4501 1773 4550 sucum

450 4574 621 4637 eedbrati)
642 4600 669 4609 -
688 4575 713 4624 7.
731 4587 756 4624 es
772 4586 816 4624 om
834 4574 902 4636 Lgta
919 4588 996 4639 pm.
1017 4603 1044 4611 —
1063 4576 1086 4624 9.
1109 4577 1233 4625 Minucius
1251 4575 1317 4639 ugia
1336 4590 1361 4640 p.
1380 4589 1431 4626 m.:
1452 4578 1480 4639 Q.
1499 4578 1561 4626 ltin.
1575 4580 1620 4627 ctt.
1640 4578 1669 4626 0.
1681 4603 1709 4612 —
1729 4577 1770 4626 to,

449 4664 523 4700 mean
540 4648 607 4711 agla
619 4662 645 4713 p.
659 4661 711 4699 m.:
729 4650 839 4698 adessem
856 4652 901 4698 ctt.
920 4652 949 4700 0.
965 4678 991 4685 -
1008 4655 1036 4698 ut
1052 4651 1126 4699 simut
1142 4650 1166 4701 l.
1182 4680 1209 4687 —
1224 4653 1264 4701 tt.
1282 4653 1320 4700 ire
1337 4652 1404 4714 tgti
1417 4665 1442 4716 p.
1456 4665 1492 4702 m.
1511 4654 1561 4702 lis.
1575 4665 1617 4716 ap.
1631 4654 1725 4702 Graev.
1741 4681 1769 4690 -

451 4725 489 4775 43.
509 4727 628 4788 conflaret
644 4722 713 4787 Lglh
731 4736 756 4787 p.
771 4737 806 4773 m.
826 4738 863 4784 φτ
882 4726 998 4789 consterit
1015 4727 1060 4774 ctt.
1076 4753 1102 4761 -
1123 4728 1162 4775 te.
1181 4739 1274 4790 uuqcre
1291 4728 1389 4789 Naugz
1407 4740 1483 4790 aque
1500 4727 1577 4778 codd.
1596 4728 1658 4777 noti.
1681 4754 1708 4762 -
1727 4726 1769 4776 ld.

449 4812 601 4848 causamn
613 4798 714 4862 negavit
730 4799 840 4860 Eutych.
859 4801 890 4849 It.
909 4800 933 4848 7.
952 4812 977 4864 p.
997 4800 1053 4851 isa.
1073 4801 1146 4851 Lind.
1168 4830 1194 4838 -
1213 4801 1254 4851 22.
1273 4802 1299 4851 in
1315 4802 1445 4851 consitium
1461 4801 1485 4861 l,
1503 4803 1538 4852 N:
1558 4816 1610 4853 om.
1630 4802 1677 4851 dtt.
1697 4802 1725 4851 0.
1741 4828 1768 4836 —

449 4873 608 4937 ablegaverat
624 4872 704 4937 ugia:
725 4872 855 4937 ubbqurut
872 4877 916 4924 ctt.
936 4876 964 4924 0.
986 4902 1013 4910 -
1031 4876 1071 4925 23.
1091 4877 1127 4925 itu
1145 4877 1212 4939 ngas
1224 4875 1301 4926 tea:
1321 4889 1374 4925 om.
1394 4880 1438 4926 ctt.
1458 4877 1487 4926 0.
1503 4906 1529 4914 -
1549 4877 1589 4927 25.
1608 4882 1705 4926 tuuwm
1720 4889 1771 4925 noa

443 4963 517 5014 posse
535 4950 601 5013 egee
612 4952 633 4999 Α
645 4951 681 5000 B:
703 4962 753 4998 uon
772 4961 842 5011 posse
858 4954 955 4999 tautum
972 4953 1017 5000 ctt.
1036 4952 1064 5001 0.
1087 4978 1114 4986 -
1132 4952 1173 5001 28.
1196 4965 1253 5002 mem
1274 4953 1408 5012 cupiditate
1424 4952 1452 5013 t,
1469 4954 1494 5003 ll
1506 4956 1539 5003 N:
1563 4954 1772 5015 cupiditatemque

449 5026 497 5077 dit.
516 5025 545 5075 0.
570 5050 598 5061 -
622 5025 663 5075 30.
680 5038 706 5075 se
722 5037 775 5074 acc.
795 5024 857 5075 dem
877 5023 906 5076 l:
931 5025 993 5075 dun.
1011 5039 1036 5074 se
1058 5039 1110 5075 acc.
1129 5024 1177 5074 dtt.
1196 5028 1225 5076 0.
1261 5027 1313 5076 Sed
1337 5027 1473 5076 dimittebat
1494 5027 1571 5077 codd.
1591 5040 1698 5085 omnes:
1725 5027 1770 5076 dc-

448 5100 559 5151 mittebot
570 5101 635 5150 esta
649 5099 785 5150 lambino.
801 5128 827 5136 -
842 5100 882 5152 32.
895 5113 953 5150 reus
962 5127 999 5137 --
1009 5101 1139 5151 obsecrare
1155 5100 1223 5164 ugia
1241 5115 1266 5166 p.
1278 5114 1313 5151 m.
1327 5102 1352 5151 hl
1364 5116 1399 5162 cp:
1418 5102 1540 5164 Sopatrus
1550 5103 1686 5164 implorare
1697 5103 1769 5152 wem

447 5176 522 5241 Meu
537 5180 612 5237 cique
627 5176 767 5237 homiuum,
786 5175 915 5226 obsecrare
930 5175 998 5238 Lgit
1010 5178 1030 5225 ll
1043 5176 1077 5234 B;
1104 5175 1163 5237 Sop.
1182 5176 1251 5238 impl.
1271 5177 1336 5225 hom.
1359 5181 1433 5237 utque
1449 5179 1521 5227 uum
1535 5178 1609 5241 iidem
1625 5176 1672 5225 dtt.
1691 5178 1720 5227 0.
1739 5200 1767 5213 -·

449 5249 489 5300 35.
507 5254 553 5300 aut
564 5249 666 5312 prolato
683 5251 751 5301 coni.
770 5252 878 5316 Zumpt:
897 5255 942 5301 aut
954 5250 1053 5316 putate
1070 5251 1107 5306 u:
1126 5251 1260 5316 otpertum
1277 5250 1344 5315 Lglh
1362 5264 1388 5319 p.
1408 5264 1458 5314 m.;
1480 5258 1525 5303 out
1540 5253 1618 5304 (tituto
1635 5254 1682 5306 ctt.
1700 5252 1732 5305 0.
