4367 6109
679 568 747 635 hm.
768 568 808 633 Π.
838 568 912 633 Gar.
933 566 1180 634 XLII-XLIV.
1206 564 1264 651 ss.
1285 560 1472 632 ldh-ldd.
1672 553 1735 626 ἰθὺ

413 736 573 815 codicem,
596 737 780 814 circumter,
804 736 948 803 ostende.
990 738 1157 805 Videtisne
1182 743 1285 802 totum
1305 738 1368 802 hoc
1389 756 1522 811 nomen,
1551 753 1657 801 coram
1678 733 1735 800 uhi

412 827 488 896 facit
509 833 665 908 delatum,
688 852 757 897 esse
779 833 813 896 in
834 833 951 896 litura?
981 833 1067 910 Quid
1080 833 1228 897 initiatio
1241 839 1334 897 antea
1349 832 1523 916 scripturus
1545 831 1632 917 quod
1646 850 1736 896 men·

413 927 489 989 dnm
510 925 572 991 ists
593 926 689 989 litura
703 926 864 990 correxit?
897 926 983 1003 Quid
1005 948 1024 991 a
1045 928 1155 1002 nohis,
1176 926 1316 1002 iudices,
1338 927 1530 1011 exspectatis
1551 932 1735 1011 momenta

411 1019 507 1083 huius
529 1019 693 1084 criminis?
734 1019 820 1083 Nihil
844 1020 995 1085 dicimusz
1023 1021 1150 1085 tabulae
1172 1021 1300 1084 suntin
1321 1021 1443 1096 medio,
1465 1040 1605 1104 quaese
1627 1040 1736 1085 carru·

412 1119 483 1197 ptas
503 1119 600 1197 atque
622 1113 779 1178 interlitas
801 1134 871 1179 esse
892 1115 1039 1180 clamant
1072 1110 1144 1177 toa.
1165 1114 1215 1177 Er
1234 1113 1286 1178 his
1308 1113 1403 1178 etiam
1424 1119 1460 1177 tu
1481 1113 1575 1178 rehus
1597 1115 1759 1198 effugeres

412 1215 444 1271 te
472 1227 567 1291 posse
595 1205 745 1283 confidis,
775 1229 846 1272 cum
874 1216 906 1272 te
934 1229 993 1272 nos
1021 1229 1085 1274 non
1112 1197 1264 1292 dpinione
1286 1208 1398 1283 duhia,
1428 1207 1485 1272 scd
1505 1209 1570 1273 tois
1593 1207 1735 1291 vestigiis

412 1320 656 1386 persequamur,
678 1321 761 1387 quae
782 1310 818 1366 tu
839 1302 872 1366 in
894 1303 1010 1366 tabulis
1031 1303 1168 1387 puhlicis
1183 1321 1335 1386 expressa
1349 1322 1386 1366 ac
1403 1303 1544 1366 recentia
1557 1301 1735 1386 reliquisti?

411 1395 443 1459 Is
464 1395 541 1458 mihi
564 1395 660 1459 etiam
682 1396 848 1460 Sthenium
870 1397 991 1461 litteras
1019 1397 1163 1480 publicas
1185 1397 1364 1478 corrupisse
1386 1414 1482 1459 causa
1502 1396 1665 1480 incognite
1685 1394 1736 1458 iu·

413 1487 542 1564 dicavit,
566 1489 622 1573 qui
644 1489 815 1554 defendere
837 1510 902 1554 non
923 1491 1045 1575 potuit,
1068 1510 1102 1554 se
1124 1509 1187 1554 non
1210 1509 1252 1554 ex
1273 1489 1374 1573 ipsius
1388 1489 1511 1554 Sthenii
1532 1491 1663 1554 nomine
1683 1490 1736 1555 lit·

412 1589 495 1646 taras
522 1582 666 1667 publicas
696 1584 902 1668 corrupisset
944 1585 1055 1648 XLlll.
1077 1581 1150 1648 l06.
1172 1581 1285 1648 Videte
1313 1602 1410 1666 porro
1431 1583 1527 1648 aliam
1547 1584 1773 1649 amentiamats

411 1676 533 1752 videte,
554 1683 607 1751 ut,
629 1678 706 1740 dum
727 1679 879 1762 expedire
901 1698 971 1743 sese
991 1679 1074 1753 vult,
1096 1677 1219 1742 induat.
1255 1675 1459 1761 cognitorem
1478 1677 1629 1741 adscribit
1644 1678 1736 1743 Sthe-

412 1770 477 1834 nio.
511 1770 637 1847 Quemt
665 1779 834 1854 cognatum
862 1772 1003 1857 aliquem
1024 1780 1080 1836 aut
1101 1771 1339 1855 propinquum?
1372 1771 1454 1833 Non.
1497 1770 1736 1836 Thermitanum

412 1863 568 1948 aliquem,
589 1865 759 1929 honestum
780 1865 941 1929 hominem
963 1886 1000 1931 ac
1021 1867 1185 1930 nohileml
1216 1866 1263 1929 Ne
1288 1864 1322 1928 id
1345 1864 1486 1949 quidem.
1521 1865 1563 1927 At
1584 1864 1736 1940 Siculum,

411 1959 446 2021 in
468 1977 533 2041 quo
555 1958 673 2043 aliquis
695 1959 847 2042 splendor
862 1960 1064 2044 dignitasque
1086 1961 1192 2023 essetl
1223 1959 1399 2022 Neminem.
1433 1958 1519 2036 Quid
1541 1957 1662 2041 igiturl
1685 1958 1737 2022 Ci-

412 2072 483 2115 vem
504 2042 698 2116 Romanum.
737 2053 794 2116 Cui
815 2053 877 2116 hoe
898 2054 1026 2136 probari
1047 2055 1179 2137 potestl
1222 2053 1300 2116 Cum
1322 2059 1408 2116 esset
1428 2052 1579 2117 Sthenius
1600 2052 1736 2117 civitatis
1745 2047 1800 2117 ω’

413 2165 489 2210 suae
510 2146 746 2222 nobilissimus,
769 2148 965 2231 amplissima
986 2148 1194 2230 cognatione,
1215 2145 1361 2230 plurimis
1375 2147 1538 2224 amicitiis,
1560 2168 1631 2212 cum
1645 2167 1738 2232 prae·

413 2247 499 2303 terea
519 2247 587 2304 tota
609 2240 718 2304 Sicilia
739 2240 872 2304 multum
895 2243 1082 2306 auctoritate
1105 2248 1137 2305 et
1158 2242 1259 2325 gratia
1272 2248 1397 2326 posset:
1419 2240 1562 2308 invenire
1577 2243 1737 2307 neminem

414 2333 555 2397 Siculum
586 2335 707 2420 potuit,
740 2336 796 2419 qui
824 2355 883 2419 pro
915 2353 949 2399 se
977 2337 1122 2420 cognitor
1147 2333 1258 2399 lieretl
1290 2336 1360 2399 Hoc
1381 2336 1554 2419 prohahisl
1596 2339 1645 2402 An
1666 2338 1737 2422 ipse

413 2427 514 2491 civem
541 2429 718 2492 Romanum
750 2429 884 2492 maluit?
921 2429 1025 2505 Cedo,
1054 2430 1105 2495 cui
1136 2430 1260 2506 Siculo,
1288 2450 1360 2494 cum
1381 2430 1410 2493 is
1431 2449 1505 2494 reus
1527 2428 1631 2508 lieret,
1658 2431 1737 2496 ciris

413 2523 574 2586 Romanus
596 2523 743 2606 cognitor
761 2522 864 2587 iactus
885 2544 1037 2609 umquam
1059 2525 1124 2588 sitl
1145 2523 1294 2589 Omnium
1316 2530 1498 2608 praetorum
1519 2525 1658 2602 litteras,
1681 2523 1776 2610 qnlsc

412 2623 485 2680 anta
501 2623 532 2680 te
546 2615 691 2691 fuerunt,
712 2616 837 2700 proler,
860 2619 1002 2702 explica:
1025 2618 1052 2681 si
1066 2638 1166 2681 unum
1181 2618 1358 2693 inveneris,
1380 2636 1440 2701 ega
1461 2618 1524 2681 hoc
1543 2619 1618 2696 tihi,
1641 2638 1738 2704 quem

412 2710 452 2773 ad
467 2711 598 2774 modum
620 2710 653 2773 in
669 2710 785 2774 tahulis
800 2711 953 2793 scriptum
967 2712 1085 2788 hahes,
1106 2713 1151 2776 ita
1167 2720 1290 2796 gestum
1305 2730 1376 2776 esse
1390 2714 1572 2777 concedam.
1601 2709 1674 2777 tot.
1688 2713 1739 2789 ht,

412 2804 523 2879 credo,
545 2803 697 2868 Sthenius
717 2804 778 2868 hoc
800 2805 861 2883 sihi
882 2807 1022 2890 amplum
1043 2807 1183 2889 putavit,
1205 2807 1322 2890 eligere
1345 2826 1363 2870 e
1385 2807 1502 2870 cisium
1523 2809 1739 2872 Romanorum

412 2918 562 2973 numero,
584 2918 625 2962 ex
645 2898 819 2962 amicorum
840 2907 936 2984 atque
957 2899 1120 2983 hospitum
1142 2921 1274 2965 suorum
1295 2900 1405 2985 eopia,
1428 2920 1524 2986 quem
1542 2901 1739 2985 cognitorem

413 2993 511 3058 daret.
554 2992 658 3070 Quem
686 2993 828 3076 delegitl
856 2995 929 3078 quis
957 2994 990 3057 in
1013 2994 1130 3058 tahulis
1152 2995 1290 3078 scriptus
1310 2996 1384 3058 estl
1417 2994 1451 3059 G.
1474 2995 1625 3059 Claudius
1648 2995 1682 3059 C.
1703 2996 1776 3062 Eat

412 3086 566 3151 Palatina.
601 3088 674 3150 Non
697 3106 835 3171 quaero,
864 3088 937 3172 quis
958 3086 1011 3151 hic
1033 3088 1074 3151 sit
1097 3088 1265 3164 Claudius,
1293 3107 1390 3173 quam
1411 3089 1615 3173 splendidus,
1641 3107 1739 3176 qoam

411 3180 584 3256 honestus,
597 3186 703 3264 ”quam
724 3180 876 3256 idoneus,
899 3188 1031 3265 propter
1051 3182 1143 3245 cuius
1164 3182 1384 3245 auctoritatem
1398 3189 1430 3247 et
1444 3182 1630 3266 dignitatem
1647 3183 1740 3248 Sthe·

411 3275 485 3340 nins
507 3275 546 3339 ah
570 3275 712 3338 omniurn
735 3274 914 3337 Siculorum
936 3276 1168 3339 consuetudine
1190 3274 1369 3339 discederet
1390 3282 1423 3339 et
1443 3276 1544 3340 civem
1561 3278 1740 3342 Romanum

413 3369 609 3454 cognitorem
640 3368 747 3432 daret:
779 3368 861 3431 nihil
887 3369 1001 3432 horum
1030 3387 1161 3453 quaero.
1204 3369 1351 3432 Fortasse
1381 3369 1466 3433 eninr
1495 3369 1645 3435 Sthenius
1673 3390 1740 3435 non

412 3462 615 3548 splendorem
636 3462 793 3538 hominis,
819 3463 875 3526 sed
896 3462 1143 3527 familiaritatem
1164 3469 1292 3526 secutus
1314 3470 1373 3527 est.
1417 3461 1527 3539 Quidl
1548 3464 1576 3527 si
1598 3465 1777 3530 omniumas

411 3557 593 3621 mortalium
616 3555 749 3620 Sthenio
771 3574 867 3619 nemo
889 3556 1048 3621 inimicior
1068 3575 1166 3641 quam
1186 3555 1240 3619 hic
1264 3555 1297 3619 C.
1321 3555 1489 3630 Claudius,
1511 3575 1583 3620 cum
1605 3576 1740 3643 semper,

411 3659 480 3716 tum
501 3652 535 3715 in
556 3651 607 3714 hi's
629 3651 708 3734 ipsis
730 3650 824 3715 rehus
846 3657 880 3714 et
899 3651 1096 3735 temporibus
1116 3649 1195 3725 fuit,
1218 3650 1245 3713 si
1267 3649 1308 3713 de
1328 3649 1442 3713 litteris
1458 3651 1616 3734 corruptis
1631 3659 1742 3716 contra

411 3747 518 3823 venit,
539 3747 567 3809 si
588 3752 699 3809 contra
721 3745 809 3808 omni
829 3745 954 3808 ratione
976 3743 1143 3829 pugnavit,
1164 3750 1272 3806 utrum
1292 3745 1401 3829 potius
1415 3762 1474 3828 pro
1489 3742 1621 3810 Sthenio
1634 3746 1742 3811 inimi·

413 3861 486 3904 eum
518 3839 713 3923 cognitorem
743 3857 813 3902 esse
845 3838 963 3903 iactum
992 3858 1033 3903 an
1062 3846 1095 3902 te
1119 3838 1160 3901 ad
1183 3838 1305 3902 Sthenii
1328 3837 1506 3923 periculum
1527 3837 1650 3902 inimici
1671 3838 1741 3903 eins

412 3935 542 3998 nomine
571 3932 705 3998 abnam
732 3951 803 3996 esse
824 3932 1012 3997 credemusl
1054 3932 1165 3995 llLlV.
1187 3927 1259 3994 l08.
1281 3931 1327 3994 llc
1348 3952 1389 3996 ne
1411 3931 1484 4016 quis
1504 3929 1588 3994 forte
1608 3930 1779 4007 dubitata

413 4027 609 4093 cuiusmodi
630 4026 693 4091 hcc
714 4032 817 4090 totum
839 4027 882 4091 sit
902 4026 1082 4109 negotium,
1104 4023 1231 4089 tametsi
1252 4025 1317 4088 iarn
1338 4023 1459 4089 dudum
1480 4023 1628 4088 omnihus
1650 4024 1742 4088 istius

411 4121 647 4205 improbitatem
677 4121 879 4205 perspicuam
907 4141 977 4185 esse
1005 4116 1148 4193 conlido,
1176 4126 1282 4182 tamen
1309 4119 1441 4202 paulum
1462 4118 1558 4182 etiam
1578 4116 1742 4182 attendite.

412 4215 538 4280 Videtis
557 4214 649 4278 illum
670 4214 835 4298 subcrispo
857 4215 990 4299 capillo,
1018 4214 1163 4297 nigrum,
1193 4213 1249 4298 qui
1272 4232 1311 4277 eo
1333 4212 1424 4277 vultu
1445 4232 1505 4276 nos
1526 4211 1685 4286 intuetur,
1706 4216 1744 4274 ut

461 4389 487 4440 l.
499 4387 545 4439 loc
555 4392 635 4439 tetras
642 4387 712 4453 1.ng
723 4401 749 4453 p.
761 4401 797 4440 m.
809 4390 910 4452 (hecte3
920 4386 954 4438 ci.
965 4400 991 4438 v.
1002 4388 1042 4440 36.
1053 4386 1078 4452 9.
1089 4388 1146 4440 tot.
1158 4387 1240 4450 hur.)
1253 4387 1379 4438 Ceterum
1389 4385 1422 4438 ci.
1432 4386 1569 4450 augustin.
1579 4385 1615 4436 de
1624 4385 1742 4450 magistr

413 4477 437 4516 c.
455 4465 497 4516 to.
518 4491 546 4503 -
563 4464 589 4516 t.
609 4467 676 4527 quod
688 4465 804 4515 madum
820 4465 886 4516 Non.
904 4477 932 4529 p.
949 4462 1008 4515 stt.
1026 4462 1160 4526 Eutyches
1177 4476 1204 4527 p.
1222 4460 1296 4512 alst.
1314 4463 1343 4512 P.
1360 4459 1457 4525 vulga:
1480 4462 1541 4522 ests
1555 4461 1678 4510 assam
1693 4458 1743 4510 ets

415 4567 443 4578 -
468 4540 492 4592 t.
510 4540 549 4590 hle
564 4539 650 4605 Lng:
674 4541 728 4592 taso
744 4543 789 4592 ctt.
808 4541 838 4592 0.
855 4567 882 4577 -
901 4537 925 4590 8.
942 4536 1063 4587 iudicabit
1078 4536 1148 4588 conl.
1167 4537 1226 4587 llot.
1241 4561 1270 4574 -
1288 4535 1313 4585 9.
1327 4537 1410 4598 potrstt
1420 4533 1595 4598 Lgtaeorut.
1613 4537 1655 4598 <ex
1672 4535 1742 4594 litt:

408 4615 520 4679 potnerit
537 4616 582 4667 ctt.
596 4616 626 4667 0.
640 4642 669 4655 -
687 4629 722 4667 eos
737 4628 791 4667 orn.
810 4616 836 4668 ld
853 4616 880 4665 et
897 4611 983 4677 hgli;
1000 4611 1027 4662 ts
1043 4612 1071 4672 L.
1091 4609 1189 4675 [recte.
1207 4612 1238 4661 ut
1252 4609 1379 4676 videtur]
1394 4635 1421 4647 -
1440 4609 1481 4659 lt.
1499 4610 1637 4660 unatim
1652 4607 1685 4659 l:
1703 4607 1745 4657 ds·

411 4689 597 4742 msdsmdtt.
617 4692 647 4742 0.
667 4717 695 4729 ··
715 4690 755 4743 st.
772 4686 1009 4747 conmittes:
1027 4685 1192 4737 mlalooedtt.
1211 4685 1283 4736 0.-
1302 4696 1375 4746 qoem
1390 4681 1492 4748 laur?
1507 4685 1537 4735 L.
1552 4711 1580 4723 -
1599 4682 1640 4734 tt.
1655 4690 1746 4745 prese

413 4777 467 4817 om.
485 4764 564 4831 hgtl.
584 4792 611 4803 -
627 4765 747 4829 prosata
762 4764 844 4830 Lglt:
867 4761 1007 4827 nomast
1022 4762 1067 4813 ctt.
1092 4788 1121 4799 -
1147 4761 1188 4811 st.
1206 4764 1266 4811 sate
1281 4764 1305 4811 te
1320 4758 1464 4824 Lgmlt:
1487 4762 1511 4811 te
1526 4770 1581 4808 cm.
1600 4758 1645 4807 ott.
1663 4755 1694 4805 0.
1714 4777 1743 4790 -·

412 4830 763 4906 sasoscssotgtspm.
783 4864 811 4876 —
833 4833 1236 4900 ss.smptom1.gstap.m.:
1258 4831 1600 4896 manneae.-
1624 4827 1746 4880 suom

293 4898 295 4907 ’
414 4915 483 4981 sats
498 4931 527 4984 p.
544 4928 598 4969 m.:
616 4916 713 4967 aas.
731 4913 788 4967 reu.
806 4915 884 4978 sugg.
904 4936 933 4950 -
952 4910 994 4963 aa.
1010 4909 1125 4975 [soso
1140 4908 1209 4973 egea
1226 4908 1328 4959 sn.-
1346 4907 1388 4959 or.
1404 4904 1639 4971 moigne
1655 4915 1745 4969 p.m.;

413 4990 674 5053 hwetcr'hhlt,
693 4992 709 5043 7
725 4992 803 5056 lagg.
822 4989 887 5040 dett.
907 5011 936 5025 -
964 4999 1021 5037 eum
1037 4985 1063 5047 l,
1081 4983 1129 5036 al:
1152 4989 1205 5035 sus
1222 4981 1313 5035 dtt.0.
1327 5009 1356 5021 -
1374 4983 1415 5036 32.
1433 4982 1494 5047 tpsts
1509 4994 1564 5032 cm.
1581 4977 1649 5042 1.ng
1666 4989 1694 5042 p.
1707 4987 1745 5027 m.

416 5049 1745 5131 -cossrsvmemengsa-es.eossraomamrsstonsstgtsp.m.-st.ssuasso.

411 5131 1634 5205 petuma:mausu.pemuvutgopossn‚o;oeseso.pmestwsesa-
1660 5125 1748 5178 ana

414 5214 526 5281 Lami
543 5229 571 5282 p.
588 5227 626 5271 sn.
646 5243 675 5255 -
701 5207 1448 5294 qathglt.t.t.t't.ll.-thloclgltpmfcm.
1467 5209 1514 5260 ctt.
1533 5206 1607 5257 0.-
1626 5200 1748 5265 anm

454 5379 623 5437 onwan
1489 5373 1531 5443 gg
