4367 6109
439 565 501 634 286
810 568 854 633 ni
873 566 1040 634 vnum
1059 567 1183 634 ACTIO
1205 566 1389 635 SECUNDA

439 756 504 803 non
525 738 564 801 ab
586 743 767 800 accusatore
787 734 915 811 fictum,
947 755 1032 811 non,
1058 743 1096 798 nt
1122 736 1259 802 solemus
1279 737 1438 802 interdum
1464 739 1498 801 in
1525 738 1759 804 defensionibus

440 832 561 905 dicere,
583 830 701 893 crimen
723 828 928 893 domesticum
950 849 987 892 ac
1008 831 1228 907 remacuium,
1249 852 1313 895 non
1335 853 1376 896 ex
1397 841 1539 916 tempore
1560 835 1691 917 periculi
1712 833 1760 896 tui

440 925 660 997 constitutum,
682 923 739 987 sed
759 930 863 998 vetus,
885 924 1037 1007 agitatum
1060 923 1123 986 iam
1144 932 1175 986 et
1195 932 1226 987 te
1248 933 1391 1008 praetore
1412 926 1561 990 iactatum
1583 936 1615 992 et
1634 949 1698 992 non
1721 927 1760 991 ab

438 1018 575 1082 inimicis
596 1018 712 1081 Romae
734 1019 953 1100 compositum,
975 1017 1031 1080 sed
1052 1019 1182 1080 Romam
1205 1039 1246 1081 ex
1267 1019 1430 1102 provincia
1452 1019 1657 1102 deportatum.
1687 1016 1759 1086 tiu.

400 1121 416 1168 ⁸
439 1113 537 1176 Simul
559 1112 638 1176 illud
660 1111 793 1195 intelligi
815 1117 918 1194 potest
939 1111 1031 1173 istius
1053 1110 1087 1172 in
1108 1111 1282 1194 Apronium
1304 1111 1460 1187 studium,
1486 1113 1617 1197 Apronii
1638 1115 1677 1178 de
1699 1115 1760 1178 isto

437 1228 502 1272 non
523 1206 617 1270 modo
639 1204 807 1278 consessio,
829 1224 938 1267 verum
960 1204 1055 1267 etiam
1077 1206 1343 1268 commemoratio.
1378 1206 1498 1269 Eodem
1520 1208 1652 1282 accedit,
1674 1209 1760 1291 quod

436 1299 497 1366 hoc
519 1319 648 1384 quoque
669 1299 846 1381 intelligere
867 1299 1013 1382 potestis,
1047 1297 1143 1360 istum
1166 1298 1312 1362 statuisse
1334 1299 1367 1361 in
1389 1301 1549 1383 provincia
1578 1320 1634 1364 sua
1655 1303 1761 1365 existi·

437 1395 584 1459 metionis
606 1414 682 1458 suae
697 1392 849 1456 iudicium
863 1400 952 1455 extra
967 1391 1126 1455 cohortem
1141 1410 1229 1454 suam
1246 1393 1504 1456 committendum
1519 1392 1616 1457 luisse
1631 1395 1759 1459 nemini.

520 1487 617 1549 Lllll.
638 1487 755 1570 Ecquis
777 1493 825 1549 est
846 1487 954 1559 iudex,
976 1485 1027 1548 cui
1050 1504 1115 1548 non
1136 1484 1176 1547 ab
1190 1485 1281 1548 initio
1297 1484 1461 1550 decumani
1477 1486 1617 1550 criminis
1631 1507 1761 1572 persua·

399 1590 427 1638 ⁴⁰
436 1601 506 1645 snm
528 1582 569 1645 sit
590 1583 684 1644 istum
706 1582 738 1642 iu
760 1589 919 1644 amtorum
940 1579 1024 1642 bona
1044 1576 1251 1661 fortunasque
1274 1579 1424 1662 impetum
1446 1578 1585 1643 lecisset
1606 1582 1678 1664 quis
1699 1581 1760 1644 boc

435 1695 502 1741 non
524 1696 565 1739 ex
586 1695 624 1739 eo
645 1674 749 1737 statim
770 1674 930 1747 iudicavit,
953 1674 1038 1757 quod
1061 1672 1183 1736 ostendi
1203 1674 1298 1735 istum
1320 1672 1467 1736 decumas
1482 1692 1565 1737 nova
1580 1673 1651 1757 lege
1665 1682 1760 1760 atque

435 1768 516 1832 adeo
536 1768 623 1832 nulla
643 1768 714 1850 lege
735 1772 843 1831 contra
858 1766 999 1830 omnium
1014 1765 1273 1830 consuetudinem
1289 1773 1385 1850 atque
1400 1767 1543 1830 instituta
1556 1769 1760 1833 vendidisset

436 1856 508 1925 443.
525 1864 642 1926 Verum
656 1869 693 1923 ut
707 1861 785 1924 istos
801 1880 859 1943 ego
872 1858 991 1923 iudices
1005 1866 1068 1922 tam
1084 1878 1220 1934 severos,
1242 1865 1306 1921 tam
1321 1858 1497 1942 diligentes,
1520 1867 1583 1924 tam
1595 1863 1760 1945 religiosos

435 1975 501 2020 non
521 1954 665 2030 habeam,
687 1954 796 2038 ecquis
819 1961 885 2029 est,
908 1973 949 2016 ex
970 1953 1155 2015 iniuriarum
1177 1952 1410 2035 magnitudine,
1431 1954 1630 2037 improbitate
1653 1955 1760 2020 deere-

398 2057 554 2122 istorum,
576 2049 763 2112 iudiciorum
784 2047 953 2131 iniquitate
975 2047 1030 2132 qni
1051 2047 1112 2109 hoc
1134 2065 1199 2108 non
1222 2045 1427 2109 iamdudum
1450 2048 1595 2111 statuerit
1615 2067 1652 2111 ac
1674 2049 1759 2112 iudi-

435 2142 533 2206 cariti
566 2141 667 2205 Etiam
689 2162 764 2206 sane
786 2143 827 2205 sit
847 2141 963 2224 aliquis
985 2140 1167 2204 dissolutior
1189 2140 1223 2202 iu
1245 2139 1424 2214 iudicando,
1445 2139 1561 2223 legum,
1584 2142 1690 2218 officii,
1711 2144 1758 2206 rei

434 2234 593 2318 publicae,
622 2235 780 2298 sociomm
802 2241 897 2319 atque
919 2234 1089 2297 amicorum
1111 2233 1339 2315 negligentior:
1372 2233 1472 2317 quidi
1505 2235 1533 2298 is
1554 2236 1696 2317 possitne
1718 2237 1758 2299 de

435 2329 525 2393 istius
546 2328 746 2412 improbitate
768 2328 920 2403 dubitare,
943 2347 1013 2390 cum
1035 2333 1122 2390 tanta
1143 2327 1231 2390 lucra
1250 2326 1342 2401 iacta,
1364 2334 1428 2390 tam
1448 2327 1574 2412 iniquas
1596 2329 1758 2413 pactiones

435 2424 467 2487 vi
488 2430 521 2486 et
541 2430 627 2486 metu
650 2441 815 2504 expressas
837 2421 1036 2504 cognoverit,
1066 2427 1153 2483 tanta
1178 2419 1319 2503 praemia
1345 2420 1487 2484 civitates
1508 2423 1540 2484 ri
1562 2430 1595 2486 et
1615 2422 1757 2506 imperio,

397 2517 593 2600 aovirgarum
614 2535 651 2578 ac
672 2516 781 2577 mortis
802 2522 888 2577 metu
909 2534 973 2578 non
995 2513 1089 2577 modo
1110 2515 1250 2596 Apronio
1263 2521 1360 2597 atque
1375 2513 1443 2576 eius
1458 2514 1624 2590 similibus,
1645 2533 1755 2578 verum

436 2611 531 2675 etiam
552 2610 695 2672 Veneriis
724 2608 822 2672 servis
852 2607 928 2671 dare
950 2611 1096 2671 coactasi
1139 2601 1211 2669 iii.
1240 2607 1334 2683 Quod
1363 2606 1389 2670 si
1421 2607 1493 2690 quis
1521 2609 1681 2673 sociorum
1710 2609 1759 2672 in·

435 2703 607 2769 commodis
644 2702 748 2766 miuus
783 2710 1013 2775 commovetur,
1046 2701 1073 2764 si
1110 2720 1205 2784 quem
1240 2707 1396 2763 aratorum
1417 2700 1526 2783 fugae,
1555 2702 1758 2787 calamitates,

436 2797 563 2872 exsilia,
585 2796 755 2880 suspendia
777 2796 915 2879 denique
937 2816 1001 2860 non
1022 2801 1222 2878 permovent:
1251 2814 1317 2857 non
1338 2813 1468 2877 possum
1491 2793 1650 2873 dubitare,
1679 2797 1758 2880 quin

435 2890 463 2956 is
484 2899 607 2965 tamen,
634 2910 706 2953 cum
727 2896 878 2952 vastatam
900 2889 1055 2963 Siciliam,
1085 2887 1213 2951 relictos
1235 2907 1327 2970 agros
1350 2907 1391 2950 ex
1413 2887 1574 2951 civitatum
1595 2891 1706 2955 litteris
1728 2897 1759 2953 et

397 2985 569 3068 atepistola
590 2985 625 3046 L.
647 2983 766 3046 Metelli
788 2982 986 3065 cognoverit,
1013 2989 1126 3045 statuat
1154 2981 1224 3044 fieri
1252 3000 1317 3044 non
1345 3001 1456 3064 posse,
1485 2989 1522 3044 ut
1550 2980 1590 3046 de
1612 2984 1672 3047 isto
1693 3001 1757 3046 non

435 3079 632 3143 severissime
652 3076 819 3139 iudicetur.
862 3076 931 3140 Erit
957 3075 1074 3160 aliquis
1104 3075 1215 3149 etiam,
1248 3076 1304 3158 qui
1331 3076 1410 3138 haec
1432 3075 1537 3140 omnia
1559 3077 1758 3140 dissimulare

435 3191 471 3235 ac
490 3171 650 3253 negligere
665 3168 786 3250 possiti
806 3169 907 3256 Attuli
922 3171 1106 3252 sponsiones
1121 3168 1192 3251 ipso
1207 3176 1371 3252 praesente
1385 3168 1483 3232 iactas
1498 3169 1537 3232 de
1552 3168 1757 3233 decumarum

437 3263 585 3330 societate
608 3263 647 3326 ab
677 3263 747 3344 ipso
776 3262 950 3346 prohibitas
979 3262 1130 3325 iudicari:
1167 3262 1244 3345 quid
1271 3268 1320 3324 est
1347 3262 1432 3345 quod
1462 3262 1564 3344 possit
1590 3264 1758 3347 quisquam

435 3355 629 3420 manifestius
642 3355 704 3419 hoc
720 3356 920 3419 desiderare?
953 3357 1021 3418 Non
1038 3356 1146 3419 dubito
1171 3355 1247 3438 quin
1261 3354 1351 3417 vobis
1366 3355 1594 3431 satisfecerim,
1616 3355 1755 3419 iudices:

396 3463 426 3511 44
435 3469 543 3513 verum
565 3459 671 3513 tamen
692 3449 876 3533 progrediar
897 3448 1039 3531 longius,
1073 3468 1139 3511 non
1161 3447 1341 3510 mehercule
1370 3468 1433 3531 quo
1457 3448 1548 3512 vobis
1575 3450 1674 3533 magis
1694 3449 1756 3512 boc

434 3543 677 3626 persuadeatur,
700 3562 793 3625 quam
816 3543 880 3605 iam
902 3562 1091 3627 persuasum
1114 3562 1184 3605 esse
1206 3541 1346 3616 confido,
1375 3542 1431 3604 sed
1451 3549 1488 3603 ut
1507 3542 1561 3604 ille
1583 3542 1755 3625 aliquando

433 3634 647 3719 impudentiae
676 3654 751 3698 suae
779 3631 872 3698 linem
901 3635 1011 3710 faciat,
1043 3635 1215 3720 aliquando
1248 3633 1371 3698 desinat
1399 3654 1437 3697 ea
1463 3655 1498 3698 se
1527 3643 1637 3719 putare
1664 3654 1756 3719 posse

435 3746 549 3804 emere,
573 3749 655 3813 quae
676 3730 743 3812 ipse
766 3748 890 3812 semper
909 3728 1020 3792 habuit
1040 3728 1175 3803 venalia,
1194 3727 1301 3802 fidem,
1322 3727 1562 3803 iusiurandum,
1584 3729 1756 3803 veritatem,

433 3816 586 3897 officium,
608 3822 811 3904 religionem:
840 3822 987 3886 desinant
1007 3822 1100 3886 amici
1123 3823 1191 3886 eius
1215 3841 1253 3885 ea
1274 3822 1432 3897 dictitare,
1454 3842 1536 3906 quae
1557 3821 1756 3897 detrimento,

499 4064 523 4113 4.
540 4063 660 4127 fleturum
675 4060 756 4126 4344;
777 4062 872 4125 (sctum
889 4063 904 4113 6
921 4063 1042 4126 4433-
1060 4062 1085 4113 ³.
1104 4061 1342 4127 operumve:
1364 4063 1499 4126 mpitotsru
1515 4062 1594 4124 dett.;
1618 4063 1757 4130 [sumptio-

432 4137 493 4199 iesu]
506 4138 535 4188 0.
545 4164 573 4175 ·-
583 4142 607 4188 44
618 4142 641 4188 ta
652 4150 706 4189 om.
718 4138 749 4188 V.
764 4137 795 4199 (44
803 4141 921 4199 prodero
930 4142 954 4187 44
964 4136 1013 4200 iii.)
1026 4163 1053 4176 ·-
1066 4134 1090 4188 4.
1103 4151 1137 4188 coc
1148 4138 1183 4187 V:
1202 4138 1231 4187 da
1242 4139 1288 4188 cti.
1299 4139 1328 4189 0.
1346 4138 1380 4189 44
1396 4135 1459 4187 illud
1470 4135 1552 4187 l’ullio
1569 4137 1703 4200 usitatius;
1722 4139 1756 4191 ci.

434 4223 462 4277 p.
480 4213 546 4263 llur.
566 4212 590 4276 Β.
605 4213 645 4262 44.
663 4211 696 4262 ad
714 4212 786 4262 Fam.
805 4211 859 4261 Vll.
877 4212 918 4272 44,
935 4211 960 4261 4.
979 4211 1027 4261 044.
1045 4212 1065 4261 4.
1084 4211 1109 4276 5.
1122 4211 1163 4262 78.
1181 4211 1293 4263 Divinat.
1312 4211 1336 4275 5.
1349 4211 1390 4262 46.
1405 4237 1433 4247 -
1451 4213 1608 4275 deportatur
1624 4214 1642 4263 4·
1655 4212 1693 4261 V:
1712 4213 1757 4263 od-

434 4292 563 4349 44444444
575 4287 644 4352 4344
653 4301 659 4347 ;
677 4291 839 4349 aporiamus
849 4288 894 4336 cit.
908 4313 936 4322 -
949 4287 973 4335 a.
987 4286 1048 4335 iilud
1058 4287 1104 4336 444.
1115 4291 1193 4349 potest
1208 4286 1224 4337 4
1235 4286 1258 4335 V
1269 4301 1292 4348 φ
1311 4285 1367 4350 (sed
1378 4285 1401 4334 V
1411 4286 1472 4347 iiiut]
1482 4300 1487 4336 :
1506 4287 1551 4336 ini.
1566 4301 1594 4350 p.
1613 4286 1674 4337 iliud
1690 4287 1754 4338 dett.

432 4361 463 4412 0.
478 4364 504 4400 ’-
517 4362 612 4425 Aproni
627 4362 660 4411 V.
679 4387 707 4398 -
721 4362 745 4412 6.
764 4363 830 4425 quod
845 4376 878 4412 44
893 4362 938 4412 boc
954 4360 1046 4412 Lamb.
1061 4388 1089 4398 -
1103 4362 1127 4411 7.
1145 4374 1193 4412 mc
1208 4374 1262 4412 om.
1275 4360 1352 4425 4344.
1372 4359 1422 4423 [444
1437 4373 1485 4411 mc
1499 4362 1527 4411 in
1542 4361 1584 4427 V.]
1598 4388 1626 4399 -
1639 4362 1758 4413 444444-

432 4436 500 4486 osuii
515 4435 584 4499 4344
595 4435 630 4485 V:
650 4436 769 4487 iudicabit
785 4439 830 4488 ott.
851 4464 877 4474 -
897 4436 937 4487 43.
954 4441 982 4487 44
998 4449 1052 4487 om.
1071 4437 1094 4486 V
1110 4437 1182 4487 initio
1198 4448 1293 4487 versus
1311 4436 1371 4499 (ur.)
1391 4461 1418 4471 ·-
1436 4449 1482 4500 434
1498 4448 1550 4486 om.
1570 4437 1646 4500 4349.
1667 4464 1695 4474 -
1713 4436 1754 4489 44.

430 4507 644 4574 immugire
654 4512 793 4577 civim:
806 4509 1023 4562 44444444τεί40.
1038 4538 1066 4549 -
1080 4513 1120 4562 it.
1131 4509 1254 4575 444344ε
1266 4515 1289 4560 44
1300 4512 1345 4562 cti.
1360 4511 1389 4561 0.
1403 4509 1493 4574 [habet
1504 4511 1609 4561 Vrecte
1620 4515 1644 4561 44
1655 4513 1715 4563 ante
1726 4510 1756 4576 i.]

433 4609 459 4620 -
481 4584 521 4635 46.
540 4585 620 4648 aliqui
636 4586 667 4636 V.
682 4613 710 4622 -
729 4586 769 4636 47.
787 4585 954 4651 repugantia
969 4585 999 4633 V.
1016 4613 1043 4624 -ι
1057 4586 1097 4637 48.
1116 4599 1173 4635 meu
1189 4585 1257 4649 4344
1268 4587 1303 4636 V:
1327 4588 1386 4636 dum
1403 4588 1448 4638 cit.
1467 4613 1495 4623 -
1513 4585 1554 4636 49.
1572 4590 1644 4636 tauto
1656 4600 1699 4649 pr.
1717 4586 1755 4635 V:

431 4671 489 4709 cum
504 4663 577 4709 tosio
589 4673 631 4722 pr.
651 4659 719 4723 4344
731 4661 764 4720 0;
788 4666 841 4710 tum
857 4665 929 4712 tauto
943 4673 985 4723 pr.
1010 4662 1055 4709 cit.
1075 4683 1103 4696 -
1123 4665 1146 4709 44
1161 4662 1222 4722 imp.
1240 4658 1268 4711 i:
1294 4665 1369 4724 otqris
1384 4661 1444 4722 imp.
1462 4659 1485 4708 V
1503 4659 1574 4724 (Bri,
1593 4659 1657 4711 deti.
1676 4661 1706 4712 0.
1724 4686 1754 4698 -

431 4732 473 4784 40.
490 4733 542 4784 aias
561 4734 679 4785 militibus
699 4736 730 4784 V.
751 4761 779 4772 -
796 4747 884 4784 oerum
905 4735 981 4784 444444
1003 4746 1057 4785 om.
1079 4733 1157 4797 4344.
1178 4762 1206 4771 -
1224 4734 1265 4784 44.
1288 4735 1310 4784 as·
1331 4735 1374 4795 qui
1390 4735 1422 4784 V.
1442 4761 1470 4770 -
1488 4734 1529 4783 44.
1547 4739 1714 4785 amovear
1730 4733 1755 4794 4,

430 4805 499 4868 Vm:
519 4813 632 4858 44444444·
648 4809 712 4860 dett.
732 4810 761 4860 0.
776 4835 804 4845 ·-
817 4809 858 4859 46.
877 4814 933 4859 criu
943 4813 1071 4871 --posast
1087 4808 1193 4873 6Lagg.
1212 4808 1277 4860 deti.
1292 4836 1320 4846 -
1332 4809 1373 4860 46.
1393 4809 1485 4872 eliquia
1495 4809 1570 4860 stiotu
1582 4807 1663 4873 Lglit
1682 4809 1758 4859 444444

434 4883 495 4945 aliq,
515 4885 560 4934 cit.
579 4884 608 4935 0.
623 4910 650 4920 -
668 4883 710 4934 46.
730 4887 765 4933 ssi
779 4882 825 4933 iioo
840 4884 906 4945 quod
923 4882 1000 4948 4344.
1015 4884 1131 4945 -possii
1147 4881 1457 4946 mowenheimensi
1473 4883 1758 4946 mantissimas

430 4959 488 5010 44444
504 4960 597 5023 Lugii.
618 4985 646 4996 -
663 4958 703 5009 30.
725 4958 843 5009 msiarcis
864 4958 942 5022 4344.
963 4983 988 4993 -
1009 4959 1075 5019 qaod
1091 4958 1107 5008 6
1124 4959 1202 5021 4433.
1225 4957 1291 5008 dett.
1312 4984 1339 4993 -
1357 4958 1426 5008 vobis
1445 4959 1527 5022 magis
1547 4957 1592 5008 boc
1616 4955 1698 5020 nris:
1719 4968 1755 5007 m.

430 5031 517 5084 4444.
536 5035 581 5084 cti.
600 5033 629 5083 0.
650 5059 678 5070 -
696 5032 736 5084 34.
754 5033 808 5082 inm
824 5045 877 5084 om.
896 5031 975 5096 4344.
990 5058 1016 5068 -
1030 5030 1071 5081 34.
1087 5045 1158 5094 posse
1173 5044 1253 5082 444444
1268 5031 1398 5082 Victorius
1416 5035 1443 5082 44
1459 5045 1534 5095 sqq:
1552 5044 1633 5081 arum
1649 5029 1756 5080 codices

430 5107 495 5158 noti.
521 5106 587 5158 Vide
605 5109 705 5168 tamen,
722 5119 757 5158 ne
775 5106 897 5158 codicum
913 5106 1046 5171 scriptura
1057 5104 1173 5171 aliquam
1185 5106 1369 5158 detonsionem
1382 5106 1481 5157 haheat
1491 5119 1524 5157 er
1535 5104 1612 5156 simili
1624 5103 1756 5155 locotione

430 5193 534 5245 4344444
548 5181 610 5231 mibi
625 5181 712 5233 oidsor
726 5195 873 5248 asperare
891 5195 971 5247 posse
989 5180 1053 5231 mihi
1074 5181 1181 5243 videor,
1204 5181 1239 5233 de
1256 5194 1308 5247 qua
1326 5181 1359 5232 ci.
1377 5183 1483 5247 Zumpt.
1503 5179 1538 5231 ad
1553 5181 1610 5231 Act.
1628 5180 1648 5230 1.
1670 5176 1695 5242 4.
1711 5178 1754 5230 oo·

431 5253 513 5318 seyd.
531 5253 567 5305 ad
583 5253 653 5307 Lesi.
672 5253 699 5319 4.
711 5256 752 5308 44.
771 5282 800 5293 -
818 5255 859 5308 ti.
877 5269 910 5310 eo
924 5257 1041 5308 44464444
1056 5269 1110 5308 om.
1129 5256 1207 5321 4344.
