4367 6109
789 565 843 629 ΔΙ)
865 566 1017 632 LIBRUM
1038 567 1062 628 1.
1084 565 1385 631 Accusnrlorns.
1683 563 1745 628 tls

428 710 611 763 dubitandum.
625 738 651 748 -
672 712 712 764 ii.
730 713 801 765 4444444
814 715 946 765 Voconium
956 717 1013 766 sine
1028 716 1201 780 praenomine
1213 713 1295 766 hebet
1304 716 1336 766 V.
1356 716 1407 780 (Sic
1417 713 1470 765 iam
1481 714 1578 773 444444,
1596 712 1645 765 sed
1657 714 1746 765 omisit

427 793 568 847 lectionem
585 795 780 862 discrepantem
798 797 918 850 editionis
935 802 1022 850 Garat.
1040 802 1067 850 in
1084 800 1174 850 adnot.
1193 799 1308 864 4444444.)
1329 826 1355 837 -·
1380 800 1422 850 96.
1440 800 1468 848 in
1483 799 1514 848 iis
1528 799 1589 861 ipsis
1604 798 1686 849 habet
1701 798 1744 860 99,

429 893 480 931 444
497 882 525 930 in
539 882 613 943 ipsis,
631 885 660 932 ut
678 886 717 933 est
735 882 806 947 apud
822 884 981 948 Zumptium.
1002 912 1028 920 -
1047 886 1088 935 94.
1107 886 1227 934 44444444
1243 885 1285 935 99.

492 978 552 1030 pag.
572 966 628 1016 463.
647 979 673 1016 4.
692 965 716 1017 4.
736 968 833 1029 quidsi
849 967 881 1017 99
898 965 970 1018 44144
988 983 1020 1018 ex
1037 971 1115 1032 Lngg.
1136 995 1163 1005 —
1182 969 1207 1019 6.
1226 968 1259 1019 44.
1279 970 1370 1019 Guium
1383 969 1413 1019 li.
1433 967 1457 1031 S.
1475 968 1532 1018 996.
1546 995 1573 1003 -
1592 968 1617 1018 8.
1636 972 1688 1030 alp.
1701 967 1747 1016 444

430 1049 484 1112 (sic)
501 1049 583 1100 habet
599 1050 630 1111 V,
649 1063 702 1101 non
719 1052 798 1113 44444.
818 1052 863 1113 (Ex
882 1053 958 1114 4433.
978 1051 1013 1102 ud
1029 1052 1170 1103 lectionem
1187 1053 1258 1113 alqui
1274 1051 1336 1102 nihii
1354 1053 1515 1116 exscriptum
1533 1054 1593 1115 est.)
1607 1078 1633 1086 -
1654 1051 1678 1101 9.
1693 1051 1747 1101 edi·

427 1133 513 1195 ocisses]
531 1134 663 1184 44444444.
678 1161 705 1170 -
726 1136 765 1185 49.
783 1136 847 1185 Anni
864 1135 909 1198 99,
928 1139 957 1185 44
968 1136 1000 1186 V.
1014 1161 1040 1170 -
1058 1136 1099 1186 43.
1111 1137 1291 1198 mercenurioq.
1305 1138 1358 1197 (sic)
1376 1135 1549 1186 hebetetinm
1560 1136 1591 1186 V.
1606 1162 1633 1170 -
1653 1134 1693 1186 el.
1706 1137 1747 1184 in-

428 1223 513 1268 uentus
532 1220 604 1269 4444
631 1220 684 1281 (est
704 1231 772 1269 4444
794 1217 889 1281 lectio).
910 1246 936 1254 —
965 1219 1005 1269 46.
1024 1219 1114 1284 causis]
1136 1220 1263 1271 0448444
1276 1220 1344 1278 4848
1361 1220 1390 1270 V.
1410 1245 1437 1254 -
1460 1221 1500 1270 44.
1518 1220 1629 1270 inune
1646 1221 1668 1269 V
1686 1221 1747 1282 (non

428 1303 554 1366 Arcesi).
566 1330 593 1339 —
613 1304 653 1354 48.
671 1305 724 1354 iom
741 1303 869 1363 hebetV;
888 1304 926 1353 lto
942 1303 995 1353 iem
1010 1304 1052 1354 99.
1066 1330 1093 1339 -
1113 1305 1154 1353 94.
1173 1306 1214 1354 cui
1230 1305 1291 1353 solis
1307 1318 1357 1353 non
1374 1304 1482 1366 4444444
1499 1306 1549 1365 (est
1565 1317 1633 1355 4444
1650 1302 1746 1365 lectio).

432 1416 458 1423 -
472 1389 514 1438 99.
533 1393 677 1439 testamento
693 1389 807 1438 uirorum
823 1388 864 1438 99.
874 1416 900 1425 -
919 1388 960 1438 93.
980 1401 1012 1437 ee
1028 1388 1149 1437 Siciliensi
1165 1388 1247 1438 hebet
1264 1389 1343 1438 etium
1355 1389 1386 1448 V,
1405 1401 1566 1452 quamquam
1582 1389 1666 1439 444444
1683 1401 1749 1438 oon·

429 1473 538 1523 icarium
549 1471 621 1523 dicit.
637 1498 664 1508 -
682 1471 723 1523 94.
745 1472 802 1522 nili
818 1478 845 1522 tu
857 1474 934 1536 4433.
947 1475 1053 1536 praeter
1063 1470 1121 1522 is.»
1140 1472 1182 1523 sic
1200 1485 1248 1523 nos
1265 1472 1292 1522 in
1308 1471 1413 1530 adnot,
1432 1485 1495 1522 nam
1508 1473 1578 1537 apud
1590 1475 1617 1523 Ζ.
1632 1475 1748 1523 erratum

429 1559 479 1606 est.
499 1583 526 1591 —
545 1558 586 1607 94.
604 1558 631 1606 in
648 1570 679 1606 44
696 1557 775 1607 etiam
792 1556 828 1604 V:
847 1556 874 1605 io
890 1570 947 1606 eom
963 1557 995 1606 99
1013 1555 1054 1619 (de
1073 1569 1126 1620 quo
1143 1557 1171 1606 Z.
1190 1556 1278 1620 tecet).

494 1654 554 1705 pag.
574 1639 630 1691 464.
649 1654 675 1690 v.
693 1641 718 1691 ’4.
737 1640 775 1705 iis]
792 1641 813 1690 is
829 1640 870 1691 99.
890 1666 917 1674 -
938 1640 978 1690 46.
998 1641 1161 1690 Lemsocenos
1176 1641 1207 1690 V.
1228 1667 1254 1677 -
1281 1641 1321 1690 44.
1340 1640 1492 1690 decedentem
1507 1641 1530 1690 V
1547 1643 1697 1692 correctum
1715 1652 1749 1690 ex

429 1725 601 1788 defendentem.
621 1750 648 1760 —
670 1725 710 1774 il.
728 1725 818 1774 bonum
834 1725 865 1775 V.
886 1751 912 1759 -
932 1725 973 1775 96.
992 1726 1150 1774 constitutum
1166 1725 1209 1786 est]
1226 1725 1352 1774 constituit
1367 1724 1390 1773 V
1407 1736 1443 1774 m.
1461 1736 1503 1788 pr.
1523 1751 1550 1760 —
1569 1725 1611 1775 98.
1629 1725 1749 1774 Minuitur

428 1809 461 1858 99
478 1811 506 1860 44
521 1811 536 1858 ὅ
554 1807 595 1859 4444
612 1810 690 1872 4433.
711 1835 739 1844 -
758 1807 799 1859 39.
817 1823 867 1859 non
883 1813 981 1859 4444444
997 1823 1048 1859 non
1064 1809 1116 1873 lepe
1132 1809 1164 1858 99
1176 1822 1202 1873 p.
1218 1836 1244 1846 -
1264 1809 1304 1860 33.
1320 1822 1370 1872 pro
1384 1809 1509 1872 predelios
1522 1809 1677 1873 fideiussores
1693 1808 1747 1870 (444)

427 1894 556 1958 {mertuum
571 1894 739 1943 vindiciarum
756 1893 796 1943 99.

494 1989 554 2041 pag.
574 1977 630 2028 465.
649 1991 675 2029 v.
694 1976 718 2028 l.
737 1976 859 2028 Praetero
872 1989 934 2027 curn
945 1977 1096 2028 Prisciono:
1114 1978 1174 2039 quid
1185 1978 1219 2026 nd
1226 1982 1384 2040 praetorem,
1403 1976 1436 2027 44.
1450 1976 1515 2027 44444
1528 1976 1552 2040 ,4.
1567 1975 1622 2027 sit.
1643 1977 1677 2041 (p.
1692 1976 1747 2038 464,

430 2061 479 2124 46.)
502 2074 529 2126 p.
548 2062 624 2113 44444.
643 2066 702 2112 Am.
721 2060 745 2124 5.
764 2061 804 2112 99.
824 2074 850 2126 p.
870 2062 947 2112 Rosc.
967 2047 1042 2112 Com.
1061 2061 1085 2125 4.
1105 2061 1146 2112 34.
1171 2088 1197 2096 -
1223 2063 1248 2112 6.
1266 2061 1355 2125 nonne]
1372 2063 1471 2111 nomine
1485 2062 1565 2125 4433.
1583 2064 1690 2125 praeter
1706 2060 1748 2110 96.

432 2172 459 2179 -
478 2145 503 2196 9.
521 2145 660 2210 nominetur
676 2148 750 2196 recte
766 2145 799 2194 96
817 2148 844 2195 44
860 2145 906 2205 49;
929 2158 990 2196 nam
1008 2145 1130 2196 diversus
1147 2148 1188 2195 444
1203 2144 1277 2196 locus
1294 2147 1417 2210 superior
1432 2159 1458 2194 4.
1477 2145 1502 2196 3.
1522 2170 1549 2180 -
1569 2145 1609 2195 43.
1627 2157 1678 2194 non
1694 2156 1748 2194 om.

429 2229 461 2279 99
479 2242 505 2294 p.
526 2255 553 2266 -
580 2229 619 2280 46.
637 2229 725 2280 44444
743 2230 781 2279 444
799 2228 983 2293 distinguenda
1002 2242 1118 2280 censeo:
1146 2230 1211 2292 Quid
1226 2243 1293 2279 nunc
1309 2231 1392 2280 dicem
1407 2230 1530 2280 neminem
1544 2241 1666 2290 44444444
1681 2227 1705 2278 i.
1720 2241 1749 2291 p.

430 2327 456 2363 u.
474 2313 601 2364 4444444444
626 2315 682 2364 Non
706 2313 778 2363 enim
798 2316 888 2363 444444
904 2325 934 2363 44
951 2312 1072 2363 (44444444
1092 2311 1209 2377 ailquid
1226 2326 1297 2364 nune
1314 2313 1397 2375 (44444,
1421 2312 1470 2365 sed
1487 2312 1538 2363 sihi
1555 2326 1608 2364 non
1625 2324 1693 2377 opus
1709 2312 1751 2361 44-

430 2397 487 2448 deri
510 2397 600 2448 dicere
617 2397 668 2448 hoc
685 2398 819 2447 neminem
837 2399 929 2461 postea
947 2397 1070 2448 edixisse.
1098 2397 1172 2448 idern
1189 2396 1316 2448 intellexit
1331 2399 1402 2450 Bake
1418 2396 1436 2448 4.
1454 2396 1472 2449 l.
1490 2411 1517 2463 p.
1537 2398 1593 2448 499.
1620 2398 1648 2448 44
1670 2409 1751 2447 versu

430 2485 519 2532 entem
535 2483 655 2546 proximo
672 2494 735 2532 cum
752 2482 834 2532 Prisc.
846 2481 919 2530 oolde
929 2482 974 2531 lioc
985 2486 1019 2531 est
1034 2482 1128 2531 mirum
1140 2481 1269 2545 praefero.
1288 2482 1370 2546 (uelde
1386 2483 1477 2534 scilicet
1491 2483 1585 2532 44444444
1601 2482 1751 2546 suspicatur

430 2566 510 2627 Bake,
528 2568 555 2616 44
566 2579 591 2616 4.
605 2566 645 2616 46.
657 2565 700 2615 illo
710 2566 791 2628 capite
799 2579 848 2628 pro
858 2565 901 2614 illo
912 2564 1044 2630 444444.)-
1059 2566 1101 2617 36.
1113 2565 1205 2630 iered]
1217 2567 1294 2616 cinito
1303 2566 1414 2617 44446444
1424 2567 1456 2617 99
1467 2580 1529 2631 p.-
1548 2567 1590 2618 34.
1603 2567 1665 2617 edici
1676 2568 1749 2616 recte

431 2652 457 2701 in
473 2650 506 2702 99
517 2650 623 2700 videtur
633 2650 737 2701 deesse.
752 2674 779 2685 -
799 2650 840 2700 39.
858 2650 962 2699 diceros
976 2649 1018 2701 99.
1034 2677 1061 2686 -
1080 2649 1122 2701 34.
1140 2655 1219 2700 tolum
1235 2664 1321 2701 eorum
1337 2665 1391 2702 om.
1403 2651 1436 2701 99
1453 2653 1516 2715 (444
1533 2654 1635 2701 tantum
1651 2651 1748 2714 totum).

496 2748 556 2800 pag.
575 2734 632 2785 466.
650 2749 676 2785 4.
692 2735 716 2786 8.
735 2749 767 2785 nc
782 2735 876 2799 4444444
893 2733 975 2784 habet
991 2735 1071 2785 etiem
1083 2735 1114 2795 V,
1133 2736 1195 2785 item
1208 2736 1285 2799 4433.
1299 2748 1393 2786 omues
1410 2735 1569 2800 praeterii.
1584 2761 1610 2770 -
1632 2735 1671 2785 49.
1686 2748 1751 2798 pro-

430 2821 515 2870 xumis
531 2819 571 2870 99.
593 2846 621 2856 -
646 2820 685 2872 44,
706 2819 822 2883 {ricimer
837 2819 869 2880 V,
892 2822 919 2869 et
942 2818 1038 2869 deinde
1061 2818 1266 2869 stomncolrontor
1281 2833 1317 2870 m.
1336 2833 1377 2884 pr.
1398 2844 1426 2856 -
1445 2820 1486 2870 46.
1505 2819 1699 2881 444444444444,
1720 2823 1752 2869 44

432 2905 516 2955 estin
534 2904 564 2966 4,
582 2904 662 2955 etiem
679 2904 757 2967 4433.
776 2915 870 2954 omnes
887 2907 994 2967 praeter
1010 2903 1051 2954 49.
1072 2930 1100 2938 -
1128 2904 1168 2953 44.
1188 2903 1310 2966 perfacile
1326 2905 1404 2967 Lngg.
1423 2917 1517 2955 omnes
1536 2902 1700 2968 praeterit.
1719 2927 1747 2938 -

434 2988 473 3038 49.
491 2992 544 3038 tum
554 3001 608 3040 om.
621 2988 644 3037 V
655 2986 824 3051 3444444444
839 2985 949 3038 4444444.
966 3015 993 3024 -
1011 2987 1052 3038 96.
1065 2988 1178 3038 contione
1187 2987 1210 3036 V
1227 2991 1254 3038 44
1270 2989 1309 3038 444
1325 2987 1438 3051 464444,
1456 3000 1620 3052 quemquam
1630 2987 1713 3038 444444
1724 2989 1752 3036 44

433 3073 476 3124 444
488 3075 514 3123 44
525 3074 551 3123 44
563 3071 619 3123 aliis
631 3070 695 3123 locis
706 3070 798 3124 4444444
809 3073 968 3135 scripturum
979 3073 1064 3121 concio
1075 3070 1166 3122 hebet.
1178 3097 1205 3106 -
1220 3071 1261 3122 39.
1274 3071 1400 3136 sidusque]
1414 3072 1516 3134 4444444
1525 3072 1557 3122 99
1569 3076 1597 3123 44
1606 3069 1651 3131 49;
1665 3070 1753 3133 nuilus

433 3154 489 3208 rell.
502 3158 581 3221 4433.
596 3160 704 3222 praeter
715 3157 739 3206 6.
755 3180 782 3191 -
802 3154 842 3206 34.
856 3157 969 3205 docerem
980 3156 1003 3204 V
1014 3156 1086 3215 (num
1098 3153 1200 3218 syllaba
1212 3169 1240 3206 44
1251 3157 1375 3220 punctete
1385 3157 1432 3218 sit,
1451 3156 1567 3220 dignosci
1580 3170 1632 3207 nou
1644 3155 1750 3221 potest).

498 3255 558 3306 pag.
577 3242 634 3292 464.
652 3255 678 3292 4.
691 3243 716 3292 9.
737 3240 908 3297 44444444
925 3240 992 3302 (eret
1007 3239 1034 3288 44
1051 3239 1112 3289 cod.
1131 3237 1215 3289 littera
1233 3241 1341 3304 poste,
1365 3253 1434 3305 quae
1448 3253 1501 3290 non
1518 3241 1571 3290 ium
1587 3239 1638 3303 legi
1654 3241 1751 3304 potest,

433 3327 463 3376 ut
479 3324 630 3377 emendatio
647 3325 758 3377 Ernesiii
775 3329 883 3384 4444444,
902 3337 971 3387 qnae
989 3333 1083 3374 omnes
1093 3323 1211 3374 veritatis
1228 3336 1354 3376 numeros
1370 3324 1466 3385 habet,
1484 3325 1589 3388 4344344
1600 3323 1753 3375 confirmari

433 3410 571 3473 44444444).
593 3438 619 3447 -
638 3425 695 3475 444,
714 3409 786 3474 quod
804 3408 880 3459 deest
897 3407 967 3472 apud
978 3409 1088 3470 4444444,
1107 3407 1189 3459 habet
1198 3408 1230 3457 V.
1244 3435 1271 3443 -
1290 3407 1315 3459 i.
1335 3409 1406 3470 (4444
1422 3408 1512 3472 QVAM
1522 3409 1553 3459 V.
1568 3434 1595 3443 -
1613 3409 1661 3458 nisi
1677 3413 1754 3458 testo-

432 3500 514 3546 mento
527 3501 637 3558 petrono
653 3495 686 3546 99
703 3508 729 3559 p.
750 3521 776 3529 -
802 3494 827 3544 9.
846 3493 888 3543 len
899 3506 984 3555 poeno
1000 3497 1034 3543 est
1050 3492 1073 3541 V
1090 3492 1146 3553 (est
1161 3505 1230 3542 4444
1246 3489 1347 3554 lectio).
1368 3520 1395 3530 -
1420 3494 1461 3542 li.
1484 3492 1571 3554 quiin
1585 3492 1704 3551 4444444444,
1724 3494 1755 3542 44

434 3581 518 3631 Maius
535 3579 631 3642 edidit,
649 3577 744 3643 legitur
761 3580 787 3629 in
803 3578 834 3628 V.
855 3604 882 3612 -
902 3578 942 3628 49.
961 3590 979 3626 o
995 3589 1049 3627 om.
1067 3576 1100 3626 99
1117 3579 1144 3627 44
1160 3577 1176 3627 s
1192 3575 1235 3626 elii
1252 3577 1330 3640 4433.
1351 3602 1377 3611 -
1397 3575 1437 3626 43.
1456 3575 1561 3626 octenos
1576 3576 1660 3627 444444
1677 3589 1709 3626 ex
1720 3575 1753 3638 4,

435 3663 483 3714 sed
499 3664 632 3716 Brunnins
648 3662 752 3714 dubitet
767 3661 801 3712 de
818 3660 903 3712 4444444
921 3660 944 3711 ir.
964 3687 991 3696 -
1010 3660 1051 3710 94.
1069 3661 1149 3710 allicit
1164 3660 1196 3710 99
1213 3674 1240 3725 p.
1260 3685 1288 3697 ··
1307 3659 1348 3711 93.
1366 3659 1462 3723 Sulpici
1477 3659 1513 3710 V:
1534 3659 1625 3723 sulpiti
1640 3660 1656 3710 4
1673 3661 1752 3724 4433.

434 3747 500 3800 dett.
519 3775 547 3785 -
566 3749 607 3800 34.
625 3749 702 3812 tipus
717 3748 748 3808 4,
772 3749 802 3797 44
817 3744 929 3797 videtur.
950 3771 977 3780 -
1001 3743 1042 3795 34.
1060 3745 1187 3809 inpenioso
1207 3743 1308 3796 hebent
1323 3744 1364 3795 94.
1383 3744 1415 3795 99
1433 3745 1460 3795 44
1476 3743 1508 3795 49
1525 3756 1595 3794 corr.
1616 3772 1643 3781 -
1668 3742 1710 3795 34.
1728 3744 1755 3792 444

435 3846 539 3884 coruom
555 3833 706 3895 4444444444
722 3831 776 3896 (444)
795 3832 826 3882 V.

499 3931 560 3983 pag.
579 3917 636 3968 463.
663 3930 688 3967 4.
706 3916 732 3966 9.
754 3915 867 3981 protum
888 3918 1051 3965 conternneret
1072 3914 1095 3963 V
1116 3915 1171 3977 (est
1191 3925 1259 3964 4444
1279 3910 1357 3964 444444
1377 3925 1508 3977 veruque,
1533 3914 1562 3964 44
1582 3911 1706 3975 videtur).
1726 3937 1753 3949 -

349 4025 352 4029 ·
436 4003 461 4053 4.
479 4000 578 4054 4444444
594 4002 624 4053 4.
645 4028 671 4037 -
692 4002 717 4052 6.
734 3999 825 4050 444444
840 4000 871 4050 V.
887 4025 915 4035 -
934 3999 958 4050 9.
976 3999 1006 4049 t.
1025 3999 1085 4048 4444
1103 3998 1191 4061 hiperi
1208 3996 1289 4047 habet
1305 3997 1335 4047 V.
1350 4023 1377 4033 -
1397 3996 1438 4048 46.
1456 3996 1535 4048 abest
1552 3997 1639 4047 444444
1653 3996 1712 4049 44.
1727 4023 1755 4034 -

437 4086 477 4137 49.
495 4085 607 4137 errimus
622 4086 654 4148 V,
672 4085 722 4137 sed
739 4097 801 4136 cum
817 4098 844 4134 m
860 4096 943 4148 super
958 4096 978 4133 s.
998 4109 1025 4120 -
1046 4081 1087 4134 44.
1107 4082 1170 4144 olo
1183 4089 1188 4142 Ι
1202 4081 1246 4131 lili
1261 4082 1293 4131 V.
1307 4108 1333 4116 -
1354 4081 1395 4132 46.
1413 4080 1502 4132 libens
1515 4080 1614 4144 polonie
1630 4093 1663 4131 ex
1677 4082 1756 4144 Lagg.

436 4168 508 4223 solus
525 4170 557 4221 99
574 4169 664 4221 habet.
689 4195 716 4205 -
741 4170 781 4219 44.
800 4169 934 4218 emmone
955 4168 980 4218 6.
999 4165 1032 4217 49
1048 4163 1168 4230 (reliqum
1192 4165 1339 4228 4444444444.
1363 4191 1392 4202 -
1414 4165 1467 4216 4444
1483 4165 1570 4216 ordine
1585 4165 1684 4215 nomme
1700 4165 1715 4214 6
1732 4165 1759 4214 44

436 4253 487 4306 ti:
505 4254 559 4306 loco
574 4255 673 4306 nomiire
688 4255 733 4314 99;
752 4254 805 4303 loco
821 4252 920 4302 nomine
936 4252 1023 4301 ordine
1039 4248 1096 4301 4444.
1115 4251 1193 4315 4433.
1213 4276 1240 4285 -
1266 4251 1306 4301 48.
1325 4249 1447 4300 dubitauit
1463 4250 1542 4301 etiam
1558 4250 1586 4300 in
1603 4248 1636 4299 99
1651 4263 1679 4314 p.
1698 4260 1760 4299 essa

436 4340 573 4405 Zumptius
590 4341 636 4390 444
652 4339 746 4391 nesciit
761 4340 807 4388 444
824 4348 1038 4388 commemorare
1055 4333 1153 4385 oblitus
1171 4337 1220 4385 444.
1240 4361 1267 4370 -
1286 4335 1327 4385 94.
1342 4332 1545 4397 protenderit
1557 4333 1610 4383 446
1621 4331 1681 4383 4444;
1695 4345 1761 4395 pro-

435 4424 552 4486 teruntur
563 4425 591 4486 4;
606 4425 772 4488 proferrentur
782 4424 824 4475 97.
836 4422 878 4473 99.
893 4449 921 4457 -
939 4420 981 4471 93.
994 4420 1069 4471 nolite
1083 4420 1168 4482 scenio
1179 4419 1210 4468 V.
1224 4444 1251 4453 -
1270 4417 1311 4469 94.
1326 4419 1355 4482 0.
1370 4418 1443 4468 Titini
1455 4431 1509 4469 om.
1521 4415 1563 4468 49.
1575 4443 1602 4452 -
1621 4416 1663 4467 99.
1675 4414 1759 4466 verba

436 4522 502 4571 quoe
519 4509 590 4559 Tadii
605 4510 632 4560 in
649 4509 672 4558 V
688 4509 813 4573 puncteta
830 4519 890 4558 esse
909 4506 943 4569 (v.
956 4503 1055 4566 adnot.)
1072 4504 1204 4554 Brunnius
1221 4515 1251 4554 se
1268 4502 1367 4553 vidisse
1384 4505 1472 4565 44344.
1487 4527 1514 4537 -
1533 4513 1565 4551 ne
1576 4501 1646 4550 lodii
1662 4501 1761 4562 4444444444

436 4593 520 4644 hebet
535 4595 567 4657 V,
586 4607 639 4645 non
658 4594 733 4656 Tadi,
751 4593 834 4643 44444
850 4591 941 4644 Maius.
963 4614 990 4623 -
1015 4587 1056 4638 34.
1074 4588 1202 4638 hominum
1217 4587 1374 4637 ionestomim
1391 4587 1412 4635 V
1427 4587 1479 4650 [est
1494 4597 1563 4636 4444
1580 4583 1672 4646 444444,
1690 4596 1759 4648 qnae

436 4677 521 4742 414344
538 4678 662 4729 44444444
678 4692 721 4729 44.
740 4674 915 4741 sequentibus
931 4674 1045 4723 uirorum
1062 4671 1201 4735 imorum).

502 4774 563 4827 puss.
582 4763 639 4813 469.
658 4775 683 4813 4.
697 4762 722 4812 7.
741 4762 819 4812 estin
832 4761 867 4809 V:
889 4756 1092 4808 TVENDADEL.
1106 4756 1220 4816 SVLLA,
1239 4757 1267 4805 et
1279 4755 1440 4821 conspicitur
1451 4753 1547 4805 ductus
1557 4753 1666 4817 quidam
1677 4763 1761 4817 super

437 4845 460 4896 D
477 4847 540 4912 post
554 4845 669 4897 litteram
686 4847 706 4898 Δ
724 4845 851 4910 (signum,
872 4843 980 4907 opinor,
999 4841 1191 4890 terminationis
1207 4839 1267 4903 ern).
1295 4838 1472 4890 confirmetur
1490 4837 1569 4901 434444
1589 4836 1760 4902 palimpsesto

438 4929 589 4982 emendatio
607 4944 639 4981 er
656 4931 718 4993 443.
737 4930 769 4979 99
786 4929 875 4994 petite.
895 4952 923 4962 -
942 4926 967 4976 4.
986 4924 1058 4976 sitta
1074 4925 1117 4976 hic
1133 4922 1217 4976 hebet
1231 4923 1273 4974 99.
1289 4949 1316 4959 -
1336 4924 1377 4974 46.
1395 4923 1515 4973 inclinem
1529 4921 1760 4972 emmenum

437 5015 479 5066 99.
493 5040 521 5052 -
540 5015 582 5067 94.
601 5014 710 5066 Rabonio
728 5025 760 5064 ex
776 5009 941 5076 443344144
958 5008 990 5061 48
1006 5007 1112 5060 videtur
1127 5008 1241 5068 hahere;
1259 5009 1287 5058 iu
1303 5005 1412 5072 reliquis
1429 5005 1607 5068 4444444444,
1625 5003 1759 5067 Centenio,

439 5099 565 5151 04444444.
583 5101 682 5151 Verum
698 5098 824 5160 formum,
843 5109 924 5161 quum
936 5095 979 5146 hio
995 5091 1067 5145 solus
1078 5092 1111 5144 99
1122 5093 1250 5153 44444444,
1269 5090 1384 5143 44444444
1395 5092 1475 5142 etiem
1487 5090 1512 5156 5.
1526 5089 1583 5140 446.
1597 5116 1625 5127 -
1644 5089 1685 5140 39.
1697 5101 1760 5139 4444-

438 5185 532 5236 sideret
549 5198 603 5238 om.
621 5185 700 5248 4433.
717 5184 825 5248 praeter
839 5181 882 5234 99.
906 5207 933 5218 -
957 5178 997 5232 33.
1014 5179 1077 5230 cidit
1092 5178 1134 5230 99.
1154 5204 1182 5215 -
1206 5176 1248 5229 34.
1266 5190 1300 5228 eo
1314 5175 1375 5240 ipsis
1389 5175 1431 5228 99.
1451 5200 1478 5212 -
1498 5174 1539 5226 35.
1558 5174 1629 5238 quos]
1645 5173 1712 5237 cuod
1725 5173 1759 5224 99

437 5282 467 5335 p.
487 5296 514 5308 -
532 5269 574 5322 34.
592 5267 711 5335 44444444]
727 5267 793 5320 enirn
807 5264 849 5320 49.

479 5363 569 5412 644444
582 5360 610 5409 4.
619 5359 649 5410 44.
1502 5348 1547 5425 29
