4367 6109
856 590 930 657 cn.
951 579 1075 658 1·-1n
1104 589 1161 677 §a
1183 588 1288 658 i-s.
1687 589 1723 657 ai

412 759 572 841 capiteet
593 759 728 824 fortunis
750 759 895 835 alterius,
919 762 1185 846 quemadmodum
1208 766 1459 836 consueverunt,
1481 781 1608 827 oausam
1630 762 1731 826 velint

412 854 528 918 dicere.
564 856 658 933 Quod
680 855 783 919 adhuc
804 875 861 920 vos
884 857 1030 939 ignorare
1052 879 1118 922 non
1139 859 1254 920 mirum
1275 865 1340 932 est,
1362 865 1530 941 propterea
1551 856 1639 942 qnod
1654 877 1729 920 con·

413 949 496 1012 sulto
526 950 566 1013 ah
595 950 831 1015 accusatoribus
861 951 929 1015 eins
955 954 1020 1027 rei,
1054 973 1136 1036 qnae
1158 953 1306 1016 conflavit
1326 953 1388 1015 hoc
1409 952 1577 1026 indicium,
1609 952 1728 1015 mentio

411 1041 494 1105 facta
523 1063 590 1106 non
619 1053 677 1108 est.
721 1042 750 1107 6.
781 1044 943 1120 Quaeres
966 1067 1003 1109 ea
1026 1050 1096 1109 esti
1128 1048 1217 1109 Bona
1237 1047 1336 1128 patris
1357 1047 1489 1111 huiusce
1512 1047 1584 1110 Sex.
1606 1045 1729 1122 Roscii,

414 1157 495 1220 quae
524 1145 599 1200 sunt
627 1140 787 1222 sexagies,
821 1159 903 1223 qnae
931 1141 970 1203 de
1001 1141 1069 1202 viro
1101 1140 1274 1203 clarissimo
1298 1146 1329 1202 et
1349 1137 1538 1214 fortissimo,
1567 1140 1603 1202 L.
1626 1141 1768 1216 Sulla,o

414 1252 508 1314 quem
529 1231 660 1295 honoris
683 1253 778 1296 eausa
798 1235 946 1307 nomino,
969 1235 1094 1298 duobus
1115 1235 1244 1297 milibus
1265 1255 1426 1297 nummum
1441 1255 1510 1298 sese
1526 1235 1602 1299 dicit
1616 1237 1731 1301 emisse

413 1327 598 1389 adolescens
620 1328 671 1391 vel
692 1329 932 1411 potentissimus
953 1329 1015 1391 hoc
1037 1336 1180 1413 tempore
1196 1337 1323 1392 nostrae
1340 1327 1491 1402 civitatis,
1513 1328 1548 1390 L.
1565 1329 1731 1395 Cornelius

415 1420 647 1504 Chrysogonus.
689 1422 720 1485 ls
742 1442 761 1485 a
782 1424 890 1497 vohis,
918 1422 1055 1497 iudices,
1084 1422 1146 1486 hoc
1167 1422 1325 1504 postulat,
1354 1428 1404 1494 ut,
1427 1422 1578 1505 qnoniam
1600 1424 1634 1488 in
1654 1425 1732 1489 alie·

414 1534 486 1578 nam
514 1518 682 1598 pecuniam
704 1524 768 1580 tam
795 1516 923 1600 plenam
944 1524 1041 1601 atque
1064 1516 1258 1600 praeclaram
1279 1513 1368 1579 nullo
1390 1514 1458 1576 iure
1480 1515 1631 1580 invaserit
1652 1538 1732 1602 qno·

412 1611 561 1694 niamquo
590 1611 619 1674 ei
648 1612 804 1695 pecuniae
830 1613 896 1676 vita
922 1613 995 1675 Sex.
1024 1611 1131 1674 Roscii
1158 1612 1283 1674 obstare
1305 1617 1402 1693 atque
1424 1606 1550 1673 officere
1573 1611 1768 1689 videatur,io

412 1704 546 1769 deleatis
567 1727 608 1771 ex
629 1708 736 1771 animo
759 1728 818 1771 suo
840 1708 1056 1789 suspicionem
1078 1726 1269 1790 omnemque
1291 1711 1409 1767 metum
1428 1702 1564 1767 tollatis:
1586 1726 1656 1770 sese
1669 1707 1731 1772 hoc

412 1796 564 1863 incolumi
592 1821 658 1864 non
688 1801 856 1865 arbitratur
885 1800 982 1864 huius
1004 1801 1185 1865 innocentis
1206 1799 1432 1883 patrimonium
1453 1805 1517 1861 tam
1540 1799 1678 1882 amplum
1700 1809 1733 1867 et

413 1894 579 1975 copiosum
600 1915 696 1978 posse
718 1897 877 1971 obtinere;
901 1896 1049 1970 damnato
1072 1902 1104 1959 et
1126 1895 1226 1958 eiecto
1249 1901 1356 1976 sperat
1370 1913 1404 1957 se
1424 1913 1533 1976 posse,
1556 1896 1643 1978 qnod
1658 1897 1732 1959 ade·

412 1995 485 2069 ptus
507 1997 557 2053 est
577 2011 636 2073 per
657 1991 779 2064 scelus,
801 1991 835 2053 id
856 2010 914 2072 per
935 1989 1093 2052 luxuriam
1115 1989 1276 2053 effundere
1298 1996 1395 2073 atque
1411 2008 1606 2054 consumere.
1639 1990 1732 2055 Hunc

412 2081 472 2143 sihi
496 2103 537 2147 ex
558 2086 664 2149 animo
687 2085 887 2167 scrupulum,
911 2085 966 2168 qui
988 2104 1022 2149 se
1045 2085 1114 2148 dies
1135 2093 1311 2167 noctesque
1334 2082 1475 2147 stimulat
1488 2103 1525 2146 ac
1546 2084 1675 2168 pnngit,
1697 2092 1769 2148 ntis

413 2175 572 2253 evellatis,
600 2179 743 2263 postulat
773 2186 810 2241 ut
839 2180 879 2242 ad
906 2178 989 2241 hanc
1020 2199 1110 2242 suam
1140 2178 1289 2260 praedam
1310 2183 1375 2241 tam
1396 2176 1548 2240 nefariam
1571 2178 1732 2243 adiutores

412 2287 469 2334 vos
492 2267 715 2353 profiteamini.
760 2270 789 2335 7.
820 2272 853 2335 Si
874 2272 964 2337 vobis
987 2292 1089 2356 aequa
1111 2279 1143 2335 et
1163 2272 1298 2335 honesta
1316 2263 1491 2355 postialatio
1514 2273 1654 2350 videtur,
1684 2274 1733 2337 in·

413 2365 513 2441 dices,
544 2387 603 2451 ego
634 2375 744 2431 contra
764 2368 892 2431 brevem
913 2366 1159 2449 postulationem
1181 2363 1279 2428 aliero
1303 2373 1348 2441 et,
1379 2366 1539 2450 quomodo
1563 2367 1640 2430 mihi
1661 2388 1734 2451 per·

413 2461 550 2537 suadeo,
572 2462 737 2547 aliquanto
759 2462 953 2546 aequiorem.
997 2462 1049 2523 Ill.
1072 2461 1212 2524 Primum
1234 2480 1253 2523 a
1275 2460 1480 2544 Chrysogono
1503 2470 1598 2544 peto,
1621 2470 1656 2525 ut
1676 2484 1734 2549 pe-

413 2557 507 2619 cunia
538 2556 738 2640 fortunisque
767 2557 884 2619 nostris
910 2562 1077 2619 contentus
1099 2556 1155 2629 sit,
1188 2555 1375 2639 sanguinem
1396 2557 1544 2620 civitam
1566 2579 1607 2621 ne
1628 2563 1770 2641 petat320

414 2650 530 2714 deinde
552 2652 698 2725 anobis,
721 2651 859 2725 iudices,
882 2657 918 2714 ut
938 2651 1106 2713 audacium
1129 2651 1240 2714 sceleri
1253 2651 1426 2725 resistatis,
1447 2650 1666 2717 innocentium
1682 2673 1733 2717 ca·

413 2743 586 2808 lamitatem
615 2746 727 2809 levetis
756 2753 788 2808 et
815 2746 848 2808 in
882 2764 977 2808 causa
1009 2746 1081 2808 Sex.
1103 2745 1210 2808 Roscii
1233 2745 1429 2828 pericnlum,
1457 2746 1544 2830 quod
1565 2747 1600 2809 in
1622 2765 1732 2811 omnes

413 2839 603 2915 intenditur,
625 2841 827 2924 propulsetis.
861 2837 891 2901 8.
915 2840 1011 2915 Quod
1032 2839 1059 2901 si
1080 2846 1136 2901 ant
1157 2858 1252 2902 causa
1274 2839 1415 2902 criminis
1432 2846 1488 2902 ant
1501 2839 1576 2904 lacti
1592 2841 1732 2923 suspicio

415 2943 469 2998 ant
491 2935 652 3019 quaelihet
674 2936 811 3018 deniquo
833 2933 884 2997 vel
905 2933 1035 2996 minima
1056 2953 1107 2995 res
1128 2933 1320 3015 reperietur,
1342 2953 1438 3017 quam
1460 2935 1501 2997 oh
1522 2955 1591 2998 rem
1604 2935 1734 2999 videan-

415 3036 466 3092 tur
486 3030 534 3093 illi
557 3028 704 3093 nonnihil
726 3028 879 3091 tamenin
895 3026 1064 3090 deferendo
1080 3030 1210 3092 nornine
1225 3029 1341 3104 secuti,
1363 3038 1542 3113 postremo,
1565 3030 1593 3093 si
1607 3036 1771 3113 praetera

414 3143 483 3188 eam
503 3123 669 3207 praedam,
692 3142 787 3206 quam
809 3121 890 3195 dixi,
913 3122 1087 3205 quidquam
1109 3122 1197 3186 aliud
1212 3143 1325 3187 causae
1339 3123 1540 3199 inveneritis,
1563 3144 1628 3187 nnn
1642 3144 1733 3189 recu·

415 3238 536 3294 samus,
559 3218 638 3302 quin
659 3216 787 3279 illorum
808 3215 935 3278 libidini
958 3215 1031 3278 Sex.
1046 3216 1153 3279 Roscii
1176 3218 1241 3281 vita
1263 3218 1406 3280 dedatur.
1443 3218 1499 3281 Sin
1520 3218 1607 3282 aliud
1629 3221 1734 3304 agitur

413 3312 509 3388 nihil,
541 3313 604 3376 nisi
631 3320 667 3375 nt
695 3311 796 3373 iisne
819 3310 896 3393 quid
918 3310 1016 3384 desit,
1038 3311 1154 3395 quibus
1177 3313 1253 3375 salis
1279 3311 1359 3375 nihil
1388 3320 1454 3389 est;
1488 3313 1514 3376 si
1541 3312 1604 3377 hoc
1629 3314 1732 3377 solum

413 3405 474 3470 hoc
505 3414 648 3489 tempore
678 3411 855 3489 pugnatur,
887 3411 924 3466 ut
955 3405 995 3468 ad
1021 3405 1109 3469 illam
1135 3406 1273 3489 opimam
1294 3405 1554 3492 praeclaramque
1583 3408 1733 3491 praedam

415 3501 573 3565 damnatio
609 3500 681 3564 Sex.
708 3499 816 3562 Roscii
849 3498 937 3562 velut
968 3500 1113 3563 cumulus
1139 3500 1284 3563 accedat:
1317 3519 1425 3564 nonne
1454 3522 1525 3565 cnm
1554 3502 1653 3566 multa
1683 3502 1770 3565 in·³⁰

416 3595 523 3680 digna,
551 3600 620 3658 tum
645 3593 695 3657 vel
716 3593 778 3656 hoc
799 3593 1055 3675 indignissimum
1077 3601 1141 3668 est,
1168 3613 1226 3657 vos
1247 3594 1381 3658 idoneos
1402 3595 1544 3670 habitos,
1572 3615 1630 3678 per
1653 3616 1734 3680 quo-

414 3711 483 3753 rum
504 3689 676 3754 sentenlias
698 3689 811 3772 iusque
833 3687 1001 3751 iurandum
1022 3686 1055 3749 id
1078 3693 1303 3771 assequantur,
1326 3687 1415 3771 quod
1430 3695 1522 3751 antea
1535 3689 1598 3772 ipsi
1613 3691 1733 3755 scelere

415 3793 447 3848 et
464 3784 549 3849 ferro
571 3783 699 3869 assequi
721 3785 978 3848 consueverunt?
1015 3781 1078 3857 Qui
1101 3801 1142 3846 ex
1165 3780 1290 3844 civitate
1311 3780 1347 3843 in
1368 3786 1511 3845 senatum
1533 3791 1665 3868 propter
1685 3785 1734 3848 di·

478 4025 502 4078 l.
520 4029 698 4078 consummat
713 4027 792 4086 (iac,
810 4027 871 4087 Lug.
889 4024 930 4076 46.
943 4024 988 4073 65ε
1007 4022 1219 4081 consueuerintv3
1237 4027 1386 4072 contrement
1400 4024 1464 4075 440.
1481 4050 1509 4060 -
1527 4025 1552 4075 ii.
1570 4027 1733 4091 mptum}

417 4099 579 4167 loonuptnm
597 4115 629 4152 ex
645 4101 787 4164 emptos,
811 4102 841 4149 ut
857 4100 898 4150 est
914 4099 939 4148 in
956 4097 972 4150 4
989 4100 1086 4163 haggi.
1108 4124 1136 4135 -
1160 4099 1224 4150 clar.
1241 4105 1265 4149 et
1284 4099 1343 4162 fort.
1362 4098 1378 4151 4
1395 4101 1487 4165 laga,
1514 4114 1566 4163 ac,
1589 4104 1733 4157 Arusianus

414 4188 440 4243 p.
457 4177 505 4228 444
523 4175 612 4227 hlud:
629 4176 688 4239 fort.
707 4181 730 4226 et
746 4175 810 4226 elur.
829 4173 906 4225 codd.
923 4171 979 4224 rell.
998 4174 1026 4223 0.
1049 4200 1075 4209 -
1094 4173 1166 4236 spuo
1182 4175 1235 4226 niv
1246 4186 1261 4222 a
1273 4186 1303 4232 c;
1321 4173 1691 4244 siitndietsicplerumqne).
1703 4206 1731 4217 -

414 4252 439 4304 8.
456 4249 583 4316 qwotom]
602 4251 645 4314 qni
660 4263 686 4301 v.
708 4276 734 4287 -
757 4251 797 4300 40.
818 4247 922 4313 obstare]
940 4247 1041 4299 odacrus
1057 4249 1086 4298 G.
1108 4275 1136 4295 .-
1160 4249 1200 4298 ll.
1219 4261 1363 4311 onmeorquo
1377 4252 1469 4298 ιιισιιιιιι
1485 4251 1546 4317 Lag.
1564 4252 1611 4304 26:
1637 4269 1734 4308 mmm

414 4333 552 4390 metantque
567 4324 623 4376 rell.
642 4327 671 4376 0.
692 4351 718 4364 -
739 4325 779 4376 44.
798 4329 882 4388 morat
897 4325 950 4376 liv
962 4337 1020 4374 ac:
1038 4326 1161 4388 speretis,
1179 4326 1205 4375 s.
1218 4325 1296 4388 vict,
1314 4322 1388 4384 Pali..
1401 4324 1416 4375 4
1431 4325 1494 4376 011.
1510 4355 1538 4365 -
1555 4342 1581 4379 re
1596 4343 1650 4382 orn.
1663 4345 1688 4383 v.
1703 4359 1731 4370 -

415 4401 454 4453 44.
473 4402 507 4467 id]
524 4415 575 4452 oon
591 4403 620 4450 G.
642 4428 669 4437 -
688 4401 728 4450 46.
751 4401 802 4449 dier
822 4414 853 4450 oc
871 4404 952 4449 noces
968 4399 1069 4450 Probus
1087 4400 1120 4451 de
1138 4401 1244 4450 nomine
1263 4399 1287 4463 5.
1306 4397 1346 4450 43.
1365 4400 1392 4449 in
1407 4399 1481 4451 Anat.
1500 4416 1625 4466 promm.;
1652 4412 1735 4457 noeter

414 4478 511 4539 diesque
527 4478 588 4540 Lag.
606 4475 647 4526 46.
668 4501 694 4509 -
713 4475 819 4524 stimulet
835 4488 866 4524 oc
879 4479 978 4538 pnrrqct
994 4477 1063 4525 coni.
1082 4476 1162 4533 Ern.;
1181 4472 1229 4525 sod
1246 4472 1335 4524 firmat
1348 4476 1438 4540 ponpis
1454 4476 1564 4530 Probus.
1586 4509 1613 4518 -
1632 4481 1672 4532 46.
1688 4494 1734 4544 po-

414 4552 489 4602 stulat
504 4550 539 4615 ul]
555 4549 665 4613 postulat
681 4552 704 4599 ot
721 4551 788 4599 coni.
808 4550 983 4609 Rotomnnns;
1002 4551 1045 4600 Or.
1058 4551 1074 4602 4
1090 4553 1196 4600 antem:
1215 4554 1243 4598 ot
1260 4549 1369 4599 evellatis
1379 4552 1503 4613 portulam
1516 4556 1627 4617 postulat
1641 4563 1670 4606 ut
1680 4559 1732 4608 eet.

413 4628 446 4677 44
462 4624 561 4691 pendet
578 4625 679 4674 tantum
696 4624 829 4688 posterius
845 4629 873 4673 ut
890 4637 905 4674 a
919 4625 1039 4688 postulat,
1061 4627 1135 4690 prius
1152 4625 1190 4688 (nt
1205 4624 1323 4689 mellotis)
1343 4624 1376 4674 ad
1394 4629 1477 4678 totam
1496 4632 1652 4681 sententiam
1670 4644 1734 4696 per-

415 4702 490 4763 tinet,
510 4713 572 4751 cum
588 4700 659 4750 dicat
674 4702 779 4751 orator:
799 4700 932 4751 «adhunc
944 4698 1098 4764 scrupulum
1109 4699 1160 4750 sibi
1177 4713 1208 4750 er
1220 4701 1308 4750 animo
1320 4699 1487 4752 evellendum
1498 4704 1613 4768 postulat
1624 4710 1653 4757 nt
1664 4708 1731 4758 cet.»
1772 4754 1776 4771 ⁸

419 4800 446 4814 -
458 4776 499 4826 44.
515 4775 545 4838 ιι]
562 4776 611 4825 nisi
627 4776 656 4825 G.
678 4802 706 4813 -
725 4777 764 4827 48.
783 4776 870 4840 adsero
887 4780 915 4826 G.
936 4802 963 4811 -
982 4777 1023 4825 46.
1041 4775 1079 4840 ne]
1097 4789 1147 4825 oon
1163 4777 1224 4837 Lag.
1236 4776 1277 4825 46.
1295 4800 1323 4812 -
1340 4776 1381 4825 44.
1399 4778 1552 4829 ammanite
1568 4783 1628 4845 Lag.
1643 4782 1681 4831 44.
1702 4809 1730 4819 -

417 4849 456 4902 44.
477 4851 505 4901 to
525 4864 608 4902 orum
627 4849 705 4901 codd.
728 4854 755 4901 et
774 4864 814 4901 ac
837 4850 894 4915 (sed
911 4849 1011 4915 aliquot
1026 4852 1118 4911 menis,
1144 4853 1173 4899 ut
1190 4851 1215 4902 44
1232 4852 1259 4899 et
1274 4849 1290 4901 4
1307 4851 1411 4916 haggi:
1434 4853 1462 4902 in
1478 4855 1590 4906 emedio
1604 4869 1635 4917 v,
1660 4855 1732 4908 undo

415 4926 499 4979 lladv.
523 4927 672 4992 suspicatus
695 4929 748 4978 ast:
771 4925 891 4976 munibus.
912 4952 940 4962 -
963 4925 1004 4976 43.
1021 4925 1060 4975 oet
1078 4926 1141 4989 facti
1159 4925 1210 4976 444.
1231 4951 1258 4961 -
1284 4924 1325 4977 at.
1342 4925 1391 4992 res]
1404 4941 1470 4990 porr
1485 4941 1503 4979 v
1519 4930 1547 4978 ei
1561 4931 1623 4993 Lag.
1641 4930 1682 4981 46.
1702 4957 1730 4966 -

415 5003 455 5053 45.
473 5002 564 5067 mmm]
582 5006 635 5052 tran
650 5003 707 5063 Ra3
726 5013 779 5051 om.
799 4999 851 5052 Pal.
864 5000 889 5051 3.
904 5027 932 5037 -
951 5000 991 5051 44.
1009 5001 1118 5066 Rumon]
1135 5014 1222 5052 sorren
1236 5003 1256 5050 G
1273 4999 1345 5052 solus
1362 5015 1394 5052 ex
1412 5003 1494 5065 nolis,
1513 5002 1584 5067 qnod
1601 5004 1636 5053 ita
1652 5017 1733 5069 prae-

416 5076 554 5129 terendum
570 5076 688 5138 videtur,
706 5077 829 5140 utsupra
846 5077 887 5126 isti
902 5089 952 5141 pro
968 5076 1005 5126 4444
1021 5075 1130 5140 legatur.
1151 5102 1178 5112 -
1196 5077 1237 5129 444.
1256 5076 1295 5141 iis]
1311 5078 1334 5127 ir
1350 5078 1384 5136 G:
1403 5079 1440 5129 hir
1455 5091 1473 5126 v
1490 5079 1517 5128 ot
1533 5077 1636 5144 ³Lagg.
1652 5106 1680 5119 -
1697 5085 1734 5133 ort

415 5166 467 5205 om.
485 5155 515 5204 G.
536 5180 564 5190 -
586 5153 663 5204 stite
683 5153 743 5216 Lag.
762 5152 803 5203 46.
827 5178 854 5187 -
877 5152 917 5203 30.
939 5151 1019 5201 medio
1038 5152 1154 5216 mdipoo
1174 5156 1202 5203 et
1222 5150 1318 5203 deinde
1338 5152 1544 5217 mulipnirrim
1560 5155 1621 5219 Lag.
1639 5155 1681 5207 46.
1701 5184 1729 5196 -

414 5226 453 5277 44.
471 5227 573 5290 adsequi
589 5228 618 5278 6.
632 5252 662 5264 -
680 5232 856 5277 commati
872 5227 933 5291 Lag.
948 5227 995 5291 46,
1014 5228 1073 5278 Gv:
1090 5231 1241 5280 conmori
1256 5227 1342 5292 Rae,
1359 5226 1432 5291 rell,
1450 5227 1483 5289 0;
1502 5233 1729 5284 connominari.

413 5301 475 5356 Em.
493 5300 679 5370 probabilium
696 5315 724 5357 ι.
741 5304 832 5356 tanim
846 5301 942 5355 lordan
957 5299 976 5353 4.
995 5315 1019 5354 c.
1037 5315 1065 5369 p.
1077 5302 1135 5356 664.
