4367 6109
787 566 859 632 nr.
882 567 1037 633 x-xn.
1065 567 1122 652 ps.
1145 566 1297 634 na-ns.
1638 571 1699 637 ms

379 745 479 811 artes,
500 756 581 819 quae
602 737 694 800 nobis
715 736 824 820 populi
838 737 969 800 Romani
984 739 1088 802 studia
1104 739 1291 811 conciliant,
1314 745 1346 802 et
1364 738 1583 805 admirabilem
1598 742 1700 825 digni-

379 836 475 893 tatem
506 839 538 892 et
567 837 744 913 pergratam
766 829 932 894 utilitatem
955 831 1071 895 debent
1092 833 1218 895 babere.
1262 833 1317 894 xi.
1340 828 1391 893 bl.
1414 832 1542 896 Summa
1564 835 1699 917 dignitas

379 925 481 987 estin
503 923 559 998 iis,
582 925 638 1007 qui
661 924 787 987 militari
810 925 903 987 lande
925 925 1136 999 antecellunt;
1159 925 1265 989 omnia
1287 926 1387 998 euim,
1410 946 1491 1008 quae
1507 928 1626 992 suntin
1641 928 1700 991 im-

378 1017 467 1100 perio
498 1024 529 1079 et
558 1016 591 1079 in
622 1023 705 1080 statu
734 1016 884 1091 civitatis,
913 1018 951 1080 ab
976 1019 1016 1080 iis
1039 1018 1166 1081 delendi
1190 1026 1221 1081 et
1241 1019 1358 1081 firmari
1380 1026 1546 1099 putantur:
1578 1040 1700 1084 summa

378 1110 472 1172 etiam
493 1109 623 1182 utilitas,
645 1109 813 1192 siquidem
837 1130 947 1172 eorum
969 1111 1101 1174 consilio
1123 1119 1154 1174 et
1174 1112 1316 1192 periculo
1339 1132 1410 1174 cum
1433 1113 1611 1196 republica
1633 1121 1723 1176 tumo

378 1203 473 1266 etiam
501 1202 618 1264 nostris
647 1202 739 1264 rebus
772 1202 890 1285 perfrui
921 1224 1100 1286 possumus.
1143 1205 1253 1267 Gravis
1283 1205 1376 1266 etiam
1409 1204 1463 1269 illa
1484 1213 1532 1268 est
1554 1214 1586 1270 et
1606 1207 1700 1290 plena

378 1296 538 1378 diguitatis
560 1295 686 1358 dicendi
709 1295 855 1369 facultas,
878 1316 960 1379 qnae
983 1317 1076 1379 saepe
1091 1296 1192 1359 valuit
1205 1298 1237 1359 in
1253 1299 1383 1361 consule
1398 1298 1583 1383 deligendo,
1604 1318 1699 1383 posse

378 1390 513 1453 consilio
534 1397 631 1472 atque
653 1390 795 1452 oratione
819 1398 850 1452 et
871 1398 998 1452 senatus
1021 1398 1053 1452 et
1075 1390 1184 1471 populi
1207 1398 1376 1464 eteorum,
1400 1393 1455 1476 qui
1475 1413 1526 1477 res
1550 1393 1699 1466 iudicant,

378 1491 498 1546 ruentes
521 1502 715 1566 permovere.
758 1483 927 1558 Quaeritur
949 1483 1077 1555 consul,
1100 1483 1154 1563 qui
1178 1482 1313 1545 dicendo
1335 1504 1399 1547 non
1420 1505 1592 1567 numquam
1614 1505 1699 1549 com·

377 1577 492 1659 primat
513 1575 699 1638 tribunicios
719 1575 860 1650 furores,
883 1578 938 1659 qui
954 1577 1142 1639 concitatum
1160 1575 1312 1659 populum
1327 1579 1447 1650 flectat,
1470 1578 1525 1661 qui
1540 1578 1697 1661 largitioni
1707 1597 1735 1642 to

377 1670 514 1732 resistat.
556 1670 626 1730 Non
653 1669 782 1741 mirum,
811 1670 838 1731 si
861 1671 901 1733 ob
931 1669 1012 1732 banc
1034 1668 1213 1731 facultatem
1236 1669 1380 1732 bomines
1402 1690 1497 1753 saepe
1519 1674 1613 1735 etiam
1634 1693 1698 1736 nou

377 1761 499 1826 nobiles
522 1763 718 1824 consulatum
742 1764 903 1824 consecuti
927 1770 1017 1836 sunt,
1039 1763 1224 1843 praesertim
1247 1783 1318 1825 cum
1339 1763 1417 1826 baec
1439 1763 1549 1827 eadem
1563 1785 1613 1827 res
1627 1766 1699 1849 plu·

376 1856 473 1919 rimas
496 1855 631 1938 gratias,
659 1856 854 1918 firmissimas
877 1857 1047 1929 amicitias,
1070 1857 1206 1919 maxima
1229 1857 1332 1919 studia
1353 1859 1464 1939 pariat.
1500 1857 1642 1932 Quorum
1663 1859 1697 1922 in

376 1952 438 2013 isto
460 1957 565 2013 vestro
585 1949 738 2023 artificio,
762 1949 899 2031 Sulpici,
922 1949 1000 2011 nibil
1023 1959 1080 2012 est.
1111 1947 1161 2012 25.
1177 1951 1315 2012 Primum
1331 1950 1470 2032 dignitas
1484 1950 1517 2011 in
1532 1958 1596 2013 tam
1610 1953 1698 2014 tenui

377 2045 511 2107 scientia
533 2064 597 2106 non
619 2039 832 2126 potestesse:
855 2063 905 2105 res
928 2045 1013 2106 enim
1035 2051 1108 2105 sunt
1121 2062 1253 2124 parvae,
1275 2062 1375 2125 prope
1391 2044 1424 2106 in
1438 2044 1571 2125 singulis
1585 2044 1736 2110 litteriolo

377 2145 472 2221 atque
493 2137 800 2219 interpunctionibus
816 2138 985 2200 verborum
1000 2144 1181 2219 occupatae.
1211 2136 1348 2210 Deinde,
1372 2136 1466 2200 etiam
1482 2139 1508 2199 si
1523 2137 1601 2221 quid
1615 2139 1698 2221 apud

376 2232 512 2294 maiores
545 2239 670 2292 nostros
698 2230 757 2293 fuit
787 2232 819 2293 in
848 2233 909 2293 isto
939 2229 1043 2292 studio
1075 2228 1306 2304 admirationis,
1340 2230 1372 2292 id
1395 2231 1564 2293 enuntiatis
1585 2232 1699 2294 vestris

375 2323 532 2408 mysteriis
561 2331 662 2386 totum
690 2334 738 2386 est
766 2331 978 2407 contemptum
1006 2331 1038 2385 et
1067 2323 1233 2387 abiectum.
1276 2326 1387 2387 Posset
1413 2325 1465 2406 agi
1497 2324 1567 2407 lege
1588 2344 1699 2400 necne,

376 2417 468 2500 pauci
501 2418 661 2500 quondam
693 2419 851 2492 sciebant;
883 2417 981 2480 fastos
1011 2417 1095 2480 enim
1123 2417 1217 2499 vulgo
1245 2437 1309 2481 nou
1337 2417 1505 2481 habebant
1547 2418 1644 2480 Erant
1665 2419 1698 2481 in

375 2531 488 2594 magna
520 2512 660 2594 potentia
689 2513 745 2595 qui
774 2511 1033 2584 consulebantur,
1067 2531 1085 2572 a
1116 2512 1231 2594 quibus
1262 2512 1356 2574 etiam
1379 2512 1464 2586 dies,
1496 2519 1656 2595 tamquam
1678 2530 1735 2576 aso

376 2605 558 2680 Chaldaeis,
586 2606 784 2686 petebantur.
828 2605 977 2667 Inventus
1009 2612 1056 2667 est
1088 2605 1191 2667 scriba
1212 2605 1359 2689 quidam,
1390 2605 1445 2667 Cn.
1468 2605 1610 2679 Flavius,
1640 2605 1697 2688 qui

375 2698 536 2762 cornicum
567 2698 675 2762 oculos
705 2694 868 2761 confixerit
897 2705 928 2760 et
957 2698 1090 2779 singulis
1119 2698 1231 2760 diebus
1257 2696 1436 2761 ediscendis
1457 2697 1555 2761 fastos
1577 2699 1696 2781 populo

374 2793 577 2877 proposuerit
609 2799 641 2854 et
669 2793 707 2855 ab
742 2792 820 2875 ipsis
851 2791 953 2875 capsis
981 2791 1268 2853 iureconsultorum
1297 2791 1483 2875 sapientiam
1510 2793 1697 2877 compilarit.

375 2887 486 2970 ltaque
509 2885 579 2948 irati
602 2885 666 2960 illi,
688 2884 774 2968 quod
797 2894 871 2948 sunt
891 2884 1001 2958 veriti,
1023 2903 1063 2946 ne
1086 2885 1209 2946 dierum
1231 2885 1353 2946 ratione
1374 2885 1569 2968 promulgata
1591 2895 1622 2951 et
1643 2906 1696 2950 co-

375 2980 463 3062 gnita
484 2978 551 3042 sine
574 2999 632 3041 sua
654 2999 750 3063 opera
771 2980 841 3062 lege
863 2979 912 3061 agi
935 2985 1058 3062 posset,
1086 2977 1182 3040 verba
1202 2977 1358 3059 quaedam
1380 2989 1640 3060 composuerunt,
1662 2989 1734 3045 utto

374 3073 522 3137 omuibus
553 3073 586 3134 in
616 3072 710 3134 rebus
739 3074 798 3156 ipsi
826 3073 1024 3135 interessent.
1067 3071 1137 3133 xli.
1158 3067 1209 3132 io.
1234 3070 1312 3132 Cum
1339 3070 1400 3133 boe
1428 3068 1496 3135 fieri
1523 3071 1696 3136 bellissime

374 3173 499 3251 posset:
524 3164 676 3228 «Fundus
699 3166 833 3230 Sabinus
863 3186 951 3229 meus
974 3173 1062 3227 θεῖε»
1089 3164 1209 3226 rimmo
1232 3183 1363 3226 mensu>
1388 3162 1504 3228 deinde
1526 3165 1695 3231 iudicium:

374 3260 553 3325 noluerunt.
589 3259 728 3333 Fvunvs,
749 3259 870 3342 inquit,
893 3278 948 3333 ovi
969 3279 1026 3321 nsv
1047 3279 1078 3321 m
1100 3277 1182 3320 aeuo
1206 3276 1259 3330 ovi
1274 3256 1408 3320 Sariuvs
1430 3278 1581 3322 vocarvn.
1613 3259 1695 3324 Satis

375 3355 523 3418 verbose:
546 3351 625 3417 cedo
649 3351 726 3436 quid
748 3356 880 3434 postea‘l
912 3354 983 3415 Evrr
1004 3372 1066 3416 sco
1088 3373 1132 3414 ex
1153 3371 1225 3414 ivan
1246 3351 1418 3425 Qvinivrvu
1436 3372 1527 3416 nvn
1541 3373 1616 3417 sess
1631 3375 1695 3418 aio.

440 3540 463 3588 t.
480 3538 549 3588 vobis
566 3539 596 3588 C.
611 3565 638 3574 -
657 3537 785 3586 conciliem
801 3537 913 3587 Ernesti.
929 3563 955 3571 -
975 3538 998 3587 3.
1017 3537 1054 3586 bis
1070 3538 1159 3588 Etlv.
1179 3537 1233 3598 (biis
1250 3550 1296 3598 pue
1311 3536 1338 3585 in
1353 3536 1406 3586 mil.
1419 3537 1458 3598 G.)
1473 3561 1500 3574 -
1520 3538 1547 3586 in
1562 3542 1624 3602 post
1638 3545 1696 3589 sint

374 3627 427 3665 om.
447 3614 501 3664 Er.
516 3639 543 3649 —
563 3613 588 3665 t.
607 3612 639 3661 ab
655 3613 693 3662 bis
708 3613 796 3662 Ebiv.
811 3639 837 3647 -
857 3612 881 3661 6.
897 3612 1020 3674 possimus
1035 3625 1064 3670 χ.
1079 3637 1106 3645 -
1125 3616 1148 3660 et
1165 3623 1219 3661 om.
1231 3625 1256 3661 v.
1273 3637 1298 3648 -
1319 3610 1344 3659 7.
1363 3610 1486 3674 diliperdo
1500 3612 1529 3661 C.
1545 3638 1572 3650 -
1591 3613 1631 3662 40.
1644 3613 1697 3663 tor·

372 3687 862 3753 ptionili22orpitionsEGCx1pv.
882 3714 909 3722 -
929 3685 1110 3749 liparim.
1131 3713 1157 3722 -
1177 3698 1283 3747 piorwn
1300 3697 1353 3734 om.
1371 3697 1397 3733 v.
1418 3709 1444 3719 -
1465 3683 1506 3735 it.
1524 3691 1608 3737 metro
1624 3687 1692 3738 E.-

373 3763 476 3828 Solpiei]
493 3763 598 3826 εῖηφῖῖθί
614 3753 648 3814 bl.
673 3790 700 3798 —
724 3764 786 3825 tam]
808 3775 885 3812 causo
901 3776 929 3821 χ.
955 3790 980 3799 -
1006 3762 1045 3811 lb.
1063 3775 1114 3811 non
1131 3761 1227 3822 Edit,
1245 3762 1260 3811 s
1277 3760 1358 3819 orn,
1376 3760 1435 3809 Par.
1453 3757 1478 3809 l.
1496 3759 1522 3810 8.
1539 3761 1564 3810 9.
1581 3774 1612 3811 v:
1632 3776 1697 3825 puae

372 3841 432 3891 Par.
451 3839 522 3901 iti),
540 3839 569 3889 0.
588 3838 647 3903 (sed
664 3838 722 3889 Ev:
740 3851 791 3887 esse
805 3851 855 3887 non
870 3836 966 3900 potest.)
987 3862 1014 3871 —
1035 3848 1114 3898 prope
1129 3847 1182 3885 om.
1201 3851 1229 3896 χ.
1250 3862 1276 3871 -
1302 3835 1342 3884 ts.
1360 3834 1603 3896 immolationibus
1617 3849 1644 3886 v.
1664 3863 1692 3874 -

374 3914 414 3963 t’l.
432 3913 460 3962 to
475 3913 522 3963 isto
538 3914 619 3963 studio
635 3914 673 3964 bl:
691 3913 718 3962 in
733 3914 841 3963 istosdm
858 3912 891 3973 E,
909 3913 936 3960 in
951 3911 1073 3959 istrosdno
1090 3912 1149 3960 Par.
1168 3909 1192 3961 l.
1210 3912 1240 3969 83
1265 3909 1392 3960 ministros
1407 3912 1469 3960 daos
1485 3912 1518 3971 ῦς
1536 3912 1564 3961 io
1578 3913 1625 3962 itta
1640 3912 1697 3964 tare

372 4000 405 4047 v;
430 3988 567 4038 indutriae
590 3989 632 4037 isti
653 3989 711 4037 Par.
729 3988 754 4038 7.
782 4013 806 4024 -
835 3986 1019 4036 emanationis
1041 3990 1064 4035 et
1086 3986 1236 4035 denuntiatis
1259 3986 1293 4044 E;
1320 3985 1520 4034 missatica&
1542 3986 1696 4038 demisistis

371 4063 461 4113 omisis
475 4063 595 4113 minutiis
610 4065 639 4112 G.
660 4089 687 4098 -
707 4061 1079 4125 ts.iaeii1p.-tspeom.
1100 4062 1128 4109 G.
1144 4087 1170 4096 -
1189 4073 1234 4110 nec
1250 4073 1275 4109 v.
1292 4087 1319 4096 -
1338 4059 1378 4110 49.
1395 4060 1468 4124 popo
1484 4060 1517 4110 bl.
1532 4087 1559 4096 -
1577 4060 1613 4125 in]
1629 4063 1696 4112 enin

372 4138 400 4187 io
416 4139 451 4198 G;
469 4139 489 4188 ii
505 4140 532 4189 L.
545 4165 572 4174 -
591 4139 633 4189 Ξῖ.
651 4138 743 4188 cotom
758 4139 812 4188 Gv.
827 4163 854 4172 -
871 4136 1000 4198 petebatur
1011 4135 1039 4195 Ε,
1059 4138 1116 4184 Par.
1130 4134 1154 4186 ῖ,
1167 4136 1203 4195 7.,
1221 4133 1354 4196 potabatur
1370 4149 1398 4194 χ.
1425 4135 1464 4184 Ct.
1483 4131 1546 4185 Plin.
1559 4135 1619 4184 Nat.
1632 4135 1694 4185 Hirt.

372 4212 482 4264 nuni.
495 4215 518 4263 l.
537 4212 561 4278 5.
576 4215 616 4264 ⁴7.
632 4240 659 4250 —
677 4214 718 4264 22.
736 4213 959 4264 ediscendisGblS
968 4225 1001 4270 χι
1021 4211 1140 4260 discendis
1156 4212 1315 4269 Steinmet23
1333 4210 1458 4260 etimmdir
1475 4209 1503 4270 E,
1522 4208 1633 4269 3Parr.,
1650 4217 1693 4273 ψ;

372 4287 489 4351 mamis
505 4288 538 4347 C;
556 4289 695 4338 ediscendos
711 4289 764 4338 v0.
781 4316 808 4325 -
825 4289 891 4351 fastu
903 4289 932 4336 G.
947 4314 974 4322 —
993 4288 1033 4338 23.
1052 4289 1133 4349 capsis
1147 4288 1371 4338 iureconsultonen
1387 4284 1532 4350 Madvigius
1542 4283 1648 4348 (Opusc.
1660 4286 1692 4336 11.

372 4374 398 4426 p.
412 4360 495 4423 illul:
514 4363 597 4412 sends
613 4363 676 4412 iaris
691 4364 808 4412 consitiis
823 4376 909 4412 sorren
926 4362 1021 4418 codd:
1040 4364 1121 4412 contis
1136 4362 1306 4412 iureconsultis
1321 4375 1408 4411 eorum
1423 4361 1452 4410 0.
1475 4362 1565 4423 (capris
1579 4361 1694 4409 iweeon·

371 4436 493 4486 sotiorum
509 4437 535 4486 in
551 4438 643 4487 vetere
661 4437 752 4487 codiee
770 4450 799 4486 se
817 4438 967 4501 repperisse
984 4440 1096 4489 testatur
1111 4439 1148 4487 lo.
1168 4435 1315 4486 Sambucus
1330 4437 1395 4498 Bpp.
1408 4436 1443 4485 od
1458 4436 1484 4485 P.
1500 4435 1632 4484 Victoriam
1649 4434 1692 4485 ed.

372 4510 454 4563 band.
468 4514 498 4562 11.
512 4526 538 4577 p.
552 4513 592 4562 60.
610 4513 690 4575 Bam.)
713 4540 740 4549 -
767 4511 808 4562 si.
823 4513 987 4575 promutpato
1002 4515 1022 4562 G
1040 4515 1068 4562 et
1078 4510 1137 4561 cod.
1151 4512 1258 4561 Franc:
1275 4511 1426 4574 puuotpato
1437 4509 1515 4560 codd.
1527 4506 1583 4558 rell.
1597 4507 1650 4556 uoti
1667 4510 1695 4557 et

372 4587 431 4647 LO,
450 4589 479 4635 ut
495 4589 537 4638 est
553 4587 587 4638 de
602 4590 672 4638 Orat.
685 4590 704 4638 1.
719 4587 742 4651 ἓ.
757 4589 812 4639 486.
832 4590 865 4638 st
880 4601 905 4637 v.
919 4587 984 4637 inira
1002 4587 1026 4651 ἓ.
1039 4588 1079 4637 26.
1093 4599 1115 4636 s.
1128 4586 1146 4636 i.
1160 4587 1187 4635 et
1197 4584 1281 4636 Plini.
1294 4586 1370 4634 cit.-
1396 4586 1438 4635 25.
1455 4584 1506 4648 iope
1522 4583 1565 4646 opt
1581 4582 1691 4646 scripsi:

372 4660 415 4724 opi
431 4672 484 4711 om.
504 4660 582 4712 codd.
601 4662 654 4711 noti
673 4662 802 4724 (Εῦῖῖν,
821 4664 904 4722 Pam,
923 4661 1039 4723 torm),
1058 4662 1083 4710 iu
1102 4659 1175 4711 editt.
1194 4661 1234 4709 est
1250 4660 1294 4723 opi
1309 4662 1370 4723 post
1383 4663 1472 4721 posset.
1490 4684 1516 4693 -
1533 4662 1613 4719 portet
1629 4657 1691 4706 liv:

368 4735 447 4797 possit
457 4735 477 4784 E
487 4736 569 4786 GMC
580 4738 601 4787 ii
610 4753 628 4796 χ
637 4745 674 4801 ψ,
692 4738 708 4788 3
724 4739 796 4787 Parr.
813 4765 839 4772 -
857 4736 934 4788 uerba
950 4738 1073 4798 quaedem
1083 4734 1202 4787 Niebuhr
1219 4737 1246 4784 θῖ
1257 4736 1414 4785 Steinmetz:
1433 4747 1493 4784 uero
1510 4746 1541 4783 ac
1557 4733 1646 4782 αθάθθι
1656 4733 1691 4791 ll,

372 4810 387 4859 3
404 4811 488 4870 Pam,
507 4812 584 4874 Lagg.
598 4810 718 4876 plerique
737 4811 789 4871 (aut
804 4824 862 4860 vero
879 4812 990 4870 medam,
1010 4814 1039 4861 ut
1050 4814 1091 4862 est
1102 4813 1128 4862 in
1140 4811 1159 4860 E
1170 4811 1188 4861 C
1198 4810 1273 4872 ψνῖς
1291 4824 1349 4861 vero
1360 4810 1487 4859 accedun
1498 4809 1561 4870 Lag.
1574 4806 1618 4865 653
1636 4821 1694 4857 uere

371 4883 486 4933 modum
496 4886 557 4948 Lag.
569 4885 614 4942 tt,
631 4899 691 4935 vcro
703 4887 763 4949 Lag.
777 4886 792 4935 9
804 4888 830 4935 et
841 4885 881 4944 26,
895 4887 912 4934 S
925 4885 981 4946 (sed
993 4888 1054 4949 Lag.
1064 4888 1105 4937 26.
1119 4899 1180 4936 cum
1191 4884 1310 4950 lacuna);
1329 4886 1445 4935 accedam
1456 4884 1477 4933 G
1489 4883 1567 4946 (uude
1579 4882 1693 4934 llomm·

372 4959 474 5010 senius:
493 4959 545 5024 ispe
559 4961 712 5024 possetopi,
731 4960 853 5020 cumdem
869 4961 973 5023 cornp.);
991 4967 1063 5010 notos
1079 4963 1201 5023 wordum
1215 4961 1276 5012 edd.
1294 4962 1396 5026 priores
1407 4962 1434 5008 et
1444 4960 1473 5008 0.
1488 4986 1516 4996 -
1534 4959 1576 5008 26.
1593 4959 1621 5008 io
1636 4971 1691 5007 om-

372 5033 443 5083 uibus
459 5047 483 5083 v.
505 5060 531 5070 -
549 5036 589 5085 27.
606 5034 683 5097 possit
699 5049 726 5094 χ.
742 5062 767 5069 -
788 5035 828 5084 28.
846 5034 978 5083 uoluerunt
995 5038 1060 5095 ῦψ.
1080 5061 1107 5069 -
1125 5035 1230 5097 fandum
1247 5036 1274 5084 i..
1289 5061 1315 5070 —
1334 5033 1375 5084 29.
1393 5033 1492 5083 moise
1506 5045 1575 5083 orem
1590 5032 1690 5081 dicitnr.

372 5110 430 5159 cedo
447 5110 500 5160 Tv.
522 5135 547 5145 -
572 5123 629 5158 com
644 5123 689 5173 epo
705 5112 827 5171 Μχψν,
843 5137 869 5145 -
889 5123 922 5159 er
937 5111 993 5158 iare
1009 5110 1144 5170 Quiritiom
1160 5108 1302 5160 Lambinus
1320 5108 1362 5171 (cl.
1376 5109 1467 5158 Gaium
1482 5108 1524 5158 IV.
1538 5106 1562 5170 5.
1575 5106 1640 5169 ⁴⁶·l2
1659 5118 1692 5155 ee

371 5185 646 5247 impostiones,
665 5186 771 5234 lcodd.
784 5186 860 5247 Leg.;
879 5198 911 5233 er
926 5185 981 5234 iure
997 5185 1063 5245 quod
1078 5199 1097 5243 χ
1112 5187 1138 5233 θῖ
1155 5184 1215 5247 bag.
1229 5184 1285 5243 ῖ3.;
1303 5197 1336 5234 en
1352 5183 1407 5233 iure
1421 5182 1610 5246 υπῖοφιοΐνς
1630 5181 1692 5245 (iui-

371 5259 459 5310 ritium
474 5272 528 5310 om.
546 5261 597 5312 HS
614 5262 641 5310 et
657 5257 713 5310 rell.
727 5263 805 5323 Lagg.
827 5287 852 5298 -
872 5261 926 5310 otor
942 5262 975 5319 (ῖς
994 5260 1078 5310 animo
1095 5261 1175 5320 Τχν.
