4367 6109
448 566 511 635 tro
855 568 1006 634 oafflo
1027 570 1106 635 PRN
1127 570 1168 635 M.
1189 568 1367 635 FONTEIO

447 742 528 806 sima
554 739 671 805 auxilia
700 745 874 802 sumuntur.
921 740 1016 802 Venit
1042 738 1118 802 huic
1145 739 1302 816 subsidio,
1334 741 1451 805 misero
1472 745 1566 823 atque
1589 737 1776 814 innocenti,

447 832 688 899 Massiliensium
715 838 828 902 cuncta
856 832 981 906 civitas,
1013 852 1095 916 quae
1123 853 1187 897 non
1208 835 1311 897 solum
1333 836 1373 897 ob
1395 854 1465 897 eam
1486 853 1613 898 eausam
1635 832 1776 913 laborat,

447 935 485 991 ut
508 928 597 1001 huic,
627 945 646 987 a
676 944 740 1008 quo
766 925 837 1007 ipsa
858 934 979 989 serrata
1000 933 1064 1001 est,
1098 947 1205 1010 parem
1226 929 1356 1010 gratiam
1377 927 1494 991 referre
1515 927 1683 1001 videatur,
1716 925 1775 989 sed

447 1022 553 1093 etiam,
574 1019 659 1103 quod
682 1038 719 1082 ea
741 1018 928 1083 condicione
949 1026 1044 1103 atque
1067 1040 1105 1083 eo
1127 1020 1190 1084 lato
1213 1041 1246 1084 se
1269 1022 1301 1083 in
1323 1022 1362 1084 iis
1383 1022 1484 1085 terris
1494 1021 1689 1085 collocatam
1703 1040 1775 1084 esse

423 1115 628 1186 ambiuntur,
644 1132 685 1176 ne
700 1111 779 1196 quid
793 1114 910 1176 nostris
923 1113 1104 1176 hominibus
1119 1114 1197 1176 istae
1213 1120 1321 1195 gentes
1335 1134 1450 1179 nocere
1465 1115 1597 1198 possint.
1619 1111 1676 1176 16.
1694 1108 1773 1199 [aa]

447 1209 627 1290 propugnat
654 1208 771 1289 pariter
797 1226 854 1288 pro
877 1206 976 1269 salute
999 1208 1040 1269 Μ.
1060 1208 1171 1270 Fontei
1192 1207 1406 1271 Narbonensis
1428 1209 1571 1283 colonia,
1604 1227 1692 1293 quae
1713 1227 1775 1290 per

446 1301 532 1364 branc
556 1300 627 1381 ipsa
653 1319 756 1381 nuper
777 1299 941 1373 obsidione
972 1299 1111 1362 bostium
1132 1299 1276 1375 liberata,
1303 1321 1387 1364 nunc
1409 1301 1552 1364 eiusdem
1573 1301 1713 1364 miseriis
1736 1319 1774 1363 ac
1849 1334 1851 1341 ι

446 1393 594 1477 periculis
615 1400 838 1456 commovetur.
880 1393 1044 1475 Denique,
1073 1400 1109 1455 ut
1139 1401 1263 1476 oportet
1282 1394 1367 1457 bello
1390 1394 1527 1469 Gallico,
1556 1403 1592 1458 ut
1613 1395 1774 1458 maiorum

447 1489 518 1551 iura
539 1506 704 1570 moresque
727 1486 960 1568 praescribunt,
982 1506 1075 1549 nemo
1098 1493 1146 1549 est
1166 1486 1243 1550 ciris
1264 1487 1440 1562 Romanus,
1467 1490 1523 1573 qui
1544 1489 1605 1552 sibi
1626 1488 1694 1551 alla
1717 1506 1774 1550 ex·

409 1581 612 1647 recusatione
640 1580 791 1643 utendum
818 1587 917 1662 putet
952 1578 1071 1643 Omnes
1092 1579 1178 1642 illius
1200 1580 1381 1662 provinciae
1402 1582 1578 1665 publicani,
1605 1580 1774 1665 agricolae,

447 1675 597 1758 pecuarii,
616 1676 710 1737 ceteri
726 1675 934 1756 negotiatores
952 1692 1016 1735 uno
1032 1672 1138 1735 animo
1150 1674 1192 1734 M.
1203 1674 1366 1737 Fonteium
1382 1682 1478 1758 atque
1489 1695 1553 1738 una
1566 1696 1645 1739 socc
1661 1674 1773 1738 desen-

448 1767 536 1830 duut.
566 1767 652 1829 xxl.
676 1763 797 1850 [xlll]
822 1766 915 1841 Quod
935 1767 961 1829 si
980 1774 1082 1830 tantas
1099 1767 1289 1830 auxiliorum
1311 1776 1490 1832 nostrorum
1506 1771 1612 1852 copias
1626 1768 1773 1831 Indutio-

449 1880 552 1923 marus
568 1861 635 1944 ipse
648 1860 838 1943 despexerit,
853 1860 919 1922 dux
930 1860 1132 1943 Allobrogum
1147 1866 1385 1945 ceterorumque
1396 1863 1567 1936 Gallorum,
1582 1882 1660 1924 num
1674 1861 1772 1924 etiam

449 1952 489 2016 de
511 1954 620 2016 matris
641 1954 725 2017 hunc
739 1955 926 2036 complexu,
948 1953 1137 2017 lectissimae
1159 1954 1416 2040 miserrimaeque
1434 1955 1587 2030 feminae,
1608 1955 1699 2019 vobis
1722 1954 1772 2016 in-

411 2048 662 2129 asspectantibus
690 2047 805 2110 avellet
830 2055 925 2130 atque
955 2046 1135 2110 abstrahet?
1162 2050 1347 2132 praesertim
1370 2070 1441 2112 cum
1463 2051 1548 2131 virgo
1570 2048 1706 2112 Vestalis
1731 2067 1772 2109 ex

448 2140 547 2204 altera
567 2148 655 2222 parte
677 2160 859 2223 germanum
880 2140 1007 2204 fratrem
1030 2142 1322 2223 complexaaeneat
1342 2150 1557 2226 vestramque,
1578 2142 1711 2216 iudices,
1734 2161 1773 2205 ac

449 2234 559 2317 populi
582 2235 711 2297 Romani
732 2231 826 2298 fidem
848 2235 1008 2318 imploret:
1030 2255 1111 2318 quae
1134 2255 1191 2318 pro
1205 2235 1294 2298 robis
1316 2234 1488 2320 liberisque
1511 2237 1623 2299 vestris
1644 2244 1693 2299 tot
1715 2254 1774 2297 an·

451 2347 510 2390 nos
531 2328 565 2389 in
586 2328 635 2391 dis
656 2328 881 2393 immortalibus
911 2328 1073 2410 placandis
1097 2337 1246 2411 occupata
1275 2335 1340 2401 est,
1367 2336 1403 2391 ut
1423 2347 1460 2392 ea
1481 2348 1565 2391 nunc
1588 2351 1646 2412 pro
1668 2330 1772 2394 salute

452 2442 508 2484 sua
530 2421 697 2506 fratrisque
720 2423 769 2484 sui
791 2423 912 2484 animos
935 2431 1055 2485 vestros
1077 2423 1201 2506 placare
1222 2422 1333 2505 possit.
1385 2417 1435 2483 17.
1460 2416 1534 2504 [37.]
1559 2423 1615 2486 Cui
1636 2425 1772 2486 miserae

413 2516 536 2599 eoquod
558 2515 766 2598 praesidium,
789 2514 873 2599 quod
896 2514 1048 2578 solacium
1069 2516 1227 2599 reliquum
1250 2522 1298 2579 est
1318 2515 1379 2578 boc
1393 2517 1532 2578 amisso?
1553 2517 1632 2579 Nam
1647 2524 1772 2580 ceterae

450 2609 587 2672 feminae
608 2609 737 2692 gignere
759 2609 847 2692 ipsae
869 2609 928 2673 sibi
950 2610 1107 2692 praesidia
1129 2617 1160 2671 et
1180 2609 1297 2672 babere
1313 2609 1399 2672 domi
1420 2609 1616 2673 fortunarum
1631 2611 1773 2673 omnium

451 2703 571 2766 socium
593 2703 842 2786 participemque
864 2710 1015 2788 possunt:
1036 2703 1110 2766 huic
1124 2723 1198 2767 vero
1212 2703 1325 2785 virgini
1341 2703 1418 2786 quid
1433 2709 1482 2765 est
1494 2710 1620 2785 praeter
1631 2703 1772 2779 fratrem,

452 2795 537 2880 quod
565 2803 622 2858 aut
652 2796 823 2861 iucundum
845 2804 899 2860 aut
919 2816 1026 2860 carum
1049 2816 1119 2860 esse
1140 2797 1265 2880 possiti
1298 2797 1400 2860 Nolite
1421 2798 1503 2879 pati,
1533 2796 1670 2870 iudices,
1699 2817 1772 2860 aras

451 2891 580 2954 deorum
602 2891 822 2955 immortalium
843 2893 1020 2976 Vestaeque
1046 2891 1153 2954 matris
1177 2891 1368 2975 quotidianis
1389 2891 1519 2973 virginis
1540 2891 1774 2955 lamentationi·

413 2987 509 3053 rebus
531 2986 571 3049 de
592 2991 696 3050 restro
719 2985 837 3048 iudicio
859 2985 1061 3048 commoneri.
1095 2984 1266 3068 Prospicite
1288 3004 1328 3047 ne
1349 2984 1402 3048 ille
1425 2985 1508 3067 ignis
1528 2993 1690 3060 aeternus,
1712 3005 1772 3048 no-

451 3081 569 3145 cturnis
585 3079 734 3142 Fonteiae
757 3079 918 3141 laboribus
932 3079 1115 3162 uigiliisque
1132 3085 1288 3152 servatus,
1311 3078 1483 3141 sacerdotis
1496 3085 1618 3142 restrae
1632 3078 1772 3141 lacrimis

452 3173 627 3239 exstinctus
656 3192 726 3236 esse
754 3172 885 3235 dicatur.
929 3168 980 3234 la.
1005 3168 1079 3256 [38.]
1104 3171 1220 3234 Tendit
1245 3170 1363 3235 advos
1385 3171 1473 3254 virgo
1495 3171 1630 3235 Vestalis
1657 3191 1772 3235 manus

452 3267 626 3352 supplices,
654 3266 782 3329 easdem
810 3285 889 3349 quas
917 3286 973 3348 pro
1001 3266 1090 3330 vobis
1118 3264 1166 3326 dis
1196 3265 1424 3327 immortalibus
1446 3266 1574 3328 tendere
1596 3266 1772 3329 consucvit.

454 3361 569 3424 Cavete
590 3381 631 3423 ue
647 3359 861 3442 periculosum
876 3359 1108 3442 superbumque
1123 3358 1166 3420 sit
1179 3358 1247 3421 eius
1261 3378 1318 3421 vos
1333 3359 1579 3422 obsecrationem
1592 3359 1772 3441 repudiare,

414 3454 543 3523 aocuius
564 3473 674 3535 preces
696 3454 722 3516 si
745 3453 777 3516 di
800 3460 1056 3537 aspernarentur,
1076 3452 1155 3514 haec
1172 3451 1259 3515 salva
1273 3470 1343 3515 esse
1358 3471 1423 3515 non
1437 3459 1575 3535 possent.
1604 3451 1772 3516 Videtisne

453 3547 573 3620 subito,
601 3547 741 3622 iudices,
773 3548 874 3610 virum
902 3545 1123 3619 Fortissimum,
1155 3546 1197 3608 M.
1219 3545 1403 3621 Fonteium,
1435 3545 1571 3628 parentis
1601 3552 1633 3609 et
1654 3549 1771 3610 sororis

454 3642 751 3704 commemoratione
773 3641 916 3704 lacrimas
937 3639 1139 3722 profudisset
1173 3638 1236 3713 Qui
1252 3659 1422 3722 numquam
1437 3641 1469 3701 in
1485 3640 1551 3701 acie
1565 3640 1772 3723 pertimuerit,

453 3736 507 3819 qui
537 3755 571 3797 sa
600 3745 737 3800 armatus
764 3756 858 3818 saepe
888 3736 921 3796 in
949 3734 1087 3798 bostium
1114 3752 1241 3795 manum
1270 3733 1568 3816 multitudinemque
1596 3734 1772 3810 immiserit,

453 3849 523 3891 cum
538 3827 570 3889 in
586 3829 652 3892 eius
667 3831 752 3893 modi
776 3829 924 3913 perieulis
943 3827 1051 3891 eadem
1074 3847 1109 3890 se
1131 3826 1248 3890 solacia
1269 3826 1333 3889 suis
1355 3826 1535 3910 relinquere
1556 3827 1772 3902 arbitraretur,

415 3944 444 3991 aa
454 3944 535 4008 quae
559 3943 634 3986 suus
656 3932 745 4007 pater
761 3923 819 3985 sibi
835 3920 1032 4005 reliquisset:
1054 3920 1138 3983 idem
1152 3939 1237 3984 nunc
1251 3920 1435 3984 conturbato
1450 3919 1555 3982 animo
1569 3921 1772 4003 pertimescit,

453 4036 494 4080 ne
516 4036 580 4080 non
602 4018 695 4080 modo
717 4023 899 4080 ornamento
922 4022 954 4076 et
975 4013 1156 4076 adiumento
1178 4034 1243 4076 non
1259 4015 1300 4077 sit
1313 4014 1396 4089 suis,
1418 4013 1473 4077 sed
1489 4015 1585 4078 etiam
1599 4035 1671 4078 cum
1685 4035 1772 4079 accr-

451 4111 581 4174 bissimo
614 4112 700 4174 luctu
734 4110 871 4172 dedecus
905 4113 1067 4170 aeternum
1097 4107 1220 4171 miseris
1250 4115 1344 4191 atque
1371 4108 1574 4191 ignominiam
1601 4109 1771 4192 relinquat.

453 4200 503 4266 19.
528 4199 602 4286 [311]
626 4203 653 4266 Ο
675 4203 831 4267 fortunam
855 4201 948 4283 longe
971 4200 1144 4283 disparem,
1170 4203 1212 4263 M.
1234 4201 1365 4264 Fonteii
1393 4201 1419 4264 si
1442 4201 1577 4283 deligere
1605 4190 1771 4285 potuisses,

453 4304 487 4361 ut
507 4298 610 4381 potius
634 4297 704 4358 telis
726 4296 782 4359 tibi
797 4294 958 4359 Gallorum
974 4313 1067 4377 mam
1083 4295 1228 4378 periuriis
1242 4294 1460 4358 intereundum
1475 4303 1567 4357 esset.
1593 4296 1670 4359 Turn
1686 4297 1771 4359 enim

415 4392 535 4464 soritae
558 4390 643 4454 socia
664 4390 780 4464 virtus,
802 4388 913 4451 mortis
935 4406 1041 4450 comes
1063 4387 1162 4469 gloria
1182 4387 1311 4451 luisset:
1333 4408 1416 4451 nunc
1436 4408 1510 4451 vero
1533 4390 1587 4472 qui
1607 4396 1656 4451 est
1668 4390 1771 4463 dolor,

452 4485 601 4549 victoriae
630 4491 660 4545 te
684 4490 777 4566 atque
800 4481 924 4565 imperii
945 4500 1065 4565 poenas
1087 4480 1129 4544 ad
1150 4501 1260 4544 eorum
1281 4482 1443 4545 arbitrium
1465 4483 1611 4556 sufferre,
1640 4482 1697 4566 qui
1716 4490 1772 4546 aut

883 4554 914 4635 d

519 4736 543 4787 3.
560 4735 651 4799 referri
667 4734 723 4783 VS.
744 4758 771 4767 -
789 4730 814 4783 l.
833 4732 861 4781 ia
875 4732 907 4781 tie
922 4733 958 4782 L:
977 4733 1004 4782 io
1019 4731 1057 4781 bis
1072 4734 1129 4783 VS.
1150 4761 1177 4770 -
1195 4734 1219 4784 7.
1236 4733 1352 4784 martiis
1366 4732 1397 4782 V.
1418 4759 1446 4767 -
1471 4733 1511 4782 to.
1529 4733 1653 4784 wicolce
1667 4734 1772 4796 perora·

453 4813 484 4862 V.
503 4838 530 4847 -
551 4812 591 4860 li.
610 4809 675 4872 qaod
691 4809 712 4858 εἰ
729 4806 806 4857 edd:
825 4808 923 4869 quossi
939 4808 995 4858 VS.
1015 4835 1042 4844 -
1062 4810 1103 4859 li.
1122 4824 1152 4859 ac
1164 4809 1251 4873 populi
1267 4810 1296 4860 ll.
1314 4807 1395 4858 edd:
1416 4821 1434 4858 c
1446 4823 1474 4871 p.
1491 4810 1521 4859 a.
1540 4810 1595 4857 VS.
1615 4834 1643 4844 -
1665 4808 1773 4870 inploret

452 4886 483 4935 V.
502 4913 529 4922 -
547 4898 611 4947 quac
628 4897 681 4934 om.
695 4884 720 4932 S.
736 4908 763 4918 —
783 4882 823 4932 48.
837 4883 919 4932 disV:
939 4882 1050 4934 diisSO.
1065 4909 1092 4919 -
1110 4886 1151 4934 eo.
1164 4884 1330 4942 madum:
1349 4884 1529 4934 solatiwnso.
1548 4885 1668 4946 (sicitem
1681 4897 1708 4934 v.
1718 4884 1771 4946 31.)

455 4987 482 4996 -
501 4960 621 5010 relicuum
637 4959 673 5010 V:
700 4969 753 5006 om.
772 4956 796 5005 S.
823 4982 849 4991 -
873 4955 914 5005 13.
932 4957 1065 5008 iocundam
1081 4960 1107 5010 S.
1128 4985 1155 4996 ·-
1177 4958 1218 5010 al.
1236 4958 1366 5008 cotidianis
1383 4959 1414 5007 V.
1434 4985 1462 4994 -
1484 4959 1526 5009 26.
1543 4959 1674 5023 meoque
1688 4959 1720 5008 V.
1741 4986 1769 4995 -

453 5034 635 5083 Staminatas
650 5032 707 5081 VS.
722 5057 749 5065 -
769 5031 845 5081 tendit
861 5032 894 5080 L:
913 5033 1060 5082 teodetVS.
1075 5058 1104 5070 -
1123 5034 1163 5084 28.
1182 5034 1263 5085 diaV:
1282 5034 1329 5082 diis
1345 5034 1399 5083 SO.
1414 5059 1441 5068 -
1460 5033 1601 5097 30.'preces
1617 5035 1678 5082 siS:
1694 5047 1771 5096 prce-

454 5121 518 5156 cesse
528 5109 557 5158 V.
572 5134 599 5143 -
618 5108 644 5157 di
654 5107 689 5157 V:
707 5107 743 5156 dii
754 5107 808 5156 SO.
824 5134 851 5143 -
867 5108 1007 5167 persenis:
1023 5113 1125 5169 possunt
1135 5107 1166 5158 V.
1181 5134 1208 5145 —
1226 5107 1267 5158 al.
1278 5108 1373 5158 solado
1383 5109 1419 5159 V:
1437 5110 1528 5159 sotctic
1539 5110 1592 5158 SO.
1608 5135 1634 5144 -
1653 5109 1694 5160 38.
1708 5110 1772 5159 Fon-

455 5182 496 5230 teii
512 5182 538 5232 S.
557 5208 584 5217 -
604 5182 644 5232 39.
658 5181 770 5243 amaria
784 5181 814 5230 V.
830 5207 857 5218 —
874 5185 927 5231 tom
943 5183 973 5231 S:
993 5185 1063 5232 tuom
1073 5181 1107 5241 V,
1125 5187 1183 5232 twtc
1194 5184 1326 5234 omanus.
1345 5183 1427 5247 {cuim
1440 5185 1508 5236 ottae
1522 5184 1590 5237 socio
1604 5187 1684 5238 dctus
1693 5185 1770 5235 morti

454 5269 534 5306 comes
548 5257 631 5321 glorio
648 5256 708 5308 cod.
726 5254 809 5323 Oebl.l
828 5283 856 5298 -··
873 5256 915 5314 ll.
932 5257 1038 5310 obtorto
1053 5261 1076 5312 to
1092 5269 1121 5309 οο
1136 5262 1211 5324 atquo
1226 5258 1251 5310 S.
1271 5283 1299 5295 -
1315 5257 1406 5320 torpori
1420 5258 1453 5311 V.
