4367 6109
562 570 605 633 m
626 568 662 634 r.
686 566 908 633 strumus
928 564 1047 632 rnna
1067 565 1120 630 rv.
1143 564 1216 630 cn.
1232 565 1339 630 1-n.
1361 562 1418 650 33.
1434 561 1538 628 8-0.
1655 563 1717 628 roa

393 751 459 806 tum
481 739 665 804 consulatus
688 739 749 802 mei
773 738 805 800 di
835 737 1027 802 immortales
1050 757 1120 801 esse
1143 736 1325 811 voluerunt,
1353 744 1389 801 ut
1414 756 1472 800 vos
1499 734 1718 821 populumque

392 835 567 898 Romanum
590 855 631 898 ex
652 834 749 897 caede
772 832 961 905 miserrima,
991 831 1143 913 coniuges
1168 830 1350 916 liberosque
1372 841 1493 895 vestros
1515 828 1718 914 virginesque

392 928 535 991 Vestales
560 949 601 991 ex
622 927 825 992 acerbissima
846 926 1031 1000 vexatione,
1054 925 1171 1008 templa
1193 933 1288 1009 atque
1303 924 1448 998 delubra,
1470 925 1552 987 hanc
1574 926 1719 1008 pulcher·

392 1022 503 1083 rimam
525 1023 659 1104 patriam
681 1020 822 1084 omnium
844 1029 986 1082 nostrum
1008 1042 1049 1082 ex
1066 1018 1249 1082 foedissima
1265 1015 1404 1091 llamma,
1428 1026 1525 1081 totam
1539 1018 1662 1083 ltaliam
1678 1041 1718 1084 cx

391 1114 476 1176 hello
505 1124 539 1189 et
566 1118 711 1179 vastitate
741 1114 912 1197 eriperem,
943 1131 1162 1197 quaecumque
1192 1112 1267 1175 mihi
1290 1114 1344 1175 uni
1366 1118 1562 1195 proponetur
1582 1112 1744 1189 fananas

392 1209 550 1271 subeatur.
593 1208 718 1271 Etenim
741 1209 768 1270 si
790 1210 822 1271 P.
846 1206 999 1270 Lentulus
1021 1227 1114 1268 suum
1136 1225 1253 1269 nornen
1277 1206 1425 1271 inductus
1447 1207 1603 1271 avatibus
1625 1206 1720 1273 fatale

392 1303 432 1364 ad
454 1302 623 1383 perniciem
645 1303 691 1365 rei
721 1300 866 1386 publicae
899 1299 966 1362 iore
988 1301 1125 1382 putavit,
1153 1320 1209 1362 cur
1231 1319 1289 1381 ego
1311 1320 1376 1363 non
1398 1300 1496 1364 laeter
1519 1321 1623 1365 meum
1645 1324 1721 1366 con·

393 1395 530 1459 sulatum
544 1396 583 1459 ad
598 1396 733 1459 salutem
748 1394 859 1477 populi
874 1394 1006 1457 Romani
1023 1413 1121 1476 prope
1135 1393 1261 1456 fatalem
1278 1382 1461 1459 exstitisset
1495 1395 1533 1457 ll.
1555 1392 1584 1457 3.
1604 1397 1721 1473 Quare,

393 1497 497 1571 patres
527 1489 715 1572 conscripti,
747 1488 902 1552 consulite
932 1486 1038 1560 vobis,
1070 1488 1240 1570 prospicite
1272 1489 1409 1570 patriae,
1441 1499 1627 1554 conservate
1655 1513 1720 1566 vos,

394 1582 564 1665 coniuges,
587 1582 703 1645 liberos
724 1580 933 1665 fortunasque
950 1589 1086 1655 vestras,
1108 1580 1219 1665 populi
1240 1582 1374 1644 Romani
1394 1603 1510 1646 noman
1524 1583 1720 1668 salutemque
1731 1599 1759 1644 tu

394 1674 571 1739 defendite:
594 1676 672 1738 mihi
693 1695 822 1758 parcere
845 1695 880 1737 ac
902 1674 942 1737 de
964 1695 1014 1738 ma
1036 1674 1174 1756 cogitare
1190 1673 1335 1738 desinite.
1367 1677 1446 1740 Nam
1468 1677 1603 1758 primum
1618 1678 1719 1742 debeo

393 1791 537 1853 sperare,
559 1790 669 1836 omnes
691 1770 783 1843 deos,
806 1769 861 1852 qui
881 1769 956 1832 huic
978 1767 1049 1830 urbi
1070 1768 1270 1850 praesident,
1300 1788 1358 1852 pro
1381 1789 1419 1833 eo
1440 1770 1518 1832 mihi
1539 1791 1576 1834 ac
1597 1793 1722 1837 mereor

394 1865 548 1930 relaturos
569 1884 640 1929 essa
662 1863 811 1947 gratiam
834 1863 965 1936 deinde,
988 1862 1014 1924 si
1030 1861 1108 1944 quid
1124 1861 1286 1944 obtigerit,
1308 1882 1411 1946 aequo
1425 1863 1532 1927 animo
1548 1874 1721 1950 paratoque

395 1959 519 2022 moriar.
555 1962 633 2022 Nam
656 1978 760 2041 neque
782 1958 883 2039 turpis
906 1976 989 2021 mors
1010 1955 1084 2019 lorti
1104 1955 1171 2018 viro
1194 1962 1299 2037 potest
1320 1955 1464 2019 accidere
1486 1976 1590 2040 neque
1611 1959 1721 2024 imma-

395 2061 464 2116 tura
485 2053 645 2117 consulari
667 2071 725 2114 nec
747 2051 860 2113 misera
881 2051 1024 2133 sapienti.
1057 2051 1123 2111 Nec
1145 2056 1249 2111 tamen
1273 2069 1332 2131 ego
1355 2070 1424 2112 sum
1440 2048 1494 2112 ille
1508 2049 1644 2125 ferreus,
1667 2055 1760 2137 quita

394 2144 499 2209 fratris
523 2147 675 2209 carissimi
699 2153 794 2228 atque
816 2143 1023 2208 amantissimi
1045 2142 1219 2225 praesentis
1242 2162 1383 2205 maerore
1411 2162 1476 2205 non
1508 2163 1636 2207 movear
1664 2146 1722 2209 lao—

393 2259 529 2323 rumque
561 2240 702 2303 omnium
735 2238 890 2311 lacrimis,
922 2259 939 2301 a
967 2237 1083 2321 quibus
1111 2256 1162 2299 me
1190 2237 1429 2299 circumsessum
1452 2236 1576 2300 vidctis.
1612 2240 1721 2322 Neque

395 2351 495 2394 meam
519 2341 656 2396 mentem
679 2353 744 2395 non
767 2331 897 2395 domum
918 2352 1012 2414 saepe
1028 2337 1154 2394 revocat
1168 2329 1346 2393 exanimata
1360 2351 1441 2393 uxor
1455 2340 1487 2394 et
1500 2332 1621 2396 abiecta
1636 2341 1722 2397 metu

394 2420 459 2487 filia
482 2433 514 2488 et
534 2425 683 2509 parvulus
706 2424 805 2500 salius,
829 2446 923 2510 quem
947 2425 1022 2488 milri
1046 2424 1171 2488 videtur
1185 2423 1332 2506 amplecti
1348 2443 1397 2488 res
1417 2425 1545 2507 publica
1559 2432 1721 2508 tamquam

395 2517 538 2582 obsidem
560 2519 741 2583 consulatus
765 2519 843 2594 mei,
872 2538 976 2601 neque
999 2518 1069 2593 ille,
1100 2517 1156 2600 qui
1184 2526 1372 2599 exspectans
1398 2517 1494 2582 huius
1516 2519 1636 2583 exitum
1659 2520 1761 2584 dieta

395 2619 458 2676 stat
485 2612 518 2675 in
548 2621 718 2695 conspectu
745 2634 816 2676 meo
838 2633 943 2695 gener.
986 2614 1117 2674 Movcor
1138 2611 1187 2674 his
1209 2606 1303 2676 rebus
1324 2612 1489 2686 omnibus,
1520 2611 1630 2676 sedin
1652 2634 1721 2678 cam

396 2713 531 2788 partem,
554 2713 591 2768 ut
612 2706 690 2769 salvi
714 2707 776 2769 sint
796 2707 959 2769 vobiscum
982 2726 1106 2779 omnes,
1129 2705 1224 2768 etiam
1247 2706 1273 2768 si
1296 2726 1345 2768 me
1368 2706 1415 2769 vis
1433 2706 1543 2790 aliqua
1557 2727 1722 2790 oppresse-

395 2799 456 2872 rit,
490 2799 611 2880 potius,
648 2819 743 2882 quam
777 2808 809 2862 ct
840 2799 886 2863 illi
920 2807 951 2861 et
982 2820 1040 2862 nos
1073 2819 1137 2862 una
1170 2799 1215 2861 rei
1248 2799 1394 2881 publicae
1425 2809 1515 2883 peste
1546 2821 1721 2884 pereamus.

395 2888 426 2954 l.
449 2893 573 2968 Quare,
595 2901 700 2976 patres
722 2893 908 2976 conscripti,
931 2892 1103 2955 incumbite
1124 2893 1165 2954 ad
1188 2893 1321 2956 salutem
1338 2893 1383 2955 rei
1406 2893 1568 2975 publicae,
1591 2896 1722 2959 circum·

395 2987 506 3068 spicite
529 3006 638 3050 omnes
659 2987 832 3069 procellas,
854 3006 937 3067 quae
958 2986 1157 3070 impendent,
1180 2985 1242 3049 nisi
1262 2985 1448 3068 providetis.
1478 2988 1548 3051 Non
1563 2989 1611 3052 Ti.
1627 2990 1758 3057 urso-ss

461 3313 484 3362 0.
503 3325 553 3362 csse
569 3325 623 3363 om.
642 3311 656 3361 i
674 3313 754 3374 [833.
773 3310 837 3361 dett.
859 3336 885 3348 -
903 3325 947 3360 vos
960 3311 1128 3374 populosas
1144 3311 1223 3376 Rom]
1243 3324 1286 3360 vos
1300 3311 1421 3375 poputum
1438 3314 1467 3374 Q.
1485 3314 1513 3363 a.
1533 3327 1565 3374 u;
1582 3328 1626 3365 uos
1638 3328 1722 3380 popu-

395 3385 448 3436 08080
467 3400 495 3449 p.
514 3401 535 3436 c.
555 3389 580 3446 t;
603 3398 647 3437 voa
663 3385 834 3448 populataque
854 3386 924 3436 tima.
943 3387 968 3436 P.
988 3386 1014 3437 6.
1033 3385 1048 3435 6
1065 3388 1144 3450 [833.
1163 3387 1245 3444 dett.;
1267 3400 1311 3437 vos
1331 3388 1417 3436 Patres
1437 3401 1533 3439 cosscr.
1554 3391 1723 3456 populumque

395 3462 589 3511 00880.[0.-
614 3459 1013 3521 0.80088880888608,68681.;
1041 3460 1298 3525 miasrimalettg.
1318 3463 1363 3519 66;
1389 3463 1492 3513 800808οα
1513 3465 1720 3529 acgkmrnz.

394 3534 582 3600 68100[833.;
609 3541 633 3586 80
656 3535 758 3585 mismo
779 3533 809 3596 d;
835 3536 927 3585 misero
943 3536 973 3586 R.
1000 3563 1026 3573 ·-
1053 3542 1147 3586 8880888
1163 3549 1217 3586 om.
1235 3535 1253 3585 h
1272 3549 1308 3586 m.
1327 3548 1379 3601 pr..
1397 3538 1442 3599 [3.
1461 3537 1507 3595 508
1530 3545 1628 3591 nostros
1644 3541 1670 3592 d.
1692 3565 1719 3579 -

395 3611 419 3660 8.
439 3611 689 3674 atquo1acqug.
708 3611 732 3661 8.
752 3611 775 3660 6.
804 3636 832 3648 -
859 3611 884 3661 6.
902 3610 933 3674 st]
951 3624 981 3660 cc
998 3609 1024 3660 d.
1053 3637 1080 3647 -
1106 3611 1246 3661 8880800888
1263 3610 1282 3660 C
1301 3612 1389 3674 80[3,
1408 3610 1432 3659 7.
1451 3610 1476 3660 9.
1494 3611 1536 3663 06.
1555 3614 1595 3665 63.
1623 3644 1650 3654 -
1677 3616 1723 3668 8080

394 3685 470 3735 michi
486 3683 513 3735 d.
533 3712 562 3722 -
578 3691 761 3748 proponeretur
778 3697 792 3734 a
811 3689 838 3736 ct
854 3687 898 3749 [3.
917 3686 942 3734 0.
961 3686 1001 3735 06.
1023 3713 1049 3720 -
1069 3685 1093 3735 6.
1113 3700 1130 3735 a
1145 3684 1243 3735 8800088
1258 3685 1372 3735 inductus
1387 3686 1413 3744 i3
1440 3699 1457 3734 o
1473 3699 1527 3738 om.
1545 3688 1587 3740 bs
1605 3691 1628 3754 (a
1644 3705 1723 3743 vau

394 3760 492 3810 cutibus
507 3760 598 3825 incipit
614 3760 791 3824 fragmentum
808 3761 867 3810 cod.
881 3759 976 3812 tirlurt.
991 3776 1014 3794 =
1028 3775 1058 3819 o,
1078 3759 1150 3824 quod
1166 3759 1245 3810 hodia
1258 3761 1360 3823 exstat).
1375 3787 1402 3796 -
1414 3760 1534 3824 [80800088
1549 3776 1577 3812 u.
1597 3791 1624 3801 -
1643 3766 1668 3815 i.
1685 3769 1724 3817 880

391 3848 420 3897 p.
440 3832 517 3885 codd.
536 3847 643 3897 omnes,
663 3850 715 3886 non
727 3849 788 3898 pop.
807 3837 847 3897 a..
866 3836 937 3900 quod
952 3834 1062 3887 Orellius
1078 3836 1104 3885 in
1123 3835 1165 3885 ed.
1184 3836 1209 3885 0.
1228 3832 1724 3898 intentarctalsotradidit;l1abet

396 3908 438 3959 ille
463 3907 548 3974 plenis
571 3908 665 3963 litteris
685 3912 722 3961 880
744 3911 865 3974 publicas.
892 3939 919 3947 -
946 3911 1025 3960 088088
1041 3910 1056 3959 8
1073 3912 1152 3973 [833.
1174 3937 1200 3946 -
1227 3909 1252 3960 8.
1267 3910 1355 3972 populi
1371 3909 1451 3975 ticin]
1468 3911 1506 3961 880
1520 3927 1548 3975 p.
1565 3913 1588 3962 V
1605 3916 1632 3964 et
1648 3913 1664 3964 l
1680 3912 1723 3966 alii

396 3986 475 4047 [833.
493 3982 556 4047 soll,
574 3986 632 4036 L0.
654 4012 680 4020 -
709 3987 733 4036 9.
756 3987 856 4048 patrios
874 3986 1008 4049 prospicite
1030 3985 1104 4035 bcs.
1125 4012 1151 4019 —
1179 3984 1268 4034 liberos
1288 3984 1404 4048 coaiupes
1425 3983 1451 4034 d.
1472 4013 1499 4021 -
1529 3987 1568 4039 00.
1588 3990 1724 4053 poputtqsoe

396 4060 441 4121 [3.
460 4058 509 4115 06ς
528 4064 551 4108 et
564 4061 652 4122 poputt
668 4062 697 4110 B.
716 4090 749 4097 -
765 4061 869 4110 88080888
885 4073 907 4109 r.
929 4087 955 4094 —-
977 4062 1015 4110 tt.
1033 4059 1256 4110 milri--dcaiaitc
1272 4059 1290 4109 h
1307 4060 1333 4110 in
1351 4072 1434 4124 marg.
1453 4059 1544 4112 habet.
1562 4089 1588 4097 -
1610 4064 1649 4113 00.
1668 4065 1725 4115 daos

395 4146 480 4183 omncs
496 4134 524 4183 t..
539 4160 565 4169 —
585 4149 615 4184 oc
631 4136 736 4201 8888088]
754 4141 782 4184 st
797 4149 895 4186 mereor
911 4148 952 4192 ως
971 4150 1002 4185 uc
1018 4136 1106 4184 marito
1123 4150 1144 4184 r.
1163 4162 1190 4171 -
1210 4135 1249 4184 ta.
1267 4135 1380 4198 38800880
1396 4148 1446 4186 csse
1461 4135 1521 4186 VO.
1536 4164 1564 4174 -
1583 4152 1663 4201 coquo
1676 4155 1724 4203 po·

395 4213 500 4269 ratoque
523 4210 607 4259 altimo
625 4224 651 4273 q.
672 4236 700 4246 -
724 4209 764 4261 ll.
782 4224 843 4260 som
863 4209 949 4273 scptu]
971 4224 1079 4272 nomque
1096 4210 1128 4267 b;
1152 4223 1231 4271 aeque
1247 4211 1313 4260 caim
1330 4213 1353 4271 t,
1372 4210 1386 4260 i
1406 4211 1483 4273 [833.
1502 4211 1579 4272 dett,
1598 4213 1655 4263 [0.
1683 4214 1721 4266 Cl.

396 4283 517 4347 Madvigii
535 4286 630 4349 Opusc.
644 4285 663 4333 Ι.
682 4298 708 4348 p.
721 4282 778 4334 tlt.
800 4311 827 4319 -
845 4283 935 4347 talpis]
952 4285 1039 4347 pravis
1053 4282 1158 4345 Quintil.
1171 4285 1213 4334 vt.
1226 4284 1255 4345 3,
1268 4285 1324 4335 009.
1341 4311 1367 4321 -
1385 4285 1441 4335 ciro
1456 4285 1517 4348 sorti
1534 4284 1633 4352 aliquot
1644 4287 1722 4340 mad.

397 4357 502 4420 Quintil.
523 4386 549 4394 -
570 4359 686 4408 accedere
702 4360 747 4408 tu.
770 4383 796 4394 -
821 4359 860 4408 06.
879 4372 957 4420 acqua
972 4359 1065 4409 8808880
1082 4357 1237 4418 bchksz‚
1257 4359 1301 4421 [3.
1321 4357 1344 4408 0.
1364 4358 1388 4408 6.
1407 4360 1448 4409 60.
1467 4360 1508 4409 67.
1527 4360 1567 4411 66.
1593 4360 1725 4424 (Similiter

396 4435 499 4484 variam
516 4434 594 4484 codd.
609 4431 778 4496 Quintiliani.)
791 4460 817 4469 -
837 4433 944 4497 88308800
961 4431 1076 4484 dehtu
1093 4446 1126 4483 er
1143 4434 1224 4483 meis:
1243 4434 1371 4496 8880808800
1387 4431 1444 4484 rell.
1458 4434 1523 4494 mei,
1542 4437 1569 4485 at
1586 4438 1630 4500 [3.
1644 4451 1669 4498 c,
1681 4439 1723 4490 66.

396 4507 437 4557 63.
456 4509 502 4567 tm
520 4509 640 4572 aspicient
656 4519 679 4556 a.
701 4535 727 4543 -
747 4521 792 4572 spo
808 4521 861 4558 om.
880 4522 901 4557 r.
917 4535 943 4542 -
963 4507 1074 4557 00088888
1091 4522 1113 4556 r.
1132 4536 1158 4544 -
1183 4508 1223 4557 06.
1240 4507 1366 4559 0880880800
1383 4507 1488 4558 bdsu.
1509 4535 1536 4544 —
1555 4514 1631 4572 atquc
1647 4511 1723 4575 atq,

397 4584 441 4644 13.
460 4582 476 4632 9
494 4584 521 4632 80
537 4583 553 4632 6
570 4581 629 4632 alii:
649 4588 672 4632 80
687 4584 717 4632 a.
739 4610 765 4619 -
781 4584 905 4646 praesenti
922 4585 938 4633 i.
961 4611 986 4620 -
1005 4595 1110 4632 owneur
1126 4581 1151 4631 d.
1173 4609 1198 4617 -
1219 4582 1259 4632 tr.
1278 4582 1472 4649 circasausssmn]
1490 4584 1667 4647 80888880888880
1683 4590 1725 4636 ot-

397 4669 444 4718 qus
460 4657 654 4708 circumuentam
671 4659 734 4723 Bq,
759 4659 804 4721 Lg.
822 4658 846 4707 3.
865 4659 889 4708 6.
909 4659 952 4717 65,
976 4660 1047 4718 etz,
1069 4658 1115 4721 qui
1136 4671 1185 4708 8888
1202 4657 1283 4708 addit.
1305 4685 1331 4695 -
1356 4660 1397 4711 ta.
1414 4672 1487 4721 saepe
1503 4671 1557 4709 om.
1577 4671 1634 4708 mr.
1655 4665 1725 4711 —st

397 4730 504 4793 8008808]
527 4737 550 4781 80
572 4743 626 4781 om.
645 4731 661 4782 8
678 4733 756 4794 [833.
775 4729 850 4788 dett..
870 4733 926 4782 [0.
950 4731 989 4781 ct.
1008 4731 1093 4782 Madv.
1114 4733 1210 4796 Opusc.
1230 4734 1248 4784 1.
1268 4746 1293 4797 p.
1313 4733 1370 4783 336.
1391 4760 1417 4769 -
1444 4734 1484 4782 00.
1503 4747 1673 4796 quern--rss
1685 4735 1724 4800 p.]

398 4806 525 4868 quius.
539 4819 568 4868 p.
587 4819 620 4869 q,
638 4805 653 4854 7
671 4803 714 4856 alii
731 4807 808 4870 [833.
827 4804 892 4856 dett.
912 4833 939 4841 -
958 4806 999 4856 60.
1017 4806 1090 4856 laius
1106 4820 1159 4857 om.
1179 4820 1200 4855 r.
1220 4832 1248 4842 -
1268 4807 1316 4856 diei
1331 4811 1382 4856 stol
1399 4804 1723 4874 Cabcdeilmqrsu,

398 4876 580 4944 0810οΜ33,
600 4877 702 4930 schol:
730 4878 844 4931 0008008080
863 4883 889 4938 0;
916 4880 940 4930 d.
963 4885 1032 4931 stolas
1052 4882 1098 4945 [3.
1117 4883 1158 4932 60.
1177 4881 1222 4941 07;
1248 4883 1273 4932 d.
1292 4886 1359 4932 catat
1375 4881 1411 4943 (p)
1428 4879 1469 4931 vel
1487 4880 1571 4931 adstat
1587 4883 1673 4933 ano,
1693 4910 1722 4921 -

397 4953 440 5004 at.
458 4966 561 5005 moneor
578 4953 630 5021 dp.
652 4981 678 4989 -
697 4955 738 5006 00.
756 4955 793 5020 ot]
809 4955 847 5006 oti
863 4955 916 5006 mei
933 4968 1041 5017 omnes,
1059 4956 1227 5021 Bcequ,
1245 4956 1291 5018 [3.
1310 4956 1351 5006 06.
1368 4953 1411 5006 ta.
1429 4954 1470 5006 t6.
1488 4955 1584 5008 6066.
1599 4983 1626 4991 -
1644 4957 1726 5008 88008-

397 5041 455 5079 cam
471 5029 564 5094 hmp.
586 5053 613 5065 -
631 5029 669 5079 808
685 5029 845 5093 mascttqao
861 5031 884 5088 0;
901 5030 939 5080 ota
955 5031 1043 5095 ottqtso
1059 5032 1171 5094 meva,
1190 5029 1205 5082 l
1221 5027 1264 5082 alii
1280 5031 1376 5094 [833.,
1394 5030 1496 5080 [0.-
1514 5027 1556 5082 03.
1573 5042 1671 5082 saara
1688 5033 1723 5083 .P.

395 5107 501 5165 pastam
518 5116 572 5153 aaa
588 5117 628 5155 888
644 5118 678 5167 .p.
692 5109 761 5167 pasis
776 5106 803 5166 i3
820 5119 874 5155 aaa
889 5118 946 5156 88880
961 5119 990 5158 88
1003 5105 1072 5170 publ.
1086 5107 1148 5170 (om.
1161 5105 1236 5169 pasto)
1249 5103 1292 5156 ed.
1307 5105 1419 5156 0070-
1436 5118 1539 5168 persam
1554 5103 1572 5154 0.
1587 5131 1614 5140 -
1632 5105 1725 5159 00880

395 5191 423 5240 p.
442 5176 477 5227 ad
492 5177 598 5229 80000888
613 5192 641 5238 z,
666 5179 700 5229 ud
715 5180 753 5231 880
771 5193 799 5244 p.
817 5180 863 5231 sat.
882 5181 931 5232 L0
955 5182 1047 5233 contra
1064 5179 1142 5232 codd.
1167 5207 1194 5216 -
1218 5180 1259 5232 26.
1274 5179 1434 5245 provideritis
1450 5180 1511 5245 Bq,
1530 5180 1576 5241 [3.
1594 5180 1618 5229 3.
1637 5179 1662 5230 6.
1681 5179 1721 5232 06.

398 5249 690 5314 6ος38880088008880
707 5265 722 5306 8
739 5268 775 5307 m.
794 5268 849 5309 sec.
869 5282 896 5293 -
917 5255 963 5323 ti]
982 5255 1007 5308 T.
1025 5253 1067 5309 vel
1086 5255 1262 5310 000808οω80.
