4367 6109
769 580 842 646 cn.
862 579 1124 648 xxm-xxv.
1148 580 1205 669 ss.
1227 579 1381 650 m-rs.
1694 580 1731 654 ar

418 759 530 828 testes,
554 752 612 837 qui
626 751 705 816 baec
720 750 834 815 dicant
863 750 997 827 Verum,
1019 753 1150 836 opinor,
1171 755 1359 831 viderimus,
1374 755 1610 821 cumdixerint
1633 759 1734 824 Unum

418 856 524 913 tamen
545 844 609 912 boc
631 847 784 929 cogitent,
806 846 851 909 ita
871 864 907 908 se
927 865 1038 928 graves
1060 869 1129 912 csse
1152 854 1202 923 ut,
1225 849 1252 912 si
1274 851 1438 914 veritatem
1459 851 1569 915 volent
1588 852 1735 928 retinere,

418 942 604 1027 gravitatem
626 941 750 1028 possint
770 939 929 1017 obtinere,
952 941 978 1004 si
1001 961 1071 1005 eam
1093 942 1269 1025 negligere,
1292 944 1337 1007 ita
1357 945 1444 1009 leves
1467 945 1547 1021 sint,
1568 952 1605 1008 ut
1626 965 1736 1010 omnes

416 1036 614 1120 intelligant,
647 1056 712 1100 non
733 1033 773 1099 ad
796 1033 1004 1098 obtinendum
1027 1034 1242 1110 mendacium,
1266 1036 1322 1098 sed
1345 1037 1385 1100 ad
1407 1059 1516 1102 verum
1537 1039 1736 1123 probandum

417 1130 636 1197 auctoritatem
658 1130 818 1193 adiuvare.
851 1128 965 1192 XXIV.
988 1124 1038 1190 76.
1060 1129 1128 1211 Ego
1149 1126 1228 1192 baec
1250 1129 1313 1193 duo
1332 1151 1472 1214 quaeror
1494 1134 1646 1216 primum,
1673 1149 1774 1220 quat

417 1227 540 1291 ratione
560 1225 699 1289 Naevius
721 1231 902 1306 susceptum
923 1224 1086 1307 negotium
1105 1243 1169 1286 non
1184 1224 1387 1307 transegerit,
1408 1225 1470 1290 hoc
1486 1235 1549 1303 est,
1572 1229 1736 1304 corbona,

419 1340 502 1405 quae
524 1340 564 1384 ex
585 1318 689 1383 edicto
712 1317 911 1402 possidebat,
933 1337 1000 1383 non
1018 1317 1212 1394 vendiderit3
1235 1317 1369 1394 deinde,
1392 1340 1449 1383 cur
1470 1341 1511 1385 ex
1531 1328 1580 1386 tot
1600 1322 1737 1388 credito·

418 1415 506 1480 ribus
527 1414 607 1480 alius
629 1414 669 1479 ad
690 1414 783 1478 istam
803 1411 959 1475 rationem
981 1433 1074 1477 nemo
1097 1412 1281 1488 accesserit,
1304 1418 1340 1475 ut
1361 1415 1539 1480 necessario
1555 1416 1735 1495 confiteare,

418 1531 522 1594 neque
544 1518 609 1575 tam
631 1508 833 1572 temerarium
855 1526 1050 1591 quemquam
1069 1506 1186 1582 fuisse,
1208 1527 1313 1591 usque
1327 1513 1359 1571 te
1376 1508 1480 1591 ipsum
1495 1509 1545 1587 id,
1567 1514 1655 1597 quod
1670 1521 1736 1576 tur-

416 1606 546 1689 pissime
567 1604 777 1686 suscepisses,
799 1620 1002 1684 perseverare
1016 1609 1048 1667 et
1061 1601 1236 1686 transigere
1250 1602 1404 1685 potuisse.
1433 1603 1535 1680 Quid,
1558 1607 1585 1670 si
1606 1614 1641 1671 tu
1655 1608 1772 1690 ipsc,ro

417 1702 490 1764 Sex.
513 1699 630 1774 Naevi,
659 1695 813 1770 statuisti,
845 1695 930 1758 bona
957 1697 991 1759 P.
1014 1693 1155 1771 Quinctii
1185 1716 1226 1759 ex
1255 1694 1359 1759 edicto
1382 1716 1530 1779 possessa
1552 1719 1618 1763 non
1639 1704 1734 1765 esset

416 1793 557 1876 Opinon,
588 1799 679 1856 tuum
706 1788 940 1864 testimonium,
972 1789 1059 1873 quod
1090 1780 1124 1854 in
1145 1790 1250 1854 aliena
1271 1811 1306 1854 re
1327 1791 1398 1856 leve
1420 1797 1522 1868 essct,
1555 1793 1588 1857 id
1609 1793 1643 1856 in
1665 1802 1734 1871 tua,

416 1888 567 1973 quoniam
589 1893 700 1951 contra
721 1893 752 1949 te
774 1892 839 1959 est,
862 1884 1081 1967 gravissimum
1097 1883 1190 1947 debet
1205 1905 1285 1949 esse.
1313 1885 1427 1949 Emisti
1440 1886 1525 1950 bona
1540 1888 1613 1951 Sex.
1629 1888 1734 1971 Alfeni

415 1984 450 2046 L.
473 1980 562 2046 Sulla
584 1981 737 2045 dictatore
752 1978 919 2044 vendente.
953 1979 1082 2042 Socium
1097 1976 1154 2042 tibi
1175 1979 1208 2040 in
1223 1979 1273 2043 his
1286 1981 1380 2044 bonis
1396 1979 1522 2044 edidisti
1539 1982 1734 2058 Quinctium.

414 2075 509 2142 Plura
529 2094 595 2139 non
617 2074 699 2138 dico.
743 2075 821 2138 Cum
850 2093 888 2137 eo
910 2081 945 2137 tu
966 2072 1177 2136 voluntariam
1199 2073 1383 2137 societatem
1406 2074 1529 2151 coibas,
1558 2076 1613 2159 qui
1640 2082 1673 2139 te
1700 2077 1771 2139 iuro

414 2169 606 2234 hereditaria
627 2170 777 2234 societate
799 2167 972 2243 fraudarat,
1002 2177 1033 2231 et
1055 2189 1127 2231 eum
1149 2166 1267 2231 iudicio
1291 2175 1348 2232 tuo
1370 2170 1615 2253 comprobabas,
1638 2190 1734 2254 quem

415 2265 587 2348 spoliatum
607 2263 691 2328 fama
711 2263 911 2347 fortunisque
933 2262 1080 2325 omnibus
1101 2262 1318 2326 arbitrabare?

501 2357 551 2423 77.
580 2355 768 2423 Diffidebam
789 2356 983 2431 mehercule,
1014 2357 1046 2420 C.
1068 2355 1195 2441 Aquili,
1224 2357 1300 2420 satis
1326 2358 1434 2422 animo
1456 2366 1543 2424 certo
1566 2365 1599 2425 et
1619 2357 1734 2427 confir·

415 2462 499 2521 mato
522 2475 572 2518 me
593 2473 689 2538 posse
711 2451 745 2515 in
766 2451 825 2514 bac
847 2470 942 2515 causa
964 2452 1146 2514 consistere.
1184 2451 1235 2513 Sic
1257 2452 1451 2533 cogitabam:
1475 2476 1548 2518 cum
1561 2463 1672 2522 contra
1685 2455 1733 2519 di·

414 2559 520 2615 cturus
536 2555 620 2613 esset
637 2546 826 2611 Hortensius
842 2553 874 2608 et
888 2566 959 2608 cum
974 2565 1024 2608 me
1038 2552 1123 2608 esset
1136 2550 1255 2608 attente
1269 2544 1435 2611 auditurus
1450 2550 1632 2634 Philippus,
1652 2550 1770 2629 foreat

413 2646 460 2708 uti
482 2642 648 2728 permultis
670 2642 703 2703 in
725 2640 819 2704 rebus
841 2640 953 2702 timore
975 2640 1166 2723 prolaberer.
1200 2639 1349 2704 Dicebam
1370 2641 1446 2707 huic
1469 2643 1507 2719 Q.
1530 2647 1655 2722 Roscio,
1677 2666 1733 2711 cu·

413 2739 464 2804 ius
485 2757 576 2800 soror
597 2744 646 2800 est
667 2755 738 2799 cum
759 2735 793 2796 Ρ.
816 2732 983 2810 Quinctio,
1013 2754 1084 2798 cum
1107 2753 1126 2797 a
1148 2754 1197 2797 me
1218 2741 1342 2817 peteret
1363 2742 1396 2800 et
1417 2758 1538 2803 summe
1560 2740 1733 2805 contende·

413 2837 478 2906 ret,
499 2838 536 2893 ut
556 2830 773 2914 propinquum
794 2848 887 2892 suum
906 2828 1124 2904 defenderem,
1147 2828 1225 2892 mibi
1240 2827 1427 2912 perdifficile
1442 2853 1511 2899 esse
1527 2842 1638 2901 contra
1652 2837 1731 2901 tales

413 2932 555 2990 oratores
575 2943 642 2989 non
662 2922 757 2989 modo
780 2929 899 2988 mutam
921 2943 1047 2988 causam
1068 2943 1234 3008 perorare,
1257 2925 1313 2989 sed
1335 2928 1465 2992 omnino
1480 2931 1611 2996 verbum
1627 2932 1731 2996 facere

414 3021 531 3086 conari.
576 3019 654 3083 Cum
686 3016 832 3101 cupidius
860 3018 1005 3093 instaret,
1037 3018 1160 3083 bomini
1186 3039 1244 3102 pro
1274 3021 1414 3086 amicitia
1442 3022 1629 3091 familiarius
1652 3027 1768 3102 disits

413 3116 491 3180 mibi
513 3115 613 3179 videri
636 3134 691 3178 ore
714 3114 883 3178 durissimo
906 3135 992 3190 esse,
1014 3114 1070 3199 qui
1090 3123 1259 3197 praesente
1279 3135 1316 3179 eo
1340 3122 1462 3198 gestum
1484 3138 1577 3202 agere
1600 3142 1731 3186 conare·

414 3219 480 3287 tur,
504 3212 655 3295 quivero
678 3230 750 3273 cum
771 3211 841 3292 ipso
864 3209 1106 3286 contenderent,
1129 3230 1200 3285 eos,
1223 3211 1346 3274 etiamsi
1363 3213 1441 3295 quid
1460 3220 1554 3277 antea
1575 3217 1652 3280 recti
1676 3221 1732 3279 aut

414 3307 537 3369 venusti
558 3305 675 3369 babere
696 3305 756 3369 visi
778 3305 860 3378 sint,
882 3304 915 3365 id
937 3305 1098 3381 amitterc3
1120 3324 1159 3368 ne
1182 3304 1260 3389 quid
1282 3305 1359 3368 mibi
1382 3307 1539 3370 eiusmodi
1562 3310 1730 3385 accideret,

415 3406 617 3464 cumcontra
637 3399 732 3463 talem
753 3395 904 3462 artificem
927 3399 1069 3463 dictums
1091 3419 1209 3474 essem,
1231 3419 1281 3462 me
1296 3401 1409 3464 vereri.
1452 3400 1552 3467 XXV.
1576 3401 1626 3465 78.
1650 3406 1730 3466 Tum

415 3494 492 3559 mibi
512 3494 645 3568 Roscius
666 3501 700 3556 et
725 3494 787 3557 alia
808 3493 907 3558 multa
929 3491 1135 3557 confirmandi
1159 3496 1220 3558 mei
1242 3514 1338 3558 causa
1359 3494 1457 3571 dixit,
1483 3501 1519 3559 ut
1540 3498 1768 3573 mehercule,ao

415 3592 443 3654 si
465 3588 543 3655 nibil
564 3586 694 3662 diceret,
716 3588 812 3651 tacito
837 3589 906 3671 ipso
929 3585 1035 3651 officio
1058 3596 1090 3651 et
1112 3590 1234 3664 studio,
1257 3590 1344 3674 quod
1359 3591 1497 3654 babebat
1512 3612 1587 3675 erga
1600 3594 1731 3676 propin-

415 3703 512 3769 quum
533 3703 642 3758 suum,
666 3682 809 3768 quemvis
831 3691 1063 3747 commoveret:
1098 3685 1228 3760 etenim,
1260 3705 1331 3748 cum
1354 3685 1470 3748 artifex
1492 3685 1649 3750 eiusmodi
1672 3688 1730 3763 sit,

413 3788 450 3851 ut
470 3777 556 3844 solus
578 3778 692 3862 dignus
713 3777 857 3842 videatur
871 3799 956 3854 esse,
979 3780 1035 3865 qui
1053 3781 1085 3843 in
1101 3800 1214 3844 scaena
1229 3788 1404 3864 spectetur,
1428 3786 1495 3843 tum
1510 3781 1559 3844 vir
1574 3780 1731 3845 eiusmodi

413 3881 477 3949 est,
509 3878 546 3936 ut
573 3872 660 3937 solus
681 3872 794 3956 dignus
816 3872 978 3949 videatur,
1008 3875 1063 3959 qui
1086 3895 1125 3938 co
1147 3894 1212 3937 non
1233 3874 1363 3938 accedat
1383 3896 1440 3952 -3
1470 3895 1581 3940 verum
1608 3882 1729 3954 umen,

478 4033 502 4083 l.
520 4033 564 4082 loc
581 4030 878 4096 abcdelghilrln
896 4034 924 4083 et
939 4035 969 4083 Α.
995 4035 1144 4084 Pronomen
1162 4030 1292 4096 glossema
1308 4031 1392 4083 vlderl
1409 4046 1489 4098 posse
1507 4037 1609 4087 monuit
1625 4039 1685 4087 Gar.
1703 4039 1729 4089 t.

414 4135 443 4147 -
458 4107 639 4159 videbimuss,
660 4133 687 4144 -
706 4107 730 4158 2.
747 4107 836 4157 uellem
852 4122 879 4167 c,
897 4108 1015 4158 ocosse.
1032 4135 1058 4144 -
1077 4109 1107 4170 o]
1123 4109 1200 4159 oni..
1217 4134 1244 4144 -
1261 4107 1287 4160 ³.
1303 4108 1427 4174 wilpere
1441 4123 1457 4161 a
1472 4109 1570 4162 etcod.
1584 4113 1729 4164 Garatonii:
1769 4160 1774 4169 ,

411 4182 692 4249 segltgsrcotdilm,
709 4182 1066 4247 sopleocriotlibceglrn
1084 4183 1163 4243 etri,
1180 4183 1441 4246 ocemont,
1458 4185 1680 4251 negliportbsso.
1700 4214 1730 4226 -

412 4263 438 4310 5.
456 4261 509 4324 Ego
525 4257 594 4322 llaec]
611 4258 719 4323 Scdcgo
736 4258 840 4320 boeck,
858 4259 891 4309 lit
907 4256 1032 4308 boccho.
1048 4285 1075 4294 —
1094 4257 1119 4308 8.
1138 4258 1298 4321 diusclfle
1316 4260 1393 4309 etl:
1412 4261 1469 4310 cllo
1485 4275 1545 4312 cum
1563 4262 1672 4327 reliquis
1689 4276 1733 4314 oo-

413 4330 616 4387 meinorato.
638 4333 713 4384 Conf.
731 4333 808 4398 §.aa
829 4361 856 4369 -
875 4334 900 4384 9.
919 4333 1573 4386 tcmtornerarirmBGbcdefiklmnetA:
1592 4343 1734 4389 tommo·

411 4412 512 4461 rostram
527 4422 614 4460 comm
629 4421 658 4468 a,
676 4422 762 4459 conon
778 4414 830 4459 tom
846 4410 1005 4459 temerarium
1022 4408 1106 4461 ΗΟ.
1128 4434 1155 4446 -
1178 4410 1218 4461 il.
1236 4411 1296 4461 Sec.
1315 4423 1368 4461 om.
1386 4411 1412 4460 lr.
1433 4434 1461 4445 -
1481 4410 1520 4460 tt.
1539 4413 1566 4462 id
1581 4426 1633 4463 om.
1652 4414 1680 4464 L.
1701 4436 1729 4450 -

414 4485 453 4538 li.
471 4482 718 4536 oouoshlmn
735 4484 810 4535 etL:
830 4483 1048 4548 iiisbcdigl,
1067 4485 1146 4547 tislr,
1163 4484 1413 4539 comestam
1435 4511 1463 4521 -
1482 4486 1731 4539 edistiBGbcde

413 4558 567 4625 lgilmn,
586 4558 722 4609 adidirtia
736 4582 762 4595 -
783 4560 931 4622 Quinctius]
942 4561 969 4610 P.
982 4560 1122 4622 Qaiocttrcm
1134 4573 1186 4624 mg.
1200 4561 1266 4616 8.-
1281 4563 1319 4611 45.
1338 4561 1375 4624 ts]
1385 4561 1412 4610 ιἰι
1423 4561 1448 4610 k.
1464 4584 1491 4597 -
1512 4560 1733 4625 libesticum

412 4634 481 4684 lr.-
499 4634 683 4700 suomi.-
702 4632 741 4683 48.
759 4634 972 4702 ouberctcls-
990 4633 1624 4700 20.stcommccssetBGabcdigbllmn:
1643 4642 1732 4688 meum

412 4706 1327 4777 scete.otcmccsrketalio.-1²rooppro]l.1³toupprsrng.a·
1341 4711 1731 4778 albumasar-atomo]

413 4791 484 4836 anre
494 4783 571 4836 noo
583 4798 598 4836 c
610 4784 628 4836 d
639 4784 650 4835 t
657 4797 674 4848 g
685 4784 693 4833 i
703 4782 710 4833 l
720 4796 747 4834 m
758 4797 785 4844 ιι,
803 4782 838 4848 (et
848 4797 905 4834 nrm
914 4799 953 4836 me
964 4787 999 4850 a.)
1011 4785 1082 4837 unde
1095 4786 1269 4839 Guilielmlus:
1288 4801 1321 4838 cc
1330 4801 1377 4838 mc.
1396 4787 1449 4839 Sed
1458 4787 1512 4838 vid.
1525 4787 1601 4838 lland
1611 4789 1686 4838 Turs.
1699 4789 1730 4838 ll.

412 4873 439 4927 p.
452 4861 509 4912 620.
524 4884 551 4897 -
571 4859 612 4911 23.
628 4860 798 4924 properassem
813 4873 886 4910 neom
900 4860 1001 4925 ltddg
1017 4864 1074 4911 etl
1085 4861 1147 4917 Li:
1165 4875 1238 4912 ramo
1250 4864 1420 4926 propinquum
1437 4876 1498 4914 cum
1513 4862 1620 4927 reliquis
1632 4862 1733 4914 codici·

413 4935 464 4987 bus
480 4935 509 4986 0.
528 4934 568 4987 cl.
586 4934 660 4999 §.aa
675 4960 703 4974 -
720 4936 762 4986 26.
780 4941 931 4986 conarentur
948 4934 1072 4987 llalmius.
1087 4965 1115 4975 -
1134 4938 1174 4989 28.
1192 4938 1241 4988 rint
1252 4939 1404 4990 Emestius:
1422 4943 1557 4988 scorteum
1574 4935 1646 4988 libris
1664 4938 1732 4989 notis

414 5008 665 5064 omnibusAlAEO.
686 5035 714 5046 -
732 5011 906 5060 dmdcmmodi
922 5010 1063 5061 Bsdbin
1081 5014 1158 5073 etL,
1176 5015 1311 5064 οιιιιιιιιιοαι·
1327 5016 1357 5075 G,
1375 5012 1623 5064 bomom—
1646 5012 1686 5062 30.
1704 5019 1733 5065 ut

412 5087 492 5137 ltGll
509 5086 628 5151 (excepto
639 5086 664 5148 lrl
679 5087 705 5135 et
719 5087 757 5136 A:
776 5091 799 5137 ct
815 5086 832 5136 k
848 5088 876 5137 et
893 5083 976 5140 bfo.
1001 5086 1059 5139 vid.
1072 5087 1162 5139 Klotzii
1178 5093 1298 5141 Prooem.
1318 5090 1361 5141 ed.
1375 5089 1418 5141 alt.
1436 5102 1463 5155 p.
1481 5090 1543 5140 ll.-
1562 5087 1602 5137 31.
1620 5086 1732 5155 babebat]

413 5161 542 5212 adsidebat
561 5174 623 5212 cum
644 5162 758 5212 Manutio
775 5161 830 5215 bt.
851 5189 879 5200 -
903 5163 942 5212 32.
961 5164 1049 5214 etenim
1146 5166 1254 5231 ccccdot]
1277 5165 1315 5218 Cf.
1335 5165 1440 5227 Quintil.
1460 5166 1522 5216 lost.
1540 5164 1582 5213 0r.
1601 5162 1626 5226 9,
1645 5162 1670 5226 3,
1688 5162 1728 5214 86.

412 5238 571 5301 samsones
587 5236 622 5288 dc
638 5250 771 5289 consensu
787 5238 884 5302 Evang.
904 5238 927 5299 l,
941 5238 980 5291 33.
993 5266 1021 5276 -
1038 5241 1177 5293 columelli
1186 5243 1232 5309 gl.
1244 5269 1271 5280 -
1290 5241 1331 5294 33.
1351 5243 1378 5294 is
1388 5241 1618 5309 magestatis]
1633 5253 1733 5294 mom

413 5313 521 5366 mot
537 5312 641 5376 Quintil.
660 5341 689 5353 ·-
707 5312 748 5368 il.
764 5315 880 5368 cldcotrc·
896 5316 986 5382 dipsis
1003 5315 1107 5379 Quintil.
