4367 6109
656 550 725 617 nm
745 550 786 616 n
809 549 883 616 un.
905 549 1218 614 xxvm-xxrn
1246 547 1303 635 ss.
1325 545 1472 616 ee-u.
1673 547 1737 620 sac

412 721 453 786 ad
481 720 645 806 Sopatrum
673 721 775 796 venit,
809 725 917 784 monet
943 718 1121 793 hominem,
1157 738 1198 781 ne
1225 718 1320 784 nimis
1352 719 1469 785 iudicio
1499 721 1676 789 Sacerdotis
1706 732 1738 790 ct

412 835 524 880 causae
557 836 633 880 suae
666 813 818 879 confidat:
853 819 1049 877 accusatores
1079 812 1285 897 inimicosque
1317 814 1384 877 eius
1415 813 1532 879 habere
1565 817 1599 881 in
1631 819 1737 884 animo

412 908 578 994 pecuniam
598 909 731 993 praetori
753 907 843 972 dare:
871 913 1046 990 praetorem
1067 913 1173 970 temen
1194 905 1234 970 ob
1256 907 1390 971 salutem
1411 907 1505 972 melle
1526 911 1684 994 accipere,
1705 917 1738 976 et

413 1000 506 1066 simul
533 1001 643 1076 malle,
675 1002 702 1066 si
727 1001 796 1066 deri
823 1006 946 1085 posset,
978 1020 1044 1064 rem
1071 1000 1236 1064 iudicatam
1264 1021 1329 1064 non
1356 1001 1547 1068 rescindere.
1597 1004 1737 1088 Sopater,

413 1115 484 1160 cum
504 1095 565 1160 hoe
586 1096 633 1160 illi
654 1097 856 1180 improvisum
877 1101 971 1178 atque
994 1095 1188 1178 inopinatum
1206 1093 1381 1171 accidisset,
1402 1106 1574 1162 commotus
1589 1105 1637 1162 est
1651 1110 1761 1174 sanas

413 1208 516 1273 neque
538 1189 767 1273 inpraesentia
794 1187 983 1253 Timarchidi
1011 1188 1087 1272 quid
1116 1188 1321 1273 responderet
1347 1189 1457 1254 habant
1484 1192 1546 1256 nisi
1575 1211 1610 1256 se
1635 1193 1738 1257 consi-

413 1281 605 1357 deraturum,
635 1283 711 1368 quid
740 1283 799 1347 sihi
826 1289 911 1346 esset
936 1281 1131 1366 faciendum:
1159 1288 1191 1345 et
1218 1282 1309 1345 simul
1338 1284 1475 1347 ostendit
1501 1306 1535 1349 se
1561 1287 1595 1350 in
1616 1303 1739 1349 summa

414 1374 596 1440 difficultate
618 1398 688 1441 esse
711 1377 892 1441 nummaria.
935 1377 1011 1439 Post
1031 1376 1078 1469 ad¹
1093 1395 1208 1440 amicos
1229 1375 1363 1452 rettulit3
1385 1378 1440 1460 qui
1462 1399 1534 1444 cum
1554 1381 1585 1443 ei
1605 1378 1739 1442 fuissent

413 1476 555 1536 auctores
577 1471 779 1535 redimendae
801 1471 920 1545 salutis,
942 1470 983 1533 ad
1004 1468 1235 1534 Timarchidem
1257 1471 1352 1533 venit.
1386 1471 1547 1555 Expositis
1568 1472 1633 1535 suis
1655 1469 1738 1534 ditii-

415 1561 579 1628 cultatibus
600 1565 760 1629 hominem
782 1563 822 1628 ad
845 1563 905 1627 Hs
919 1582 1007 1628 cxxx
1027 1562 1171 1646 perducit
1192 1582 1325 1645 eamque
1348 1564 1378 1629 ei
1398 1567 1563 1648 pecuniam
1584 1571 1775 1630 numeratio

413 1659 532 1721 xxlx.
554 1655 605 1721 70.
627 1661 836 1743 Posteaquam
857 1658 898 1721 ad
920 1677 1045 1721 causam
1068 1656 1233 1720 dicendam
1255 1665 1382 1720 rentum
1404 1665 1463 1735 est,
1484 1665 1551 1722 tum
1572 1678 1646 1722 vero
1667 1658 1738 1722 sine

414 1758 509 1826 metu,
531 1752 598 1815 sine
621 1772 695 1818 cura
716 1773 825 1817 omnes
847 1761 945 1826 erant,
968 1753 1024 1836 qui
1040 1751 1205 1835 Sopatrum
1220 1750 1441 1816 defendebant.
1478 1752 1603 1818 Crimen
1617 1750 1739 1816 nullum

414 1851 494 1908 erat:
516 1865 567 1908 res
589 1854 656 1910 erat
676 1847 827 1912 iudicata:
849 1848 963 1909 Verres
985 1864 1130 1909 nummos
1152 1851 1323 1928 acceperat
1357 1844 1435 1921 Quis
1456 1854 1565 1931 posset
1586 1845 1739 1922 dubitare,

414 1938 565 2026 quidnam
586 1946 670 2004 esset
690 1939 849 2004 futurum?
882 1942 943 2004 lies
965 1940 1020 2003 illo
1042 1937 1180 2002 dienen
1201 1946 1380 2022 peroratur:
1402 1940 1567 2004 dimittitur
1580 1941 1738 2007 iudicium.

414 2037 529 2099 lterum
544 2034 584 2097 ad
596 2035 761 2117 Sopatrum
777 2034 993 2099 Timarchides
1007 2033 1109 2097 venit:
1131 2033 1173 2096 ait
1186 2041 1381 2098 accusatores
1396 2035 1463 2099 eius
1478 2034 1575 2100 multo
1590 2038 1777 2143 maiorempt

413 2128 578 2215 pecuniam
608 2128 744 2211 praetori
776 2127 936 2211 polliceri,
969 2146 1063 2211 quam
1093 2134 1242 2211 quantam
1274 2126 1326 2190 hic
1358 2128 1515 2193 dedissetz
1548 2130 1682 2213 proinde
1712 2127 1741 2192 si

414 2229 546 2307 saperet,
569 2220 698 2286 videret.
740 2222 855 2297 Homo,
879 2242 1069 2307 quamquam
1092 2229 1158 2286 erat
1180 2228 1212 2286 et
1232 2222 1355 2287 Siculus
1377 2230 1408 2287 et
1428 2243 1518 2298 reus,
1538 2223 1600 2289 hoc
1622 2232 1687 2302 est,
1708 2231 1741 2290 et

413 2321 480 2384 iure
501 2317 610 2402 iniquo
632 2324 663 2380 et
685 2323 824 2401 tempore
846 2315 990 2390 adverso,
1011 2316 1093 2379 ferre
1116 2323 1222 2380 tamen
1243 2323 1337 2400 atque
1358 2317 1467 2381 audire
1489 2316 1606 2383 diutius
1621 2319 1741 2385 Timer-

415 2412 538 2476 chidem
559 2430 623 2474 non
645 2412 755 2496 potuit.
791 2411 907 2485 Facite,
930 2411 1044 2494 inquit,
1066 2408 1152 2494 quod
1174 2410 1267 2487 libet;
1290 2411 1419 2475 daturus
1432 2432 1497 2476 non
1513 2433 1582 2477 sum
1596 2415 1739 2499 amplius.

414 2507 565 2591 idemque
585 2505 647 2570 hoc
668 2507 777 2570 amicis
798 2504 866 2568 eius
889 2512 920 2567 et
934 2503 1151 2568 defensoribus
1167 2503 1339 2580 videbatur,
1360 2512 1456 2590 atque
1471 2526 1510 2571 eo
1524 2509 1618 2572 etiam
1631 2507 1778 2590 maginae

415 2601 501 2687 quod
523 2601 593 2675 iste,
617 2620 745 2684 quoquo
767 2598 860 2663 modo
882 2620 917 2663 se
939 2601 972 2662 in
994 2618 1032 2662 ea
1046 2599 1230 2683 quaestione
1244 2599 1423 2681 praebebat
1444 2602 1478 2664 in
1492 2601 1621 2665 consilio
1635 2608 1741 2665 tamen

413 2695 551 2760 habebat
570 2693 718 2758 homines
738 2693 890 2758 honestos
912 2713 929 2757 e
952 2701 1110 2757 conventu
1124 2693 1330 2777 Syracusano,
1353 2695 1408 2778 qui
1430 2694 1590 2758 Sacerdoti
1612 2713 1741 2780 quoque

416 2792 449 2854 in
471 2789 601 2854 cumdio
621 2788 747 2852 fuerant
768 2796 843 2864 tum,
866 2810 937 2852 cum
952 2795 1000 2852 est
1014 2789 1098 2851 idem
1113 2787 1164 2851 hic
1180 2788 1313 2872 Sopater
1325 2788 1496 2854 absolutus.
1527 2790 1596 2854 lloc
1611 2790 1741 2855 rationis

414 2885 582 2957 habebant,
604 2882 706 2946 facere
729 2903 784 2947 eos
805 2884 893 2947 nullo
916 2884 1011 2947 modo
1033 2902 1137 2967 posse,
1159 2890 1194 2945 ut
1215 2882 1326 2946 eodem
1341 2883 1471 2947 crimine
1491 2885 1591 2952 isdem
1610 2887 1741 2952 testibus

416 2980 581 3061 Sopatrum
597 2978 840 3042 condemnarent
854 2978 948 3041 iidem
962 2978 1116 3052 homines,
1139 2978 1194 3062 qui
1208 2985 1301 3041 antea
1313 2978 1533 3044 absolvissent.
1565 2977 1616 3046 7t.
1631 2983 1779 3067 ltaqucn

414 3073 474 3136 hac
494 3092 559 3135 una
586 3092 641 3156 spe
662 3071 702 3134 ad
725 3072 876 3136 iudicium
897 3074 1028 3136 venitur.
1068 3072 1140 3147 Quo
1162 3079 1367 3156 posteaquam
1387 3081 1517 3138 ventum
1539 3081 1596 3151 est,
1617 3095 1687 3138 cum
1706 3076 1742 3141 in

416 3167 582 3230 consilium
606 3165 788 3251 frequentes
811 3169 1032 3230 convenissent
1058 3167 1167 3241 iidem,
1198 3166 1254 3250 qui
1282 3167 1439 3243 solebant,
1468 3173 1500 3233 et
1519 3168 1579 3233 hac
1599 3189 1655 3253 spe
1676 3175 1743 3233 tota

416 3260 558 3325 defensio
581 3260 704 3343 Sopatri
725 3261 886 3335 niteretur,
908 3261 1031 3325 consilii
1052 3261 1232 3343 frequentia
1253 3267 1286 3324 et
1307 3261 1466 3344 dignitate,
1489 3270 1520 3326 et
1538 3263 1624 3347 quod
1642 3269 1741 3339 erant,

415 3364 450 3421 ut
477 3355 560 3430 dixi,
589 3355 703 3429 iidem,
733 3356 788 3440 qui
810 3363 903 3419 antea
925 3355 1089 3440 Sopatrum
1112 3354 1223 3418 eodem
1245 3355 1299 3419 illo
1322 3356 1449 3419 crimine
1472 3356 1657 3422 liberarantc
1689 3378 1741 3422 co-

416 3451 555 3536 gnoscite
577 3449 713 3513 hominis
735 3457 873 3533 apertam
895 3470 931 3513 ac
946 3469 1011 3512 non
1025 3449 1120 3513 modo
1134 3468 1199 3512 non
1214 3449 1343 3523 ratione,
1366 3449 1479 3514 sedne
1494 3451 1779 3517 dissimulationem

416 3545 545 3630 quidem
574 3549 688 3607 tectam
717 3543 952 3627 improbitatem
978 3548 1010 3605 et
1036 3542 1211 3606 audaciam.
1254 3543 1297 3606 hl.
1318 3542 1483 3618 Petilium,
1511 3546 1652 3628 equitem
1679 3545 1742 3609 llo-

416 3657 553 3711 manum,
577 3657 672 3721 quem
693 3638 829 3700 hahebat
850 3637 884 3700 in
907 3637 1053 3712 consilio,
1075 3636 1164 3699 iubet
1185 3655 1314 3720 operam
1329 3637 1415 3711 dare,
1436 3639 1523 3721 qnod
1538 3639 1585 3703 rei
1599 3641 1742 3723 privatae

416 3732 514 3795 iudex
537 3739 628 3796 essct
666 3732 797 3795 Petilius
819 3730 996 3806 recusabat,
1020 3731 1106 3815 quod
1129 3750 1205 3793 suos
1226 3730 1355 3804 amicos,
1377 3750 1459 3814 quos
1481 3731 1543 3795 sihi
1557 3733 1592 3796 in
1606 3732 1741 3798 consilio

417 3845 486 3889 esse
507 3825 613 3902 vellet,
635 3825 704 3910 ipse
718 3827 832 3890 Verres
853 3827 1005 3889 retineret
1024 3825 1059 3887 in
1081 3823 1227 3888 consilio.
1261 3825 1334 3898 late,
1354 3823 1452 3888 homo
1473 3824 1625 3903 liberalis,
1646 3833 1742 3910 negat

416 3939 450 3983 se
473 3939 665 4004 quemquam
686 3919 823 3984 retinere
845 3938 967 3993 eorum,
990 3918 1045 4002 qui
1066 3917 1181 3981 Petilio
1203 3915 1323 3981 vellent
1344 3916 1467 3982 adesse.
1507 3919 1618 4003 ltaque
1639 3920 1778 3985 disce-tt

479 4201 504 4252 2.
517 4199 617 4258 arnol,
630 4212 666 4261 φτ
685 4212 739 4249 om.
752 4200 797 4250 ctt.
811 4199 840 4250 0.
853 4227 881 4237 -
894 4198 918 4249 3.
934 4197 1267 4262 obodmemhgtihlih:
1286 4196 1515 4262 osdauipiap.
1528 4209 1613 4261 m.‹p;
1632 4198 1741 4253 40444444

416 4276 479 4337 dtt.;
501 4289 530 4326 44
546 4274 657 4327 44444444
673 4273 707 4325 ai.
722 4274 748 4324 in
765 4287 848 4339 marg.
868 4271 945 4333 tcet;
964 4273 996 4324 ob
1012 4273 1092 4323 soluts
1109 4273 1177 4323 coni.
1190 4271 1253 4323 Em.
1266 4271 1298 4322 0.
1313 4299 1341 4309 -
1360 4273 1385 4322 d.
1403 4272 1529 4323 4444444444
1544 4277 1580 4324 ret
1594 4286 1655 4324 4444
1670 4273 1740 4338 4342

415 4365 441 4417 p.
455 4364 530 4403 m.-
544 4350 569 4400 7.
587 4348 713 4413 diligit
724 4362 750 4414 p.
764 4362 800 4401 m.
814 4350 853 4401 hl:
872 4349 918 4399 ridi
934 4351 1043 4400 maore
1054 4351 1100 4399 444.
1114 4348 1175 4398 0.-
1188 4347 1214 4398 7.
1226 4361 1344 4411 iuprmm
1354 4347 1423 4411 ugia
1434 4360 1462 4412 p.
1475 4361 1544 4399 m.-
1558 4350 1599 4400 44.
1611 4350 1741 4402 mem

416 4440 468 4477 om.
481 4423 551 4490 1.ng
563 4438 589 4489 p.
602 4438 675 4476 m.-
689 4424 729 4475 43.
743 4438 784 4475 rsa
799 4430 855 4475 erut
869 4423 936 4488 igit
950 4437 977 4489 p.
988 4436 1036 4474 m.:
1054 4427 1110 4473 erut
1121 4435 1174 4473 om.
1188 4424 1235 4474 cit.
1249 4425 1311 4474 0.-
1329 4424 1385 4486 quis
1397 4428 1479 4486 posset
1489 4422 1568 4487 4842,
1585 4421 1677 4488 vulgo:
1696 4424 1741 4487 qut

413 4503 489 4567 poscit
505 4498 600 4565 pleriq.
619 4498 696 4550 codd.
712 4529 739 4537 -
753 4501 794 4551 40.
812 4500 951 4564 streperet]
968 4503 1065 4561 superet
1081 4497 1150 4562 igit
1162 4511 1188 4562 p.
1202 4511 1238 4550 m.
1251 4500 1285 4551 ll.
1304 4501 1337 4551 At
1348 4499 1382 4550 cl.
1394 4500 1437 4550 111.
1449 4498 1474 4563 5.
1488 4498 1529 4549 69.
1548 4499 1587 4551 «si
1603 4501 1738 4565 saperent,

415 4580 445 4627 ut
455 4576 655 4639 transigerent.»
671 4602 697 4611 -
712 4575 751 4624 44.
769 4574 863 4624 uiderd
879 4571 947 4637 Lgli
964 4586 990 4637 p.
1009 4587 1045 4625 m.
1064 4573 1133 4624 Fhl:
1151 4575 1253 4637 videret,
1272 4575 1332 4638 quid
1347 4575 1394 4625 sibi
1409 4578 1469 4624 44444
1483 4574 1626 4638 [4444444444
1643 4576 1688 4625 cit.
1707 4574 1737 4625 0.

416 4653 510 4703 «Certe
533 4662 601 4714 quae
624 4649 659 4699 ab
682 4650 788 4714 optimis
804 4651 873 4701 MSS.
892 4648 1003 4712 absunt,
1028 4650 1179 4700 necessaria
1197 4662 1250 4699 non
1267 4651 1337 4700 sunt.
1363 4650 1498 4714 Optimum
1518 4651 1562 4701 est
1577 4650 1696 4712 4444444,
1717 4649 1740 4700 ti

415 4730 521 4791 superet,
538 4725 631 4776 uidem
646 4726 674 4774 h.
688 4738 711 4775 e.
730 4724 781 4775 sibi
793 4727 910 4783 caveret,
927 4726 989 4775 huic
999 4726 1038 4775 rei
1050 4724 1211 4789 provideret.
1224 4725 1258 4776 ci.
1271 4725 1368 4775 Victor.
1382 4723 1416 4774 ad
1427 4724 1458 4774 V.
1471 4722 1506 4774 sd
1516 4726 1568 4774 au.
1580 4725 1605 4775 4.
1617 4723 1683 4774 XlV.
1695 4723 1736 4776 24.

417 4803 506 4854 lieins.
519 4801 553 4852 ad
564 4799 629 4851 ovid
640 4801 659 4851 l.
672 4801 727 4852 Art.
740 4804 798 4851 hm.
811 4801 868 4852 587.
887 4801 976 4851 Omnis
988 4799 1153 4861 deliberatio,
1172 4801 1267 4861 cautio,
1286 4799 1387 4850 curatio
1403 4799 1473 4849 inest
1488 4796 1607 4849 inverbo
1617 4798 1738 4849 videret.»

417 4878 503 4928 Garat.
522 4877 552 4926 ll.
577 4903 604 4912 -
629 4875 668 4925 40.
687 4876 744 4926 libet
759 4874 828 4939 igit
844 4889 871 4941 p.
890 4889 926 4926 m.
945 4875 982 4926 hl:
1007 4876 1075 4926 codis
1095 4875 1152 4926 44444
1167 4878 1213 4926 444.
1232 4876 1261 4925 0.
1281 4902 1309 4912 -
1332 4875 1374 4925 24.
1391 4874 1419 4924 ln
1438 4873 1541 4924 44444444
1564 4878 1648 4924 msc
1667 4872 1737 4937 iata

416 4967 443 5018 p.
461 4965 512 5003 m.:
538 4957 622 5002 444444
643 4952 670 5001 ia
691 4965 713 5002 4.
732 4953 776 5002 cit.
795 4951 824 5000 0.
845 4978 872 4987 -
896 4951 937 5002 22.
955 4951 1084 5002 Sacerdoti
1100 4949 1169 5014 4342
1186 4966 1209 5013 φ
1226 4951 1299 5001 Grut.
1318 4950 1360 5014 lex
1376 4949 1442 5012 llil:
1460 4948 1602 5000 Sacerdotis
1617 4945 1737 5013 plerique

417 5026 496 5080 codd.
515 5027 549 5078 cl.
568 5026 592 5092 §-
611 5028 652 5078 04.
672 5055 700 5064 -
719 5029 759 5078 23.
777 5032 813 5078 eu
829 5026 897 5089 1.ng
914 5040 940 5090 p.
959 5038 995 5075 m.
1014 5026 1045 5075 F:
1063 5030 1123 5076 44444
1140 5027 1185 5075 444.
1203 5026 1233 5075 0.
1254 5050 1281 5061 -
1299 5023 1341 5076 24.
1359 5023 1449 5074 eudem
1465 5022 1533 5087 1.ng
1549 5036 1577 5087 p.
1590 5034 1627 5072 m.
1646 5048 1674 5058 -
1693 5021 1735 5073 20.

416 5108 451 5154 est
466 5107 566 5154 44444444
581 5102 663 5154 illic
682 5103 742 5166 ng.
761 5104 868 5167 praeter
884 5100 908 5151 0.
928 5103 955 5150 44
970 5099 1011 5151 42.
1032 5125 1059 5134 -
1078 5099 1120 5149 24.
1137 5100 1258 5150 umbrosi
1274 5099 1351 5163 igis.
1372 5126 1400 5136 -
1423 5111 1466 5162 spe
1483 5095 1550 5161 1.ng
1566 5109 1593 5161 p.
1611 5109 1663 5147 m.:
1683 5109 1737 5146 4444

416 5192 459 5242 ape
475 5180 520 5230 444.
533 5178 562 5229 0.
578 5204 605 5215 -
618 5177 658 5228 32.
677 5176 781 5228 4444444
796 5175 821 5238 4,
840 5178 876 5226 N:
894 5174 965 5225 iubet
976 5173 1024 5224 dtt.
1039 5200 1067 5210 -
1080 5172 1121 5225 44.
1134 5174 1286 5225 4404444444
1296 5174 1397 5226 condito
1408 5172 1477 5239 iaia
1486 5185 1515 5238 p.
1527 5185 1581 5224 m.:
1598 5169 1736 5224 4444444444

417 5268 471 5308 om.
490 5255 536 5310 cti.
553 5254 583 5306 0.
601 5255 644 5309 Sic
659 5252 725 5307 inira
741 5253 766 5324 3.
784 5251 825 5307 ii.
844 5265 898 5306 cm.
916 5252 944 5303 44
958 5250 1088 5304 maditus
1104 5249 1185 5306 codd.
1201 5248 1252 5312 dit,
