4367 6109
463 568 504 636 52
756 574 907 641 ORATIO
929 575 1007 641 PRO
1031 575 1120 643 SEX.
1142 578 1290 647 ROSCIO
1312 581 1495 647 AMERINO

459 756 629 836 propterea
644 746 730 833 quod
745 746 810 810 ruri
824 745 985 822 assiduus,
1007 749 1274 832 quemadmodum
1291 759 1357 815 tute
1372 748 1540 827 confiteris,
1555 751 1625 816 luit.
1652 748 1704 817 82.
1719 754 1780 818 Ve-

458 865 533 908 reor
559 865 599 908 ne
626 850 681 908 aut
701 840 854 905 molestus
875 842 934 904 sim
955 842 1064 918 vobis,
1086 843 1222 919 iudices,
1244 853 1300 908 aut
1320 866 1361 909 ne
1383 847 1517 931 ingeniis
1538 848 1651 912 vestris
1672 849 1781 912 ridear

459 937 618 1016 diffidere,
639 935 815 1002 miletam
835 936 1011 1021 perspicuis
1033 937 1128 1000 rebus
1150 937 1269 1001 diutius
1291 938 1453 1004 disseram.
1482 941 1588 1004 Erucii
1603 942 1779 1006 criminatio

458 1040 539 1108 tota,
566 1038 601 1095 ut
627 1030 778 1107 arbitror,
806 1028 960 1094 dissoluta
989 1037 1052 1093 est:
1082 1032 1143 1094 nisi
1170 1031 1251 1095 sorte
1273 1036 1478 1117 exspectatis,
1506 1043 1543 1098 ut
1563 1033 1619 1098 illa
1644 1034 1779 1112 diluam,

325 1198 328 1204 ⁴
433 1135 539 1211 cquae
561 1127 601 1189 de
621 1122 772 1210 peculatu
792 1144 830 1189 ac
853 1125 892 1186 de
915 1124 1070 1188 eiusmodi
1091 1125 1186 1190 rebus
1201 1128 1427 1191 commenticiis
1444 1129 1587 1192 inaudita
1600 1131 1693 1196 uobis
1708 1141 1780 1198 ante

455 1221 517 1286 hoc
543 1229 669 1305 tempus
690 1239 727 1287 ao
746 1239 831 1284 nora
852 1218 982 1282 obiecit:
1012 1239 1094 1302 quae
1127 1220 1203 1284 mihi
1233 1222 1292 1284 iste
1313 1223 1400 1285 visus
1423 1230 1471 1286 est
1492 1222 1616 1288 exalia
1637 1228 1779 1290 oratione

455 1315 647 1392 declamare,
677 1334 775 1400 quam
802 1315 836 1377 in
865 1313 962 1376 alium
983 1333 1072 1376 reum
1095 1321 1376 1392 commentaretur;
1406 1317 1449 1380 ita
1471 1337 1575 1401 neque
1598 1315 1639 1381 ad
1661 1302 1779 1385 crimen

452 1409 613 1494 parricidii
634 1429 740 1494 neque
762 1407 803 1472 ad
825 1429 913 1482 eum,
936 1408 991 1491 qui
1013 1426 1141 1470 causam
1159 1409 1250 1485 dicit,
1271 1411 1488 1492 pertinebant:
1512 1411 1683 1496 dequibus
1701 1435 1780 1499 quo-

453 1505 538 1569 niam
558 1503 656 1567 verbo
678 1502 796 1585 arguit,
819 1501 915 1565 verbo
938 1502 1014 1564 satis
1036 1507 1084 1564 cst
1106 1523 1233 1586 negare.
1271 1504 1303 1567 Si
1326 1506 1402 1589 quid
1425 1513 1489 1581 est,
1513 1504 1599 1590 qnod
1621 1505 1662 1570 ad
1684 1515 1778 1575 testes

415 1605 608 1674 ltreserdet,
636 1598 681 1661 ibi
709 1615 839 1682 quoque
868 1614 944 1671 nos,
971 1602 1007 1658 ut
1034 1597 1067 1658 in
1098 1596 1168 1680 ipsa
1189 1618 1300 1676 causa,
1329 1601 1502 1682 paratiores
1523 1602 1662 1682 reperiet
1683 1622 1777 1686 quam

476 1694 594 1760 utabat.

452 1716 474 1779 p
536 1786 640 1853 XXX
662 1783 714 1850 83.
741 1784 843 1848 Venio
865 1802 951 1846 nunc
973 1803 1028 1859 eo,
1056 1803 1120 1867 quo
1143 1804 1193 1853 me
1215 1805 1280 1847 non
1302 1787 1458 1868 cupiditas
1482 1789 1584 1864 ducit,
1610 1787 1668 1852 sed
1689 1785 1776 1854 fidos.

450 1885 531 1947 Nam
553 1883 581 1947 si
601 1880 679 1945 milri
698 1878 812 1944 liberet
833 1896 998 1953 accusare,
1022 1896 1204 1941 accusarem
1220 1879 1300 1944 alios
1319 1881 1441 1965 potius,
1464 1902 1505 1945 ex
1520 1881 1636 1968 quibus
1649 1902 1778 1966 possem

452 1996 609 2042 erescere:
637 1970 723 2061 quod
751 1979 873 2037 certum
890 1980 945 2036 est
970 1972 1176 2049 nonfacere,
1208 1975 1282 2036 dum
1303 1977 1457 2040 utrumvis
1478 1977 1596 2040 licebit.
1638 1976 1670 2041 Is
1693 1977 1778 2041 enim

413 2071 529 2137 etmihi
555 2070 682 2137 videtur
708 2066 936 2152 amplissimus,
966 2067 1023 2152 qui
1050 2066 1111 2130 sua
1131 2069 1246 2131 virtute
1268 2068 1302 2131 in
1323 2069 1466 2133 altiorem
1488 2069 1594 2134 locum
1614 2074 1776 2156 pervenit,

450 2187 517 2231 non
537 2167 594 2252 qui
615 2162 759 2230 moendit
785 2181 844 2246 per
864 2158 995 2225 alterius
1017 2161 1251 2225 incommodum
1275 2169 1307 2225 et
1328 2162 1546 2228 calamitatem.
1588 2167 1777 2231 Desinemus

450 2258 623 2347 aliquando
645 2278 684 2323 ea
705 2256 857 2330 scrutari,
880 2276 963 2339 quae
985 2261 1060 2319 sunt
1080 2255 1204 2319 inania:
1227 2277 1416 2340 quaeramus
1436 2259 1480 2323 ibi
1494 2256 1700 2336 maleficium,
1722 2261 1777 2324 ubi

451 2362 483 2420 ct
508 2363 557 2420 est
584 2363 616 2419 ct
634 2351 771 2418 inveniri
796 2355 912 2436 potest.
955 2351 1021 2415 Iam
1049 2350 1223 2431 intelliges,
1254 2353 1366 2428 Eruci,
1397 2361 1518 2417 eertum
1540 2354 1658 2418 crimen
1682 2374 1778 2439 quam

450 2450 558 2514 multis
588 2446 823 2531 suspicionibus
852 2452 1058 2527 coarguatur:
1085 2445 1209 2507 tametsi
1234 2465 1338 2530 neque
1361 2449 1468 2511 omnia
1489 2448 1591 2512 dicam
1613 2457 1646 2512 et
1666 2448 1778 2513 leviter

412 2543 695 2627 nonnumquidqne
716 2547 854 2624 tangam.
897 2542 1008 2624 Neque
1038 2540 1121 2602 enim
1143 2539 1175 2600 id
1197 2537 1350 2617 lacerem,
1379 2543 1440 2606 nisi
1461 2563 1591 2606 necesse
1613 2550 1713 2607 esset:
1745 2550 1778 2606 et

451 2638 483 2702 id
506 2640 566 2702 erit
586 2637 668 2721 signi
683 2655 732 2699 me
746 2635 880 2699 invitum
894 2634 1014 2709 iacere,
1037 2633 1125 2717 quod
1140 2654 1205 2696 non
1223 2654 1398 2719 persequar
1411 2636 1553 2720 longius,
1578 2657 1675 2721 quam
1690 2636 1776 2701 salus

449 2732 545 2797 huius
568 2740 600 2796 et
621 2750 691 2794 mea
712 2725 790 2792 fides
812 2729 993 2811 postulabit
1037 2723 1088 2790 si.
1113 2727 1246 2792 Causam
1269 2736 1303 2791 tu
1324 2729 1443 2793 nullam
1457 2731 1637 2815 reperiebas
1652 2732 1685 2795 in
1701 2732 1775 2794 Sex.

449 2828 584 2890 Roscio:
605 2834 639 2891 at
660 2843 719 2907 ego
740 2825 773 2886 in
796 2824 831 2884 T.
846 2823 961 2885 Roscio
976 2825 1111 2906 reperio.
1146 2824 1263 2886 Tecum
1278 2826 1362 2887 enim
1378 2825 1454 2889 mibi
1468 2846 1518 2889 res
1534 2833 1596 2900 est,
1618 2827 1654 2888 Τ.
1670 2825 1775 2903 Iiosci,

450 2923 602 3006 quoniam
623 2921 693 2984 istic
715 2917 807 2982 sedes
829 2936 865 2979 ac
887 2922 918 2978 te
935 2916 1039 3000 palam
1056 2917 1271 2981 adversarium
1286 2939 1355 2982 esse
1370 2916 1537 3003 profiteris.
1557 2921 1604 2982 De
1621 2918 1774 3002 Capitone

411 3023 523 3100 npost
543 3015 730 3089 viderimus,
752 3013 796 3088 si,
820 3010 1085 3095 quemadmodum
1108 3020 1253 3095 paratum
1275 3032 1344 3077 esse
1360 3014 1471 3089 audio,
1494 3015 1583 3078 testis
1604 3012 1773 3097 prodierit;

448 3118 515 3175 tum
537 3112 615 3175 alias
637 3128 767 3194 qnoque
790 3125 864 3170 suas
886 3103 1006 3188 palmas
1028 3112 1213 3188 cognoscet,
1236 3106 1275 3169 de
1298 3107 1414 3190 quibus
1434 3128 1484 3171 mc
1498 3127 1539 3170 ne
1554 3108 1681 3173 audisse
1703 3109 1774 3194 qui·

448 3206 521 3269 dem
542 3204 729 3287 suspicatur.
773 3201 807 3262 L.
832 3199 958 3263 Cassius
980 3198 1050 3272 illc,
1073 3218 1168 3282 quem
1190 3200 1328 3281 populus
1350 3202 1511 3264 Romanus
1526 3203 1728 3268 verissimum
1742 3210 1776 3266 et

447 3299 713 3385 sapientissimum
742 3294 879 3359 iudicem
907 3293 1055 3374 putabat,
1085 3293 1258 3357 identidem
1278 3295 1311 3356 in
1334 3297 1437 3358 causis
1460 3316 1612 3380 quaerere
1634 3297 1773 3374 solebat,

450 3397 527 3459 «cui
548 3395 634 3458 bono
655 3391 796 3454 luisset.»
843 3389 894 3451 Sic
915 3387 980 3451 vita
1001 3387 1164 3451 bominum
1186 3396 1250 3463 est,
1273 3397 1308 3451 ut
1330 3387 1370 3452 ad
1393 3387 1581 3454 malelicium
1602 3411 1697 3454 nemo
1720 3412 1774 3454 co·

411 3498 541 3554 sonetur
569 3488 637 3551 eine
668 3505 724 3569 spe
753 3491 849 3568 atque
872 3482 1085 3545 emolumento
1108 3483 1270 3546 accedere.
1313 3480 1363 3544 85.
1385 3483 1478 3547 Hunc
1501 3485 1714 3568 quaesitorem
1734 3505 1772 3550 ac

447 3584 584 3648 iudicem
605 3579 768 3663 fugiebant
789 3585 884 3661 atque
905 3576 1078 3640 horrebant
1099 3577 1138 3652 ii,
1161 3577 1277 3661 quibus
1298 3578 1475 3661 periculum
1495 3580 1675 3654 creabatur,
1697 3577 1771 3643 ideo

449 3675 552 3762 quod,
574 3674 698 3738 tametsi
718 3672 858 3735 veritatis
881 3678 947 3732 erat
968 3671 1106 3746 amicus,
1129 3678 1233 3734 tamen
1252 3680 1364 3734 natura
1378 3692 1442 3735 non
1458 3680 1522 3736 tam
1535 3693 1714 3757 propensus
1730 3673 1771 3736 ad

448 3768 695 3835 misericordiam
721 3786 817 3852 quarn
845 3765 1025 3848 implicatus
1047 3765 1086 3828 ad
1110 3768 1309 3830 severitatem
1331 3765 1505 3832 videbatur.
1547 3769 1632 3852 Ego,
1660 3789 1771 3854 quam·

513 4011 537 4064 l.
556 4013 697 4077 qnod'rnre
713 4022 746 4070 v;
765 4009 831 4072 qnod
847 4007 890 4071 qni
905 4021 975 4058 ronne
992 4009 1020 4058 G.
1041 4034 1068 4043 -
1087 4009 1112 4059 2.
1130 4013 1176 4058 ont
1191 4009 1296 4073 ingeniis
1312 4008 1329 4064 i!
1347 4011 1373 4061 iu
1390 4023 1473 4075 marg.
1490 4040 1517 4049 -
1536 4012 1560 4063 3.
1579 4013 1609 4063 de
1626 4025 1680 4064 om.
1694 4015 1724 4066 G.
1738 4040 1768 4052 -

447 4090 516 4142 enni
532 4091 561 4140 G.
582 4117 609 4126 -
627 4086 651 4139 l.
670 4091 698 4136 nt
714 4084 766 4149 ilio]
785 4086 843 4134 dnm
859 4085 904 4134 itia
921 4083 998 4135 lectio
1015 4085 1088 4133 varie
1105 4084 1176 4149 apud
1193 4083 1286 4134 Lamb.
1307 4112 1333 4119 —
1353 4085 1377 4136 8.
1392 4087 1549 4148 pertinebant
1565 4089 1598 4149 L,
1617 4088 1696 4140 codd.
1715 4089 1770 4156 ple·

446 4165 538 4231 rique,
556 4163 716 4215 utvidetur:
733 4160 872 4224 pertinebat
889 4161 1053 4220 Gblxvac.
1075 4181 1103 4194 -
1123 4160 1241 4222 qnoniam
1258 4161 1316 4210 bii:
1336 4175 1412 4223 qnam
1428 4162 1540 4222 Τχνος
1559 4167 1681 4225 qnomodo
1698 4164 1764 4216 cut

447 4241 568 4304 cupa.
589 4267 616 4275 -
635 4238 659 4288 9.
678 4238 712 4287 ad
728 4250 810 4287 servos
825 4235 865 4286 cei
881 4241 950 4287 testes
964 4250 990 4286 v.
1012 4263 1039 4272 -
1058 4235 1098 4285 to.
1117 4235 1152 4283 ibi
1169 4248 1265 4297 quoqne
1281 4249 1326 4285 nos
1343 4238 1409 4286 Gblt
1431 4240 1458 4288 et
1474 4239 1503 4300 2,
1524 4239 1554 4287 ut
1570 4239 1657 4291 bladv.
1676 4241 1769 4293 conie-

446 4315 497 4367 cit:
523 4315 558 4365 ibi
578 4326 624 4364 nor
642 4325 738 4375 qnoque
754 4313 858 4362 ovac.
879 4338 907 4347 -
932 4309 1018 4374 cunin]
1043 4315 1096 4359 tam
1113 4312 1141 4360 G.
1164 4334 1190 4347 -
1209 4311 1330 4373 reperiret
1346 4313 1380 4361 M.
1401 4338 1427 4347 -
1453 4313 1492 4362 tr.
1511 4326 1577 4363 nnnc
1594 4326 1647 4366 om.
1666 4317 1717 4367 ut.
1738 4341 1766 4352 -

445 4404 495 4439 non
512 4404 561 4452 qno
577 4403 616 4440 me
632 4390 661 4439 G.
682 4416 710 4425 -
729 4387 768 4438 33.
787 4386 871 4436 liceret
887 4398 913 4435 v.
927 4412 956 4423 -
976 4387 1015 4436 43.
1031 4387 1144 4448 pervenit
1161 4398 1214 4436 om.
1229 4387 1258 4436 G.
1272 4412 1300 4421 -
1319 4387 1359 4436 ⁴7.
1379 4400 1466 4450 quaer.
1484 4387 1519 4436 ibi
1535 4389 1619 4452 meles.
1631 4389 1674 4439 nbi
1685 4391 1769 4442 Stein-

444 4467 531 4515 metz:
558 4478 645 4528 qnner.
663 4462 705 4512 nbi
720 4462 781 4512 nat.
799 4460 842 4511 nbi
858 4463 915 4512 Per.
934 4462 957 4511 t.
976 4460 1000 4512 l.
1023 4461 1059 4523 8.,
1076 4475 1106 4521 v,
1133 4461 1207 4524 Ora,
1226 4464 1256 4510 ut
1270 4459 1389 4522 videtum
1409 4475 1495 4523 quaer.
1514 4463 1556 4512 nbi
1571 4464 1656 4528 molet.
1675 4465 1765 4526 6003

445 4552 533 4601 qnaer.
555 4539 615 4588 moi.
637 4538 679 4588 nbi
696 4539 758 4598 bia,
782 4539 839 4588 Par.
858 4537 882 4586 9.
903 4564 929 4573 -
956 4536 995 4587 ⁴8.
1014 4541 1037 4586 et
1053 4537 1097 4602 eet]
1123 4549 1176 4586 om.
1196 4541 1219 4587 et
1235 4537 1263 4587 Τ.
1284 4564 1312 4573 -
1334 4537 1455 4587 incertum
1471 4539 1564 4589 odmen
1580 4539 1673 4590 bamb.
1692 4553 1765 4605 susp.

443 4616 477 4666 At
499 4616 540 4665 est
559 4618 654 4663 certum
675 4614 769 4664 crimen
790 4612 952 4673 criminatio,
979 4624 1047 4676 quae
1070 4609 1160 4662 multis
1177 4610 1372 4676 suspicionibus
1390 4616 1605 4678 argumentisque
1622 4612 1766 4679 probabilis

443 4690 502 4742 lieri
518 4691 613 4756 possit,
633 4687 738 4753 qualem
756 4689 809 4738 iam
827 4688 880 4737 Cic.
899 4689 955 4752 ipse
974 4688 1000 4736 in
1017 4687 1045 4737 T.
1062 4688 1187 4738 Roscium
1203 4687 1322 4736 intendit.
1341 4687 1379 4737 Ci.
1394 4688 1417 4751 5.
1431 4688 1471 4737 53.
1485 4695 1566 4739 ceretu
1582 4693 1724 4739 mereator.
1736 4714 1765 4727 -

442 4767 483 4817 20.
501 4765 686 4828 nnsnnqnidqne
702 4761 870 4826 Wesenberg
887 4761 929 4825 (ud
946 4763 1014 4812 Sest.
1033 4775 1060 4827 p.
1079 4763 1110 4812 ti
1127 4763 1210 4825 noti:
1227 4763 1420 4825 nnnnqnodqne
1436 4761 1514 4812 codd.
1531 4765 1598 4815 et0.
1626 4765 1664 4816 Cl.
1677 4763 1765 4815 bladr.

443 4841 478 4893 ad
495 4842 545 4893 Cic.
563 4841 593 4892 de
608 4840 680 4890 Finn.
700 4852 726 4903 p.
745 4838 796 4898 33,
815 4852 830 4888 a
848 4850 901 4901 quo
919 4839 1007 4888 umen
1025 4836 1146 4888 dissentit
1162 4838 1260 4888 Jordan
1277 4837 1294 4889 l.
1307 4850 1330 4888 c.
1351 4865 1378 4876 -
1397 4839 1438 4888 it.
1456 4838 1555 4901 signnm
1565 4852 1595 4897 v;
1612 4840 1683 4904 siqno
1695 4838 1765 4890 coni.

441 4916 564 4975 Weiske3
583 4918 609 4966 at
624 4928 650 4965 v.
669 4913 712 4964 Os.
731 4915 759 4963 et
775 4911 855 4963 Klotz.
874 4913 900 4962 in
912 4913 1002 4962 Annei.
1018 4912 1103 4974 pndot.
1122 4913 1191 4963 nonis
1200 4911 1258 4963 Vol.
1270 4913 1302 4963 ii
1319 4927 1346 4978 p.
1359 4913 1407 4964 473
1419 4926 1459 4976 sq.
1474 4912 1565 4977 (⁴838.)
1583 4942 1611 4951 —
1627 4926 1767 4977 persequor

441 4992 460 5041 L
478 5004 541 5042 cum
552 4990 612 5042 cod.
627 4990 656 5054 [il
668 4989 767 5042 Ursini:
784 5000 925 5051 prosequar
942 4987 1019 5039 codd.
1034 4989 1088 5038 noti
1104 4990 1131 5038 et
1141 4990 1170 5039 0.
1188 5016 1215 5026 -
1233 4987 1274 5039 23.
1288 4993 1316 5038 ct
1331 4989 1498 5052 eqo--nosci
1515 5001 1568 5038 om.
1582 4989 1611 5039 G.
1626 5014 1655 5026 ·-
1672 4988 1715 5041 ai.
1727 4992 1767 5039 at·

441 5079 488 5128 qne
505 5071 527 5116 te
544 5079 568 5116 a.
589 5092 617 5103 -
633 5063 776 5130 profluant
793 5063 938 5122 cucsx.
960 5090 988 5101 —
1006 5063 1046 5115 26.
1065 5063 1238 5127 annapnimos
1255 5076 1352 5126 qnoque
1367 5077 1393 5114 v.
1409 5090 1435 5098 -
1454 5064 1494 5115 27.
1512 5064 1676 5127 ommam]
1693 5062 1712 5118 2
1729 5064 1766 5114 alt

440 5139 467 5188 in
488 5150 572 5205 marg.
591 5137 656 5191 alios
673 5138 762 5204 legere
779 5138 971 5202 mundanum,
1000 5141 1030 5190 ut
1051 5139 1114 5190 item
1139 5140 1274 5204 Zumptius
1295 5138 1330 5189 ad
1346 5139 1421 5188 verr.
1441 5152 1467 5203 p.
1486 5138 1543 5189 383.
1562 5138 1667 5200 maluit3
1694 5140 1722 5189 at
1737 5152 1764 5191 v.

440 5212 530 5265 adnot.
555 5227 645 5266 meam
671 5214 706 5266 ad
726 5215 804 5265 verr.
822 5212 864 5263 lV.
884 5212 908 5277 g.
928 5214 984 5265 tta.
1004 5227 1030 5279 p.
1050 5214 1097 5265 tii
1116 5213 1159 5265 ed.
1178 5215 1247 5279 Lips.
1268 5241 1295 5251 -
1314 5215 1354 5265 28.
1370 5213 1485 5279 potabat]
1500 5213 1666 5276 praedicebat
1682 5213 1713 5265 ii.
1736 5239 1765 5250 -

441 5286 481 5340 30.
500 5293 524 5341 et
540 5289 647 5344 indicem
664 5293 694 5343 G.
715 5317 743 5330 —
760 5289 801 5343 32.
820 5293 904 5342 nmen
921 5301 975 5342 om.
994 5290 1023 5341 G.
1040 5315 1069 5327 -
1087 5288 1129 5343 33.
1147 5289 1288 5355 implicatas
1299 5289 1422 5342 codices:
1441 5288 1575 5342 molinum
1591 5289 1659 5344 coni.
1671 5289 1767 5344 Menu-
