4367 6109
448 575 511 643 660
839 575 881 637 lN
904 574 938 637 L.
961 573 1184 639 CATILINAM
1205 574 1324 638 LIBER
1345 575 1370 637 l.

442 755 549 834 patres
576 744 765 826 conscripti,
799 763 849 806 me
884 764 954 808 esse
990 744 1193 819 clementem,
1226 747 1318 827 cupio
1350 745 1384 806 in
1413 744 1513 806 tantis
1546 746 1600 808 rei
1640 741 1794 828 publicae

443 838 594 923 periculis
615 857 665 900 me
687 833 750 901 noo
773 837 961 902 dissolutum
982 838 1099 901 videri:
1122 838 1179 901 sed
1200 838 1262 901 iam
1285 858 1335 901 me
1357 838 1425 920 ipse
1446 838 1589 901 inertiae
1606 839 1794 923 nequitiae·

444 953 506 1016 quc
527 933 715 996 condemno.
759 930 789 994 5.
819 932 927 995 Castra
948 939 1022 995 sunt
1042 933 1076 994 in
1098 932 1189 995 ltalia
1218 940 1328 994 contra
1354 931 1506 1014 populum
1538 933 1734 996 Romanum
1761 933 1792 995 in

381 1039 385 1044 '
443 1027 589 1090 Etruriae
609 1025 753 1089 faucibus
776 1026 946 1100 collocata;
981 1024 1093 1088 crescit
1122 1025 1154 1086 in
1183 1023 1251 1088 dies
1281 1023 1423 1106 singulos
1443 1024 1589 1088 hostium
1613 1046 1790 1100 numerum

421 1138 554 1183 acorum
581 1126 688 1182 autem
716 1127 889 1182 castrorum
917 1117 1136 1201 imperatorem
1165 1118 1341 1201 ducemque
1369 1118 1508 1181 hostium
1536 1119 1628 1182 intra
1658 1119 1791 1183 moenia

444 1222 540 1297 atque
569 1213 649 1277 adeo
675 1210 707 1276 in
732 1220 844 1277 senatu
874 1213 1018 1275 videmus
1046 1212 1228 1275 intestinam
1259 1211 1398 1294 aliquam
1425 1212 1573 1295 quotidie
1606 1213 1789 1295 perniciem

443 1309 490 1371 rei
512 1307 658 1391 publicae
680 1308 872 1370 molientem.
917 1307 1004 1369 Sita
1031 1307 1110 1380 iam,
1139 1306 1288 1381 Catilina,
1315 1304 1559 1389 comprehendi,
1589 1309 1618 1371 si
1646 1304 1789 1372 interfici

443 1405 583 1478 iussero,
618 1401 729 1477 credo,
762 1402 821 1464 erit
845 1400 1017 1464 verendum
1046 1400 1140 1474 milri,
1174 1421 1214 1463 ne
1244 1421 1307 1463 000
1334 1399 1396 1463 hoc
1425 1400 1532 1483 potius
1566 1420 1689 1464 omnes
1711 1400 1790 1465 boni

445 1497 546 1561 serius
568 1515 587 1559 a
608 1515 659 1557 me
680 1514 775 1578 quam
803 1495 971 1578 quisquam
1001 1493 1158 1557 crudelius
1186 1493 1302 1558 factum
1331 1515 1401 1558 esse
1431 1495 1522 1557 dicat.
1570 1495 1697 1559 Verum
1728 1515 1789 1579 030

408 1592 521 1665 40000,
550 1588 722 1673 quodiam
753 1588 877 1672 pridem
898 1588 1015 1652 sactum
1043 1607 1113 1650 esse
1140 1588 1293 1671 oportuit,
1324 1596 1408 1651 certa
1436 1587 1475 1650 dc
1506 1607 1605 1652 cansa
1635 1589 1788 1653 nondum

445 1685 587 1748 adducor
606 1691 643 1746 ut
663 1682 786 1746 faciam.
830 1684 911 1745 Tum
932 1681 1070 1765 denique
1097 1681 1305 1755 interficiere,
1335 1703 1405 1745 cum
1426 1683 1489 1747 iam
1511 1702 1609 1745 nemo
1633 1691 1707 1747 tam
1730 1685 1789 1748 inr-

444 1778 579 1863 prohus,
602 1783 664 1840 tam
686 1777 846 1859 perditus,
874 1785 939 1840 tam
960 1777 1006 1839 tui
1028 1775 1141 1838 similis
1162 1774 1298 1837 inveniri
1319 1774 1453 1857 poterit,
1483 1775 1539 1857 qui
1563 1775 1598 1838 id
1620 1795 1696 1839 non
1719 1778 1788 1840 iure

445 1871 562 1934 factum
591 1890 660 1934 esse
689 1869 832 1933 fateatur.
876 1868 905 1932 6.
936 1868 1038 1944 Quam
1067 1867 1121 1929 diu
1152 1869 1321 1952 quisquam
1352 1868 1425 1942 erit,
1456 1867 1513 1951 qui
1540 1874 1575 1931 te
1605 1869 1789 1935 defendere

447 1964 575 2038 audeat,
603 1964 707 2037 vives,
738 1973 769 2026 et
796 1964 884 2027 rives
914 1964 975 2035 ita,
1006 1969 1041 2024 ut
1068 1961 1167 2035 vivis,
1197 1962 1304 2025 multis
1331 1963 1409 2025 meis
1432 1969 1466 2025 et
1484 1962 1587 2026 firmis
1609 1965 1790 2048 praesidiis

408 2058 611 2131 inobsessus,
643 2076 684 2119 ne
707 2076 905 2119 commovere
926 2065 957 2118 te
980 2065 1089 2118 contra
1117 2075 1182 2118 rem
1212 2056 1371 2139 publicam
1393 2057 1506 2139 poesis.
1548 2057 1737 2122 Multomm
1757 2067 1789 2122 te

446 2150 542 2213 otiam
563 2150 649 2213 oculi
670 2156 702 2213 et
723 2169 815 2214 aures
835 2169 901 2212 non
923 2151 1132 2224 sentientem,
1155 2149 1237 2213 sicut
1257 2148 1361 2212 adhuc
1382 2149 1540 2225 fecerunt,
1565 2152 1789 2233 speculabun-

445 2252 496 2309 tur
516 2250 613 2327 atque
634 2242 822 2307 custodient.

529 2338 584 2399 lll.
606 2338 731 2401 Etenim
752 2336 832 2420 quid
856 2345 918 2413 est,
941 2337 1092 2414 Catilina,
1115 2340 1200 2423 quod
1222 2338 1284 2401 iam
1305 2338 1442 2420 amplius
1463 2346 1655 2421 exspectes,
1681 2343 1712 2405 si
1733 2361 1790 2406 ue·

447 2453 510 2516 que
532 2452 598 2496 nox
618 2431 756 2495 tenebris
771 2431 939 2494 obscurare
955 2438 1064 2495 coetus
1080 2433 1237 2507 nefarios,
1259 2452 1318 2494 nec
1332 2433 1456 2515 privata
1469 2432 1588 2496 domus
1602 2436 1788 2519 parietibus

409 2526 609 2595 recontinere
630 2545 725 2590 rocos
747 2524 974 2587 coniurationis
998 2521 1095 2608 [tuae]
1119 2530 1243 2609 potasti
1273 2526 1300 2589 si
1321 2525 1532 2600 illustrantur,
1555 2528 1584 2590 si
1608 2538 1790 2615 erumpunt

448 2620 576 2682 omnia‘i
619 2621 706 2682 Muta
727 2618 791 2683 iam
812 2619 905 2681 istam
927 2626 1079 2695 mentem,
1102 2619 1178 2682 mihi
1200 2618 1311 2694 crede;
1341 2618 1527 2683 obliviscere
1548 2620 1665 2685 caedis
1690 2632 1789 2708 atque

447 2713 676 2777 incendiorum.
728 2713 857 2775 Teneris
885 2711 1044 2796 undique;
1078 2714 1149 2778 luce
1177 2721 1251 2777 sunt
1275 2713 1412 2776 clariora
1436 2712 1528 2776 nobis
1557 2721 1619 2778 tua
1647 2717 1790 2781 consilia

448 2807 570 2881 omnia,
604 2826 686 2891 quae
714 2806 775 2869 iam
807 2826 929 2869 mecum
955 2807 1031 2871 licet
1058 2827 1275 2890 recognoscas.
1325 2805 1355 2870 7.
1385 2806 1604 2871 Meministine
1634 2818 1789 2874 meante

448 2899 532 2964 diem
553 2920 601 2964 xu
621 2900 781 2964 Kalendas
796 2901 988 2965 Novembres
1010 2900 1115 2964 dicere
1137 2903 1170 2964 in
1192 2910 1317 2977 senatu,
1339 2901 1408 2965 lore
1429 2903 1462 2965 in
1483 2902 1583 2965 armis
1607 2911 1702 2968 certo
1726 2903 1789 2979 die,

512 3171 537 3219 2.
553 3169 671 3232 paviculis
686 3170 725 3219 rei
738 3183 764 3231 p.
783 3182 831 3219 oz.
852 3196 879 3206 ·-
897 3184 937 3220 osc
953 3184 1007 3221 om.
1026 3185 1042 3220 0
1059 3173 1087 3220 04
1104 3171 1156 3232 [39
1166 3171 1212 3231 20;
1236 3170 1278 3220 ed.
1298 3171 1405 3234 Steph.,
1424 3171 1457 3229 L;
1482 3172 1556 3234 cupio
1575 3173 1605 3223 P.
1626 3174 1656 3225 C.
1677 3188 1723 3226 000
1739 3175 1789 3227 040-

445 3249 564 3305 mcotctn,
590 3244 663 3306 cupio
679 3245 706 3293 io
722 3249 741 3294 4.
758 3258 782 3293 r.
799 3258 826 3306 p.
840 3245 959 3307 periculis
978 3260 1029 3296 noo
1051 3246 1195 3295 0400404000
1213 3246 1292 3295 cilicii
1308 3245 1461 3297 Wunderus
1478 3243 1494 3295 l.
1514 3259 1538 3296 0.
1559 3272 1590 3283 -
1610 3250 1657 3299 sed
1675 3251 1735 3301 iam
1750 3264 1791 3301 000

446 3332 508 3370 em:
526 3321 570 3370 aad
585 3320 613 3368 in
627 3332 667 3370 me
682 3317 706 3379 l;
723 3320 765 3369 000
780 3320 1044 3383 mammertinus
1058 3335 1098 3371 mc
1114 3319 1299 3371 bdicretu.
1319 3322 1433 3384 4403000.
1448 3319 1481 3370 00
1499 3321 1554 3371 suis
1572 3324 1671 3386 tacet.)
1688 3353 1718 3363 -
1737 3327 1790 3390 ipre

446 3395 512 3446 000
536 3393 592 3458 (000
609 3394 627 3444 0
643 3395 694 3457 ipsc
710 3396 771 3445 0040
793 3397 927 3445 condeiaco
944 3395 1047 3458 hubet):
1074 3397 1156 3458 ipsum
1172 3396 1229 3446 RL.
1251 3423 1277 3432 —
1297 3396 1321 3446 3.
1340 3403 1427 3446 contro
1440 3409 1468 3457 p.
1487 3397 1516 3446 li.
1538 3397 1787 3464 Babcilrstu‚

445 3472 510 3534 [324
526 3471 570 3521 tili:
587 3475 678 3520 000400
692 3482 746 3519 rein
758 3482 786 3532 p.
805 3471 853 3520 444.
865 3472 893 3520 0.
915 3498 941 3506 —
960 3472 985 3521 a.
1002 3472 1091 3521 iurato
1108 3485 1133 3521 o.
1154 3498 1182 3508 -
1199 3476 1339 3522 castromm
1355 3486 1408 3523 om.
1427 3472 1460 3531 h;
1478 3472 1667 3533 iaperatorem
1685 3483 1789 3528 000400-

444 3546 564 3596 0000040
581 3545 640 3595 043
657 3542 700 3594 alii
717 3545 795 3607 [033.
813 3543 875 3605 soli,
895 3547 952 3595 [0.
972 3572 999 3581 -
1018 3548 1042 3597 0.
1061 3548 1193 3599 0000000.
1213 3560 1239 3611 y.
1259 3574 1287 3583 -
1304 3548 1612 3611 vidctisatilcopyz,
1634 3565 1664 3611 ς.
1683 3579 1714 3589 -
1729 3566 1789 3617 pc-

444 3622 533 3671 oiciem
548 3619 636 3670 cotidie
652 3618 713 3677 Cd;
731 3619 819 3669 cotidie
835 3633 888 3670 orn.
908 3633 932 3669 0.
953 3647 979 3655 -
999 3622 1023 3671 7.
1041 3627 1179 3672 mouentem
1196 3636 1221 3673 0.
1243 3650 1269 3658 -
1289 3623 1316 3670 Si
1333 3627 1403 3670 ic·-
1415 3621 1482 3671 dicct
1499 3621 1610 3682 Quintil.
1630 3625 1678 3676 [Χ.
1699 3628 1726 3689 3,
1746 3628 1786 3677 49.

446 3723 474 3733 -
492 3697 545 3746 mm
561 3709 615 3746 om.
634 3694 702 3745 deo
720 3697 747 3745 ct
764 3695 884 3754 Quintil.;
909 3697 1017 3746 00444400
1032 3698 1085 3747 iam
1102 3711 1124 3747 r.
1145 3723 1172 3734 -
1191 3699 1213 3747 si
1229 3703 1252 3749 40
1267 3697 1371 3760 interfici
1389 3700 1439 3756 40,
1458 3695 1537 3760 [346.
1557 3726 1587 3736 -
1608 3699 1635 3752 8.
1655 3704 1712 3753 orit
1727 3705 1788 3754 uti

443 3772 629 3828 000000000ος
651 3770 885 3820 veresimilis.
907 3798 933 3805 -
957 3786 1007 3821 oon
1024 3784 1077 3821 om.
1097 3773 1167 3834 qu
1186 3772 1243 3822 046
1261 3769 1303 3821 0144
1321 3772 1398 3835 [033.
1420 3798 1447 3808 -
1465 3772 1614 3833 liocpoties
1630 3776 1787 3842 Ceoxyz

445 3846 513 3907 [340
524 3846 555 3895 ai
573 3848 600 3895 et
617 3844 721 3905 Quintil.
740 3844 818 3896 codd.
838 3847 943 3909 optimi:
962 3847 1007 3896 400
1023 3859 1077 3896 om.
1097 3846 1118 3904 l3
1136 3846 1218 3898 habet
1235 3849 1296 3911 post
1312 3847 1368 3897 boni
1380 3862 1405 3907 r3
1421 3849 1505 3909 potius
1515 3848 1560 3898 400
1573 3849 1605 3899 li.
1623 3876 1650 3885 -
1666 3851 1695 3902 9.
1707 3855 1788 3904 m

443 3918 540 3982 iactum
556 3934 573 3969 a
588 3933 628 3969 cie
644 3933 670 3980 q.
688 3935 712 3982 p.
736 3921 869 3969 crudditcr
889 3922 908 3971 C
927 3925 954 3971 ct
970 3922 1047 3984 [303.
1067 3948 1094 3956 -
1115 3923 1199 3971 040004
1215 3936 1260 3986 qy
1277 3925 1304 3972 et
1320 3923 1336 3973 0
1353 3921 1395 3971 0144
1413 3924 1490 3985 [033.
1510 3949 1537 3958 -
1559 3924 1603 3973 40.
1621 3924 1673 3975 1400
1689 3939 1740 3992 epo
1755 3939 1785 3988 c;

444 4004 503 4055 erpo
518 3993 563 4042 400
574 3995 594 4042 t.
605 4020 633 4028 -
645 3995 685 4044 44.
704 3996 819 4045 adducar
829 3997 846 4044 4.
862 4023 888 4031 -
899 3997 1045 4060 interficiere
1061 3994 1101 4045 ab
1111 4009 1126 4046 c
1136 4011 1151 4046 e
1161 4010 1210 4057 os,
1230 3995 1332 4056 00400..
1351 3998 1418 4059 [350
1430 3997 1461 4046 57
1480 3996 1537 4060 (sed
1549 4009 1578 4046 a:
1599 4000 1784 4066 iourflciatet:

443 4068 549 4130 interfici
564 4069 676 4119 00000044
691 4070 710 4118 B
719 4085 724 4128 ;
743 4070 891 4132 interficiam
908 4075 931 4120 40
947 4072 966 4120 u
976 4074 995 4121 L
1005 4073 1034 4122 0.
1053 4073 1092 4123 Ci.
1112 4072 1198 4124 Madv.
1217 4074 1305 4135 Opasc.
1319 4075 1349 4123 44.
1362 4086 1388 4136 p.
1401 4071 1457 4122 334.
1474 4098 1498 4111 -
1514 4085 1589 4123 neoto
1600 4079 1658 4126 tam
1666 4079 1786 4139 perditur

444 4139 471 4190 0.
486 4166 513 4176 -
528 4141 568 4190 42.
583 4143 662 4203 possit
677 4142 726 4192 bs.
743 4170 770 4179 -
784 4143 823 4193 44.
843 4149 866 4193 04
881 4145 947 4195 vices
963 4159 1017 4196 om.
1037 4160 1067 4202 c:
1085 4148 1127 4196 000
1142 4147 1208 4195 cioca
1223 4145 1330 4196 Weiske
1348 4147 1374 4194 et
1391 4144 1551 4209 Madvigius,
1571 4148 1623 4212 Op.
1634 4150 1658 4201 1.
1679 4166 1710 4218 p.
1724 4153 1783 4205 484.

444 4214 631 4265 4404400000.
641 4218 683 4266 ill.
695 4217 719 4280 ἓ.
728 4218 775 4266 490
784 4220 811 4267 04
820 4219 849 4268 C.
863 4220 1009 4271 Nauckium
1021 4222 1155 4273 inlocali.
1168 4221 1318 4283 complici.
1331 4225 1354 4269 04
1364 4222 1471 4285 000003.
1484 4219 1591 4284 440467,
1606 4236 1633 4289 p.
1643 4225 1710 4278 375.
1721 4233 1785 4279 -ut

445 4288 683 4340 deilmrstu
701 4295 728 4341 04
744 4292 840 4354 Lagis:
859 4294 897 4343 ati
913 4294 1037 4357 [34043ς
1056 4303 1084 4346 04
1100 4311 1166 4346 nunc
1183 4309 1224 4346 eo
1242 4298 1269 4345 04
1285 4294 1341 4344 0041.
1360 4297 1534 4358 4000000004)
1551 4298 1649 4363 [033.,
1672 4303 1734 4356 [ο.
1753 4331 1781 4342 -

444 4365 485 4414 to.
504 4363 611 4414 00000000
627 4366 722 4415 Cacd
740 4367 792 4429 (hic
809 4380 845 4417 m.
864 4371 928 4432 sec.)
947 4383 965 4432 q
982 4374 1008 4420 et
1025 4370 1040 4420 3
1057 4371 1100 4421 0444
1117 4374 1212 4436 [0330
1231 4382 1360 4432 oppressas
1375 4375 1398 4419 ct
1415 4371 1523 4421 00000000
1538 4373 1574 4432 Β;
1593 4387 1736 4438 oppressus
1750 4380 1781 4430 n,

446 4464 475 4475 -
491 4451 537 4489 nec
553 4437 585 4497 b3
603 4452 635 4489 00
650 4441 710 4499 coia
726 4441 803 4505 [330.
818 4469 845 4478 -
864 4449 888 4494 tc
903 4457 957 4494 om.
976 4459 990 4494 0
1008 4449 1036 4496 04
1052 4448 1120 4510 [350
1133 4447 1179 4508 57,
1197 4445 1269 4496 0000
1286 4447 1414 4510 suspicari
1432 4449 1532 4512 possis:
1550 4462 1584 4499 os
1600 4451 1665 4513 qaid
1681 4466 1784 4507 eram

444 4518 533 4563 000400
548 4527 571 4564 r.
587 4528 616 4576 p.
633 4516 724 4575 000040
753 4520 781 4566 04
797 4519 839 4567 004
857 4517 880 4582 5.
900 4520 914 4568 7
932 4521 1007 4571 item:
1034 4534 1187 4572 cornmoocrc
1206 4526 1230 4571 40
1248 4525 1337 4571 contro
1358 4536 1381 4572 r.
1402 4536 1429 4583 p.
1450 4548 1479 4560 -
1499 4522 1539 4573 48.
1563 4523 1600 4575 Iit
1616 4527 1683 4590 3040
1700 4542 1719 4595 p
1742 4531 1782 4596 (ex

443 4588 557 4651 0000404)
577 4614 605 4625 -
625 4589 665 4638 49.
688 4596 770 4640 costra
785 4592 851 4641 acd
869 4596 896 4643 et
912 4593 927 4643 8
945 4593 986 4644 alii
1004 4597 1097 4661 [033.,
1121 4600 1149 4647 04
1171 4597 1288 4647 videtur:
1309 4603 1408 4660 coeptus
1424 4600 1474 4657 40;
1497 4602 1584 4661 cepitis
1599 4601 1630 4651 44.
1652 4629 1685 4642 -
1703 4620 1784 4670 ηομ

444 4660 549 4712 [00[.
565 4687 592 4696 -
604 4668 669 4713 cont.
684 4665 823 4726 parictibus
838 4685 861 4719 c.
875 4694 902 4703 -
917 4670 957 4719 20.
976 4684 1059 4723 ccccm
1077 4674 1103 4722 tt
1120 4675 1197 4736 [033.
1217 4673 1293 4733 dett,
1317 4674 1344 4722 L.
1358 4699 1385 4708 -
1399 4678 1457 4724 4000
1472 4686 1527 4724 om.
1546 4672 1652 4728 dlrtu
1662 4693 1693 4743 x,
1712 4681 1781 4746 4340

444 4736 485 4788 43.
499 4764 528 4775 -
542 4738 696 4790 amamur
712 4741 767 4803 gh;
786 4741 926 4793 iastroaior
942 4747 1019 4797 codd.
1039 4749 1113 4798 Nonii
1130 4762 1155 4812 p.
1175 4749 1236 4808 3353
1254 4749 1275 4798 ti
1291 4748 1450 4797 illustrantur
1466 4748 1484 4799 d
1500 4750 1562 4816 poet
1577 4752 1669 4805 omma
1686 4756 1779 4809 habet.

445 4837 472 4847 -
492 4818 620 4877 cumperti
636 4828 658 4866 r.
680 4842 706 4851 -
726 4816 768 4865 24.
786 4815 839 4864 iam
855 4830 908 4868 orn.
928 4821 946 4870 C
965 4826 1056 4873 000400
1073 4824 1195 4873 Nouium.
1212 4851 1238 4860 —
1251 4829 1355 4874 00004000
1370 4825 1445 4874 ittam
1461 4823 1487 4874 d.
1503 4849 1531 4860 -
1543 4826 1607 4877 milti
1623 4832 1703 4884 40000
1718 4835 1780 4886 anio

444 4888 533 4938 4000044
548 4888 704 4953 ponendum
721 4891 832 4940 censent
854 4891 1025 4946 Heumauuus
1044 4899 1070 4947 ct
1086 4898 1239 4949 Wunderus
1258 4898 1275 4948 l.
1294 4912 1318 4949 c.
1337 4912 1363 4962 p.
1382 4898 1439 4949 285.
1468 4900 1502 4949 at
1516 4911 1544 4949 v.
1567 4900 1662 4956 adnot.
1688 4919 1780 4960 mean

444 4963 470 5011 40
488 4962 530 5013 00.
550 4964 619 5028 lips.
641 4991 668 5001 -
686 4965 727 5014 22.
747 4963 865 5015 motois
880 4966 951 5026 iue;
978 4971 1082 5022 tenebris
1097 4971 1146 5023 br,
1167 5000 1195 5011 -
1213 4974 1276 5024 cior.
1300 4978 1357 5023 000
1378 4973 1431 5022 iace
1447 4971 1480 5033 d3
1508 4972 1563 5024 iace
1585 4983 1646 5029 atei
1662 4979 1732 5034 sicr.
1750 4995 1778 5044 e;

443 5037 497 5087 iace
511 5038 575 5088 cicr.
593 5039 734 5089 0400400004
750 5052 775 5098 0;
802 5039 856 5089 ioco
871 5042 933 5091 clar.
950 5049 1036 5105 potent
1052 5061 1076 5107 ς.
1096 5072 1124 5083 -
1144 5048 1185 5097 23,
1203 5049 1256 5097 iam
1273 5046 1420 5097 Cacdru
1437 5049 1465 5098 et
1480 5048 1497 5098 ’4
1514 5046 1558 5099 0444
1574 5051 1675 5118 Lnga:
1705 5059 1778 5109 ain

444 5111 503 5161 440.
523 5137 550 5148 -
568 5125 608 5163 me
624 5127 678 5165 om.
696 5126 720 5164 0.
740 5140 769 5149 -
787 5114 814 5163 io
831 5120 889 5165 0040
904 5117 969 5167 dican
986 5132 1043 5181 qy,
1070 5121 1135 5171 04004
1150 5134 1204 5172 om.
1223 5124 1340 5186 340000
1357 5124 1448 5172 000400
1465 5123 1549 5175 Prisc.
1566 5124 1601 5178 ll.
1619 5141 1648 5193 p.
1667 5130 1730 5183 265.
1750 5159 1775 5170 -

443 5184 485 5272 24.
503 5187 563 5236 Kal.
574 5189 719 5240 Noccoibiis
734 5191 854 5250 irtuw;
871 5192 903 5241 K.
917 5192 965 5256 (Ki.
978 5192 1021 5244 vel
1033 5196 1212 5264 Kaicodomrt)
1228 5197 1398 5249 novembrium
1408 5198 1559 5266 cdeoqy
1570 5198 1674 5269 aliique
1687 5207 1777 5274 Lea-3

444 5259 476 5309 a.
494 5275 520 5312 0.
537 5260 641 5328 403400.
662 5290 690 5303 -
708 5270 776 5318 certo
792 5265 902 5330 dit-sm
917 5267 945 5319 io
960 5269 1038 5320 mis
1054 5270 1115 5322 Vl..
