4367 6109
825 575 1106 643 cnam-rx.
1133 573 1358 662 serr-as.
1686 574 1750 642 ecc

426 745 571 808 comitia:
593 745 679 810 volet
701 765 756 810 eos
778 747 978 822 renuntiare,
1002 748 1118 832 quibus
1140 747 1227 830 regia
1246 755 1388 831 potestas
1409 746 1469 811 hae
1490 747 1561 831 lege
1575 748 1748 832 quaeritm.

426 838 580 902 Universo
607 840 729 922 populo
756 861 861 925 neque
890 841 959 924 ipse
990 841 1174 917 committit,
1202 862 1307 926 neque
1337 841 1384 905 illi
1408 841 1523 905 horum
1545 841 1750 904 consiliorum

427 939 571 996 auctores
593 935 746 998 committi
767 943 852 997 recte
873 942 986 1019 putant
1006 956 1112 1019 posse.
1148 931 1198 998 21.
1221 935 1378 999 Sortietnr
1398 936 1499 1000 tribus
1521 933 1606 998 idem
1626 935 1750 997 Rullus.

424 1026 528 1089 Homo
562 1025 641 1091 felix
671 1027 785 1091 educet
814 1047 892 1111 quas
924 1029 1010 1093 volet
1044 1030 1154 1092 tribus.
1205 1030 1293 1106 Quos
1322 1050 1392 1094 vuu
1420 1030 1521 1093 tribus
1555 1028 1749 1093 decemviros

423 1118 559 1184 iecerint
578 1121 618 1182 ab
641 1122 751 1184 eodem
773 1121 866 1184 llnllo
888 1120 1033 1198 eductae,
1055 1122 1115 1185 hos
1137 1124 1278 1186 omnium
1301 1143 1423 1197 rerum,
1445 1123 1557 1187 utiam
1574 1120 1774 1197 ostendam,e

424 1213 571 1278 dominos
591 1214 787 1278 habebimus.
816 1217 922 1299 Atque
945 1215 985 1289 ii,
1007 1223 1042 1279 ut
1055 1216 1134 1297 grati
1149 1235 1186 1277 ac
1201 1235 1356 1280 memores
1370 1216 1518 1280 beneficii
1534 1234 1604 1279 esse
1619 1213 1750 1277 videan-

424 1315 492 1381 tur,
524 1308 647 1392 aliquid
675 1325 709 1370 se
739 1326 852 1371 novem
880 1308 1019 1372 tribuum
1047 1309 1133 1371 notis
1155 1309 1339 1373 bominibus
1361 1311 1476 1373 debere
1498 1307 1749 1384 confitebuntur,

423 1399 555 1485 reliquis
585 1421 660 1465 vero
687 1422 719 1465 vr
749 1408 781 1465 et
807 1421 852 1463 xx
879 1402 1025 1467 tribubus
1050 1402 1130 1466 nibil
1152 1403 1212 1467 erit
1233 1403 1319 1487 quod
1341 1424 1407 1467 non
1437 1410 1550 1486 putent
1571 1420 1667 1485 posse
1689 1421 1748 1464 suo

422 1494 489 1557 iure
511 1515 546 1557 se
568 1495 737 1577 denegare.
771 1494 859 1571 Quos
880 1495 1007 1558 tandem
1029 1497 1126 1579 igitur
1141 1497 1336 1560 decemviros
1357 1495 1424 1561 fieri
1439 1497 1530 1562 vulti
1552 1517 1587 1559 se
1601 1495 1749 1579 primum.

423 1587 487 1662 Qui
512 1587 612 1650 licet?
644 1589 730 1672 leges
760 1588 844 1652 enim
869 1597 942 1652 sunt
971 1597 1092 1654 veteres
1115 1611 1221 1675 neque
1244 1609 1300 1653 eae
1323 1590 1521 1665 consulares,
1550 1591 1577 1653 si
1600 1588 1679 1672 quid
1700 1589 1787 1655 in=so

423 1688 541 1743 teresse
562 1681 625 1745 boc
646 1683 858 1758 arbitramini,
885 1684 940 1746 sed
963 1683 1168 1757 tribuniciae,
1190 1684 1279 1748 vobis
1301 1682 1540 1768 maioribusque
1562 1680 1675 1745 vestris
1697 1699 1749 1744 ve-

422 1773 587 1837 hementer
614 1785 721 1858 gratae
750 1786 847 1860 atque
874 1775 1048 1840 iucundae:
1084 1777 1207 1840 Licinia
1239 1783 1288 1839 est
1319 1776 1373 1839 lex
1406 1784 1439 1839 et
1471 1776 1570 1839 altera
1603 1773 1749 1848 Aebutia,

424 1886 506 1952 quae
526 1888 592 1931 non
614 1869 710 1934 modo
733 1890 822 1946 eum,
852 1870 908 1954 qni
931 1868 1038 1932 tulerit
1060 1868 1100 1932 de
1121 1870 1229 1953 aliqua
1250 1871 1412 1933 curatione
1434 1889 1471 1933 ac
1493 1875 1670 1954 potestate,
1691 1865 1748 1930 sed

423 1962 515 2024 etiam
538 1963 674 2047 collegas
697 1964 782 2038 eius,
812 1971 981 2047 cognatos,
1009 1959 1120 2028 affines
1142 1964 1280 2046 excipit,
1304 1984 1344 2027 ne
1367 1963 1413 2026 eis
1436 1983 1475 2027 ea
1495 1969 1637 2046 potestas
1659 1979 1750 2022 cura-

423 2056 507 2120 tiove
529 2059 704 2121 mandetur.
748 2054 800 2120 22.
821 2058 946 2121 Etenim
968 2057 996 2119 si
1016 2056 1136 2140 populo
1159 2057 1315 2132 consulis,
1337 2077 1465 2121 remove
1487 2067 1518 2120 te
1532 2077 1552 2119 a
1566 2053 1787 2137 suspicionem

422 2149 557 2212 alicuius
580 2151 625 2213 tui
646 2150 821 2225 commodi,
842 2150 892 2214 iac
911 2147 1004 2212 fidem
1027 2156 1059 2211 te
1081 2149 1160 2213 nihil
1175 2151 1236 2213 nisi
1251 2150 1363 2234 populi
1377 2151 1548 2214 utilitatem
1564 2156 1596 2213 et
1611 2145 1750 2209 fructum

342 2298 350 2314 ,
422 2262 593 2329 quaerere3
615 2244 685 2307 sine
706 2244 746 2306 ad
768 2243 848 2308 alios
869 2250 1075 2327 potestatem,
1096 2242 1136 2306 ad
1157 2251 1188 2307 te
1202 2245 1335 2326 gratiam
1348 2244 1497 2308 beneficii
1512 2244 1560 2308 tui
1573 2239 1750 2326 pervenire,

422 2342 504 2402 Nam
523 2336 586 2400 boc
608 2337 737 2421 quidem
758 2338 813 2402 vix
835 2347 884 2402 est
904 2338 997 2401 liberi
1017 2337 1143 2421 populi,
1165 2339 1221 2400 vix
1241 2347 1417 2402 vestromm
1439 2339 1616 2402 animorum
1631 2355 1668 2399 ac
1683 2354 1750 2398 ma·

423 2430 632 2518 gnificentiae.
675 2433 731 2495 lX.
754 2430 834 2508 Quis
856 2432 958 2515 legem
979 2432 1076 2496 tulitt
1111 2432 1238 2507 Rullus3
1273 2433 1346 2516 quis
1376 2434 1526 2496 maiorem
1548 2439 1670 2517 partem
1691 2449 1750 2513 po-

420 2528 488 2613 puli
518 2525 675 2608 suffragiis
704 2525 891 2609 probibuit?
923 2527 1051 2601 Rullus3
1084 2527 1156 2611 quis
1188 2527 1324 2591 comitiis
1350 2525 1514 2610 praefuit?
1546 2527 1618 2610 quis
1648 2524 1786 2591 tribusso

422 2641 501 2707 quas
523 2619 625 2684 voluit
646 2621 788 2684 evocavit
809 2620 897 2684 nullo
920 2621 1053 2685 custode
1070 2623 1228 2685 sortitus?
1251 2621 1324 2705 quis
1343 2621 1539 2686 decemviros
1554 2641 1635 2706 qnos
1649 2619 1751 2684 voluit

420 2713 637 2780 renuntiavit?
665 2712 751 2777 idem
778 2714 909 2791 Rullus3
939 2736 1035 2799 quem
1063 2715 1241 2798 principem
1269 2715 1484 2781 renuntiavit?
1513 2713 1651 2778 Rullum.
1686 2712 1750 2775 vix

420 2806 617 2874 mehercule
637 2807 738 2870 serris
759 2807 821 2871 boc
843 2829 916 2872 enm
938 2809 1022 2883 suis,
1049 2828 1116 2871 non
1137 2809 1245 2885 vobis,
1273 2809 1415 2873 omnium
1436 2809 1579 2893 gentium
1600 2806 1749 2882 dominis,

420 2904 626 2988 probaturum
647 2901 790 2966 arbitror.
827 2901 972 2988 Optimae
993 2903 1081 2985 leges
1103 2902 1198 2985 igitur
1219 2902 1279 2967 bae
1301 2902 1371 2986 lege
1393 2903 1463 2966 sine
1477 2902 1542 2966 ulla
1560 2902 1748 2986 exceptione

420 2997 580 3061 tollentur.
623 2995 712 3058 ldem
734 2996 803 3079 lege
826 2996 887 3060 sibi
908 3017 967 3060 sua
989 2997 1184 3060 curationem
1205 3005 1312 3079 petet;
1334 2995 1418 3061 idem
1440 2998 1558 3061 maiore
1578 3003 1669 3079 parte
1689 3016 1785 3080 po-ss

420 3092 488 3177 puli
509 3090 666 3173 suffragiis
688 3090 822 3174 spoliata
844 3091 969 3154 comitia
989 3090 1136 3167 habebit3
1158 3110 1239 3174 quos
1259 3090 1346 3155 volet
1367 3100 1463 3175 atque
1483 3091 1518 3154 in
1538 3091 1578 3154 iis
1594 3110 1629 3154 se
1641 3089 1748 3174 ipsum

420 3184 613 3249 renuntiabit
647 3191 679 3245 et
705 3183 854 3248 videlicet
884 3184 1022 3268 collegas
1051 3203 1128 3247 suos
1162 3183 1373 3268 adscriptores
1402 3184 1481 3268 legis
1511 3184 1653 3267 agrariae
1681 3203 1748 3248 non

420 3278 615 3363 repudiabit,
637 3298 656 3341 a
677 3278 793 3361 quibus
814 3279 844 3342 ei
866 3277 956 3342 locus
977 3278 1098 3363 primus
1120 3277 1154 3339 in
1175 3277 1281 3341 indice
1303 3285 1335 3341 et
1355 3279 1390 3341 in
1403 3277 1654 3362 praescriptione
1668 3276 1748 3359 legis

420 3391 589 3435 concessus
612 3379 677 3446 est,
700 3373 797 3435 ceteri
818 3372 939 3436 tructus
962 3372 1103 3435 omnium
1119 3391 1241 3449 rerum,
1262 3371 1373 3454 quiin
1395 3392 1452 3456 spe
1471 3371 1550 3455 legis
1571 3371 1668 3437 huius
1689 3391 1748 3454 po·

420 3466 472 3529 siti
494 3473 586 3538 sunt,
608 3467 768 3528 communi
789 3467 934 3529 cautione
956 3475 1053 3550 atque
1074 3485 1178 3548 aequa
1199 3484 1240 3528 ex
1262 3472 1351 3548 parte
1372 3465 1558 3530 retinentur.
1754 3488 1783 3534 eo

503 3556 555 3622 23.
581 3561 623 3622 At
648 3560 753 3623 videte
781 3559 920 3623 bominis
948 3559 1162 3642 diligentiam,
1192 3559 1220 3621 si
1240 3566 1294 3622 aut
1314 3559 1442 3622 Rullum
1464 3560 1621 3642 cogitasse
1643 3563 1697 3624 aut
1718 3558 1745 3621 si

419 3652 511 3716 Rullo
540 3652 682 3736 potuisse
711 3653 745 3715 in
772 3660 911 3717 mentem
941 3654 1049 3717 venire
1079 3652 1283 3718 arbitramini.
1323 3653 1478 3716 Viderunt
1506 3653 1552 3728 ei,
1584 3651 1641 3736 qui
1667 3651 1745 3716 haec

466 3925 491 3975 t.
508 3923 656 3974 decumo
672 3922 723 3973 EF.
738 3949 766 3958 -
785 3922 809 3972 3.
823 3927 948 3985 putentur
964 3922 1066 3973 EFPA.
1089 3921 1248 3974 Emendavit
1263 3922 1409 3987 Naugerius
1426 3923 1452 3973 in
1471 3921 1514 3972 ed.
1527 3918 1629 3973 Aldina.
1642 3948 1671 3958 -
1688 3936 1745 3972 sor·

417 4002 479 4050 titia
497 4001 623 4051 EFP.-
641 3999 665 4049 8.
682 4002 832 4060 conpetant
848 4011 919 4061 posse
938 4012 982 4048 mo
999 3997 1055 4048 iare
1074 4011 1100 4049 se
1116 3998 1238 4063 &negare
1254 3998 1316 4048 FP:
1336 4011 1386 4046 ooo
1403 4001 1673 4060 reputentpossearro
1689 3998 1746 4049 irs-e

418 4076 539 4137 mascaro
556 4075 589 4133 G;
613 4087 664 4124 ooo
678 4078 765 4136 paeni
776 4087 847 4135 poue
862 4087 907 4124 raro
922 4075 978 4124 iure
994 4074 1117 4137 mergare
1133 4075 1224 4124 ceteri.
1249 4074 1318 4123 Fert.
1332 4085 1405 4136 pesse
1420 4086 1446 4124 re
1461 4085 1516 4122 ruo.
1534 4098 1562 4108 -
1582 4073 1607 4124 9.
1623 4073 1680 4138 pieri
1696 4075 1744 4125 EF

419 4150 509 4200 GPl':
536 4151 620 4200 mori
641 4147 725 4203 Abi.
747 4176 773 4185 -
801 4151 842 4201 42.
860 4155 884 4201 st
905 4150 994 4200 EFl':
1017 4155 1093 4211 otqw
1108 4148 1224 4204 Anto.
1246 4176 1273 4185 -
1296 4148 1338 4200 ll.
1355 4149 1449 4200 wcidit
1467 4149 1558 4208 ert&
1584 4147 1696 4199 meludit
1712 4149 1743 4199 A.

417 4223 573 4275 Emendavit
591 4226 736 4289 Naugerius
752 4226 778 4276 in
791 4225 835 4276 ed.
848 4224 949 4276 Aldina.
968 4223 1006 4274 Ci.
1024 4237 1051 4289 p.
1070 4223 1128 4274 626.
1146 4237 1173 4274 ν.
1188 4224 1226 4275 ti.
1248 4250 1275 4260 -·
1293 4225 1423 4274 carotiom
1434 4224 1466 4282 Ei
1484 4222 1614 4274 warum
1629 4236 1661 4274 uc
1671 4224 1698 4275 F.
1714 4249 1742 4261 -

417 4300 457 4349 li.
476 4300 539 4349 aliea
559 4301 614 4351 Nic.
632 4300 770 4363 Angelius:
794 4301 849 4351 illos
865 4301 1032 4352 EFGPTA.
1052 4323 1080 4335 -
1102 4300 1139 4348 lei
1155 4312 1208 4350 om.
1227 4299 1256 4349 E.
1277 4326 1304 4335 —
1324 4300 1365 4350 lt).
1385 4299 1445 4362 Quis
1460 4299 1537 4363 legere
1552 4296 1628 4348 tulit?
1650 4299 1743 4350 Nudas.

417 4375 478 4436 Quis
497 4373 576 4425 tribio
595 4377 697 4426 aarum
718 4375 772 4425 est?
793 4376 887 4426 Nauos.
907 4375 967 4438 Quis
982 4374 1132 4425 dormires
1146 4373 1262 4424 emoti?
1283 4374 1370 4425 Nudus
1385 4370 1478 4436 Aquila
1494 4374 1628 4425 nonanus
1650 4375 1680 4425 de
1699 4376 1743 4439 fig.

415 4453 476 4499 sort.
494 4453 518 4498 et
533 4449 592 4499 eloc.
611 4450 635 4513 S.
654 4450 712 4512 36.;
734 4451 794 4513 (iuis
814 4451 892 4515 legem
912 4449 987 4501 tulit?
1007 4449 1102 4500 Nullus
1129 4451 1189 4512 oola
1203 4449 1353 4500 decmwiros
1369 4461 1430 4511 quor
1444 4448 1522 4498 voluit
1537 4447 1655 4499 creood?
1677 4449 1745 4499 Iden

415 4523 500 4573 liuticis
515 4526 658 4576 Nartlanus
677 4524 784 4590 Capella
800 4526 830 4577 V.
849 4525 873 4590 5.
894 4523 951 4576 oei.
972 4552 999 4560 —
1017 4524 1058 4575 20.
1074 4524 1202 4588 praetoria
1217 4524 1310 4574 EGT:
1332 4522 1457 4586 perbibuit
1473 4523 1505 4582 F;
1524 4523 1638 4585 privwit
1657 4519 1742 4575 ALF.

418 4600 595 4662 -procsuitl
618 4601 712 4652 Nudus.
736 4602 796 4664 ouis
816 4599 870 4653 Li.
890 4628 917 4636 -
944 4595 1504 4652 ac.evoeaeee:v0cwers1.to.-
1528 4598 1745 4650 aucmentavit

415 4678 475 4738 post
491 4687 517 4723 v.
533 4674 611 4726 voluit
627 4689 681 4727 om.
694 4677 722 4728 Τ.
750 4677 818 4728 Fert.
832 4675 1005 4727 scribendum
1022 4676 1117 4726 meavit
1133 4687 1195 4726 cum
1212 4671 1304 4738 Aquila
1322 4674 1496 4725 etllartiano.
1517 4699 1545 4710 -
1572 4673 1613 4724 tl.
1632 4672 1744 4724 arbitror

414 4747 546 4800 Palatinus
563 4751 697 4802 secundus
715 4753 747 4815 (si
763 4751 832 4803 fides
848 4754 890 4802 est
902 4750 1036 4814 Grutero):
1055 4751 1271 4810 arbitrorEFP;
1288 4749 1431 4799 arbitram
1446 4746 1535 4805 AL&
1553 4745 1663 4797 arbitrer
1680 4759 1741 4799 cum

415 4823 457 4873 ed.
475 4824 578 4874 Iuntina
595 4825 624 4875 0.
644 4851 671 4859 —
690 4830 807 4887 optumae
822 4828 856 4886 P;
874 4824 1002 4887 obtimoli,
1020 4826 1111 4887 optime
1121 4826 1148 4875 F.
1165 4853 1192 4862 -
1209 4825 1265 4891 boc]
1282 4839 1314 4875 oc
1330 4825 1418 4875 EF.-
1436 4824 1553 4888 legeom.
1566 4817 1654 4872 FP.-
1672 4835 1744 4873 ecce·

411 4899 496 4960 plicae
511 4899 657 4963 Naugerius
675 4902 709 4963 (in
721 4901 764 4952 ed.
777 4899 893 4963 Aldina):
911 4901 1105 4962 susceptioni),
1122 4901 1259 4963 suspicione
1276 4900 1408 4951 EFGl'A
1417 4899 1446 4950 0.
1456 4924 1489 4936 -
1505 4898 1547 4948 25.
1565 4897 1617 4962 lege
1632 4897 1680 4948 ribi
1695 4912 1743 4949 saco

415 4974 477 5024 EG:
499 4973 563 5038 leges
578 4974 624 5024 ribi
639 4989 686 5025 saco
702 4977 885 5041 lepeF31egis
901 4976 947 5026 sibi
961 4990 1009 5026 suo
1024 4977 1077 5041 lege
1092 4973 1183 5035 Ab&
1201 4975 1247 5025 sibi
1262 4988 1311 5025 ruo
1326 4975 1378 5038 lege
1395 4973 1622 5025 cumGraevioO.
1636 5001 1664 5010 -
1680 4974 1743 5036 petit

414 5048 447 5106 E;
463 5052 533 5110 putet
550 5049 576 5098 F.
599 5075 626 5085 -
650 5051 691 5101 26.
710 5051 778 5118 quos]
796 5065 861 5114 guae
877 5051 906 5101 E.
926 5076 955 5086 -
979 5052 1020 5101 27.
1038 5051 1200 5114 &emptores
1214 5050 1271 5101 EF.
1291 5076 1318 5085 —
1338 5050 1402 5113 leges
1417 5050 1472 5098 FP.
1492 5072 1520 5083 -
1538 5047 1580 5097 28.
1598 5047 1743 5111 repudiauit

414 5124 498 5174 EFP.
518 5149 546 5158 -
574 5123 601 5174 io
621 5126 701 5177 indes
722 5133 745 5177 et
760 5129 788 5177 ic
804 5128 892 5178 EFP:
917 5126 1027 5178 incidiae
1043 5132 1066 5178 el
1081 5127 1109 5177 ia
1126 5129 1189 5184 GA;
1215 5125 1327 5176 inuidiae
1342 5126 1368 5175 in
1385 5137 1448 5175 cum
1465 5122 1507 5173 ed.
1526 5120 1619 5174 Aldina
1636 5119 1690 5174 Li.
1710 5147 1738 5160 -

410 5201 589 5263 perscriptione
605 5202 634 5252 T.
654 5229 682 5240 -
700 5203 740 5254 29.
758 5208 794 5254 ert
809 5217 863 5254 om.
882 5204 908 5254 F.
929 5229 956 5238 -
975 5203 1016 5254 30.
1034 5216 1068 5254 σω
1084 5203 1117 5254 T:
1135 5203 1158 5254 ei
1174 5201 1293 5261 EFGP3
1313 5200 1360 5251 sibi
1375 5196 1489 5252 anto.
1509 5197 1547 5248 Ci.
1566 5196 1703 5250 Gebhardt
1716 5199 1738 5250 1.

413 5289 439 5340 p.
454 5275 557 5342 tlsqq.
571 5303 598 5312 -
616 5276 693 5330 izei
712 5278 799 5331 EFP:
817 5278 837 5327 ii
853 5275 966 5331 ΛΗΘ.
