4367 6109
449 540 513 610 272
827 544 869 608 ΙΝ
889 542 1056 610 VERREM
1075 543 1201 610 ACTIO
1224 545 1408 612 SECUNDA

447 712 613 796 vectigales
633 710 731 775 finisse
753 717 785 775 et
804 711 967 796 plerisque
987 702 1162 778 aratoribus
1184 715 1263 779 nihil
1284 716 1411 781 omnino
1433 714 1641 799 superfuisse:
1673 720 1701 783 si
1722 722 1773 784 aui

450 808 527 895 quid
549 814 653 870 autem
674 812 728 868 aut
748 805 891 869 relietum
912 815 967 870 aut
987 809 1152 871 remissum
1167 809 1222 883 sit,
1245 810 1277 872 id
1294 809 1391 874 finisse
1406 817 1544 886 tantum,
1566 820 1716 897 quantum
1731 835 1774 878 ex

448 923 502 978 eo,
524 922 588 985 quo
609 900 697 964 istius
718 900 848 962 avaritia
869 908 1016 964 contenta
1037 901 1113 975 luit,
1136 902 1329 966 redundarit.

509 995 618 1058 XLIV.
641 987 712 1055 tol.
734 995 872 1056 Duarum
893 994 971 1057 mihi
991 994 1153 1058 civitatum
1174 995 1313 1079 reliquos
1334 996 1395 1060 feei
1414 1016 1523 1079 agros,
1546 998 1683 1075 iudices,
1705 999 1772 1064 iere

423 1092 579 1175 :optimos
600 1108 636 1152 aa
659 1087 888 1162 nobilissimos,
910 1089 1101 1152 Aetnensem
1124 1096 1156 1151 et
1176 1089 1373 1151 Leontinum.
1408 1089 1527 1154 Horum
1550 1111 1609 1175 ego
1624 1113 1770 1176 agrorum

445 1188 556 1251 missos
583 1182 695 1246 faciam
726 1188 875 1266 quaestus
904 1182 1050 1245 triennii:
1081 1202 1179 1245 unum
1200 1202 1317 1246 annum
1338 1183 1470 1266 eligam,
1501 1205 1564 1267 quo
1586 1185 1707 1249 facilius
1729 1187 1772 1259 id,

446 1279 531 1365 quod
553 1276 690 1350 institui,
713 1274 872 1359 explicare
893 1278 1019 1359 possim.
1061 1275 1188 1338 Sumam
1210 1296 1325 1339 annum
1348 1276 1492 1350 tertium,
1515 1278 1600 1361 quod
1616 1286 1647 1341 et
1662 1299 1772 1342 recen·

445 1374 583 1437 tissimus
604 1377 653 1433 est
678 1377 710 1433 et
737 1369 777 1432 ah
802 1369 862 1431 isto
884 1370 927 1433 ita
947 1368 1197 1444 administratus,
1231 1377 1281 1443 ut,
1314 1391 1385 1434 cum
1407 1390 1441 1433 se
1464 1379 1548 1435 certe
1569 1370 1772 1435 decessurum

445 1465 582 1539 videret,
603 1482 668 1527 non
689 1462 861 1535 laboraret,
892 1463 918 1525 si
939 1472 1093 1527 aratorem
1116 1463 1148 1525 in
1171 1463 1275 1526 Sicilia
1296 1463 1417 1526 nullum
1440 1465 1568 1527 omnino
1591 1475 1676 1530 esset
1697 1466 1771 1529 reli·

409 1567 563 1628 secturus.
598 1558 674 1641 Agri
694 1557 861 1619 Aetnensis
883 1564 915 1619 et
935 1557 1080 1619 Leontini
1101 1554 1247 1619 decumas
1268 1575 1407 1638 agemus.
1440 1558 1614 1635 Attendite,
1637 1560 1770 1633 iudices,

446 1652 621 1735 diligenter.
664 1649 739 1732 Agri
761 1656 833 1712 sunt
852 1649 992 1713 feraces:
1015 1669 1116 1712 annus
1138 1650 1266 1712 tertius:
1288 1648 1480 1713 decumanus
1495 1651 1660 1735 Apronius.
1697 1647 1769 1714 t05.

444 1747 491 1809 De
512 1745 721 1809 Aetnensibus
743 1762 898 1826 perpauca
920 1742 1039 1806 dicam:
1073 1743 1220 1806 dixerunt
1241 1743 1326 1806 enim
1348 1743 1408 1826 ipsi
1437 1744 1540 1826 priore
1562 1745 1684 1809 actione
1712 1767 1771 1830 pu-

443 1838 534 1902 hliee.
576 1837 729 1902 Memoria
757 1836 871 1900 tenetis
892 1836 1122 1900 Artemidorum
1143 1836 1354 1911 Aetnensem,
1387 1837 1554 1919 legationis
1581 1840 1769 1922 principem,

444 1933 566 2019 publice
588 1931 709 2004 dicere,
738 1931 912 2014 Apronium
933 1931 1057 1993 venisse
1079 1931 1211 1993 Aetnam
1234 1951 1304 1993 curn
1325 1930 1490 1994 Veneriis:
1523 1951 1650 1995 vocasse
1671 1930 1711 1994 ad
1734 1952 1769 1995 se

407 2027 660 2110 tomagistratus:
683 2025 870 2109 imperasse,
892 2030 926 2087 ut
947 2025 979 2086 in
1002 2022 1107 2086 medio
1120 2021 1189 2087 foro
1204 2023 1265 2086 sihi
1285 2022 1358 2086 lecti
1374 2031 1602 2088 sternerentur:
1626 2026 1769 2108 quotidie

443 2121 571 2186 solitum
593 2139 663 2183 esse
685 2139 750 2182 nou
771 2119 865 2182 modo
887 2119 921 2180 in
943 2117 1084 2201 puhlieo,
1108 2117 1164 2180 sed
1186 2118 1280 2181 etiam
1300 2116 1339 2180 de
1354 2117 1479 2200 puhlieo
1494 2118 1673 2182 convivari:
1696 2138 1768 2182 aum

442 2216 476 2279 in
502 2214 571 2277 eius
598 2213 749 2278 conviviis
778 2210 965 2296 symphonia
994 2218 1120 2274 caneret
1145 2210 1352 2294 maximisque
1383 2211 1504 2295 poculis
1532 2213 1769 2286 ministraretur,

442 2309 572 2374 retineri
601 2307 710 2371 solitos
740 2325 810 2368 esse
836 2313 975 2368 aratores
996 2312 1090 2388 atque
1112 2305 1152 2368 ah
1175 2307 1220 2367 eis
1242 2325 1306 2367 non
1328 2306 1422 2368 modo
1444 2326 1502 2389 per
1522 2305 1684 2382 iniuriam,
1710 2306 1769 2370 sed

442 2405 536 2469 etiam
558 2423 614 2487 per
635 2399 854 2465 contumeliam
875 2406 996 2462 tantum
1011 2398 1146 2481 exprimi
1168 2398 1334 2474 frumenti,
1358 2407 1510 2482 quantum
1530 2400 1688 2485 Apronius
1709 2400 1769 2462 im·

403 2505 591 2583 superasset.
635 2491 705 2557 406.
727 2493 865 2556 Audistis
886 2492 981 2566 haec,
1010 2491 1144 2565 iudices,
1177 2512 1259 2576 quae
1288 2512 1372 2555 nune
1395 2511 1454 2574 ego
1476 2493 1581 2557 omnia
1601 2501 1767 2576 praetereo

442 2600 474 2656 et
493 2591 651 2674 relinquo.
694 2586 780 2650 Nihil
803 2586 841 2649 de
863 2585 990 2648 luxuria
1011 2585 1143 2665 Apronii
1165 2585 1295 2670 loquor,
1318 2585 1396 2649 nihil
1420 2586 1460 2649 de
1481 2587 1665 2662 insolentia,
1687 2588 1767 2652 nihil

442 2684 481 2749 de
503 2685 655 2767 permissa
676 2682 715 2745 ah
736 2682 796 2743 isto
817 2681 956 2754 lieentia,
986 2679 1063 2742 nihil
1091 2679 1130 2742 de
1160 2680 1312 2761 singulari
1334 2680 1479 2763 nequitia
1499 2701 1536 2744 ae
1556 2682 1766 2766 turpitudine:

440 2787 561 2843 tantum
584 2776 623 2839 de
645 2783 778 2859 quaestu
800 2794 836 2837 ac
858 2773 943 2837 luero
969 2772 1070 2835 dicam
1091 2773 1184 2835 unius
1206 2773 1280 2836 anni
1302 2774 1441 2836 etunius
1456 2774 1540 2856 agri,
1563 2796 1627 2859 quo
1642 2774 1766 2839 facilius

440 2893 496 2937 vos
517 2871 730 2935 coniecturam
753 2867 792 2929 de
814 2866 949 2930 triennio
973 2874 1004 2929 et
1026 2866 1066 2929 de
1088 2873 1155 2930 tota
1177 2866 1283 2929 Sicilia
1304 2866 1408 2931 iacere
1429 2868 1566 2950 possitis.
1604 2868 1668 2932 Sed
1689 2869 1766 2934 mihi

401 2965 645 3034 sertnensium
665 2960 770 3024 brevis
792 2968 842 3024 est
861 2961 957 3036 ratio:
991 2961 1050 3044 ipsi
1080 2960 1164 3024 enim
1195 2968 1368 3036 venerunt,
1399 2960 1460 3043 ipsi
1480 2961 1622 3042 puhlieas
1643 2962 1766 3026 litteras

440 3060 700 3142 deportaverunt:
723 3053 898 3117 docuerunt
918 3073 990 3128 vos,
1012 3053 1090 3137 quid
1113 3052 1219 3116 lucelli
1240 3052 1352 3117 iecerit
1371 3054 1467 3116 homo
1490 3073 1556 3117 non
1577 3054 1696 3129 malus,
1719 3056 1766 3120 fa·

440 3152 569 3216 miliaris
591 3150 758 3234 praetoris,
779 3148 947 3231 Apronius.
987 3147 1038 3222 ld,
1063 3165 1201 3230 quaeso,
1223 3147 1424 3230 exipsorum
1446 3147 1624 3210 testimonio
1646 3167 1766 3231 eogno-

440 3246 526 3311 seite.
556 3245 662 3308 Recita
677 3243 890 3307 testimonium
905 3240 1122 3305 Aetnensium.
1157 3240 1253 3304 XLV.
1276 3239 1359 3316 Quid
1377 3240 1446 3302 ais?
1468 3239 1527 3316 dic,
1550 3241 1611 3317 dic,
1633 3261 1763 3326 quaeso,

440 3340 575 3415 elarius,
597 3344 632 3401 ut
652 3335 788 3421 populus
809 3336 968 3399 Romanus
991 3335 1030 3398 de
1035 3334 1117 3424 suis
1138 3334 1358 3417 vectigalibus,
1381 3333 1420 3396 de
1435 3335 1500 3397 suis
1515 3337 1700 3412 aratoribus,
1723 3338 1763 3400 de

404 3434 506 3504 sosuis
528 3432 621 3497 sociis
643 3438 739 3514 atque
761 3430 867 3492 amieis
890 3429 1007 3491 audiat.
1039 3429 1268 3503 Lunnruuvu,
1291 3429 1351 3492 HS
1364 3424 1412 3496 ἶ.
1455 3429 1515 3492 Per
1536 3430 1615 3493 deos
1636 3431 1762 3494 immor-

441 3526 540 3590 talesl
562 3545 644 3588 unus
667 3542 741 3606 ager
762 3542 827 3586 uno
848 3542 930 3586 anno
953 3541 1008 3586 ccc
1031 3524 1118 3588 milia
1139 3525 1277 3588 modium
1298 3525 1392 3587 tritici
1415 3532 1447 3587 et
1466 3532 1629 3608 praeterea
1650 3525 1710 3589 HS
1725 3522 1763 3591 'a'

440 3619 520 3686 lueri
540 3619 594 3682 dat
613 3618 776 3702 Apronio?
808 3618 951 3680 Tantone
973 3617 1104 3682 minoris
1126 3619 1278 3682 decumae
1295 3619 1479 3692 venierunt,
1508 3637 1604 3701 quam
1623 3617 1762 3694 fuerunt,

489 3873 514 3923 4.
531 3870 658 3936 uectigali:
673 3868 741 3932 4449
753 3865 795 3918 44.
805 3895 832 3904 -
850 3881 945 3932 :nuper
959 3868 1034 3932 [44444
1044 3868 1123 3933 4444.
1135 3895 1163 3907 -
1181 3870 1254 3920 444444
1265 3871 1287 3920 N
1298 3870 1326 3921 et
1336 3867 1366 3921 l:
1383 3870 1425 3920 4444
1441 3867 1539 3920 dett-
1557 3869 1583 3919 4.
1596 3874 1680 3920 antem
1691 3869 1760 3933 4449

438 3948 488 4000 AB
501 3946 631 4011 (seyuen.
642 3943 677 3995 ad
688 3941 758 3994 Lael.
771 3957 798 4008 p.
810 3942 893 4007 464.);
911 3950 964 3994 tran
974 3944 1050 4002 dett:
1063 3957 1116 3994 om.
1130 3943 1208 4008 4444,
1221 3943 1277 4004 elii,
1290 3946 1352 3996 0.-
1365 3946 1410 3996 rel.
1423 3950 1541 3996 antron.
1554 3944 1623 4007 4449
1633 3942 1678 3995 44;
1696 3959 1759 3995 reru.

439 4028 485 4074 ant
494 4023 539 4073 rel.
552 4021 609 4072 rell.
619 4021 681 4071 0.-
694 4017 971 4081 arremarensis.
990 4018 1081 4083 [Deest
1092 4019 1170 4070 lectio
1187 4021 1258 4086 apud
1269 4022 1308 4079 Z.,
1321 4034 1390 4085 quae
1402 4035 1465 4072 vera
1476 4019 1600 4086 videtur]
1612 4045 1639 4056 -
1652 4021 1677 4070 45.
1688 4020 1759 4071 Aetn.

437 4103 462 4149 et
472 4098 556 4149 44444.
569 4093 672 4160 444444
689 4094 724 4157 (iu
736 4108 790 4159 quo
802 4107 846 4156 aa,
865 4108 917 4144 non
929 4099 963 4155 et,
982 4096 1010 4144 et
1020 4095 1058 4145 sio
1069 4095 1122 4157 0.):
1140 4094 1296 4145 Adnmsison
1312 4100 1335 4146 et
1345 4097 1521 4146 Leontinorum
1537 4093 1626 4146 rell·
1645 4109 1702 4160 apr.
1716 4110 1761 4161 epo

439 4172 504 4225 dett.
517 4173 546 4223 0.
559 4198 586 4208 -
605 4171 628 4221 6.
647 4171 782 4223 triennims
798 4183 893 4220 annaeo
909 4168 1021 4233 4444-
1040 4169 1097 4235 qno]
1115 4171 1181 4231 quod
1197 4169 1320 4220 idem·
1338 4170 1363 4221 9.
1381 4171 1408 4221 in
1419 4171 1470 4221 844.
1482 4171 1578 4220 4444444444
1594 4170 1679 4234 44444
1696 4172 1758 4222 null.

437 4248 465 4298 ln
485 4247 536 4298 844.
554 4244 610 4297 rell.
629 4246 657 4296 0.
678 4273 706 4282 -
725 4245 765 4295 44.
783 4245 831 4307 ipsi
847 4257 900 4294 om.
919 4244 1024 4306 64444.
1042 4244 1107 4295 dett.
1127 4271 1155 4281 -
1173 4244 1213 4295 43.
1232 4245 1362 4309 4444444444
1377 4244 1462 4309 44444
1480 4245 1527 4310 leg.
1545 4245 1597 4295 eins
1614 4243 1670 4296 rell.
1684 4247 1714 4297 0.
1730 4273 1757 4283 -

437 4322 479 4372 444.
492 4323 654 4386 magistratus
669 4320 752 4385 4444ι
770 4320 947 4384 magnanon
962 4318 1018 4371 rell.
1032 4320 1093 4370 0.-
1111 4321 1139 4370 in
1154 4321 1218 4371 med.
1234 4321 1255 4383 f.
1266 4320 1313 4370 4444
1323 4319 1408 4385 4444ε
1427 4321 1454 4371 in
1469 4321 1547 4385 44444
1563 4320 1642 4370 medio
1658 4318 1715 4371 rell.
1729 4321 1758 4371 0.

440 4423 467 4434 -
481 4397 522 4447 46.
540 4397 612 4447 mado
628 4408 681 4446 om.
695 4394 810 4459 4444-
830 4395 870 4444 47.
888 4395 940 4445 ein:
955 4409 1025 4445 eone.
1038 4395 1107 4458 4449
1118 4394 1151 4446 44
1162 4395 1198 4444 B:
1217 4394 1252 4445 eis
1268 4407 1339 4445 ento.
1357 4393 1413 4445 rell.
1432 4396 1492 4446 0.-
1513 4395 1553 4445 48.
1572 4394 1674 4444 retineri
1690 4395 1760 4458 4444

437 4484 476 4533 q:
493 4472 599 4522 retinere
614 4469 671 4521 rell.
690 4472 718 4522 0.
741 4497 767 4508 —
785 4468 977 4530 aetimasset,
996 4483 1033 4530 φτ
1055 4470 1141 4520 saldan
1156 4473 1215 4519 44444
1231 4467 1273 4519 vel
1289 4469 1321 4519 :it
1337 4467 1419 4528 dett:
1442 4470 1542 4520 4444444444
1564 4482 1614 4520 4444
1631 4470 1660 4520 0.
1681 4497 1707 4508 -
1727 4471 1760 4520 ah

315 4577 318 4581 -
436 4544 472 4596 sis
488 4542 568 4609 4444τ
586 4546 623 4595 lsi:
639 4545 721 4609 4449;
740 4545 772 4595 ah
788 4547 826 4596 444
842 4543 909 4602 rell:
928 4543 959 4594 ah
975 4544 1007 4594 444
1022 4544 1051 4594 0.
1072 4571 1099 4580 -
1123 4545 1165 4594 49.
1184 4544 1269 4593 omnia
1285 4557 1337 4594 om.
1357 4544 1372 4594 6
1389 4546 1468 4608 4444.
1487 4544 1552 4594 (1444.
1572 4570 1599 4580 -
1617 4545 1659 4594 44.
1676 4549 1701 4594 et
1716 4558 1758 4594 re·

435 4619 521 4682 suono
537 4619 567 4673 l:
586 4634 617 4670 ae
633 4620 677 4671 rel.
697 4620 761 4671 dett.
781 4622 810 4672 0.
830 4647 858 4656 -
876 4621 937 4682 apr.
954 4618 1060 4668 44444444
1076 4618 1155 4682 4449.
1176 4645 1201 4656 -
1221 4619 1283 4669 nihil
1298 4620 1327 4669 de
1345 4621 1469 4682 pontina
1483 4619 1517 4669 ab
1533 4619 1579 4669 4444
1594 4618 1695 4668 licentia
1710 4618 1760 4669 ad-

437 4693 504 4745 dunt
519 4696 581 4760 post
597 4695 727 4745 4444444444
744 4695 872 4757 4449444
891 4692 951 4745 cod.
970 4694 1037 4745 Urs:
1056 4706 1111 4742 om.
1129 4695 1176 4744 etl.
1188 4695 1218 4744 0.
1236 4695 1269 4745 At
1286 4694 1319 4744 cl.
1338 4693 1362 4758 5.
1374 4695 1415 4744 49.
1430 4721 1458 4730 -
1476 4694 1517 4745 43.
1535 4708 1579 4744 nn.
1597 4694 1659 4743 anni
1675 4699 1698 4744 et
1713 4709 1757 4744 nn.

436 4767 496 4833 apri
510 4768 593 4832 4444ι
611 4782 655 4818 nn.
674 4768 732 4832 apri
747 4772 771 4818 et
786 4781 829 4816 nn.
848 4768 909 4817 anni
926 4764 982 4817 rell.
1001 4768 1031 4818 0.
1050 4795 1076 4805 -
1097 4769 1138 4818 45.
1156 4769 1224 4818 ratio
1239 4767 1308 4832 4444
1325 4769 1368 4831 (44.
1386 4768 1410 4833 S.
1424 4769 1481 4819 499.
1500 4768 1579 4832 initl:
1601 4769 1684 4819 oratio
1700 4769 1757 4820 rell.

436 4841 467 4892 0.
487 4868 515 4878 -
532 4843 574 4893 46.
592 4843 784 4905 deportaomnt
800 4841 883 4905 Agit:
902 4843 1066 4905 deportarunt
1081 4841 1138 4894 rell.
1157 4844 1186 4894 0.
1207 4869 1233 4880 -
1252 4843 1293 4893 48.
1311 4856 1362 4894 ree.
1380 4849 1433 4894 4444.
1449 4844 1519 4894 Aeto.
1537 4842 1619 4895 oms
1638 4845 1672 4908 (in
1690 4846 1759 4909 4449

435 4914 456 4964 lt
474 4928 537 4966 eum
553 4914 665 4981 lacuna).
689 4915 796 4967 Addidit
812 4915 908 4967 deinde
926 4918 946 4968 0
963 4931 996 4968 ex
1012 4917 1105 4969 lamb.
1118 4919 1188 4969 coni.
1202 4918 1423 4971 TESTIMONIVM
1434 4918 1653 4970 AETNENSlVll.
1673 4917 1759 4982 [iluna

435 4987 540 5040 44444444
557 4991 637 5042 etiam
653 4992 680 5042 ln
697 4993 758 5055 444.
776 4993 801 5040 4.
819 4991 843 5041 t.
862 4991 902 5043 44.
921 4990 962 5043 lt.
981 4992 1090 5056 deesse,
1110 4994 1320 5057 Lagomarsinius
1337 5008 1390 5046 non
1408 4995 1526 5061 notavit]
1542 5021 1567 5033 -
1588 4992 1758 5045 4441444444

436 5082 490 5123 om.
508 5073 538 5123 A.
559 5099 585 5111 -
605 5073 646 5125 30.
658 5059 763 5125 ’[4444.
776 5073 861 5157 Agit:
879 5076 898 5125 4
915 5077 1040 5127 medimna
1056 5075 1127 5138 rell:
1150 5078 1179 5128 4.
1196 5079 1346 5128 medimnnn
1362 5078 1397 5138 0,
1420 5092 1474 5129 om.
1494 5080 1525 5129 N.
1556 5076 1593 5142 [ln
1609 5076 1678 5141 4444
1700 5079 1755 5127 est:

434 5155 464 5209 1..
482 5157 548 5207 mad.
565 5157 665 5223 millia]
679 5187 707 5197 -
724 5159 774 5210 418.
791 5159 811 5209 l.
827 5159 924 5238 4444444
940 5162 997 5212 sine
1014 5159 1132 5226 llneole):
1151 5175 1205 5213 om.
1223 5160 1358 5227 plerique:
1375 5162 1418 5213 448
1433 5163 1453 5213 l.
1467 5163 1548 5213 4444444
1558 5163 1589 5212 0.
1603 5188 1629 5200 -
1649 5161 1691 5212 44.
1708 5166 1758 5212 tre·

436 5243 508 5293 44444
524 5240 602 5307 4444.
622 5268 648 5282 -
666 5243 717 5294 448.
729 5242 759 5310 4]
774 5243 818 5296 NS
832 5245 852 5296 1.
869 5243 951 5310 4444;
969 5245 988 5297 4
1005 5245 1076 5297 milia
1093 5246 1159 5312 (sine
1175 5244 1236 5312 HS.)
1252 5242 1326 5307 rell:
1343 5245 1386 5298 HS
1400 5247 1420 5299 1.
1435 5246 1517 5299 44444444
1527 5246 1557 5297 0.
