4367 6109
469 556 532 624 tto
870 559 912 623 IN
933 557 1101 624 VERREM
1121 556 1245 622 acilo
1267 558 1390 623 rama

469 752 533 817 que
555 728 822 794 existimationem
843 728 944 791 nostri
966 728 1108 804 ordinis,
1131 749 1202 793 oum
1225 726 1303 791 socii
1325 725 1438 811 populi
1457 718 1593 790 Romanii
1614 725 1734 792 iudicia
1753 727 1795 791 de

468 826 612 912 pecuniis
632 822 817 907 repetundis
839 820 906 886 lieri
921 823 1050 897 nolunt,
1072 843 1155 907 quae
1170 844 1189 886 a
1204 823 1376 885 maioribus
1391 822 1507 886 nostris
1522 821 1684 885 sociorum
1698 840 1795 886 cansa

469 926 649 1003 comparata
668 917 757 979 suntl
790 919 840 979 An
861 917 920 980 iste
942 937 1093 999 umquam
1116 918 1156 980 de
1179 937 1213 980 se
1230 918 1347 979 honam
1369 937 1458 1001 spem
1472 915 1648 991 habuisset,
1668 915 1732 979 nisi
1753 915 1794 978 de

467 1016 557 1079 vohis
579 1014 693 1076 malam
715 1011 899 1094 opinionem
922 1011 1028 1074 animo
1050 1010 1249 1074 imbibisset?
1288 1009 1361 1084 Quo
1393 1009 1512 1072 maiore
1534 1009 1648 1086 etiam,
1678 1009 1705 1073 si
1727 1006 1794 1071 lieri

444 1116 587 1192 opotest,
618 1107 702 1191 apud
724 1125 782 1169 ros
804 1106 879 1168 odio
901 1126 971 1168 esse
993 1104 1104 1178 debet,
1135 1124 1231 1187 qnam
1253 1110 1302 1167 est
1322 1104 1408 1186 apud
1430 1103 1585 1187 populum
1605 1104 1794 1177 Romanum,

467 1224 539 1266 cum
561 1202 595 1265 in
617 1202 765 1275 avaritia,
787 1201 924 1271 scelere,
946 1198 1087 1281 periurio
1110 1217 1167 1260 vos
1190 1198 1240 1261 sui
1263 1198 1383 1261 similes
1406 1217 1476 1260 esse
1498 1198 1678 1262 arbitretur.

551 1298 619 1359 XV.
642 1292 693 1357 43.
717 1294 775 1357 Cui
798 1295 886 1366 loco,
908 1312 966 1375 per
987 1292 1064 1354 deos
1086 1292 1299 1354 immortalesl
1322 1291 1459 1365 iudices,
1482 1291 1641 1354 consulite
1663 1312 1700 1355 ac
1721 1311 1796 1376 pro·

466 1394 581 1458 videte.
616 1392 732 1453 Moneo
754 1387 985 1472 praedicoque,
1013 1386 1046 1448 id
1069 1384 1157 1467 quod
1180 1384 1343 1467 intelligo,
1366 1393 1490 1469 tempus
1510 1384 1573 1448 hoc
1594 1386 1689 1449 robis
1714 1387 1796 1449 diri·

465 1489 551 1551 nitus
573 1486 680 1548 datum
704 1502 788 1554 esse,
812 1488 846 1542 ut
867 1480 957 1554 odio,
981 1479 1116 1552 invidia,
1139 1478 1283 1553 infamia,
1306 1478 1503 1561 turpitudine
1526 1485 1628 1542 totum
1650 1480 1794 1542 ordinem

428 1579 617 1643 toliberetis.
660 1575 755 1638 Nulla
784 1574 817 1635 in
844 1574 972 1636 iudiciis
993 1573 1162 1647 severitas,
1190 1573 1278 1636 nulla
1298 1573 1428 1656 religio,
1457 1573 1547 1636 nulla
1568 1572 1709 1657 denique
1731 1574 1795 1637 iam

466 1674 689 1737 existimantur
710 1688 779 1731 esse
802 1667 930 1730 iudicia.
973 1668 1085 1749 ltaque
1107 1687 1127 1729 a
1148 1668 1268 1749 populo
1291 1670 1435 1731 Romano
1458 1668 1707 1744 contemnimur,
1740 1670 1795 1732 de·

465 1765 634 1850 spicimur:
661 1762 750 1846 gravi
779 1762 992 1845 diuturnaque
1022 1760 1085 1822 ianr
1116 1757 1283 1842 flagramus
1310 1761 1451 1824 infamia.
1500 1757 1552 1857 ll.
1574 1764 1687 1846 Neque
1709 1764 1794 1827 enim

464 1860 562 1922 ullam
583 1858 678 1922 aliam
702 1857 742 1921 ob
766 1875 894 1919 eausam
923 1854 1063 1938 populus
1084 1855 1246 1917 Romanus
1269 1856 1471 1919 tribuniciam
1493 1863 1684 1940 potestatem
1705 1865 1793 1921 tanto

465 1952 570 2016 studio
598 1951 781 2035 requisivit,
812 1970 907 2034 quam
935 1970 1006 2012 cum
1036 1949 1203 2032 poscebat,
1232 1951 1328 2013 verbo
1351 1950 1439 2012 illam
1461 1970 1593 2033 poscere
1615 1951 1793 2026 ridebatur,

427 2061 499 2109 tore
521 2067 596 2110 vera
617 2045 736 2109 iudicia
758 2045 917 2128 poscebat
954 2044 1065 2126 Neque
1086 2042 1148 2105 boc
1171 2042 1210 2117 Q.
1227 2042 1388 2119 Catulum,
1409 2045 1572 2107 hominem
1593 2046 1794 2129 sapientissi-

464 2162 550 2204 mum
579 2147 674 2222 atque
703 2137 950 2221 amplissimum,
978 2135 1075 2218 fugit,
1106 2136 1162 2219 qui
1194 2135 1249 2199 Cn.
1271 2138 1441 2221 Pompeio,
1467 2139 1536 2202 viro
1564 2137 1740 2204 fortissimo
1762 2148 1794 2203 et

464 2234 656 2308 clarissimo,
679 2234 718 2295 de
740 2232 911 2304 tribunicia
932 2237 1090 2314 potestate
1112 2229 1269 2294 referente
1292 2252 1364 2295 eum
1386 2241 1469 2296 esset
1491 2233 1680 2296 sententiam
1701 2252 1794 2317 roga·

404 2399 408 2405 ,
463 2338 530 2403 tus,
552 2331 615 2393 hoc
636 2328 728 2391 initio
751 2335 798 2391 est
820 2346 943 2390 summa
964 2346 1035 2388 cum
1058 2324 1246 2388 auctoritate
1266 2346 1361 2388 usus:
1386 2327 1517 2389 «Patres
1531 2326 1731 2410 conscriptos
1745 2328 1794 2390 iu·

464 2423 547 2487 dicia
575 2425 656 2486 male
684 2430 716 2484 et
745 2419 902 2503 flagitiose
932 2420 1030 2482 tueri:
1064 2418 1201 2501 quodsi
1225 2420 1258 2481 in
1280 2421 1374 2483 rebus
1396 2420 1575 2484 iudicandis
1595 2421 1708 2504 populi
1730 2424 1794 2486 llo·

425 2518 549 2580 aomani
564 2515 793 2579 existimationi
809 2515 885 2577 satis
900 2513 1003 2577 lacere
1019 2513 1212 2586 voluissent,
1234 2533 1300 2577 non
1315 2521 1403 2576 tanto
1419 2534 1516 2597 opere
1529 2514 1679 2579 homines
1693 2514 1793 2580 fixisse

463 2612 664 2675 tribuniciam
687 2616 875 2692 potestatem
897 2609 1162 2672 desideraturos.»
1208 2604 1259 2669 45.
1281 2608 1354 2692 lpse
1375 2608 1515 2692 denique
1538 2608 1594 2672 Cn.
1610 2609 1793 2695 Pompeius,

463 2727 535 2769 cum
558 2705 694 2788 primum
717 2704 898 2768 contionem
917 2703 957 2765 ad
972 2704 1083 2766 urbem
1099 2702 1211 2765 consul
1226 2703 1407 2784 designatus
1422 2703 1550 2779 habuit,
1573 2704 1641 2780 ubi,
1655 2703 1690 2768 id
1705 2700 1804 2789 quod

464 2800 601 2862 maxime
622 2797 800 2881 exspectari
819 2796 994 2871 videbatur,
1017 2794 1158 2859 ostendit
1179 2816 1213 2858 se
1235 2796 1436 2859 tribuniciam
1459 2804 1649 2879 potestatem
1664 2800 1793 2862 restitn-

464 2884 587 2967 turum',
608 2892 710 2956 factus
733 2899 781 2955 est
802 2890 835 2952 in
858 2910 896 2953 eo
920 2890 1071 2972 strepitus
1091 2896 1123 2951 et
1143 2898 1231 2971 grata
1247 2890 1407 2953 contionis
1421 2891 1683 2956 admurmuratio.
1704 2893 1792 2957 Idem

426 2988 498 3050 attin
521 2987 631 3050 eadem
653 2986 802 3050 contione
833 3005 904 3048 cum
934 2984 1068 3046 dixisset
1100 2983 1268 3065 populatas
1290 2990 1485 3067 vexatasque
1507 3005 1577 3049 esse
1599 2988 1792 3070 provincias,

463 3081 583 3145 iudicia
603 3089 709 3145 antem
730 3080 837 3163 turpia
858 3100 893 3142 nc
916 3077 1071 3160 flagitiosa
1091 3073 1176 3151 lieri3
1198 3076 1228 3139 ei
1250 3076 1297 3139 rei
1319 3097 1354 3140 se
1375 3078 1543 3161 providere
1565 3099 1602 3144 ac
1624 3082 1792 3148 consulere

463 3176 562 3239 velle:
593 3182 659 3239 tum
688 3194 764 3238 vero
786 3194 852 3237 non
874 3172 1025 3255 strepitu,
1054 3169 1110 3232 sed
1133 3171 1271 3234 maximo
1294 3172 1432 3236 clamore
1454 3193 1544 3236 snam
1566 3177 1706 3259 populus
1727 3178 1791 3241 llo-

464 3291 576 3334 manus
600 3266 788 3354 significavit
801 3268 1006 3330 voluntatem.
1036 3264 1120 3326 XVI.
1143 3260 1194 3326 lo.
1216 3265 1306 3328 Nunc
1320 3274 1426 3329 autem
1439 3266 1587 3330 homines
1602 3269 1637 3332 in
1651 3273 1791 3354 speculis

464 3371 557 3427 sunt:
580 3364 761 3437 observant,
790 3360 1056 3445 quemadmodum
1078 3377 1148 3421 sese
1170 3360 1393 3443 unusquisque
1415 3368 1555 3424 vestrum
1576 3369 1666 3445 gerat
1686 3365 1720 3427 in
1742 3386 1792 3429 re·

426 3461 594 3524 ³⁰tinenda
620 3458 775 3540 religione
804 3455 1095 3537 conservandisque
1124 3453 1258 3536 legibus.
1309 3454 1428 3517 Vident
1454 3455 1558 3519 adbuc
1586 3463 1661 3539 post
1688 3458 1791 3543 legem

462 3553 665 3617 tribuniciam
685 3572 784 3614 unum
806 3558 1001 3623 senatorem,
1023 3547 1235 3611 domioemvel
1258 3548 1479 3612 tenuissimum
1502 3571 1572 3615 essa
1595 3551 1790 3616 damnatum.

464 3647 559 3721 Quod
580 3645 705 3708 tametsi
726 3664 792 3706 non
812 3643 1067 3725 reprehendunt,
1089 3650 1197 3706 tamen
1211 3660 1326 3724 magno
1341 3660 1438 3727 opere
1452 3645 1540 3727 quod
1556 3645 1707 3722 laudent,
1724 3667 1790 3711 non

462 3739 590 3803 babent.
626 3738 720 3801 Nulla
741 3745 790 3801 est
810 3738 894 3802 enim
916 3737 986 3800 laus
1009 3737 1053 3798 ibi
1076 3757 1147 3800 esse
1168 3737 1342 3818 integrum,
1371 3736 1426 3798 ubi
1448 3757 1542 3801 nemo
1561 3745 1628 3817 est,
1657 3740 1715 3825 qui
1737 3749 1792 3806 aut

463 3832 566 3914 possit
591 3841 647 3895 aut
673 3841 805 3895 conetur
833 3851 1046 3913 corrumpere.
1089 3827 1141 3892 47.
1170 3831 1239 3893 Hoc
1262 3836 1310 3893 est
1330 3829 1499 3907 iudicium,
1526 3833 1561 3895 in
1582 3853 1649 3917 quo
1669 3856 1729 3900 ros
1750 3836 1789 3901 de

425 3933 538 4001 ttreo,
571 3926 709 4009 populus
736 3927 898 3988 Romanus
924 3925 963 3987 de
990 3924 1080 3987 vobis
1109 3923 1271 3986 iudicabit.
1313 3924 1349 3985 ln
1379 3925 1442 3988 boc
1468 3927 1599 3990 homine
1621 3935 1789 4003 statuetur,

461 4021 605 4104 possitne
623 4019 822 4082 senatoribus
837 4018 1050 4080 iudicantibus
1064 4017 1161 4081 bomo
1176 4018 1421 4081 nocentissimus
1438 4020 1789 4106 pecuniosissimusque

463 4113 615 4177 damnari.
657 4112 780 4174 Deinde
810 4120 859 4175 est
886 4111 1042 4174 eiusmodi
1071 4132 1160 4185 reus,
1189 4111 1222 4172 in
1250 4131 1314 4194 quo
1344 4111 1476 4176 bomine
1498 4114 1579 4176 nibil
1600 4114 1644 4179 sit
1662 4122 1790 4199 praeter

446 4226 584 4271 *summa
605 4213 735 4289 peccata
757 4205 991 4289 maximamque
1013 4205 1197 4288 pecuniam3
1226 4212 1278 4279 nt,
1309 4205 1335 4268 si
1359 4206 1511 4270 liberatus
1533 4207 1591 4284 sit,
1615 4210 1705 4275 nulla
1726 4208 1790 4274 alia

525 4439 549 4486 l.
567 4437 752 4487 extimationem
764 4438 796 4486 Gt
810 4438 837 4486 et
853 4437 892 4487 sic
909 4450 989 4500 saepe
1008 4448 1056 4499 pro
1073 4435 1169 4484 cestim.
1183 4436 1209 4484 el
1221 4434 1329 4486 ccislim.
1341 4462 1369 4473 ·-
1388 4436 1413 4487 3.
1428 4437 1458 4486 dc
1469 4450 1626 4501 sewnquarrt
1636 4441 1683 4491 ct.
1702 4441 1737 4492 at
1752 4442 1786 4493 el.

458 4515 539 4567 Prisc.
558 4515 577 4564 l.
598 4526 623 4577 p.
642 4512 698 4563 tat.
720 4538 746 4547 —
766 4514 789 4562 6.
809 4512 978 4562 arbitraretur
994 4511 1053 4571 dtt.,
1072 4511 1213 4560 arbitratur
1228 4510 1256 4559 L.
1276 4511 1351 4560 blant.
1371 4512 1434 4575 Cap.
1453 4526 1480 4575 p.
1498 4510 1554 4563 493.
1576 4514 1660 4579 Cupp.
1680 4515 1715 4580 (p.
1727 4514 1787 4568 tot.

458 4591 539 4651 Grot.)
560 4612 586 4623 —
607 4587 631 4637 8.
650 4592 745 4649 tempta
761 4588 806 4636 boc
821 4587 889 4636 vobis
906 4589 966 4636 uta
985 4588 1019 4649 (in
1037 4588 1073 4636 Gt
1090 4586 1166 4649 nobis)
1184 4583 1217 4636 λι
1244 4591 1318 4649 temp.
1336 4587 1381 4636 boe
1397 4588 1474 4637 divin
1492 4587 1547 4637 vob.
1566 4602 1584 4649 ς
1600 4588 1666 4651 Ld.;
1693 4595 1789 4655 tom

457 4664 693 4729 opportunissimum
707 4661 776 4710 vobis
790 4662 836 4711 troc
852 4662 900 4710 dtt.
914 4662 943 4711 0.
960 4689 987 4697 -
1006 4662 1045 4711 to.
1064 4660 1189 4724 severitas]
1210 4661 1293 4710 «Fert.
1310 4663 1404 4712 veritas
1415 4660 1473 4712 coll.
1487 4661 1512 4726 S.
1526 4662 1568 4713 3.»
1587 4663 1670 4716 flam.
1691 4666 1726 4718 At
1738 4668 1788 4718 ba·

457 4740 506 4792 hes
524 4739 694 4789 «maritatam
711 4734 882 4785 iudiciorum»
901 4736 1012 4785 Divinnt.
1033 4736 1056 4798 5.
1075 4736 1100 4785 8.
1115 4736 1155 4784 at.
1175 4748 1202 4799 p.
1221 4733 1283 4784 Snll.
1303 4736 1328 4799 5.
1346 4737 1386 4786 92.
1406 4736 1518 4787 «iudicia
1534 4749 1636 4789 mm·
1653 4742 1730 4793 verr.
1742 4743 1786 4794 1v.

456 4815 479 4880 3.
499 4814 555 4865 433.
575 4824 685 4862 «mucor
702 4810 816 4861 iudices»
835 4824 861 4875 p.
881 4809 930 4874 leg.
950 4813 1017 4861 blan.
1037 4811 1060 4874 ἓ.
1080 4811 1120 4861 38.
1140 4812 1167 4861 et
1184 4807 1265 4859 multa
1283 4810 1341 4861 eius
1358 4812 1463 4873 generis
1481 4808 1533 4862 alia
1549 4814 1682 4882 exempla.
1701 4816 1736 4869 el.
1749 4817 1788 4868 in-

455 4889 494 4940 tro
511 4889 536 4952 5.
554 4890 594 4938 ot.
616 4889 738 4949 strupra
756 4885 831 4948 ads.
851 4887 874 4936 3.
895 4911 923 4922 -
943 4888 984 4936 96.
1003 4900 1033 4935 ac
1050 4887 1081 4935 ct
1104 4888 1158 4935 St:
1183 4890 1258 4945 atque
1275 4886 1329 4944 θὶς
1354 4891 1378 4936 at
1394 4886 1442 4937 dtt.
1462 4888 1491 4939 0.
1511 4912 1541 4925 -
1558 4888 1601 4941 29.
1618 4895 1733 4943 mem
1750 4893 1787 4942 aa

453 4978 471 5023 ς
488 4962 556 5026 igit
574 4960 606 5011 al.
628 4988 654 4997 —
677 4961 717 5009 34.
744 4975 822 5010 unum
842 4966 993 5021 renuerem,
1017 4962 1138 5011 bominem
1160 4962 1229 5011 coni.
1249 4960 1380 5012 Fritzsche
1397 4960 1415 5012 1.
1432 4961 1464 5013 l.:
1487 4976 1567 5015 masat
1581 4964 1707 5017 bonoim
1723 4967 1785 5018 Aac.

453 5035 516 5087 edd.
534 5038 615 5096 vett.;
637 5048 682 5086 nec
697 5049 776 5084 naum
792 5041 869 5085 scant.
884 5037 931 5093 Gl;
958 5049 1036 5085 unum
1052 5043 1129 5085 sanct.
1149 5040 1194 5087 ott.
1212 5036 1240 5086 0.
1257 5062 1284 5071 -
1301 5035 1344 5085 37.
1363 5036 1483 5088 eiusmodi
1499 5037 1536 5089 Gd
1548 5038 1619 5103 10329
1630 5039 1684 5089 St:
1703 5038 1788 5091 little*

452 5113 520 5161 modi
540 5111 587 5162 dtt.
607 5113 636 5161 0.
658 5136 685 5145 -
711 5110 817 5159 bominis
836 5110 898 5159 nibil
918 5111 987 5159 coni.
1011 5110 1142 5160 Frltzsche
1160 5110 1175 5161 Ι.
1196 5110 1212 5161 l.
1238 5111 1271 5160 at
1292 5109 1324 5159 cl.
1345 5110 1430 5162 Divin.
1449 5112 1473 5176 fi.
1492 5113 1534 5166 Η,
1561 5113 1647 5165 «llum
1668 5115 1787 5179 scarpam

452 5185 517 5234 mihi
538 5187 656 5237 venitin
683 5189 816 5246 mentem,
843 5199 891 5248 quo
911 5186 974 5235 dle.»
1002 5183 1046 5234 lib.
1065 5185 1096 5234 V.
1120 5184 1145 5247 5.
1164 5185 1205 5236 99.
1228 5190 1330 5235 «nestor
1351 5198 1450 5239 mama
1470 5201 1532 5242 esse
1549 5191 1694 5256 coeperat,
1720 5188 1787 5256 quod

452 5262 571 5321 ”mima
