4367 6109
455 567 518 638 tit
850 571 1001 638 ORATIO
1022 572 1102 639 PRO
1123 574 1162 638 Δ.
1184 572 1384 641 cinnamo

453 838 513 902 bus
533 837 631 901 fretus
651 833 692 899 ad
714 836 926 900 accusandum
948 836 1156 901 descenderit.
1194 835 1262 901 Hoc
1283 837 1354 902 loco
1374 836 1555 905 faciendum
1577 836 1678 913 mibi,
1700 837 1785 901 iudi-

454 952 523 1006 ces,
546 939 609 1006 est,
631 938 667 994 ut
687 929 778 993 vobis
799 928 936 994 breviter
955 931 1028 1007 illa,
1051 932 1166 1015 quibus
1179 931 1289 994 Albius
1312 939 1361 995 est
1378 931 1623 1009 condemnatus,
1647 930 1804 1005 cumina

454 1044 620 1108 exponam.
655 1023 720 1087 Abs
747 1030 779 1087 te
806 1029 896 1107 peto,
929 1024 1120 1108 Oppianice,
1148 1032 1186 1090 ut
1207 1045 1257 1088 me
1278 1024 1411 1091 invitum
1432 1027 1472 1091 de
1491 1027 1592 1112 patris
1612 1025 1662 1090 tui
1684 1043 1784 1089 caum

430 1117 557 1184 sdioere
579 1117 756 1192 existimes,
778 1116 949 1182 adductum
970 1115 1031 1182 lide
1053 1126 1149 1204 atque
1170 1118 1276 1184 officio
1291 1118 1495 1185 defensionis.
1523 1119 1652 1185 Etenim
1674 1118 1783 1183 tibisi

452 1210 485 1274 in
506 1211 682 1294 praesentia
705 1207 793 1295 [satis
813 1205 929 1294 facere]
951 1231 1018 1275 uon
1038 1221 1190 1295 potuero,
1211 1220 1317 1276 manen
1337 1214 1456 1278 multae
1469 1213 1547 1279 mibi
1569 1214 1609 1278 ad
1633 1210 1715 1277 satis
1736 1210 1783 1276 fa-

452 1303 601 1368 ciendum
626 1304 749 1389 reliquo
777 1311 921 1388 tempore
947 1303 1113 1371 facultates
1135 1306 1309 1371 dabuntur:
1339 1306 1486 1371 Cluentio
1509 1308 1571 1371 nisi
1591 1326 1680 1370 nuuc
1702 1304 1783 1370 satis

451 1395 571 1473 fecero,
593 1404 704 1482 postea
724 1397 800 1462 mibi
822 1396 1055 1463 satisfaciendi
1076 1408 1216 1483 potestas
1237 1420 1303 1464 uon
1325 1401 1393 1464 erit
1430 1401 1530 1465 Simul
1553 1408 1586 1465 et
1604 1400 1689 1464 illud
1705 1399 1782 1484 quis

452 1498 516 1568 est,
545 1490 600 1577 qui
628 1491 771 1556 dubitare
800 1491 932 1567 debeat,
960 1501 1068 1558 contra
1097 1493 1279 1559 damnatum
1300 1500 1333 1558 et
1361 1502 1518 1558 munuum
1539 1515 1597 1579 pro
1620 1492 1781 1557 incolumi

415 1603 444 1654 to
452 1593 485 1650 et
504 1605 563 1669 pro
583 1586 657 1650 vivo
680 1584 810 1649 diceret
837 1606 909 1649 cum
931 1586 1025 1662 illi,‘
1016 1607 1050 1650 ru
1071 1609 1169 1673 quem
1190 1587 1323 1661 dicitur,
1343 1587 1503 1652 damnatio
1525 1607 1620 1653 omne
1641 1587 1784 1672 ignomi-

451 1681 522 1745 niae
543 1678 746 1764 periculum
737 1699 800 1743 ram
821 1680 1002 1755 abstulerit,
1025 1701 1110 1746 mors
1132 1702 1208 1746 vero
1231 1681 1325 1745 etiam
1347 1680 1483 1757 doloris,
1504 1681 1700 1757 bisantem,
1723 1699 1782 1790 pro

452 1795 516 1860 quo
549 1773 698 1848 dicimus,
729 1772 808 1836 nihil
842 1773 943 1882 ppssit
970 1775 1153 1838 offensionis
1181 1775 1324 1857 accipere
1353 1776 1422 1839 sine
1449 1775 1653 1841 acerbissimo
1679 1774 1783 1838 animi

451 1889 549 1934 seusu
570 1887 607 1932 ao
628 1866 772 1930 molestia
794 1875 826 1931 et
847 1867 916 1931 sine
938 1852 1062 1931 summo
1084 1869 1240 1932 dedecore
1254 1870 1335 1933 vitae
1350 1876 1382 1933 et
1402 1868 1623 1953 turpitudine?
1654 1862 1711 1932 44.
1726 1867 1782 1931 At·

452 1983 515 2047 que
543 1969 579 2026 ut
604 1960 786 2044 intelligatis
809 1962 987 2026 Cluentium
1014 1982 1078 2025 non
1099 1964 1293 2027 accusatorio
1323 1963 1446 2039 auimo,
1472 1983 1538 2027 nou
1561 1962 1782 2027 ostentatione

414 2056 559 2140 toaliqua
586 2061 642 2118 aut
669 2054 769 2138 gloria
798 2054 982 2130 adductum,
1010 2055 1066 2119 sed
1096 2055 1256 2120 nefariis
1246 2057 1389 2131 iniuriis,
1423 2057 1616 2140 quotidianis
1639 2055 1781 2130 insidiis,

451 2147 614 2234 proposito
636 2156 708 2212 ante
729 2149 839 2213 oculos
860 2148 943 2212 vitae
965 2150 1123 2232 periculo,
1151 2169 1267 2212 nomeu
1289 2149 1456 2234 Oppianici
1478 2149 1649 2227 detulisse,
1680 2149 1781 2234 paulo

450 2243 576 2327 longius
598 2242 764 2306 exordium
785 2243 831 2306 rei
854 2241 1116 2307 demonstrandae
1138 2251 1259 2327 petam,
1290 2244 1376 2328 quod
1398 2262 1537 2327 quaeso,
1565 2243 1708 2319 iudices,
1738 2261 1780 2306 ne

449 2337 582 2402 moleste
609 2335 790 2419 patiamini:
817 2336 980 2419 principiis
1009 2337 1095 2401 enim
1122 2338 1256 2421 cognitis
1284 2338 1383 2400 multo
1411 2337 1535 2402 facilius
1564 2345 1710 2402 extrema
1730 2338 1780 2402 in·

450 2431 609 2516 telligetis.

411 2542 441 2596 so
533 2526 572 2590 V.
593 2525 631 2589 4.
650 2523 814 2588 Cluentius
836 2523 970 2589 Habitus
991 2524 1060 2600 fuit,
1082 2533 1173 2610 pater
1191 2524 1340 2600 huiusce,
1362 2524 1495 2600 iudices,
1517 2524 1612 2589 bomo
1634 2544 1704 2589 non
1725 2545 1778 2589 so·

448 2621 515 2686 lum
535 2617 701 2702 municipii
723 2617 899 2694 Larinatis,
928 2638 969 2682 ex
991 2639 1055 2703 quo
1077 2627 1160 2695 erat,
1181 2617 1239 2683 sed
1261 2618 1355 2683 etiam
1377 2617 1517 2701 regionis
1538 2618 1624 2683 illius
1644 2627 1679 2683 et
1699 2617 1779 2682 vici-

447 2713 557 2780 nitatis
583 2712 715 2787 virtute,
742 2711 991 2788 existimatione,
1018 2711 1181 2776 nobilitate
1210 2712 1301 2777 facile
1329 2712 1488 2796 princeps.
1535 2713 1566 2776 ls
1594 2733 1668 2778 eum
1691 2719 1779 2778 esset

448 2816 590 2874 mortuus
622 2805 711 2870 Sulla
736 2812 767 2869 et
795 2805 946 2888 Pompeio
968 2805 1169 2881 oonsulibus,
1196 2806 1327 2889 reliquit
1346 2806 1430 2869 buno
1452 2825 1552 2870 annos
1572 2807 1632 2871 XV
1652 2812 1776 2879 natum,

448 2900 601 2986 grandem
621 2907 728 2964 auteur
749 2906 781 2963 et
801 2899 941 2962 nubilem
963 2895 1073 2974 filiam,
1100 2919 1182 2982 quae
1202 2899 1291 2962 brevi
1311 2907 1454 2983 tempore
1475 2907 1548 2982 post
1567 2900 1668 2984 patris
1689 2919 1777 2965 mor-

410 3005 512 3063 aotem
536 2994 647 3079 nupsit
665 2993 702 3056 4.
723 2991 820 3056 Aurio
842 2992 976 3067 blelino,
1006 2992 1197 3056 consobrino
1218 3011 1295 3068 suo,
1323 2991 1514 3056 adolescenti
1535 2994 1569 3057 iu
1587 2994 1717 3078 primis,
1739 3000 1777 3056 ut

448 3099 517 3158 tum
543 3088 733 3162 habebatur,
761 3087 845 3150 inter
871 3105 947 3149 suos
974 3093 1007 3149 et
1033 3084 1167 3150 honesto
1197 3094 1228 3150 et
1255 3086 1364 3150 nobili.
1407 3081 1458 3149 48.
1481 3085 1559 3150 Cum
1586 3096 1696 3152 essent
1714 3106 1775 3152 eae

447 3185 579 3270 nuptiae
600 3181 714 3265 plenae
735 3179 910 3264 dignitatis,
931 3179 1044 3264 plenae
1065 3178 1273 3255 concordiae,
1294 3185 1426 3263 repente
1441 3186 1490 3243 est
1504 3187 1616 3245 exorta
1629 3179 1775 3244 mulieris

448 3279 646 3364 importtmae
677 3273 798 3339 nefaria
825 3273 942 3348 libido,
974 3294 1039 3338 nou
1068 3273 1170 3337 solum
1199 3272 1371 3348 dedecore,
1403 3294 1512 3337 verum
1534 3273 1629 3337 etiam
1650 3272 1774 3337 scelere

449 3374 627 3438 coniuncta.
668 3371 748 3432 llam
771 3367 891 3442 Sassia,
913 3374 1012 3431 mater
1031 3367 1128 3430 buius
1149 3367 1273 3430 Habiti:
1295 3374 1393 3432 mater
1416 3368 1501 3431 enim
1519 3386 1604 3431 ame
1625 3367 1660 3429 in
1685 3367 1775 3431 omni

411 3480 560 3542 wcausa,
586 3464 710 3529 tametsi
736 3462 768 3524 in
796 3460 880 3524 bunc
908 3460 1016 3523 bostili
1038 3460 1114 3525 odio
1137 3468 1169 3524 et
1189 3460 1373 3525 crudelitate
1394 3467 1456 3535 est,
1485 3469 1600 3536 mater,
1628 3460 1773 3544 inquam,

343 3598 346 3603 ·
448 3559 673 3646 appellabitur,
695 3573 800 3638 neque
821 3571 973 3637 umquam
993 3553 1050 3617 illa
1070 3554 1115 3616 ita
1129 3552 1169 3617 de
1191 3573 1250 3617 suo
1269 3552 1387 3618 scelere
1402 3562 1434 3618 et
1446 3555 1637 3617 immanitate
1652 3553 1774 3629 audiet,

446 3663 484 3719 ut
504 3660 635 3716 naturae
657 3667 773 3713 nomen
794 3647 933 3711 amittat:
960 3667 1024 3731 quo
1047 3650 1132 3712 enim
1154 3654 1201 3711 est
1226 3650 1330 3733 ipsum
1351 3668 1467 3712 nomen
1488 3647 1645 3711 amantius
1665 3646 1775 3710 indul·

448 3746 637 3830 pentiusque
658 3750 851 3816 maternum,
871 3740 934 3804 boc
955 3742 1040 3806 illius
1061 3743 1188 3818 matris,
1210 3760 1292 3826 quae
1315 3741 1430 3806 multos
1444 3741 1507 3805 iam
1521 3760 1622 3805 annos
1638 3748 1672 3805 et
1685 3761 1774 3805 nnnc

449 3861 520 3905 cum
553 3839 688 3904 mamma
720 3835 820 3901 filium
852 3834 1052 3899 interfectum
1081 3835 1185 3919 cupit,
1218 3835 1377 3920 singulare
1409 3835 1513 3899 scelus
1545 3834 1666 3900 maiore
1696 3834 1774 3899 odio

512 4152 698 4207 8440444448.
718 4147 1075 4203 -estccodemootcttisz
1103 4145 1427 4202 momumento.
1447 4148 1771 4213 -osaormorn,

446 4228 501 4282 S'l'.
529 4226 604 4281 Coul.
622 4226 647 4291 fl.
665 4227 706 4277 st.
724 4223 837 4291 Spengel
852 4225 955 4290 illam
973 4224 1148 4290 Sotiatium
1164 4225 1236 4277 4884.
1254 4226 1286 4276 11.
1303 4236 1330 4289 p.
1348 4221 1406 4275 468.
1430 4250 1457 4261 -
1485 4224 1510 4275 t.
1526 4224 1585 4290 sict]
1606 4224 1635 4274 444
1659 4225 1716 4276 st.
1742 4249 1770 4262 -

447 4305 488 4357 40.
505 4308 530 4356 ct
549 4317 598 4367 pro
617 4303 674 4354 otoo
695 4301 846 4353 staria:
873 4305 897 4352 tt
920 4299 978 4351 6444
999 4295 1082 4351 tto.
1106 4325 1134 4335 -
1162 4301 1203 4351 44.
1221 4299 1349 4360 «Quidam
1365 4298 1438 4350 dooti
1459 4295 1510 4362 legi
1525 4297 1617 4351 volunt
1633 4300 1772 4353 dolorm

446 4379 564 4432 14444.-
583 4375 955 4438 blendumen-occipere
970 4375 1029 4425 ST:
1046 4369 1579 4426 ose--oettw--aeeeomnanto.
1598 4374 1772 4438 (cecidet-sl..)

446 4478 476 4491 -
495 4451 660 4505 4844448468
675 4450 733 4501 ST:
752 4447 989 4504 66444484ιὲ0.
1004 4471 1031 4484 -·
1050 4453 1074 4500 et
1089 4452 1157 4511 trstp.
1175 4449 1234 4499 ST:
1253 4444 1520 4510 «remeasse.
1533 4474 1562 4486 -
1580 4449 1620 4500 46.
1633 4450 1772 4501 mm

446 4539 501 4581 om.
512 4527 543 4578 t.
555 4552 583 4563 ·-
595 4524 794 4576 modiano&—
807 4524 848 4575 46.
858 4523 937 4587 poulo
947 4521 1242 4587 baptor-Antelios&
1252 4521 1357 4584 Quintil.
1369 4521 1413 4572 lV.
1426 4524 1451 4586 4,
1463 4521 1540 4573 ta-
1553 4523 1594 4574 tt.
1602 4529 1690 4588 petest
1701 4522 1769 4578 UA:

444 4606 556 4666 repetam
572 4612 634 4652 oum
646 4597 803 4660 Quintiliano
819 4596 903 4653 880.
922 4597 961 4650 Cf.
974 4597 999 4662 S.
1011 4598 1052 4650 68.
1065 4610 1092 4663 p.
1107 4597 1219 4648 Caecina
1231 4596 1256 4661 5.
1270 4597 1311 4647 40.
1326 4622 1353 4632 -
1371 4596 1412 4647 80.
1430 4597 1461 4647 A.
1473 4596 1773 4664 acutam-pssum

446 4675 618 4738 Quintilianus
634 4676 676 4726 iv.
694 4676 724 4737 8,
742 4675 798 4727 430.
818 4675 859 4739 (cl.
874 4676 917 4726 iv.
929 4676 960 4735 8,
980 4674 1019 4726 46.
1037 4675 1080 4725 xi.
1093 4674 1118 4737 8,
1132 4673 1199 4737 468.)
1218 4696 1245 4707 -
1264 4672 1368 4723 liobttcs
1383 4671 1517 4723 888144
1534 4674 1562 4724 et
1578 4673 1768 4734 Quintilianus:

444 4746 631 4805 4044444180.
649 4751 691 4802 Sic
706 4750 815 4815 ubique.
830 4777 857 4789 -
876 4750 968 4802 iudices
978 4761 1032 4800 om.
1044 4750 1072 4799 T.
1088 4774 1115 4785 -
1133 4749 1175 4799 84.
1187 4748 1271 4809 wem]
1283 4752 1307 4798 et
1317 4748 1350 4807 8;
1369 4759 1422 4797 om.
1436 4745 1617 4806 Quintilianus.
1628 4774 1656 4784 -
1674 4748 1718 4799 88.
1731 4747 1771 4811 [α-

444 4827 491 4878 ciis
512 4838 566 4876 om.
588 4826 634 4876 S'l
655 4826 683 4876 et
703 4823 882 4886 Quintilianus.
913 4822 952 4874 Ci.
976 4823 1030 4874 Cio.
1052 4835 1078 4886 p.
1101 4824 1179 4874 itosc.
1200 4825 1260 4873 4444.
1285 4821 1309 4886 fi.
1329 4821 1369 4871 48.
1387 4822 1462 4872 verr.
1479 4823 1575 4873 Aecus.
1594 4824 1613 4873 l.
1631 4822 1656 4887 fl.
1674 4821 1718 4874 64.
1739 4848 1768 4859 -

444 4899 486 4952 88.
498 4899 570 4962 Sulla
584 4896 758 4953 8844448.
776 4897 816 4950 Cf.
829 4897 853 4962 5.
866 4895 907 4948 04.
921 4921 948 4933 -
966 4895 1008 4948 84.
1025 4897 1131 4950 nobilem
1146 4898 1180 4949 li.
1194 4923 1222 4935 -
1240 4897 1282 4948 86.
1294 4899 1379 4947 coss:
1396 4894 1595 4951 4444144480.
1609 4921 1637 4932 -
1656 4895 1698 4946 80.
1711 4909 1771 4947 cos-

443 4974 512 5025 clcto
528 4971 553 5026 s.
568 4999 596 5010 -
613 4986 675 5025 scm
689 4974 781 5024 444444
796 4974 869 5024 boios
883 4977 965 5023 ctum
979 4971 1057 5023 tuoto
1072 4973 1217 5025 Arusianus
1232 4971 1344 5023 iiesstus
1358 4985 1385 5036 p.
1397 4971 1454 5024 848.
1469 4971 1512 5023 ed.
1525 4971 1644 5022 Lindem.
1658 4994 1687 5008 -
1707 4970 1771 5022 obiti

444 5049 471 5100 8.
485 5073 513 5085 -
530 5052 612 5099 cautor
625 5049 740 5100 enimn
750 5047 916 5112 copodobdur
932 5046 1102 5107 Quintilianus
1119 5045 1236 5098 Decium.
1256 5046 1472 5098 cccuxxxvlu.
1490 5059 1518 5112 p.
1536 5047 1593 5096 790.
1612 5045 1657 5098 ed.
1674 5047 1769 5097 burm.

447 5150 475 5163 -
493 5125 521 5175 ic
536 5125 604 5175 ocuti
619 5124 800 5176 ccuscsl'b:
818 5122 926 5172 44444444
941 5134 1020 5172 cosso
1035 5118 1157 5183 14400;
1175 5134 1229 5172 om.
1242 5119 1421 5181 Quintilianus.
1442 5148 1470 5158 —
1488 5121 1529 5173 84.
1547 5121 1585 5177 ito
1601 5133 1654 5172 om.
1674 5120 1769 5173 8444.

447 5200 734 5252 -tneoomit-
753 5197 794 5248 33.
812 5195 1772 5263 ο441444484440444444440440414444444444841ω4ηαφ44(ῳ4οωῃ4

443 5274 504 5340 cit»)
520 5275 640 5328 incertus
656 5273 691 5327 de
708 5272 894 5340 orthographia
909 5285 937 5341 p.
955 5271 1029 5326 8780.
1048 5295 1076 5310 -
1095 5270 1137 5323 84.
1154 5271 1240 5336 epist
1255 5271 1313 5323 84.
