4367 6109
445 574 508 641 ios
813 581 855 644 IN
876 579 1043 644 VERREM
1062 579 1185 646 acrio
1208 580 1391 647 SECUNDA

445 747 586 831 pionem,
618 767 724 811 servos
752 747 910 823 homines,
942 756 997 812 tuo
1025 748 1223 834 liberumque
1246 756 1371 813 tuorum
1393 750 1534 833 periculo
1556 752 1667 817 divites
1687 752 1758 817 lieri

445 840 559 915 velles,
581 837 790 904 dubitatumm
812 860 1002 926 quemquam
1024 842 1200 919 existimas,
1229 843 1308 927 quiu
1328 844 1390 906 illis
1412 844 1583 909 emissariis
1604 845 1680 910 baec
1703 847 1759 909 tibi

445 936 546 997 omnis
566 933 702 1016 pecunia
724 935 866 1017 quaesita
888 937 951 998 siti
983 932 1033 998 92.
1057 936 1234 1018 Segestam,
1256 939 1330 1000 item
1345 937 1384 1001 ad
1408 938 1580 1002 immunem
1595 941 1759 1014 deitatem,

444 1026 598 1090 Venerius
620 1026 823 1111 Symmachus
844 1029 1034 1092 decumanus
1056 1030 1239 1098 immittitur.
1271 1031 1303 1094 Is
1324 1031 1363 1093 ab
1384 1031 1443 1093 isto
1465 1031 1583 1095 litteras
1597 1033 1703 1106 affert,
1724 1039 1761 1095 ut

421 1119 504 1183 ssibi
526 1127 633 1183 contra
653 1120 758 1184 omnia
780 1123 1085 1199 senatusconsulta,
1114 1133 1221 1187 contra
1243 1127 1345 1189 omnia
1374 1126 1444 1188 iura
1464 1132 1636 1210 contraque
1657 1126 1759 1209 legem

444 1213 600 1298 Rupiliam
629 1222 718 1279 extra
744 1215 847 1277 iorum
867 1213 1077 1280 vadimonium
1103 1219 1285 1300 promittant
1305 1226 1451 1282 aratores.
1494 1218 1608 1282 Audite
1629 1219 1759 1294 litteras,

443 1327 523 1392 quas
545 1308 585 1370 ad
613 1308 802 1392 Segestanos
829 1310 958 1372 miserit.
1000 1309 1161 1374 errsnas
1186 1311 1219 1373 C.
1241 1312 1368 1375 Vsnms.
1409 1312 1468 1375 Hic
1489 1314 1642 1378 Venerius
1665 1336 1760 1400 quem

443 1400 483 1466 ad
504 1401 631 1465 modum
653 1410 792 1466 aratores
814 1403 957 1477 eluserit,
980 1423 1021 1466 ex
1041 1424 1104 1466 una
1119 1406 1261 1488 pactione
1275 1405 1414 1470 hominis
1428 1406 1552 1469 honesti
1566 1409 1760 1493 gratiosique

443 1497 643 1578 cognoscite3
676 1497 710 1559 in
732 1497 842 1560 eodem
864 1497 947 1559 enim
969 1516 1083 1579 genere
1107 1505 1179 1561 sunt
1200 1505 1311 1561 cetera.
1354 1496 1405 1561 93.
1427 1499 1552 1563 Diocles
1575 1509 1624 1565 est
1644 1504 1761 1567 Panor-

405 1589 595 1663 iomitanus,
616 1589 740 1653 Phimes
762 1591 960 1673 cognomine,
981 1591 1076 1653 bomo
1097 1591 1226 1654 illustris
1248 1612 1284 1654 ac
1305 1593 1430 1656 nobilis.
1465 1594 1581 1658 Arabat
1601 1595 1628 1658 is
1650 1616 1760 1679 agrum

443 1683 630 1747 conductum
651 1685 684 1747 in
707 1685 896 1767 Segestano:
919 1681 1001 1765 (nam
1023 1687 1245 1748 commercium
1261 1687 1294 1747 in
1310 1706 1348 1750 eo
1365 1706 1439 1769 agro
1453 1689 1572 1752 nemini
1587 1687 1662 1771 ests)
1685 1709 1761 1751 con·

443 1775 570 1841 ductum
590 1777 726 1842 habebat
747 1778 806 1842 HS
829 1798 885 1841 sex
906 1779 1041 1842 milibus.
1076 1781 1138 1841 Pro
1160 1779 1308 1854 decuma,
1331 1801 1400 1843 cum
1422 1781 1564 1864 pulsatus
1585 1802 1604 1846 a
1623 1785 1760 1848 Venerio

442 1878 540 1945 esset,
562 1870 679 1935 decidit
701 1872 760 1935 Hs
781 1892 836 1936 ιιιι
858 1873 983 1936 milibus
1006 1878 1037 1935 et
1057 1873 1213 1935 medimnis
1231 1891 1364 1938 roctrur.
1400 1875 1436 1937 ld
1458 1876 1622 1956 exipsius
1644 1877 1760 1941 tabulis

443 1966 632 2048 cognoscite.
673 1967 789 2028 Nousn
810 1968 939 2030 Drocars
960 1966 1187 2030 Pauomursm.
1221 1966 1303 2032 Huic
1324 1968 1427 2032 eidem
1442 1969 1630 2052 Symmacho
1647 1970 1681 2033 C.
1696 1971 1761 2033 dn·

406 2072 434 2123 io
442 2078 541 2121 naeus
561 2059 719 2123 Brocchus
741 2068 881 2134 senator,
903 2059 998 2124 bomo
1020 2080 1058 2124 eo
1081 2061 1265 2143 splendore,
1289 2082 1326 2124 ea
1340 2063 1468 2137 umato,
1491 2083 1554 2146 qua
1568 2083 1677 2127 omnes
1693 2064 1761 2127 exi·

442 2154 591 2228 stimatis',
613 2174 757 2218 nummos
777 2162 901 2238 praeter
920 2154 1111 2218 frumentum
1133 2162 1259 2219 coactus
1281 2163 1329 2218 est
1350 2157 1435 2219 dare.
1468 2157 1645 2219 Venerione
1667 2175 1759 2218 servo

441 2255 473 2311 te
493 2241 641 2330 praetore
657 2247 728 2310 talis
749 2249 811 2323 vir,
834 2255 959 2311 senator
977 2248 1086 2331 populi
1102 2249 1248 2334 Romani,
1271 2249 1416 2333 quaestui
1438 2249 1521 2312 luitl
1564 2249 1645 2311 XLI.
1667 2250 1760 2313 Hunc

442 2339 582 2404 ordinem
605 2340 631 2403 si
654 2340 804 2424 dignitate
826 2341 1014 2405 antecellere
1032 2361 1095 2405 non
1112 2342 1331 2417 existimabas,
1354 2364 1393 2406 ne
1408 2343 1469 2406 hoc
1485 2343 1611 2427 quidem
1626 2342 1759 2417 sciebas,

440 2432 601 2498 iudicare?
645 2430 696 2497 Bi.
718 2437 819 2498 Antea
844 2455 916 2499 cum
944 2444 1092 2520 equester
1118 2436 1195 2500 ordo
1223 2436 1391 2512 iudicarei3
1421 2437 1555 2520 improbi
1576 2444 1608 2499 et
1628 2455 1759 2519 rapaces

404 2543 433 2592 ao
441 2527 639 2610 magistratus
664 2529 697 2591 in
725 2529 894 2612 provinciis
918 2530 1129 2594 inserviebant
1150 2529 1342 2613 publicanis:
1371 2530 1524 2593 omabaut
1550 2550 1620 2605 eos,
1649 2531 1704 2614 qui
1726 2531 1759 2592 in

441 2622 544 2702 operis
566 2629 668 2685 erant:
690 2643 919 2707 quemcumque
941 2624 1080 2707 equitem
1099 2624 1273 2686 Romanum
1295 2622 1329 2686 in
1351 2624 1512 2706 provincia
1525 2622 1682 2699 viderant,
1704 2624 1759 2686 be-

439 2714 561 2778 neficiis
582 2734 619 2777 ac
638 2715 824 2781 liberalitate
846 2717 1137 2802 prosequebantur:
1159 2736 1265 2800 neque
1286 2723 1406 2779 tantum
1428 2716 1483 2778 illa
1504 2737 1554 2780 res
1572 2718 1759 2781 nocentibus

440 2808 602 2893 proderat,
624 2817 774 2894 quantum
795 2809 896 2874 obluit
915 2809 1040 2884 multis,
1069 2829 1140 2872 oum
1161 2809 1282 2894 aliquid
1304 2817 1412 2873 contra
1432 2810 1595 2876 utilitatem
1618 2812 1685 2875 eius
1708 2833 1758 2876 or·

441 2901 523 2965 dinis
537 2903 789 2989 voluntatemque
804 2903 962 2967 iecissent.
983 2903 1185 2966 Retinebatur
1203 2902 1264 2966 hoc
1282 2910 1346 2966 tum
1361 2905 1468 2966 nescio
1484 2925 1547 2988 quo
1558 2905 1650 2968 modo
1668 2905 1759 2988 quasi

404 2998 599 3060 noommuni
626 2997 758 3060 consilio
786 2997 825 3061 ab
852 2997 914 3062 illis
942 2996 1126 3080 diligenter,
1154 3003 1203 3071 ut,
1231 2997 1285 3081 qui
1307 3017 1404 3061 unum
1426 2999 1564 3082 equitem
1585 2999 1758 3061 Romanum

506 3329 528 3377 4.
547 3326 698 3390 liberumque
714 3325 782 3390 1.ng
794 3340 832 3387 qr:
850 3324 1031 3387 liberorumque
1046 3322 1103 3374 rell.
1117 3324 1146 3373 0.
1161 3349 1188 3359 -
1206 3325 1231 3373 s.
1249 3327 1338 3372 contro
1354 3323 1439 3372 omnic
1455 3335 1506 3372 sen.
1518 3336 1584 3373 cors.
1598 3321 1627 3383 i,
1645 3323 1684 3373 N:
1702 3335 1756 3372 om.

441 3399 497 3453 rell.
516 3401 549 3452 ci.
561 3404 619 3452 rici.
633 3405 651 3452 l.
665 3401 687 3466 g.
704 3402 743 3452 43.
753 3427 780 3438 -
799 3402 859 3450 iura
874 3401 959 3450 omnia
970 3398 1067 3449 deit-
1085 3400 1110 3449 t.
1124 3397 1202 3448 iiii.
1216 3397 1242 3447 0.
1260 3397 1348 3467 isan.
1362 3410 1415 3446 om.
1429 3397 1497 3460 igit
1508 3397 1541 3447 29
1555 3396 1586 3447 ii
1598 3397 1632 3460 (io
1644 3395 1756 3460 lacuna),

441 3477 499 3528 AB.
519 3501 547 3514 -
572 3477 597 3527 8.
615 3476 642 3526 in
658 3481 724 3526 arat.
744 3475 812 3539 1.ng
824 3477 854 3525 il.
875 3501 902 3511 -
928 3474 1014 3525 luserit
1029 3474 1098 3538 ugia
1111 3474 1168 3523 ΑΒ.
1196 3472 1337 3522 «Ernestus
1360 3472 1397 3533 (in
1415 3470 1485 3522 Clav.
1504 3485 1526 3522 s.
1545 3473 1580 3534 v.)
1597 3472 1694 3521 eludare
1709 3484 1758 3536 pro
1824 3506 1831 3514 =

439 3564 534 3602 usnam
550 3551 652 3615 accipit.
679 3553 758 3601 Recte
777 3549 884 3614 quidem
901 3549 934 3599 sd
951 3549 1124 3607 senteutiam
1142 3546 1204 3606 sed,
1222 3549 1251 3595 ut
1262 3544 1344 3596 verbo
1360 3546 1478 3609 pressius
1490 3545 1653 3606 insistamus,
1671 3548 1759 3610 potius

441 3625 625 3691 explicandum
642 3625 747 3676 videtur
763 3625 869 3675 iudibda
884 3624 987 3683 babere,
1005 3624 1169 3673 oudmtuuns
1184 3622 1314 3672 insultare.
1341 3621 1416 3681 Quod
1429 3634 1480 3671 uon
1493 3620 1581 3671 verbis
1592 3619 1691 3680 solum,
1709 3618 1759 3670 sed

440 3701 470 3752 tii
486 3702 565 3752 etiam
582 3714 625 3762 re,
650 3713 712 3751 cum
729 3700 788 3763 quis
805 3698 921 3750 abutitur
937 3697 1049 3749 aliorum
1066 3698 1253 3762 patieutiaaul
1269 3697 1435 3760 impotentia,
1457 3708 1526 3759 quae
1544 3694 1612 3745 duae
1630 3707 1674 3745 res
1690 3694 1760 3745 inso-

334 3767 337 3773 ’
440 3774 565 3826 lentiores
581 3775 702 3827 homines
720 3776 832 3835 iaciunt;
853 3774 975 3839 patientia
994 3772 1117 3837 quidem,
1140 3775 1266 3836 utsupra
1285 3771 1310 3834 5.
1328 3769 1352 3820 9.
1371 3773 1398 3820 et
1415 3772 1440 3821 in
1458 3768 1532 3821 Catil.
1550 3771 1570 3820 l.
1590 3769 1615 3833 5.
1634 3771 1658 3819 i.
1676 3769 1758 3819 Tacit.

439 3853 506 3901 Anu.
524 3851 589 3901 livi,
607 3851 648 3901 28.
666 3849 741 3907 alibi;
761 3849 912 3915 impotentia
929 3861 1009 3908 vero,
1030 3850 1059 3897 ui
1075 3860 1117 3911 ap.
1136 3847 1194 3896 Ter.
1213 3847 1278 3898 Eun.
1296 3850 1316 3899 i.
1336 3850 1360 3909 4,
1379 3848 1419 3898 40.
1447 3851 1532 3912 Atque
1549 3848 1592 3898 hio
1609 3849 1688 3897 eiiam
1704 3847 1759 3897 Ve-

440 3925 544 3987 nerius,
562 3927 592 3974 ut
608 3926 634 3975 in
651 3917 789 3976 Miloniana
807 3924 831 3989 5.
850 3923 890 3973 32.
910 3921 1030 3984 Clodius,
1054 3934 1104 3986 per
1120 3919 1265 3983 licentiam,
1284 3936 1345 3974 com
1362 3936 1442 3974 nemo
1458 3925 1550 3988 posset
1565 3923 1703 3981 resistere,
1722 3919 1760 3970 di-

440 4003 536 4051 cuntur
552 4001 656 4050 eludere.
683 4002 808 4051 liiserum
824 3997 910 4058 illurn,
930 3998 972 4047 cui
988 3994 1092 4061 quidvis
1110 3997 1163 4059 pati
1179 4010 1290 4048 necesse
1308 4000 1379 4064 erat,
1398 4011 1459 4048 oum
1476 3998 1518 4046 Vl.
1537 3995 1643 4047 milibus
1660 3995 1761 4046 condo·

440 4077 513 4127 cium
530 4074 642 4126 haberet
658 4075 780 4136 landum,
806 4073 935 4123 decumae
952 4072 1058 4122 nomine
1076 4069 1111 4120 ad
1128 4071 1277 4134 pactionem
1292 4072 1357 4123 xvi,
1376 4072 1476 4123 milium
1494 4075 1521 4135 et
1536 4070 1636 4123 DCLIV
1652 4069 1759 4133 adigere

439 4150 558 4214 prolecto
575 4150 770 4203 insolentissimi
786 4150 899 4200 hominis
916 4150 957 4199 est
973 4145 1255 4210 impudentissimeque
1267 4146 1420 4197 insultantis.
1440 4148 1568 4198 Convenit
1579 4146 1604 4195 in
1615 4145 1668 4195 hoo
1679 4145 1759 4194 etiam

439 4226 553 4288 lacinus,
573 4227 645 4290 quod
662 4228 698 4277 ait
714 4227 738 4291 5.
758 4225 813 4275 ies.
833 4225 899 4273 «Hoc
913 4236 1017 4273 veron
1028 4221 1208 4283 impudentiae·
1227 4222 1257 4270 ii.
1276 4221 1300 4284 5.
1314 4221 1354 4272 is.
1373 4222 1427 4271 «lta
1443 4235 1483 4272 res
1498 4220 1760 4285 aoriw--odiidso-

439 4305 495 4352 tarr»
517 4301 541 4365 g.
559 4302 601 4352 tt.
630 4303 786 4366 «cognoscite
797 4327 834 4338 --
845 4299 1005 4349 audaciam».
1039 4296 1164 4360 Apposile
1187 4298 1275 4346 autem
1302 4297 1402 4347 Seneca
1419 4297 1472 4346 Vll.
1491 4297 1597 4348 suasor.
1625 4296 1760 4346 Antoninum

438 4391 488 4428 non
502 4377 609 4440 puiset,
627 4379 669 4427 sed
679 4378 796 4434 illudere:
813 4389 863 4424 non
873 4387 923 4424 esse
932 4373 1003 4423 worn
1015 4371 1183 4421 condicionem
1193 4371 1235 4420 scd
1244 4372 1443 4421 contemeliam.»
1462 4373 1555 4422 Gnmr.
1568 4372 1598 4421 il.
1610 4398 1637 4407 -
1657 4370 1681 4419 9.
1694 4369 1761 4418 enim

439 4465 492 4504 om.
505 4450 581 4516 Lgli.
602 4450 663 4515 [aon
680 4453 743 4502 item
760 4449 801 4509 ts,
819 4452 848 4500 ut
865 4448 900 4499 ait
916 4447 955 4513 Z.]
971 4475 997 4484 -
1017 4447 1057 4496 40.
1075 4445 1187 4495 Piimnss
1202 4443 1270 4507 igit
1282 4445 1327 4504 iti,
1345 4445 1648 4509 minerbensis·
1673 4443 1761 4493 nobilis

439 4525 506 4592 igit
516 4529 575 4589 Νφι
587 4527 675 4576 nobilis
685 4531 775 4576 arator
785 4523 841 4575 rell.
849 4524 910 4574 0.-
921 4522 1012 4573 araioi
1023 4522 1044 4571 is
1055 4533 1147 4583 apinam
1158 4519 1229 4568 cond.
1239 4520 1266 4569 in
1275 4520 1366 4585 segari.
1377 4520 1445 4585 Lgli
1454 4536 1486 4582 cp:
1499 4520 1756 4585 namuninSepssl.

438 4603 469 4664 ii,
481 4601 536 4653 rell.
551 4604 612 4653 0.-
631 4602 670 4652 44.
683 4601 775 4651 nonrini
786 4605 821 4650 ost
831 4599 855 4659 l,
866 4600 932 4660 ilco:
950 4598 1072 4648 neminem
1083 4594 1158 4650 deit:
1176 4594 1360 4645 Panormitano
1371 4601 1405 4646 esi
1416 4598 1486 4647 Parr.
1501 4593 1563 4645 Lali.
1578 4596 1606 4659 (i)
1618 4621 1645 4630 -
1660 4595 1701 4646 ta.
1715 4608 1761 4644 soa

437 4686 543 4752 moon]
560 4672 594 4736 iri
611 4686 678 4750 agae
691 4684 763 4736 m-
773 4697 822 4747 pro
839 4684 1007 4733 ammaon.
1020 4677 1088 4743 egis
1099 4681 1127 4728 ei
1138 4679 1195 4727 s·
1211 4676 1252 4726 re.
1265 4678 1432 4743 maingis
1443 4680 1514 4741 ue:
1533 4677 1664 4730 marren.
1675 4705 1701 4714 -
1714 4679 1762 4728 me

439 4761 475 4812 lia
485 4760 581 4811 dett.-
594 4760 722 4810 medimnis
734 4757 818 4822 Lgli:
835 4759 960 4808 nudimno
971 4758 999 4816 l.;
1018 4767 1071 4805 om.
1084 4750 1141 4803 rell.
1154 4752 1184 4801 0.
1197 4750 1247 4815 [Sic
1259 4753 1385 4806 lordanus
1403 4768 1436 4805 ex
1447 4755 1558 4819 Zumptii
1570 4753 1705 4804 relatione.
1728 4756 1761 4804 st

439 4834 534 4888 laisum
551 4835 635 4886 estin
652 4833 720 4898 Lgii
736 4834 864 4884 medimnis
881 4835 993 4893 exstare,
1012 4830 1112 4892 dequo
1129 4823 1191 4875 nihil
1208 4839 1316 4890 prorsus
1333 4829 1408 4880 Nieb.
1428 4831 1535 4890 notavit,
1554 4831 1760 4894 necquicquam

440 4910 521 4961 habel
531 4910 580 4961 nisi
596 4912 656 4974 post
666 4923 724 4959 voc.
737 4914 761 4959 ct
777 4910 828 4960 hoc
839 4907 1047 4958 additamentum
1060 4902 1200 4952 amidanae
1215 4903 1260 4963 Lu,
1277 4904 1294 4954 i.
1306 4917 1330 4954 e.
1345 4905 1446 4966 lamb..
1465 4907 1510 4969 qui
1527 4906 1552 4955 in
1565 4904 1607 4954 ed.
1619 4904 1682 4955 4566
1694 4905 1760 4955 scri·

439 4986 507 5052 psit:
526 4986 591 5035 dedit
606 4984 648 5034 its
663 4985 719 5034 XV!
732 4984 812 5034 miliia
827 4989 851 5034 ei
866 4984 991 5033 medimna
1006 4978 1116 5032 licili'.
1140 4977 1193 5026 Nos
1210 4976 1287 5039 igitur
1302 4980 1443 5049 irredimus,
1467 4993 1536 5045 quae
1554 4980 1607 5030 iam
1627 4981 1668 5029 esi
1684 4990 1759 5028 mera

441 5061 601 5121 conlectura,
614 5059 663 5110 sed
680 5057 836 5118 verisimilis,
854 5057 947 5108 litteris
958 5056 1072 5107 curvatis
1086 5049 1291 5115 imprimendum
1304 5055 1463 5105 curavimus.
1483 5055 1575 5119 Heca]
1589 5080 1616 5090 -
1634 5067 1667 5103 aa
1683 5054 1760 5115 ipsius

440 5135 491 5186 ici.
509 5135 590 5199 Lgliz
609 5148 642 5185 ec
658 5133 709 5184 tob.
727 5134 804 5196 ipsius
820 5131 875 5183 rell.
895 5134 924 5183 0.
940 5159 966 5168 -
990 5129 1029 5181 ll.
1049 5131 1075 5181 C.
1093 5130 1209 5179 Annaeus
1224 5126 1347 5178 Brocchus
1362 5130 1514 5194 Zumpiius:
1542 5128 1681 5180 Cannaoius
1697 5128 1760 5177 Bro-

440 5211 502 5260 ciius
523 5209 607 5274 1.ng
633 5210 758 5260 Annaeius
776 5209 899 5259 Brocchus
915 5222 952 5268 φ;
977 5208 1075 5257 donnas
1089 5209 1201 5260 Broclius
1217 5201 1272 5256 rell.
1291 5206 1384 5269 Lagg.;
1410 5205 1518 5255 Annuus
1540 5202 1664 5254 Brocchus
1679 5202 1709 5252 0.
1730 5230 1758 5241 -

442 5285 482 5338 48.
500 5298 544 5339 nac
560 5285 605 5337 boc
615 5285 645 5339 N.
667 5311 689 5321 -
712 5286 754 5341 20.
772 5285 815 5349 qui
831 5285 870 5336 N:
890 5296 943 5335 om.
962 5282 1044 5351 1.ng
1062 5285 1203 5351 quicunque
1218 5279 1274 5334 rell.
1292 5281 1322 5334 0.
1338 5308 1362 5320 -
1382 5279 1423 5335 ii.
1441 5281 1486 5334 icc
1502 5284 1585 5329 mmm
1600 5277 1677 5344 igit.
