4367 6109
800 578 874 643 ur».
896 577 1079 642 rur-rx.
1107 574 1164 660 ss.
1186 573 1333 642 sl-sr.
1667 573 1730 638 cos

412 748 473 812 tuit
495 747 528 809 C.
550 747 710 812 Rabirium
732 749 909 811 desciscere
930 768 948 811 a
970 769 1003 812 rc
1025 747 1171 830 publicat
1197 766 1262 809 non
1284 766 1464 829 comparere
1484 747 1519 808 in
1539 746 1594 810 illa
1615 756 1733 810 armata

412 839 614 904 multitudiue
629 842 808 904 bonorum?
831 842 993 906 consulum
1009 843 1078 905 voci
1093 851 1188 925 atque
1205 841 1338 924 imperio
1352 860 1417 903 non
1432 838 1581 903 obediret
1610 837 1661 903 il.
1679 844 1734 903 at-

413 934 468 1018 qui
490 935 634 998 videmus
663 935 742 998 baec
770 935 803 996 in
834 955 938 999 rernm
965 945 1077 999 natura
1108 937 1167 999 tria
1192 935 1307 1010 fuisse,
1335 942 1369 998 ut
1397 941 1453 997 aut
1473 955 1545 996 cum
1567 934 1734 998 Saturnino

413 1035 497 1090 esset
518 1035 573 1090 aut
595 1048 665 1091 eum
688 1029 780 1091 bonis
802 1038 857 1092 aut
878 1031 1000 1094 lateret.
1044 1032 1156 1094 Latere
1187 1032 1295 1093 mortis
1318 1038 1384 1091 erat
1404 1029 1503 1091 instar
1524 1029 1734 1111 turpissimae,

413 1141 486 1184 curn
508 1121 679 1185 Saturnino
702 1142 772 1185 esse
794 1121 908 1186 luroris
931 1132 962 1186 et
983 1125 1125 1197 sceleris,
1147 1124 1246 1186 virtus
1268 1130 1300 1185 et
1320 1121 1469 1185 honestas
1492 1130 1524 1185 et
1544 1121 1646 1205 pudor
1662 1134 1758 1185 cumn

414 1214 600 1278 consulibus
623 1236 693 1280 csse
715 1216 856 1298 cogebat.
899 1219 967 1279 Hoc
989 1225 1022 1278 tu
1045 1218 1142 1298 igitur
1162 1217 1195 1278 in
1217 1218 1336 1279 crimen
1358 1236 1468 1292 vocas,
1496 1215 1581 1299 quod
1604 1238 1675 1280 cnm
1697 1219 1735 1280 iis

413 1307 510 1371 luerit
534 1308 566 1371 C.
589 1309 752 1383 Rabirius,
783 1330 861 1392 quos
890 1309 1123 1372 amentissimus
1148 1308 1261 1372 luisset
1288 1311 1315 1372 si
1336 1319 1563 1392 oppugnasset,
1593 1312 1736 1395 turpissi-

414 1420 501 1474 mus,
524 1403 551 1465 si
573 1403 774 1485 reliquisset?
817 1404 872 1464 lx.
895 1404 935 1465 At
958 1403 990 1465 C.
1012 1403 1186 1476 Decianus,
1209 1404 1248 1465 dc
1264 1410 1375 1486 quotu
1392 1423 1485 1486 saepe
1501 1424 1736 1481 commemoras,

415 1493 505 1576 quia,
536 1518 606 1560 curn
635 1496 796 1560 bominem
827 1498 972 1560 omnibus
1001 1497 1158 1579 insignem
1188 1497 1271 1559 notis
1293 1497 1513 1580 turpitudinis,
1541 1500 1574 1560 P.
1597 1501 1735 1577 Furium,

416 1600 578 1658 accusaret
598 1611 722 1655 summo
745 1591 850 1655 studio
872 1592 1024 1654 bonorum
1050 1592 1207 1664 omnium,
1236 1591 1327 1673 queri
1349 1599 1396 1653 est
1417 1611 1512 1655 ausus
1534 1593 1566 1654 in
1588 1596 1736 1659 contione
1747 1606 1775 1652 to

416 1687 455 1749 de
488 1693 588 1749 morte
622 1685 800 1759 Saturnini,
834 1685 1059 1748 condemnatus
1093 1693 1154 1747 est:
1194 1691 1226 1747 et
1256 1685 1329 1746 Sex.
1361 1685 1478 1760 Titius,
1514 1685 1597 1769 quod
1627 1687 1738 1751 habuit

417 1779 587 1861 imaginem
609 1779 645 1841 l..
669 1779 830 1842 Saturnini
853 1779 937 1841 domi
961 1797 1054 1851 suae,
1076 1779 1303 1841 condemnatus
1325 1785 1381 1840 est.
1413 1779 1595 1844 Statuerunt
1616 1783 1738 1863 equites

415 1873 549 1936 Romani
569 1872 624 1937 illo
648 1871 765 1935 iudicio
788 1872 964 1955 improbum
987 1873 1089 1934 civem
1111 1893 1181 1935 esse
1203 1878 1235 1934 et
1257 1890 1320 1933 non
1342 1870 1541 1934 retinendum
1554 1874 1588 1935 in
1603 1875 1738 1948 civitate,

416 1967 470 2051 qui
490 1966 647 2041 bominis,
681 1966 829 2029 hostilem
853 1967 885 2028 iu
916 1966 1044 2029 modum
1073 1966 1230 2038 seditiosi,
1261 1967 1396 2047 imagine
1424 1972 1480 2027 aut
1507 1975 1639 2031 mortem
1669 1970 1738 2031 eius

415 2060 614 2136 honestaret,
652 2067 707 2122 aut
737 2060 893 2124 desideria
922 2061 1137 2143 imperitorum
1173 2059 1389 2122 misericordia
1425 2067 1649 2134 commoveret,
1684 2069 1776 2124 antro

416 2173 505 2217 suam
533 2153 726 2236 significaret
753 2154 922 2217 imitandae
952 2154 1162 2236 improbitatis
1190 2154 1394 2216 voluntatem.
1444 2150 1495 2215 25.
1525 2154 1635 2239 ltaque
1661 2155 1738 2218 mibi

416 2249 529 2311 mirum
545 2248 679 2321 videtur,
702 2247 786 2311 unde
801 2248 882 2311 hanc
896 2256 941 2320 tu,
963 2248 1113 2320 Labiene,
1135 2247 1313 2328 imaginem,
1336 2267 1429 2330 quam
1444 2247 1551 2321 babes,
1569 2249 1738 2312 inveneris.

416 2341 494 2403 Nam
517 2340 591 2403 Sex.
614 2342 698 2404 Titio
720 2341 884 2416 damnato,
908 2343 962 2424 qni
984 2341 1075 2403 istam
1096 2341 1214 2403 babere
1236 2340 1375 2414 auderet,
1397 2343 1544 2404 inventus
1566 2350 1616 2405 est
1635 2362 1738 2405 nemo.

417 2433 508 2509 Quod
531 2441 565 2496 tu
588 2435 614 2498 si
637 2434 781 2498 audisses
803 2441 859 2497 aut
880 2436 905 2498 si
927 2455 984 2516 per
1004 2440 1139 2497 aetatem
1162 2434 1242 2497 scire
1264 2435 1438 2518 potuisses,
1467 2455 1639 2518 numquam
1667 2455 1740 2520 pro·

417 2526 499 2590 lecto
528 2529 619 2591 istam
648 2529 831 2610 imaginem,
866 2549 948 2611 quae
974 2527 1060 2590 domi
1095 2529 1196 2611 posita
1218 2536 1339 2611 pestem
1367 2535 1464 2610 atque
1489 2529 1638 2591 exsilium
1666 2531 1778 2592 Seru

419 2621 502 2683 Titio
525 2621 702 2697 attulisset,
724 2623 757 2684 in
771 2629 872 2685 rostra
886 2629 981 2704 atque
997 2622 1221 2684 incentionem
1237 2620 1410 2694 attulisses,
1432 2640 1491 2683 nec
1505 2629 1575 2684 tuas
1589 2642 1739 2706 umquam

416 2715 555 2778 rationes
577 2716 616 2779 ad
640 2735 695 2779 eos
718 2714 866 2798 scopulos
888 2716 1081 2797 appulisses,
1103 2715 1142 2777 ad
1166 2734 1246 2797 qnos
1269 2715 1342 2776 Sex.
1365 2714 1440 2777 Titii
1460 2713 1608 2782 afflictam
1629 2735 1741 2779 navem

417 2815 449 2870 et
476 2809 508 2870 in
537 2809 653 2890 quibam
687 2809 719 2872 C.
740 2809 870 2872 Deciani
899 2807 1098 2890 naufragium
1128 2808 1324 2872 fortunarum
1353 2806 1488 2871 videres.
1538 2809 1600 2872 Sed
1629 2810 1663 2872 in
1690 2810 1741 2872 his

417 2902 511 2964 rebus
534 2904 680 2966 omnibus
702 2902 915 2985 imprudentia
936 2902 1062 2964 laberis.
1100 2903 1232 2966 Causam
1249 2902 1334 2964 enim
1348 2903 1515 2984 suscepisti
1530 2903 1741 2985 antiquiorem

418 2997 569 3058 memoria
602 3003 675 3059 tua:
713 3016 795 3079 quae
825 3015 919 3059 causa
946 3004 1017 3058 ante
1047 3005 1169 3059 mortua
1197 3004 1259 3069 est,
1293 3014 1387 3077 quam
1417 3003 1450 3057 tu
1477 3005 1569 3059 natus
1597 3016 1647 3058 es:
1679 3009 1778 3079 quasa

417 3088 451 3149 in
474 3109 568 3152 causa
589 3096 656 3152 tute
678 3089 821 3172 proiecto
843 3087 976 3164 luisses,
998 3083 1032 3152 si'
1047 3111 1106 3173 per
1125 3097 1259 3152 aetatem
1282 3108 1351 3150 esse
1373 3089 1548 3171 potuisses,
1578 3109 1647 3152 eam
1669 3109 1742 3153 cau-

418 3201 485 3245 sum
506 3185 539 3245 in
561 3183 712 3246 iudicium
735 3204 838 3247 vocas.
882 3180 933 3246 26.
959 3185 1007 3245 An
1030 3204 1095 3247 non
1116 3183 1283 3265 intelligis,
1311 3183 1461 3265 primurn,
1493 3204 1574 3266 quos
1595 3182 1741 3246 homines

419 3282 451 3338 et
471 3277 582 3358 quales
604 3277 688 3340 viros
711 3285 851 3340 mortuos
873 3280 987 3340 summi
1016 3278 1144 3339 sceleris
1172 3280 1309 3358 arguas‘l
1341 3275 1472 3350 deinde,
1503 3286 1581 3360 quot
1608 3297 1648 3340 ex
1681 3276 1742 3358 bis,

419 3372 473 3453 qui
496 3371 621 3445 vivunt,
644 3371 755 3435 eodem
778 3372 907 3434 crimine
929 3372 962 3434 iu
984 3391 1141 3432 summum
1163 3369 1337 3452 pericnlum
1353 3369 1465 3452 capitis
1479 3373 1640 3433 arcessas?
1661 3372 1741 3433 Nam

418 3465 445 3526 si
468 3464 501 3526 C.
524 3465 669 3528 Rabirius
689 3463 833 3527 fraudem
855 3463 1018 3547 capitalem
1041 3463 1187 3536 admisit,
1220 3463 1307 3546 quod
1334 3483 1419 3526 arma
1447 3472 1556 3527 contra
1576 3464 1611 3526 L.
1634 3464 1778 3527 Satur-so

418 3556 528 3620 ninum
552 3556 640 3630 tulit,
670 3558 745 3620 buic
776 3557 904 3640 quidem
934 3557 1045 3619 afferet
1064 3556 1203 3640 aliquam
1225 3556 1478 3639 deprecationem
1501 3557 1633 3640 periculi
1654 3565 1741 3621 aetus

417 3651 489 3725 illa,
521 3671 584 3734 qua
612 3657 679 3713 tum
707 3649 784 3713 init:
815 3649 854 3724 Q.
881 3669 956 3712 vero
987 3649 1148 3723 Catulum,
1177 3657 1297 3732 patrem
1327 3650 1438 3723 buius,
1466 3651 1499 3713 in
1528 3671 1593 3734 quo
1620 3671 1741 3714 summa

419 3745 592 3828 sapientia,
624 3743 741 3806 eximia
769 3743 886 3817 virtus,
923 3743 1091 3826 singularis
1119 3743 1299 3807 humanitas
1327 3743 1401 3818 init,
1439 3745 1480 3806 bl.
1508 3745 1659 3806 Scaurum
1688 3743 1743 3805 illa

419 3839 586 3922 gravitate,
614 3837 670 3900 illo
701 3838 852 3912 consilio,
881 3837 936 3900 illa
965 3836 1151 3920 prudentia,
1181 3837 1262 3900 duos
1283 3837 1422 3910 Mucios,
1450 3838 1486 3898 L.
1509 3837 1672 3912 Crassum,
1699 3839 1742 3901 bl.

418 3931 604 4004 Antonium,
634 3931 689 4014 qui
721 3941 786 3995 tum
813 3937 903 3995 extra
929 3932 1039 3994 urbem
1069 3950 1139 3994 cum
1168 3930 1325 4014 praesidio
1352 3930 1426 4003 luit,
1458 3950 1592 4013 quorum
1621 3931 1654 3992 in
1682 3931 1780 3994 bacae

419 4026 542 4089 civitate
564 4025 659 4106 longe
682 4027 818 4089 maxima
839 4026 972 4088 consilia
993 4032 1089 4108 atque
1111 4023 1239 4106 ingenia
1259 4023 1400 4097 luerunt,
1423 4029 1543 4087 ceteros
1557 4026 1626 4107 pari
1640 4024 1743 4107 digni·

419 4127 483 4183 tate
505 4119 681 4202 praeditos,
704 4118 852 4183 custodes
874 4120 1165 4202 gubernatoresque
1186 4117 1232 4180 rei
1254 4117 1415 4199 publicae,
1436 4137 1530 4200 quem
1551 4120 1591 4181 ad
1613 4118 1742 4182 modum

421 4220 560 4276 mortuos
583 4212 811 4276 defendemus?
844 4209 895 4275 27.
918 4211 1003 4287 Quid
1025 4213 1065 4275 de
1087 4212 1151 4274 illis
1172 4210 1403 4275 honestissimis
1413 4211 1490 4274 viris
1504 4218 1599 4293 atque
1614 4212 1743 4294 optimis

419 4307 557 4382 civibus,
579 4307 739 4391 equitibus
760 4307 926 4380 Romanis,
949 4304 1104 4379 dicemus,
1130 4306 1187 4387 qui
1209 4311 1275 4367 tum
1297 4324 1454 4367 unacum
1476 4312 1588 4368 senatu
1610 4305 1743 4368 salutem

484 4597 509 4648 Ξ.
527 4597 583 4647 voci
599 4595 672 4657 Slg:
694 4607 753 4643 coco
769 4594 784 4643 b
802 4594 902 4644 Oxonn.
922 4596 949 4644 et
965 4593 1020 4644 rell.
1040 4595 1118 4656 lagg.
1140 4620 1166 4627 -
1186 4594 1210 4643 6.
1228 4593 1265 4643 bis
1282 4592 1366 4652 adlr;
1389 4593 1444 4642 tal.
1465 4619 1491 4628 —
1512 4594 1550 4643 ll.
1569 4593 1746 4642 condonantur

419 4677 442 4723 ot
459 4671 521 4734 lom.
540 4672 582 4733 est)
601 4668 686 4729 tila,
706 4668 765 4717 tort.
784 4673 807 4718 et
823 4667 975 4718 delendum.
991 4695 1018 4706 -
1034 4669 1073 4719 ll.
1091 4669 1200 4732 imagine
1216 4668 1259 4718 ed.
1277 4667 1370 4719 Aldina
1382 4667 1458 4717 lblbz
1476 4666 1611 4731 imaginem
1621 4664 1700 4715 codd.
1715 4690 1742 4700 ·-

420 4747 461 4796 «6.
479 4746 628 4795 imitandam
645 4745 661 4793 S
679 4745 706 4793 et
723 4740 738 4792 l
755 4744 818 4792 ου.
838 4768 865 4778 -
886 4743 926 4793 ll.
945 4757 1021 4805 quum
1042 4750 1069 4794 tu
1089 4742 1163 4793 bobes
1183 4745 1236 4794 mei
1259 4746 1365 4808 praeter
1382 4743 1399 4793 l.
1419 4769 1446 4779 -
1465 4744 1506 4793 2⁰.
1528 4742 1633 4792 mcum
1654 4741 1745 4791 nesclo

421 4822 464 4884 qui
483 4819 553 4885 apud
570 4819 715 4871 llauutinm
732 4820 759 4868 et
770 4817 921 4867 Torrentius
939 4819 964 4868 in
982 4831 1065 4882 marg.
1081 4845 1109 4854 -
1122 4819 1163 4868 nt.
1175 4819 1304 4884 mquam]
1321 4818 1462 4880 laqueans.
1477 4841 1504 4852 -
1518 4815 1646 4880 muscos]
1663 4815 1748 4865 attulit

421 4895 548 4945 Balterns.
560 4921 587 4930 —-
599 4895 640 4944 25.
653 4906 678 4944 ea
689 4892 773 4943 idern:
793 4905 854 4943 esser
866 4893 957 4942 ceteri.
971 4915 997 4928 -
1012 4906 1064 4955 quo
1074 4891 1101 4941 ia
1112 4905 1190 4943 coeno
1201 4898 1252 4943 tnta
1258 4893 1371 4956 profecto
1380 4891 1475 4954 subus,
1493 4890 1569 4954 siper
1579 4894 1687 4941 oetatem
1697 4901 1747 4939 case

419 4969 550 5030 potuisses,
576 4983 632 5019 cam
647 4981 705 5019 non
720 4968 747 5018 in
764 4968 883 5017 iodicium
898 4980 987 5028 cocos,
1004 4983 1054 5017 oon
1070 4968 1187 5032 tnuldpis
1203 4971 1255 5019 etc.
1273 4969 1423 5036 suspicatur
1438 4967 1534 5018 Ravins
1554 4968 1613 5017 Ver.
1631 4967 1695 5016 lectt.
1713 4966 1745 5015 ll.

421 5058 448 5110 p.
461 5047 518 5097 tol.
533 5073 560 5082 -
573 5048 614 5098 27.
633 5046 752 5110 mtclbgis
768 5059 794 5095 n.
809 5070 837 5081 -
850 5044 891 5095 28.
910 5046 975 5107 qaod
991 5045 1017 5094 S.
1031 5069 1058 5077 -
1072 5055 1106 5093 ex
1120 5043 1158 5092 bis
1174 5043 1359 5108 setnnaggc
1378 5043 1452 5094 scits
1468 5040 1611 5104 egbiln,
1629 5042 1658 5089 nt
1674 5036 1746 5089 vide·

422 5123 478 5181 tur,
493 5123 519 5170 et
530 5123 549 5171 l.
559 5123 588 5171 0.
603 5148 629 5157 -
643 5123 685 5172 29.
696 5121 835 5184 potentum
845 5121 935 5184 cupitis
945 5121 1012 5171 mei:
1026 5118 1262 5181 cupltlrpeatculran
1273 5119 1331 5168 LO.
1344 5144 1371 5153 -
1385 5128 1499 5167 oceanas
1509 5117 1534 5165 S.
1550 5140 1578 5150 -
1591 5115 1633 5165 34.
1645 5115 1747 5178 etymol

422 5193 544 5244 Sllrmn
564 5198 591 5245 et
611 5209 627 5258 g
645 5208 731 5256 corr.;
748 5193 1012 5259 egerden-32.
1030 5194 1118 5244 tllotn
1134 5190 1229 5256 quael.
1242 5193 1334 5256 iurng.
1351 5190 1442 5244 bamb.
1462 5188 1544 5242 -34,
1561 5188 1654 5242 diatim
1669 5189 1695 5238 S.
1716 5215 1742 5225 -

422 5266 464 5319 38.
482 5270 588 5332 optantis
603 5267 664 5320 ilu.
