4367 6109
754 622 1082 691 cmxvm-xx.
1110 619 1334 707 sess-ce.
1667 620 1731 691 ur

403 801 487 861 stum
507 795 707 879 impiumque
727 793 847 857 bellum
868 793 986 857 inferre
1013 793 1132 857 conari.
1175 793 1301 858 Etenim
1322 793 1384 857 ista
1405 799 1576 877 quaestura
1597 795 1638 859 ad
1660 815 1732 860 eam

402 909 469 953 rem
482 887 583 963 valet,
605 896 641 952 ut
657 887 885 951 elaborandum
899 887 957 950 tibi
975 888 1009 950 in
1024 888 1149 951 ratione
1163 887 1326 950 reddenda
1341 887 1399 961 sit,
1424 889 1633 971 quamobrem
1646 910 1733 965 eum,

402 983 453 1049 cui
474 990 627 1068 quaestor
645 981 761 1055 fueris,
784 1000 928 1044 accuses:
950 1002 1016 1044 non
1038 989 1075 1043 ut
1097 982 1222 1044 obeam
1244 983 1346 1064 ipsam
1361 1001 1489 1045 causam
1502 982 1732 1064 postulandum

400 1079 456 1153 sit,
484 1083 521 1139 ut
548 1075 605 1139 tibi
629 1075 828 1159 potissimum
858 1075 1014 1138 accusatio
1037 1074 1139 1137 detur.
1182 1076 1292 1158 Neque
1320 1076 1387 1139 fere
1414 1094 1567 1159 umquam
1592 1075 1733 1140 venitin

400 1170 633 1234 contentionem
667 1168 707 1232 de
740 1167 933 1243 accusando,
965 1170 1021 1252 qui
1052 1176 1202 1251 quaestor
1234 1168 1362 1244 fuisset,
1396 1168 1473 1251 quin
1500 1168 1771 1252 repudiaretur-s

400 1260 452 1327 63.
473 1264 585 1346 ltaque
607 1283 713 1349 neque
735 1264 771 1326 L.
793 1262 917 1325 Philoni
942 1263 975 1327 in
998 1263 1031 1325 C.
1055 1263 1223 1325 Servilium
1246 1262 1383 1326 nominis
1408 1262 1570 1326 deferendi
1592 1270 1733 1346 potestas

400 1365 447 1422 est
469 1357 542 1420 data
562 1377 669 1442 neque
690 1359 732 1421 Μ.
753 1355 881 1419 Aurelio
904 1357 1022 1419 Scauro
1045 1358 1077 1419 in
1100 1356 1136 1417 L.
1158 1356 1305 1418 Flaccum
1326 1375 1436 1440 neque,
1456 1356 1511 1419 Cn.
1526 1357 1678 1441 Pompeio
1698 1357 1734 1421 in

398 1453 436 1513 T.
446 1449 632 1527 Albucium;
658 1471 794 1535 quorum
815 1470 910 1513 nemo
932 1458 1063 1533 propter
1083 1449 1304 1531 indignitatem
1324 1449 1510 1533 repudiatus
1532 1458 1590 1526 est,
1612 1450 1669 1514 sed
1691 1470 1734 1516 ne

399 1544 497 1607 libido
518 1543 685 1608 violandae
707 1543 951 1609 necessitudinis
966 1542 1152 1606 auctoritate
1174 1542 1314 1605 iudicum
1329 1543 1595 1626 comprobaretur.
1626 1545 1733 1629 Atque

397 1638 452 1701 ille
481 1638 537 1702 Cn.
560 1639 731 1721 Pompeius
760 1639 803 1700 ita
826 1657 897 1699 cum
920 1637 953 1700 C.
975 1637 1056 1699 lulio
1079 1635 1256 1709 contendit,
1284 1643 1321 1699 ut
1341 1644 1376 1698 tu
1397 1657 1531 1700 mecum.
1575 1639 1771 1714 Quaestoro

399 1735 484 1796 enirn
505 1732 630 1795 Albucii
650 1731 769 1806 fuerat,
791 1738 827 1794 ut
847 1738 882 1793 tu
903 1730 1020 1792 Verris.
1064 1728 1162 1792 Iulius
1190 1729 1251 1791 hoc
1272 1749 1380 1792 secum
1402 1731 1597 1795 auctoritatis
1619 1730 1658 1794 ad
1682 1750 1734 1792 ac-

399 1825 575 1890 cusandum
597 1824 765 1900 afferebat,
795 1824 898 1908 quod,
926 1831 961 1885 ut
981 1823 1043 1885 hoc
1064 1831 1206 1905 tempore
1227 1843 1286 1885 nos
1308 1823 1348 1886 ab
1371 1823 1501 1900 Siculis,
1524 1825 1569 1888 sic
1590 1831 1658 1889 tum
1678 1822 1734 1887 ille

399 1919 439 1982 ab
461 1917 570 1983 Sardis
591 1925 721 2000 rogatus
742 1917 782 1980 ad
805 1936 931 1980 causam
953 1922 1139 1979 accesserat.
1181 1917 1313 2000 Semper
1340 1917 1420 1981 baec
1442 1939 1538 1982 causa
1562 1918 1733 2001 plurimum

398 2012 513 2087 valuit,
545 2030 671 2094 semper
696 2010 775 2074 baec
804 2011 884 2073 ratio
913 2010 1083 2073 accusandi
1104 2009 1165 2071 fuit
1186 2011 1425 2086 honestissima,
1453 2032 1511 2094 pro
1533 2012 1643 2086 sociis,
1674 2031 1732 2094 pro

398 2106 501 2169 salute
527 2106 727 2188 provinciae,
755 2126 812 2187 pro
841 2112 1019 2166 exterarum
1049 2104 1212 2166 nationum
1234 2104 1408 2168 commodis
1432 2106 1613 2169 inimicitias
1635 2105 1771 2170 susci-to

397 2217 492 2282 pere,
520 2198 562 2261 ad
589 2199 766 2280 periculum
798 2199 964 2272 accedere,
994 2216 1139 2279 operam,
1169 2196 1327 2273 studium,
1356 2197 1498 2260 laborem
1519 2198 1732 2281 interponere.

397 2293 470 2356 XX.
493 2288 546 2355 64.
567 2293 692 2356 Etenim
717 2293 744 2354 si
765 2291 939 2375 probabilis
954 2298 1003 2354 est
1017 2311 1127 2353 eorum
1143 2311 1254 2365 causa,
1277 2294 1333 2374 qui
1347 2292 1478 2354 iniurias
1493 2310 1568 2354 suas
1582 2293 1733 2375 persequi

399 2386 525 2462 volunt,
549 2387 660 2471 quain
674 2405 709 2448 re
725 2385 827 2448 dolori
843 2405 919 2459 suo,
941 2404 1006 2447 non
1021 2385 1067 2446 rei
1081 2383 1229 2467 publicae
1244 2385 1418 2448 commodis
1433 2386 1589 2448 serviunt:
1611 2392 1733 2469 quanto

398 2480 452 2546 illa
480 2480 645 2545 honestior
675 2499 770 2543 causa
799 2486 864 2554 est,
894 2497 976 2562 quae
1006 2498 1070 2540 non
1093 2477 1196 2540 solum
1218 2477 1390 2559 probabilis
1411 2478 1528 2552 videri,
1558 2477 1733 2541 sedetiam

398 2583 486 2658 grata
509 2594 579 2638 esse
602 2574 711 2647 debet,
738 2574 827 2637 nulla
855 2573 1003 2657 privatim
1031 2580 1161 2654 accepta
1182 2571 1298 2635 iniuria
1318 2572 1475 2635 sociorum
1496 2570 1594 2656 atque
1616 2573 1771 2641 amico-so

397 2690 467 2732 rum
489 2668 600 2751 populi
622 2669 755 2731 Romani
777 2667 887 2731 dolore
908 2675 1005 2750 atque
1026 2666 1150 2730 iniuriis
1172 2666 1388 2729 commoverit
1418 2667 1529 2748 Nuper
1549 2686 1622 2728 cum
1643 2666 1677 2728 in
1698 2667 1733 2727 P.

398 2763 567 2827 Gabinium
588 2764 637 2825 vir
656 2763 847 2826 fortissimus
869 2770 901 2824 et
922 2761 1216 2835 innocentissimus,
1244 2760 1280 2821 L.
1302 2760 1393 2834 Piso,
1418 2758 1610 2822 delationem
1631 2760 1734 2822 nomi·

398 2860 446 2921 nis
467 2855 647 2940 postularet
668 2865 700 2919 et
721 2863 832 2919 contra
855 2856 893 2931 Q.
918 2855 1074 2919 Caecilius
1097 2860 1219 2939 peteret
1239 2856 1333 2937 isque
1354 2875 1389 2917 se
1408 2860 1532 2917 veteres
1553 2853 1733 2917 inimicitias

397 2953 459 3015 iam
490 2950 547 3013 diu
576 2958 740 3034 susceptas
769 2950 919 3033 persequi
943 2949 1076 3024 diceret,
1107 2969 1178 3011 cum
1201 2948 1371 3012 auctoritas
1395 2956 1427 3012 ct
1448 2948 1586 3031 dignitas
1607 2945 1733 3009 Pisonis

397 3044 522 3108 valebat
543 3043 731 3126 plurimum,
754 3051 821 3107 tum
843 3043 898 3105 illa
920 3051 986 3106 erat
1009 3061 1106 3105 causa
1127 3042 1315 3117 iustissima,
1338 3043 1425 3127 quod
1447 3063 1521 3107 eum
1540 3042 1600 3106 sibi
1613 3040 1771 3111 Achaeias

398 3146 567 3221 patronum
588 3137 787 3220 adoptarent.
831 3135 881 3199 65.
911 3139 1036 3200 Etenim
1059 3157 1131 3199 cum
1153 3135 1207 3197 lex
1228 3136 1298 3219 ipsa
1319 3135 1359 3199 de
1381 3138 1526 3220 pecuniis
1547 3135 1733 3219 repetrmdis

397 3233 555 3295 sociorum
578 3240 675 3314 atque
697 3233 871 3295 amicorum
893 3231 1003 3315 populi
1025 3231 1160 3293 Romani
1181 3238 1314 3312 patrona
1335 3232 1393 3306 sit,
1422 3232 1570 3316 iniquum
1598 3236 1732 3294 estnon

398 3346 471 3390 eum
501 3324 580 3407 legis
610 3325 785 3409 iudiciique
814 3332 953 3389 actorem
982 3324 1132 3387 idoneum
1162 3323 1299 3385 maxime
1320 3325 1444 3406 putari,
1476 3344 1571 3408 quem
1593 3331 1732 3387 actorem

397 3437 512 3483 causae
542 3438 619 3482 suae
649 3420 728 3483 socii
757 3419 1021 3503 defensoremque
1051 3418 1250 3482 fortunarum
1279 3437 1409 3481 suarum
1437 3420 1636 3502 potissimum
1662 3438 1733 3482 esse

396 3513 578 3576 voluerunt.
620 3513 672 3575 An
694 3513 782 3597 quod
804 3513 844 3575 ad
867 3512 1179 3576 commemorandum
1202 3517 1251 3573 cst
1271 3512 1454 3586 honestius,
1477 3512 1511 3574 id
1533 3513 1573 3576 ad
1596 3513 1770 3596 proban-ao

397 3606 472 3669 dum
494 3626 560 3669 non
582 3606 682 3669 multo
704 3607 804 3671 videri
826 3607 921 3670 debet
942 3608 1098 3689 aequiust
1127 3605 1203 3668 Utra
1230 3606 1326 3687 igitur
1348 3611 1398 3668 est
1418 3605 1633 3688 splendidior,
1660 3613 1734 3669 utra

395 3700 550 3763 illustrior
578 3701 860 3764 commemoratio?
895 3700 1051 3762 Accusavi
1073 3719 1161 3772 eum,
1191 3699 1243 3762 cui
1266 3708 1417 3782 quaestor
1436 3698 1576 3775 fueram,
1603 3701 1733 3784 quicum

396 3814 447 3857 me
469 3813 539 3857 sors
561 3795 823 3878 consuetudoque
846 3797 1017 3868 maiorum,
1046 3793 1177 3877 quicum
1206 3813 1255 3855 me
1279 3792 1411 3856 deorum
1432 3792 1662 3878 bominumque
1684 3794 1733 3857 iu-

397 3886 514 3951 dicium
543 3890 777 3951 coniunxerat?
808 3909 865 3951 an:
898 3888 1052 3951 Accusavi
1081 3893 1193 3968 rogatu
1222 3888 1382 3950 sociorum
1411 3893 1509 3971 atque
1540 3888 1732 3963 amicorum3

398 3980 540 4045 delectus
562 4002 632 4045 sum
655 3982 695 4045 ab
716 3982 866 4046 universa
886 3982 1065 4066 provincia,
1088 3983 1144 4064 qui
1167 3981 1237 4045 eius
1259 3982 1328 4044 iura
1349 3980 1559 4064 fortunasque
1581 3980 1771 4051 deiende-sa

397 4077 484 4138 rem?
517 4075 669 4138 Dubitare
688 4077 859 4159 quisquam
882 4083 1001 4159 potest,
1027 4078 1106 4160 quin
1126 4074 1293 4138 honestius
1308 4076 1365 4148 sit,
1385 4093 1494 4138 eorum
1512 4096 1625 4151 causa,
1646 4075 1733 4160 apud

398 4188 479 4251 quos
501 4176 652 4252 quaestor
673 4169 788 4246 lucris,
811 4190 907 4255 quam
930 4191 1019 4243 eum,
1043 4171 1133 4232 cuius
1157 4175 1308 4252 quaestor
1328 4167 1443 4243 fueris,
1464 4172 1637 4233 accusaret
1681 4168 1732 4232 66.

399 4260 570 4326 Clarissimi
590 4264 649 4326 riri
671 4271 799 4327 nostrae
821 4265 956 4328 civitatis
979 4264 1176 4345 temporibus
1191 4263 1320 4345 optimis
1341 4263 1402 4326 hoc
1426 4262 1486 4326 sibi
1500 4263 1732 4345 amplissimum

398 4354 710 4440 pulcherrimumque
734 4357 907 4432 ducebant,
929 4357 971 4420 ab
993 4358 1172 4439 hospitibus
1194 4357 1429 4439 clientibusque
1449 4357 1531 4430 suis,
1553 4355 1593 4419 ab
1616 4356 1732 4421 exteris

397 4449 590 4525 nationibus,
607 4453 736 4534 quaein
751 4453 920 4515 amicitiam
935 4450 1047 4534 populi
1067 4452 1200 4514 Romani
1217 4450 1441 4533 dicionemque
1456 4459 1578 4526 essent,
1600 4453 1770 4523 iniuriosae

463 4661 488 4711 o.
506 4662 548 4711 cut
568 4667 685 4724 questos·
704 4662 783 4726 {neme
801 4664 845 4726 Lg.
864 4665 889 4714 3.
909 4665 936 4713 et
953 4662 1014 4713 edd.
1033 4665 1094 4713 Asc.
1114 4660 1172 4713 coll.
1191 4661 1215 4725 5.
1234 4662 1282 4713 65:
1307 4662 1352 4725 out
1373 4667 1491 4725 quaestor
1510 4663 1564 4714 ctas
1578 4663 1657 4726 mets
1672 4658 1730 4715 rell.

398 4735 476 4787 codd.
496 4735 618 4795 Tulliani;
637 4750 693 4786 cum
708 4751 733 4799 q.
750 4732 770 4794 s.
787 4736 846 4786 cod.
864 4737 937 4788 Leid.
951 4739 1070 4795 Asconii,
1088 4751 1146 4787 cum
1163 4737 1207 4800 qut
1223 4742 1317 4799 quoad.
1329 4738 1349 4800 f.
1363 4737 1406 4788 ed.
1420 4751 1460 4802 pr.
1472 4741 1545 4800 Asc,
1563 4737 1732 4802 qunedorctst

396 4812 416 4876 s.
434 4811 464 4861 0.
479 4837 506 4846 -
527 4810 551 4860 6.
568 4811 677 4861 Ptetbom'
689 4812 725 4862 37
736 4827 765 4873 ς;
782 4813 864 4862 Ptsosu
876 4812 926 4872 Ld;
942 4814 1040 4875 platoni
1055 4813 1095 4862 vet
1108 4813 1178 4877 mont
1196 4813 1241 4861 Gt.
1257 4837 1284 4845 —
1305 4811 1344 4860 49.
1363 4812 1486 4864 honestior
1502 4826 1582 4863 corase
1598 4818 1633 4863 cst
1644 4813 1676 4863 ol
1689 4810 1732 4863 21

398 4886 480 4950 Laid:
498 4885 556 4936 bon.
574 4891 608 4936 est
624 4899 645 4935 c.
659 4889 727 4949 ς(7);
746 4900 827 4937 causo
843 4889 967 4938 bonottor
983 4887 1032 4939 dtt.
1042 4889 1072 4939 0.
1088 4915 1116 4924 -
1134 4889 1176 4938 tl.
1195 4887 1291 4936 intorto
1307 4889 1457 4938 commoueat
1469 4886 1561 4939 Claud.
1575 4888 1635 4937 Sec.
1647 4899 1675 4950 p.
1688 4886 1729 4937 73.

399 4986 427 4998 -
446 4960 487 5013 il.
506 4975 538 5011 oe
554 4961 622 5025 dtqo.
640 4961 709 5024 ngas
727 4960 759 5012 al.
781 4990 807 4999 —
827 4964 868 5013 25.
886 4977 966 5013 causo
982 4969 1038 5013 eret
1056 4963 1103 5013 Gt.
1124 4990 1151 4999 -
1170 4963 1212 5012 27.
1227 4967 1341 5025 patrono
1356 4965 1388 5013 ait
1405 4964 1437 5013 Gt
1450 4961 1515 5025 7λς
1532 4960 1591 5013 coll.
1612 4961 1645 5012 de
1657 4962 1729 5012 Orat.

398 5038 428 5088 ll.
447 5035 472 5101 S.
485 5036 549 5086 ⁴99:
572 5041 686 5099 petroso
706 5044 856 5100 comparata
871 5039 903 5088 stt
918 5039 973 5097 st.;
998 5051 1078 5087 causo
1093 5042 1244 5100 comparato
1259 5038 1291 5087 stt
1308 5037 1327 5086 L
1345 5050 1378 5087 ex
1395 5037 1454 5088 cod.
1470 5040 1514 5101 (7);
1541 5051 1621 5088 cnoro
1633 5042 1732 5101 puoto

399 5113 430 5173 (a.
445 5111 558 5174 patrato)
576 5113 607 5161 stt
624 5110 672 5161 dtt.
688 5136 716 5148 -
736 5112 776 5162 37.
796 5113 837 5162 cot
853 5127 911 5163 mem
928 5127 970 5174 qu.
989 5113 1049 5164 cod.
1069 5115 1125 5167 Urs.
1143 5141 1171 5150 ·-
1189 5112 1230 5165 at.
1248 5113 1434 5164 coniunxerant
1445 5112 1515 5171 Gar.
1542 5115 1576 5163 At
1591 5110 1731 5177 singularis

397 5187 424 5237 ln
441 5185 575 5251 anaphora
593 5187 686 5251 aptior.
705 5186 738 5236 ct.
757 5200 806 5238 nos
823 5187 857 5238 ad
876 5190 981 5238 Caecin.
1001 5189 1025 5252 5.
1044 5188 1102 5240 lot.
1121 5189 1149 5238 et
1165 5189 1191 5238 in
1209 5191 1354 5239 comment.
1373 5188 1407 5239 de
1424 5186 1484 5238 cod.
1503 5189 1629 5251 Tegerns.
1647 5200 1673 5251 p.
1687 5187 1730 5237 it.

400 5287 427 5297 -
446 5259 487 5310 37.
514 5259 631 5310 cuturn
642 5274 763 5312 measure
789 5261 880 5313 Claud.
899 5265 959 5313 Soc.
978 5276 1004 5327 p.
1018 5263 1058 5314 73.
1080 5290 1108 5300 -
1135 5262 1176 5314 38.
1195 5263 1291 5314 οἱαήυ.
1306 5290 1344 5303 --
1355 5263 1477 5315 ducebant
1493 5263 1561 5313 Non.
1579 5275 1606 5327 p.
1625 5261 1684 5314 28³.
1701 5289 1729 5299 -

395 5332 437 5386 td.
455 5334 542 5399 aaut]
563 5336 682 5389 emmau
698 5336 758 5389 cod.
777 5337 833 5394 Urs.
851 5335 885 5390 ct.
904 5338 936 5389 11.
955 5337 980 5404 5.
994 5337 1034 5390 67.
