4367 6109
455 549 496 618 82
761 548 913 617 ORATIO
930 546 1013 617 PRO
1034 547 1075 627 Q.
1095 547 1242 615 nostro
1266 546 1462 614 COMOEDO

455 720 637 796 Societatis,
669 738 734 782 non
763 737 835 783 suas
861 718 933 783 lites
961 719 1111 796 redemit,
1144 739 1215 783 cum
1242 718 1376 783 fundum
1403 715 1553 782 aFlavio
1574 713 1708 798 accepit.
1729 746 1771 765 -

454 816 541 893 Quid
571 817 614 878 ita
642 813 716 877 satis
744 832 809 875 non
837 813 939 889 dedit,
973 834 1106 879 mensos
1134 814 1509 879 nnu1uaurar1rvnurtl
1552 809 1616 889 Qui
1644 810 1685 875 de
1714 830 1771 876 sua

453 919 542 993 parte
576 906 711 983 decidit,
745 907 878 991 reliquis
910 908 1064 992 integram
1096 908 1250 994 relinquit
1282 910 1461 973 actionem:
1495 907 1549 991 qui
1582 926 1641 990 pro
1675 906 1769 970 sociis

453 1003 611 1085 transigit,
633 1003 708 1072 satis
731 1002 801 1078 dat,
823 1002 981 1066 neminem
1004 1023 1114 1067 corium
1134 1011 1246 1087 postea
1267 1004 1449 1087 petiturum.
1487 1001 1572 1078 Quid
1594 999 1640 1064 ita
1661 1000 1768 1064 Fluvio

430 1098 513 1160 tsibi
536 1116 645 1160 cavere
666 1117 732 1160 non
752 1097 895 1160 venitin
923 1101 1082 1161 mentem?
1117 1098 1284 1162 Nesciebat
1303 1098 1452 1162 videlicet
1472 1096 1652 1180 Panurgum
1672 1093 1769 1158 fuisse

452 1189 484 1252 in
513 1190 686 1253 societate?
721 1190 855 1254 Sciebat.
891 1192 1059 1256 Nesciebat
1086 1192 1241 1255 Fannium
1262 1192 1377 1256 Roscio
1407 1211 1478 1255 asse
1503 1191 1646 1254 socium?
1679 1190 1770 1252 Prae-

451 1283 549 1346 clare:
579 1304 651 1347 nam
679 1285 740 1371 iste
761 1305 833 1348 oum
855 1304 893 1348 eo
915 1284 1003 1348 litem
1025 1293 1233 1350 contestatam
1253 1287 1399 1350 habebat
1442 1281 1493 1349 36.
1513 1285 1579 1350 Cur
1599 1282 1698 1367 igitur
1718 1282 1770 1346 de·

451 1379 529 1442 cidit
560 1387 592 1442 et
619 1399 684 1443 non
709 1380 930 1463 restipulatur,
961 1383 1121 1445 neminem
1142 1381 1279 1465 amplius
1300 1379 1498 1463 petiturum?
1531 1398 1588 1442 cur
1609 1377 1649 1442 de
1671 1375 1768 1441 brndo

451 1472 576 1537 decedit
597 1481 629 1536 et
649 1475 768 1538 iudicio
784 1494 848 1538 non
865 1474 1059 1538 absolvitur?
1082 1481 1215 1537 curtam
1232 1472 1376 1556 imperite
1390 1472 1476 1548 iacit,
1497 1479 1533 1537 ut
1547 1490 1606 1535 nec
1619 1470 1768 1535 Roscium

414 1575 442 1622 ⁴0
451 1567 656 1650 stipulatione
685 1568 793 1652 alliget
820 1589 924 1653 neque
952 1588 972 1632 a
998 1569 1120 1631 Fannio
1149 1567 1268 1632 iudicio
1291 1589 1325 1632 se
1347 1568 1515 1631 absolvat?
1558 1562 1609 1629 37.
1631 1566 1690 1629 Est
1709 1564 1770 1628 hoc

451 1661 587 1745 primum
610 1672 641 1726 et
662 1683 703 1726 ex
724 1662 912 1726 condicione
933 1663 1067 1726 iuris.et
1087 1683 1128 1726 ex
1142 1663 1373 1726 consuetudine
1387 1660 1543 1725 cautionis
1557 1657 1770 1723 firmissimum

386 1827 389 1839 ⁸
452 1765 483 1820 et
504 1759 725 1840 gravissimum
748 1763 984 1840 argumentum,
1012 1758 1099 1841 quod
1121 1776 1180 1840 ego
1202 1756 1347 1840 pluribus
1367 1756 1473 1820 verbIs
1494 1755 1715 1838 amplecterer,
1743 1749 1770 1814 si

450 1870 515 1912 non
537 1851 600 1915 alia
621 1853 757 1915 certiora
778 1858 810 1915 et
831 1850 964 1914 clariora
985 1852 1169 1915 testimonia
1189 1851 1222 1914 in
1245 1871 1339 1914 causa
1360 1850 1519 1913 haberem.
1562 1847 1649 1911 XIII.
1670 1845 1711 1909 Et
1730 1863 1770 1908 ne

449 1943 531 2007 t'orte
552 1964 603 2008 me
623 1946 686 2010 hoc
707 1946 824 2010 frustra
845 1945 1021 2028 pollicitum
1046 1966 1116 2010 esse
1138 1945 1318 2029 praedices,
1344 1952 1391 2020 te,
1414 1951 1462 2019 te,
1483 1945 1630 2028 inquam,
1652 1939 1769 2014 Fanni,

414 2037 490 2099 asab
513 2040 576 2102 tuis
599 2040 758 2104 subselliis
780 2045 943 2104 contrata
965 2047 1076 2102 testem
1099 2040 1268 2103 suscitabo.
1313 2038 1496 2101 CrimInatio
1518 2045 1574 2101 tua
1595 2055 1679 2121 qnae
1700 2036 1770 2097 esti

450 2132 600 2196 Roscium
632 2155 704 2197 cum
735 2135 843 2198 Flavio
871 2153 930 2216 pro
960 2134 1111 2197 societate
1138 2134 1303 2198 decidisse.
1347 2133 1419 2209 Quo
1447 2135 1615 2215 tempore?
1646 2129 1770 2194 Abhinc

451 2226 542 2289 annis
563 2247 616 2290 xv.
658 2225 809 2292 Defensio
832 2246 903 2290 mea
925 2246 1007 2311 quae
1029 2232 1098 2291 esti
1141 2228 1291 2313 Roscium
1312 2246 1370 2309 pro
1392 2245 1450 2290 sua
1470 2234 1560 2309 parte
1574 2245 1646 2289 cum
1661 2222 1770 2288 Flavio

450 2321 650 2404 transegisse.
687 2322 890 2404 Ilepromittis
912 2328 946 2384 tu
968 2322 1082 2385 abhinc
1099 2322 1268 2386 triennium
1283 2321 1408 2385 Roscio.
1441 2320 1547 2397 Quint
1567 2321 1666 2384 recita
1678 2318 1771 2381 istam

450 2415 723 2498 restipulationem
754 2416 880 2479 clarius.
921 2417 1073 2493 Attouda,
1103 2436 1239 2502 quaeso,
1267 2416 1351 2479 Piso.
1393 2415 1549 2478 Fannium
1577 2413 1712 2478 inritum
1740 2416 1773 2473 et

414 2510 512 2572 uhuc
534 2517 629 2595 atque
651 2510 728 2575 illuc
749 2511 1009 2594 tergiversantem
1030 2510 1247 2575 testimonium
1268 2515 1379 2573 contm
1392 2529 1427 2573 se
1442 2508 1548 2573 dicere
1562 2527 1652 2592 cogo.
1686 2505 1772 2582 Quid

452 2606 537 2669 enim
559 2606 758 2689 restipulatio
781 2606 918 2669 clamati
954 2605 1044 2682 Qvon
1068 2628 1089 2671 a
1111 2606 1230 2670 Futuro
1252 2624 1449 2679 ursmaro,
1473 2624 1601 2668 rursus
1621 2620 1773 2667 ntrarnmt

450 2721 523 2765 runa
546 2704 664 2766 Roscio
687 2719 731 2766 ua
755 2721 938 2765 sonvrvnvu
961 2721 1110 2766 oronnae.
1144 2699 1514 2774 Tuauoxest‚1⁴'anni.
1555 2696 1607 2762 38.
1629 2697 1717 2775 Quid
1737 2703 1772 2760 tu

449 2794 572 2858 auferre
601 2803 692 2878 potes
721 2816 740 2858 a
768 2795 895 2869 Flavio,
929 2794 955 2858 si
984 2795 1110 2859 Flavius
1134 2794 1215 2857 nibil
1237 2793 1356 2857 debetl
1393 2793 1477 2869 Quid
1495 2794 1548 2857 hic
1569 2813 1666 2877 porro
1687 2810 1772 2855 nunc

449 2888 670 2971 restipulatur,
693 2890 780 2974 quod
802 2890 865 2953 iam
886 2888 1009 2972 pridem
1030 2891 1099 2972 ipse
1122 2888 1252 2970 exegit?
1286 2887 1371 2963 Quid
1391 2906 1467 2950 vero
1490 2886 1616 2950 Flauius
1637 2884 1695 2949 tibi
1718 2885 1772 2947 da·

412 2988 540 3046 liturus
570 2991 632 3058 cst,
662 2986 717 3069 qui
744 2984 860 3048 Roscio
888 2994 997 3057 omne,
1025 2984 1112 3067 quod
1144 2982 1268 3055 debuit,
1298 2980 1468 3044 dissolvit?
1512 2980 1575 3044 Cur
1596 2981 1630 3043 in
1651 3000 1686 3044 re
1708 2985 1772 3042 um

449 3084 571 3152 vetere,
593 3077 627 3139 in
649 3079 784 3161 negotio¹
799 3079 862 3140 iam
884 3077 1046 3151 consecto,
1076 3077 1110 3139 in
1131 3076 1283 3139 societate
1303 3075 1456 3138 dissoluta
1477 3094 1562 3139 nova
1580 3075 1660 3138 baec
1681 3071 1772 3136 resti·

449 3171 570 3253 pulatio
592 3171 830 3254 interponitur?
874 3172 954 3248 Quis
977 3179 1023 3234 est
1044 3172 1141 3234 buius
1162 3170 1412 3252 restipulationis
1434 3169 1583 3252 scriptor,
1610 3167 1701 3232 testis
1723 3186 1772 3230 ar-

447 3264 617 3348 biterquei
652 3267 713 3340 Tu,
736 3267 820 3329 Piso.
843 3267 891 3329 Tu
914 3266 998 3328 enim
1021 3266 1060 3342 Q.
1075 3264 1225 3328 Roscium
1247 3285 1305 3347 pro
1328 3283 1442 3346 opera,
1463 3283 1521 3348 pro
1536 3261 1662 3339 labore,
1686 3261 1773 3347 quod

449 3359 595 3441 cognitor
616 3358 743 3435 suisset,
767 3361 854 3445 quod
875 3361 1058 3424 vadimonia
1080 3360 1217 3434 obisset,
1246 3359 1379 3442 rogasti,
1402 3366 1438 3421 ut
1458 3359 1579 3422 Fannio
1601 3359 1693 3423 daret
1713 3354 1772 3421 ala

411 3451 472 3531 ut†
488 3469 616 3512 cccrnon
630 3453 691 3516 bac
707 3453 906 3528 condicione,
928 3461 980 3530 ut,
1002 3455 1029 3519 si
1046 3454 1124 3538 quid
1139 3455 1194 3517 illo
1210 3454 1368 3537 exegisset
1383 3473 1402 3517 a
1416 3454 1542 3528 Flavio,
1564 3462 1687 3535 partem
1705 3451 1773 3515 eius

450 3544 614 3608 dimidiam
636 3547 751 3611 Roscio
774 3548 971 3612 dissolveret.
1008 3548 1132 3613 Satisne
1147 3549 1218 3632 ipsa
1238 3548 1436 3631 restipulatio
1453 3547 1557 3611 dicere
1577 3546 1636 3611 tibi
1651 3546 1775 3612 videtur

449 3645 576 3721 aperte,
599 3640 747 3703 Roscium
769 3661 827 3726 pro
851 3661 884 3705 se
906 3642 1084 3706 decidisset
1119 3641 1170 3707 39.
1191 3645 1232 3707 At
1254 3644 1338 3707 enim
1359 3643 1491 3707 forsitan
1513 3642 1575 3706 hoc
1596 3640 1655 3704 tibi
1668 3638 1775 3705 tenid

515 3833 540 3882 2.
560 3833 697 3894 0013οα0
721 3834 781 3884 satis
800 3833 885 3888 Aba.
913 3835 950 3886 ct.
970 3835 994 3899 5.
1014 3838 1053 3886 ll.
1072 3838 1100 3888 et
1115 3836 1157 3889 ti.
1172 3865 1199 3874 —
1220 3852 1324 3890 uraris
1341 3851 1461 3890 namura
1477 3838 1649 3890 Garatontuu:
1669 3847 1774 3888 mun

449 3921 464 3958 a
480 3919 512 3959 ss
528 3921 647 3959 nutura
664 3923 726 3961 cum
744 3909 881 3962 codicibus
897 3908 985 3970 1100,
1001 3925 1107 3963 aarum
1122 3926 1154 3962 ar
1169 3926 1203 3964 ao
1217 3927 1337 3965 nutura
1348 3916 1375 3974 L,
1392 3926 1497 3967 ausuras
1507 3923 1700 3966 manuam
1710 3911 1775 3962 Boll-

451 3994 585 4034 moraeus.
612 3984 651 4035 ct.
669 3998 695 4034 v.
713 3985 738 4036 8.
758 4011 787 4022 -
810 3986 853 4046 qui
870 3985 891 4034 si
906 3999 954 4036 aaa
969 3989 1000 4037 A.
1021 4015 1048 4024 -
1072 3987 1096 4038 ³.
1114 3989 1239 4054 relinquit}
1262 3991 1362 4052 reliquit
1378 3991 1499 4041 uGltA.
1522 4017 1549 4026 -
1564 4002 1614 4051 pru
1629 3986 1711 4053 mili]
1724 3999 1774 4050 pru

449 4059 524 4107 roscii
540 4073 567 4108 α.
583 4086 611 4095 -
629 4058 653 4110 l.
673 4060 737 4121 Quid
753 4058 811 4109 ita?
827 4060 914 4110 Fluvio
930 4059 1019 4114 atAt.
1047 4061 1085 4112 ct.
1105 4075 1130 4113 v.
1148 4064 1172 4113 3.
1194 4092 1221 4101 -
1239 4066 1264 4116 tt.
1281 4070 1361 4115 mente
1376 4066 1438 4116 ubl.
1454 4092 1482 4102 ·-
1500 4064 1525 4115 8.
1544 4064 1614 4115 Fort.
1632 4063 1743 4127 anplius
1757 4074 1776 4113 a

449 4145 475 4181 ss
488 4133 637 4195 petiturum,
661 4136 691 4184 ut
706 4132 790 4184 uerba
807 4145 887 4198 sopra
900 4137 933 4197 (v.
946 4136 981 4199 2.)
998 4133 1084 4186 deletu
1097 4136 1159 4187 hinc
1170 4136 1231 4189 illuc
1243 4141 1398 4204 transposita
1410 4141 1469 4192 sint.
1485 4167 1512 4176 -
1530 4139 1555 4190 9.
1567 4139 1660 4189 decedi
1675 4137 1773 4189 utiA:

450 4207 539 4257 decidit
555 4207 671 4263 muto.
693 4237 720 4246 -
747 4209 799 4274 nec]
825 4224 856 4260 ne
876 4212 967 4261 aGbl.
987 4238 1015 4248 —
1039 4212 1079 4261 10.
1097 4211 1149 4276 list]
1171 4214 1204 4263 Et
1220 4217 1249 4265 A.
1270 4242 1298 4252 -
1318 4217 1357 4265 tl.
1373 4215 1543 4280 μνηιίειίωωπ
1558 4219 1582 4266 el
1597 4213 1776 4279 accumbant

449 4296 470 4330 a
480 4282 562 4333 GMA
580 4286 607 4333 et
624 4285 736 4334 Iuntina:
755 4285 931 4348 prumsnmum
947 4290 970 4335 et
984 4287 1154 4350 planissimum
1165 4288 1247 4344 lto.
1267 4291 1304 4341 ct.
1318 4291 1342 4355 5.
1357 4293 1387 4342 17
1398 4307 1404 4341 :
1421 4294 1523 4357 [innan
1533 4295 1557 4342 et
1572 4303 1652 4356 moos
1668 4291 1777 4341 testim·

449 4357 527 4406 nium.
548 4384 576 4394 —
600 4357 639 4410 ti.
657 4359 729 4424 torte]
749 4360 816 4421 ferre
832 4375 860 4410 α.
881 4389 908 4397 -
927 4361 967 4411 tt.
986 4363 1059 4411 annis
1073 4363 1120 4413 Xl'
1133 4366 1182 4414 αθ
1200 4366 1233 4427 lin
1252 4367 1276 4416 lt
1293 4365 1389 4416 desunt
1398 4379 1441 4416 vv.
1455 4367 1568 4417 nomnen
1577 4379 1635 4417 aum
1645 4391 1662 4406 ·
1672 4389 1709 4404 -·
1718 4376 1777 4415 ntea

450 4443 515 4492 puae
530 4429 594 4494 esti)
612 4429 672 4485 At:
691 4433 765 4483 anuis
779 4435 840 4495 Vt..
859 4432 907 4484 «al.
922 4448 1000 4484 annos
1015 4437 1062 4487 111-
1075 4452 1129 4504 mg.
1142 4439 1173 4503 t,
1191 4442 1264 4492 annis
1281 4443 1385 4493 chum
1398 4443 1544 4494 ilotomano
1556 4442 1585 4493 0.
1601 4468 1629 4479 -
1648 4441 1690 4494 10.
1701 4442 1778 4492 wan

451 4505 635 4566 stipulationem
652 4508 746 4559 GltA.
760 4535 787 4547 -
806 4509 847 4559 10.
861 4514 870 4559 1
891 4522 912 4559 c.
932 4522 957 4559 se
967 4523 1027 4576 copo
1038 4514 1119 4564 duero
1130 4517 1175 4564 «ut
1185 4517 1282 4566 vitetur
1293 4530 1419 4569 numerus
1430 4517 1566 4582 poeticus·
1582 4517 1774 4570 Boemoraeus.

449 4579 593 4632 Lambinus
610 4580 726 4632 malebat
741 4588 760 4632 t.
773 4583 854 4633 dicere
864 4598 886 4633 c.
899 4597 924 4634 se
933 4597 1003 4649 copo.
1018 4613 1045 4622 -
1063 4589 1104 4638 at.
1116 4591 1182 4640 enim
1193 4593 1319 4654 stipulatio
1331 4595 1354 4642 11
1364 4594 1394 4642 A.
1409 4620 1436 4629 -
1455 4593 1496 4642 23.
1515 4593 1575 4654 puta
1590 4593 1636 4644 boc
1649 4606 1729 4657 porro
1740 4592 1774 4655 tt.

449 4653 530 4716 auid?
545 4655 590 4705 boc
603 4670 682 4718 porro
693 4663 723 4708 A.
738 4685 765 4695 -
784 4660 825 4710 26.
842 4664 924 4710 neure
936 4663 973 4710 A:
990 4665 1067 4713 octeni
1082 4667 1174 4716 ceteri.
1195 4666 1233 4717 ct.
1246 4665 1412 4731 Wesenberg
1426 4665 1460 4716 ad
1471 4680 1510 4717 or.
1523 4680 1550 4731 p.
1563 4667 1648 4719 Sestio
1664 4681 1691 4733 p.
1709 4667 1735 4720 0.
1746 4692 1774 4705 ··

448 4729 501 4777 iam
525 4730 632 4791 contecto
658 4745 720 4783 cum
746 4733 891 4784 Guilielmio
917 4738 943 4784 et
968 4738 1115 4790 Passeratio
1137 4743 1173 4792 L:
1201 4748 1253 4792 tuna
1273 4743 1380 4806 consenc
1404 4755 1466 4793 cum
1484 4740 1622 4793 codicibus
1638 4742 1726 4798 100.
1746 4766 1775 4780 ·

448 4803 510 4853 baec
525 4806 652 4866 stipulatio
669 4807 731 4858 ltA.
753 4834 780 4844 ·-
804 4809 845 4859 ut.
867 4810 940 4859 iuius
959 4813 1125 4874 stipulationis
1140 4818 1204 4868 ttA.
1226 4845 1252 4854 -
1272 4817 1434 4880 mutuam?
1459 4818 1494 4867 Tu
1517 4819 1572 4868 Piso
1589 4831 1656 4869 nos:
1682 4817 1779 4869 multe

449 4891 496 4939 pue
513 4883 540 4928 tu
555 4881 611 4931 Piso
628 4883 725 4942 ath,
743 4883 856 4935 arbiter?
872 4898 937 4946 puae
953 4893 981 4936 tu
996 4888 1050 4938 Piso
1066 4893 1100 4952 A,
1125 4891 1241 4942 arbua?
1258 4893 1293 4942 Ita
1308 4894 1362 4942 Piso
1379 4893 1493 4952 Iuntina,
1512 4891 1627 4942 abitu?
1644 4892 1724 4956 Quis?
1743 4892 1779 4944 tii

448 4953 503 5002 Piso
521 4966 583 5003 cum
601 4952 694 5006 Aldina
711 4955 757 5010 La
767 4958 794 5008 0.
816 4987 843 4995 -
862 4960 903 5011 28.
920 4974 969 5023 pro
986 4967 1047 5014 ante
1064 4978 1089 5014 v.
1103 4966 1189 5017 labore
1205 4979 1258 5017 om.
1277 4968 1398 5018 uGllA.
1423 4966 1531 5018 Addidit
1546 4969 1687 5020 Manutius.
1705 4967 1775 5019 Furi.

449 5041 527 5089 opera
542 5034 566 5078 et
582 5030 675 5081 labora
703 5031 741 5082 Ci.
760 5031 795 5081 ad
811 5036 862 5085 Att.
882 5035 922 5096 16,
937 5036 977 5096 16,
990 5037 1014 5088 8.
1033 5038 1067 5089 de
1084 5040 1127 5091 Or.
1146 5043 1170 5104 t,
1188 5042 1229 5104 aa,
1242 5040 1299 5093 tal.
1315 5070 1341 5079 -
1360 5042 1400 5093 29.
1419 5042 1509 5094 obesset
1525 5045 1589 5106 uti,
1607 5042 1637 5094 ult
1653 5042 1775 5104 0111111,

449 5101 557 5152 messene
574 5105 605 5154 A.
626 5131 653 5141 -
672 5106 712 5157 30.
732 5120 842 5161 cursous
859 5112 893 5174 L,
916 5123 985 5162 ccicc
1003 5114 1145 5179 Manutius,
1169 5129 1224 5169 rosa
1242 5117 1384 5168 Ernestius.
1405 5144 1432 5154 -
1451 5117 1491 5168 at.
1510 5117 1567 5180 ipsu
1583 5118 1710 5170 uitlsst
1727 5117 1778 5168 tsia

448 5177 612 5308 23⁰3&-
638 5181 766 5246 stipulatio
782 5185 876 5248 alti,
899 5186 1035 5249 postulaui
1054 5193 1085 5241 A.
1106 5217 1133 5228 -
1152 5192 1193 5245 33.
1214 5192 1246 5245 at
1261 5191 1334 5254 enin]
1351 5196 1375 5243 et
1390 5193 1456 5243 enin
1471 5193 1593 5246 uGllA.
1618 5190 1779 5247 Emeudull
