4367 6109
718 593 787 659 m.
808 593 835 658 1.
864 592 940 659 cn.
961 592 1172 659 xvi-xm
1199 588 1257 676 §a
1278 587 1426 655 ss-su.
1682 586 1744 655 us

413 762 544 827 ditatum
573 762 851 827 demonstrandam
879 771 1053 846 separatus.
1095 761 1230 827 Athenis
1258 760 1393 826 audistis
1415 779 1456 823 ex
1480 760 1560 825 aede
1581 760 1743 826 Minervae

411 856 532 939 mande
552 857 623 922 auri
643 857 772 940 pondus
793 859 954 923 ablatum:
976 859 1096 923 dictum
1118 864 1167 921 est
1188 856 1250 921 boo
1272 857 1308 920 iu
1330 856 1385 920 Cn.
1403 854 1589 919 Dolabellae
1609 855 1742 919 iudicio.

411 952 566 1017 Dictum?
599 953 694 1017 etiam
719 952 929 1017 aestimatum.
972 953 1077 1017 Huius
1100 953 1225 1016 consilii
1247 972 1312 1016 uon
1334 951 1523 1035 participem
1546 951 1579 1015 C.
1601 952 1742 1026 Verrem,

412 1045 470 1109 sed
492 1047 670 1130 principem
691 1044 792 1113 fuisse
814 1047 991 1130 reperietis.
1035 1044 1086 1110 46.
1115 1047 1230 1109 Delum
1252 1046 1350 1111 venit.
1392 1046 1440 1109 lbi
1462 1066 1502 1109 ex
1523 1045 1599 1111 lano
1621 1044 1743 1129 Apolli·

412 1140 464 1203 uis
485 1141 726 1225 religiosissimo
749 1148 846 1205 noctu
866 1142 948 1205 clam
971 1141 1101 1205 sustulit
1121 1142 1212 1222 signa
1232 1139 1446 1223 pulcherrima
1466 1148 1563 1224 atque
1585 1138 1743 1222 antiquis-
1763 1152 1780 1198 4

412 1233 493 1298 sima
526 1254 629 1320 eaque
661 1235 694 1297 in
725 1236 904 1299 onerariam
932 1255 1045 1298 navem
1074 1255 1165 1297 suam
1186 1233 1387 1298 coniicienda
1408 1235 1539 1298 curavit.
1582 1232 1742 1297 Postridie

412 1348 485 1391 cum
505 1327 616 1393 fanum
637 1328 809 1411 spoliatum
830 1329 976 1393 viderent
995 1329 1035 1403 ii,
1065 1328 1122 1413 qui
1143 1328 1256 1391 Delum
1279 1328 1475 1404 incolebant,
1503 1328 1640 1411 graviter
1660 1326 1742 1390 iere-

411 1420 499 1486 bant.
540 1422 600 1487 Est
619 1421 704 1486 enim
728 1429 814 1485 tanta
834 1424 920 1506 apud
942 1444 998 1488 cos
1020 1424 1090 1487 eius
1111 1424 1177 1488 iani
1198 1422 1311 1505 religio
1333 1430 1430 1506 atque
1444 1422 1633 1507 antiquitas,
1656 1427 1692 1483 ut
1707 1421 1743 1484 iu

412 1534 453 1578 co
474 1514 547 1579 loco
569 1516 674 1598 ipsum
695 1516 878 1599 Apollinem
899 1524 1009 1580 natum
1031 1539 1101 1582 esse
1123 1518 1326 1581 arbitrentur.
1353 1517 1494 1581 Verbum
1516 1524 1621 1581 umen
1635 1515 1740 1580 facere

412 1628 479 1671 uon
499 1609 674 1686 audebant,
696 1632 737 1675 ne
758 1610 840 1675 torte
861 1632 900 1676 ea
921 1633 972 1677 res
993 1613 1034 1677 ad
1054 1611 1252 1676 Dolabellam
1274 1609 1380 1693 ipsum
1401 1611 1584 1693 pertineret
1626 1609 1741 1673 xvul.
1750 1624 1779 1671 44

412 1703 494 1766 Tum
522 1703 629 1768 subito
657 1712 862 1788 tempestates
885 1716 1014 1771 coortae
1036 1714 1111 1770 sunt
1133 1705 1303 1780 maximae,
1335 1705 1473 1781 iudices,
1501 1712 1625 1770 utnon
1646 1703 1741 1767 modo

411 1792 573 1880 proticisci
602 1819 673 1862 cum
703 1808 834 1885 cuperet
853 1801 1020 1883 Dolabella
1041 1820 1107 1865 non
1129 1796 1256 1883 pbsset,
1284 1799 1342 1863 sed
1363 1800 1419 1863 vix
1440 1801 1473 1864 in
1496 1802 1616 1884 oppido
1639 1798 1744 1863 consi·

414 1900 529 1956 steret:
559 1892 604 1957 ita
631 1895 735 1978 magni
764 1897 878 1959 flnctus
907 1895 1125 1961 eliciebantur.
1168 1894 1228 1957 llic
1258 1894 1349 1958 navis
1370 1893 1426 1957 illa
1448 1894 1619 1977 praedonis
1641 1894 1743 1968 istius,

414 1993 530 2049 onusta
551 1986 650 2070 signis
672 1988 848 2071 religiosis,
871 1990 1004 2072 expulsa
1025 1997 1121 2073 atque
1145 1989 1248 2051 eiecta
1269 1989 1367 2051 ductu
1392 1987 1559 2070 frangitur.
1591 1988 1628 2052 lu
1649 1988 1743 2051 litore

415 2078 505 2162 sigua
526 2078 582 2143 illa
602 2082 761 2164 Apollinis
782 2084 1001 2166 reperiuntur:
1023 2085 1114 2147 iussu
1133 2082 1318 2146 Dolabellae
1332 2089 1551 2165 reponuntur:
1573 2088 1744 2166 tempestas
1752 2094 1782 2143 44

415 2174 562 2239 sedatur:
591 2175 756 2241 Dolabella
784 2179 864 2242 Delo
894 2175 1114 2261 proficiscitur.
1164 2173 1218 2239 47.
1246 2179 1316 2240 Non
1343 2176 1455 2239 dubito
1490 2176 1587 2261 quin,
1620 2174 1745 2239 mmetsi

415 2269 522 2333 nullus
544 2270 579 2334 in
600 2277 632 2333 tc
650 2291 763 2335 sensus
777 2270 994 2345 humanitatis,
1017 2270 1105 2333 nulla
1119 2270 1200 2332 ratio
1216 2289 1369 2354 umquam
1382 2269 1445 2333 luit
1457 2270 1622 2353 religionis
1628 2317 1638 2348 ,
1659 2288 1746 2334 nuno

416 2362 576 2425 tamenin
598 2372 684 2427 metu
706 2365 916 2449 periculoque
937 2372 993 2427 tuo
1017 2372 1143 2428 tuorum
1166 2364 1223 2426 tibi
1245 2365 1401 2429 scelerum
1417 2365 1526 2429 veniat
1545 2365 1580 2428 in
1595 2371 1745 2429 mentem.

415 2456 565 2520 Potestne
587 2457 645 2521 tibi
667 2458 734 2521 ulla
755 2479 828 2542 spes
844 2459 955 2523 salutis
971 2460 1138 2522 commoda
1153 2460 1295 2535 ostendi,
1317 2480 1389 2523 eum
1404 2459 1597 2534 recordaris,
1619 2460 1653 2522 in
1668 2459 1746 2521 deos

415 2551 610 2616 immortales
632 2572 728 2636 quam
750 2554 887 2636 impius,
910 2573 1006 2636 quam
1021 2554 1213 2627 sceleratus,
1236 2574 1332 2637 quam
1347 2553 1488 2617 nefarius
1502 2553 1627 2618 fueris?
1648 2552 1785 2637 Apol-at

415 2644 555 2710 linemne
581 2653 614 2710 tu
645 2647 773 2710 Delium
798 2648 937 2730 spoliare
966 2668 1063 2711 ausus
1091 2651 1152 2711 es?
1185 2648 1274 2712 illiue
1303 2656 1338 2712 tu
1369 2649 1489 2732 templo
1510 2656 1574 2713 tam
1597 2649 1747 2731 antiquo,

414 2746 480 2803 tam
502 2748 630 2816 sancto,
653 2750 716 2805 tam
737 2743 889 2825 religioso
912 2762 1025 2805 manus
1046 2743 1162 2825 impias
1179 2763 1217 2806 ac
1232 2744 1401 2825 sacrilegas
1416 2744 1528 2807 atlcrre
1543 2751 1676 2808 conatus
1690 2742 1747 2805 es?

414 2930 530 2995 litteris
561 2930 711 2996 mandata
737 2939 827 3006 suut,
860 2932 999 2995 disceres
1026 2940 1123 3016 atque
1146 2953 1370 3016 cognosceres:
1403 2954 1445 2997 ne
1466 2939 1579 3016 postea
1601 2931 1747 3018 quidem,

414 3044 489 3087 cnm
517 3025 552 3089 in
580 3046 618 3089 ea
648 3027 719 3109 ipsa
746 3027 818 3089 loca
844 3027 976 3100 venisti,
1005 3027 1138 3110 potuisti
1159 3028 1305 3111 accipere
1327 3027 1377 3103 id,
1406 3028 1494 3112 quod
1516 3033 1565 3091 est
1585 3022 1787 3109 proditumtt

414 3120 569 3184 memoria
596 3140 635 3184 ac
661 3121 803 3185 litteris?
845 3118 898 3184 48.
926 3122 1081 3185 Latonam
1110 3141 1151 3185 ex
1178 3121 1275 3203 longo
1305 3141 1413 3185 errore
1436 3127 1468 3184 et
1487 3119 1563 3202 fuga
1584 3116 1747 3201 gravidam

415 3220 450 3277 et
475 3215 540 3279 iam
567 3215 608 3282 ad
640 3216 827 3297 pariendum
856 3216 1054 3298 temporibus
1084 3216 1205 3279 exactis
1231 3214 1413 3298 confugisse
1441 3213 1557 3279 Delum
1583 3222 1680 3298 atque
1701 3210 1747 3277 ibi

415 3307 600 3391 Apollinem
620 3309 819 3394 Dianamque
840 3311 1020 3394 peperisse,
1051 3331 1114 3396 qua
1141 3331 1182 3374 ex
1204 3310 1356 3393 opinione
1377 3311 1544 3374 hominum
1565 3308 1623 3371 illa
1643 3307 1749 3373 insula

415 3422 529 3468 eorum
550 3404 684 3469 deorum
705 3424 795 3469 sacra
816 3411 963 3488 putatur;
990 3411 1144 3488 tantaque
1174 3404 1244 3467 eius
1266 3403 1439 3468 auctoritas
1460 3403 1625 3485 religionis
1648 3409 1680 3467 et
1700 3407 1750 3465 est

416 3503 450 3561 et
470 3518 599 3581 semper
619 3498 697 3574 luit,
729 3507 765 3563 ut
792 3519 832 3562 ne
864 3500 978 3563 Persae
1001 3499 1149 3582 quidem,
1178 3519 1250 3563 cum
1279 3492 1480 3562 bellum'toti
1503 3497 1670 3571 Graeciae,
1699 3495 1786 3559 disto

414 3590 665 3679 hominibusque
693 3594 887 3658 indixissent
915 3600 948 3657 et
975 3593 1062 3657 mille
1090 3613 1225 3657 numero
1255 3593 1384 3657 navium
1411 3592 1545 3657 classem
1572 3591 1613 3653 ad
1633 3588 1749 3654 Delum

416 3685 632 3771 appulissent,
655 3690 831 3773 quidquam
853 3697 1046 3752 conarentur
1065 3695 1122 3751 aut
1142 3687 1263 3751 violare
1285 3694 1341 3750 aut
1361 3687 1528 3770 attingere.
1562 3685 1632 3748 Hoc
1653 3691 1688 3747 tu
1702 3681 1750 3745 la·

416 3802 494 3846 uum
516 3784 722 3866 depopulari,
744 3784 842 3848 bomo
865 3783 1099 3867 improbissime
1122 3790 1220 3866 atque
1241 3781 1473 3855 amentissime,
1495 3779 1656 3844 audebas?
1688 3776 1751 3840 luit

415 3876 484 3942 nlla
512 3878 672 3962 cupiditas
701 3886 805 3955 44444444,
839 3899 922 3963 quae
950 3886 1071 3942 mutam
1098 3877 1317 3959 exstingueret
1336 3876 1552 3958 religionem?
1579 3871 1660 3937 etsi
1682 3878 1750 3934 tum

415 3970 496 4037 baec
517 3991 585 4035 nou
606 3973 784 4056 cogitabas,
805 3993 848 4037 ne
870 3993 955 4035 nune
977 3971 1108 4055 quidem
1129 3968 1308 4035 recordaris
1322 3970 1446 4033 nnllum
1461 3988 1531 4033 esse
1548 3975 1670 4032 tantum
1684 3974 1788 4029 ma-ao

416 4063 501 4141 lum,
524 4065 612 4150 quod
633 4086 699 4129 non
721 4067 779 4129 tibi
800 4086 859 4151 pro
882 4066 1055 4130 sceleribus
1078 4067 1142 4130 tuis
1157 4067 1220 4130 iam
1236 4066 1292 4128 diu
1307 4065 1485 4128 debeatur?
1529 4063 1616 4126 xlta
1638 4058 1690 4124 49.
1711 4059 1750 4124 ln

416 4157 527 4225 Asiam
546 4179 624 4225 vero
645 4167 816 4245 postquam
838 4160 942 4236 venit,
966 4161 1043 4246 qnid
1065 4181 1124 4243 ego
1147 4161 1302 4224 adventus
1324 4158 1433 4232 4444444,
1463 4157 1612 4239 prandia,
1643 4173 1750 4229 cenas,

418 4272 520 4340 equos
548 4273 745 4339 muneraque
773 4259 1039 4320 commemorem?
1071 4255 1158 4319 Nihil
1188 4276 1260 4316 cnm
1282 4254 1380 4317 Verre
1409 4252 1449 4314 dc
1471 4249 1667 4335 quotidianis
1690 4247 1750 4312 cri-

482 4489 509 4541 4.
525 4492 659 4554 mulces
674 4488 738 4551 ⁶³5
753 4490 803 4552 PT,
821 4489 837 4541 3
854 4488 932 4541 codd.
951 4488 1026 4540 lbi:
1048 4492 1161 4539 4444444444
1177 4487 1226 4537 dtt.
1245 4487 1274 4537 0.
1294 4512 1322 4522 -
1341 4487 1365 4537 2.
1385 4491 1420 4536 cst
1436 4485 1482 4534 boc
1498 4484 1563 4535 Pu:
1587 4484 1633 4533 luc
1652 4487 1687 4532 cet
1704 4481 1749 4531 ctt.

419 4562 448 4614 0.
463 4590 492 4602 -
510 4564 605 4616 4444444444
620 4571 656 4616 ost
670 4565 764 4614 boon
775 4566 935 4617 4444444444444444
951 4577 1005 4614 om.
1025 4564 1070 4615 63.
1092 4590 1119 4600 -
1139 4562 1163 4613 3.
1182 4576 1232 4612 uon
1246 4567 1316 4625 port.
1334 4562 1399 4612 PT.:
1419 4575 1470 4610 uuo
1484 4561 1558 4609 modo
1570 4564 1642 4622 port.
1661 4559 1706 4608 ott.
1719 4558 1750 4606 0.

419 4664 449 4677 -
467 4639 509 4691 48.
527 4640 637 4706 tuom]
654 4640 744 4692 burton
760 4643 806 4692 64.
827 4665 855 4677 -
873 4641 915 4691 44.
933 4640 970 4689 4444
987 4639 1019 4688 64
1033 4638 1058 4687 2.
1074 4665 1102 4676 -
1121 4636 1161 4687 23.
1180 4638 1212 4687 444
1228 4638 1264 4687 L:
1283 4637 1361 4688 tao.
1377 4661 1405 4670 -
1423 4635 1647 4697 quligbgid:
1667 4631 1749 4683 etdlt.

418 4712 448 4765 0.
469 4741 498 4753 -
515 4716 557 4769 26.
575 4718 699 4770 mansorio
716 4717 850 4781 aalma:
873 4715 1010 4767 memorius
1026 4713 1059 4762 64
1080 4713 1130 4763 dtt.
1149 4713 1178 4763 0.
1199 4739 1226 4749 -
1251 4712 1292 4763 44.
1310 4712 1345 4761 od
1363 4710 1516 4772 portandam
1533 4711 1565 4759 64
1578 4707 1696 4771 bfbgib
1714 4706 1750 4757 C:

417 4789 454 4841 ud
465 4793 619 4855 pmicrsdrcn
633 4793 744 4843 vicinum
760 4792 808 4843 dtt.
828 4789 954 4856 [uicinum]
972 4790 1001 4838 0.
1021 4813 1050 4825 -
1070 4787 1111 4838 34.
1131 4787 1317 4848 luminibusque
1333 4785 1365 4835 64
1385 4788 1416 4835 A.
1430 4786 1505 4835 Serv.
1518 4783 1552 4835 ed
1562 4787 1629 4835 Aen.
1642 4783 1684 4832 lll.
1697 4778 1750 4832 8l.:

417 4866 557 4919 bominibus
568 4869 639 4931 aar.
658 4869 735 4933 Apud
753 4870 827 4918 Serv.
846 4866 862 4917 l.
876 4866 893 4917 l.
906 4868 933 4917 in
951 4865 994 4916 ed.
1006 4861 1150 4915 Nivelliana
1167 4878 1191 4914 a.
1211 4863 1284 4913 4600.
1302 4861 1371 4912 haec
1387 4859 1512 4924 leguntur
1527 4862 1595 4912 teste
1607 4858 1694 4909 Garat.
1706 4856 1749 4905 ll.:

418 4947 540 5007 saumque
553 4944 592 4993 ou
606 4943 680 4995 buius
694 4945 822 5009 religionis
836 4949 873 4994 444
888 4948 912 4994 ct
927 4956 948 4993 s.
966 4942 998 5005 4.,
1013 4944 1043 4989 ut
1058 4952 1090 4990 uc
1105 4940 1132 4989 P.
1150 4951 1187 5002 q.,
1205 4952 1230 5002 q.
1243 4937 1267 4986 b.
1280 4941 1347 4987 totoc
1362 4935 1436 4987 Asius
1452 4936 1477 4985 d.
1495 4933 1681 4994 motuumque
1696 4930 1749 4981 iud.

419 5022 444 5069 st
457 5018 527 5071 ratde
541 5020 646 5071 4444444444
661 5020 692 5070 cl.
710 5021 744 5070 D.
762 5033 817 5083 op„
834 5031 858 5080 q.
877 5033 900 5069 c.
919 5031 945 5068 o.
962 5031 987 5067 o.
1005 5028 1031 5064 o.
1050 5015 1187 5079 adingam
1205 5012 1255 5065 sed
1271 5011 1370 5064 desunt
1381 5012 1408 5063 in
1420 5011 1482 5062 edit.
1495 5011 1567 5075 virg.
1580 5006 1663 5072 bugd.
1677 5005 1749 5056 4544.

419 5095 449 5145 et
463 5094 491 5147 iu
507 5094 568 5148 ood.
586 5095 733 5148 Barberino
750 5095 842 5148 Servii.
863 5120 891 5130 -
910 5093 950 5145 33.
969 5090 1121 5154 depopulare
1137 5092 1170 5141 64
1183 5090 1214 5149 2;
1236 5088 1379 5153 dmsculosi
1395 5089 1424 5138 4..
1450 5085 1485 5137 cl.
1502 5087 1561 5137 Act.
1579 5085 1599 5134 l.
1618 5084 1642 5147 5.
1661 5081 1702 5132 44.
1721 5105 1749 5117 -

419 5166 462 5221 dl.
479 5169 535 5221 ulto
554 5169 828 5235 artabasdum..
852 5168 912 5221 cod.
931 5168 1004 5219 blot:
1027 5166 1073 5216 4444
1093 5165 1220 5229 aalma.
1249 5192 1277 5202 -
1303 5164 1343 5215 36.
1362 5168 1417 5213 tau
1435 5162 1480 5212 44444
1496 5160 1566 5221 63ς.
1587 5185 1615 5197 -
1633 5157 1674 5207 34.
1691 5155 1750 5205 udas.

417 5243 504 5309 4444444,
519 5246 641 5310 praem
659 5245 703 5297 sic
719 5245 837 5299 uanum
850 5243 936 5301 lladv.
949 5246 1017 5308 App.
1035 5255 1063 5308 p.
1075 5241 1128 5293 444
1146 5241 1206 5292 cdo.
1218 5239 1290 5292 4444444
1301 5236 1429 5302 pmcu,
1446 5246 1537 5289 coenus
1547 5235 1577 5285 0.
1592 5257 1621 5269 -
1639 5230 1680 5283 44.
1693 5241 1752 5281 44444-

420 5318 725 5377 mmmm

464 5412 631 5470 annau
1494 5399 1536 5469 40
