4367 6109
455 569 519 638 326
819 573 863 638 ΙΝ
883 571 1049 638 VERREM
1068 570 1193 637 ACTIO
1214 570 1398 638 SECUNDA

455 745 662 810 vocabantur:
690 742 747 807 sed
774 760 884 804 earum
912 741 1080 817 artificem,
1114 745 1232 827 queml
1263 743 1454 826 quemumt
1489 742 1585 805 Recte
1611 740 1777 814 admones,

455 838 641 922 Polyclitum
663 856 733 900 esse
754 835 911 898 dicebaut
953 838 1131 899 Messanam
1150 843 1187 899 ut
1208 836 1344 922 quisque
1364 841 1507 898 nostrum
1527 842 1674 910 venerat,
1694 832 1778 897 baec

456 933 559 998 risere
579 931 716 994 solebat:
739 930 886 993 omnibus
906 929 984 993 baec
1000 930 1039 993 ad
1054 930 1221 993 visendum
1234 931 1384 1012 patebant
1398 929 1556 1013 quotidie:
1578 929 1692 992 domus
1706 934 1777 991 erat
1812 922 1815 927 ’

456 1046 521 1091 nou
543 1024 673 1088 domino
694 1024 795 1106 magis
816 1031 1001 1087 ornamento
1024 1042 1120 1107 quam
1142 1023 1272 1086 civitati.
1315 1021 1344 1085 6.
1368 1024 1401 1086 C.
1418 1023 1585 1099 Claudius,
1607 1021 1699 1087 cuius
1721 1040 1776 1085 ae-

431 1119 607 1187 tdilitatem
630 1117 972 1200 magnificentissimam
995 1117 1112 1180 scimus
1133 1115 1245 1190 luisse,
1272 1136 1350 1180 usus
1379 1124 1428 1181 est
1447 1116 1508 1181 boc
1531 1116 1688 1200 Cupidine
1708 1122 1776 1178 tam

455 1212 528 1288 diu,
555 1210 632 1297 dum
652 1210 756 1275 iorum
778 1211 827 1274 dis
849 1211 1080 1275 immortalibus
1109 1211 1296 1294 populoque
1316 1211 1457 1275 Romano
1477 1211 1590 1274 babuit
1610 1217 1775 1273 ornatum:

455 1313 504 1381 et,
534 1325 605 1369 cum
635 1312 720 1369 esset
748 1304 866 1388 hospes
886 1306 1056 1380 Heiorum,
1084 1305 1263 1368 Mamertini
1287 1313 1392 1369 autem
1413 1304 1524 1389 popuii
1547 1311 1716 1386 patronus,
1738 1311 1777 1367 ut

454 1401 518 1465 illis
539 1400 685 1482 benignis
706 1419 783 1463 usus
806 1406 855 1463 est
875 1400 915 1463 ad
937 1399 1217 1473 commodandum,
1240 1399 1284 1462 sic
1302 1399 1371 1480 ipse
1386 1399 1521 1481 diligens
1536 1398 1596 1461 fuit
1610 1399 1650 1461 ad
1664 1419 1776 1483 repor-

453 1496 595 1560 tandum.
622 1496 731 1576 Nuper
749 1494 896 1558 homines
917 1492 1041 1556 nobiles
1061 1493 1158 1556 buius
1180 1493 1282 1566 modi,
1305 1493 1442 1567 iudices,
1467 1494 1599 1578 etquid
1621 1493 1692 1557 dico
1714 1514 1776 1558 uu·

417 1593 531 1675 toperi
559 1589 655 1651 immo
676 1607 753 1650 vero
775 1589 870 1650 modo
892 1606 929 1650 ac
951 1586 1045 1669 plane
1073 1587 1170 1668 paulo
1192 1593 1265 1649 ante
1286 1587 1440 1661 vidimus,
1462 1587 1517 1669 qui
1539 1587 1643 1651 ionum
1664 1594 1697 1650 et
1718 1587 1776 1651 ba·

454 1685 558 1748 silicas
579 1703 645 1747 non
667 1682 779 1766 spoliis
809 1681 1059 1764 provinciarum,
1089 1679 1146 1744 sed
1167 1680 1360 1744 ornamentis
1380 1681 1570 1757 amicorum,
1597 1682 1776 1747 commodis

453 1779 631 1863 hospitum,
653 1797 717 1841 non
737 1775 831 1839 i'urtis
853 1776 1035 1838 nocentium
1057 1781 1223 1838 ornarentt
1246 1776 1302 1857 qui
1324 1780 1430 1838 tamen
1451 1776 1542 1858 signa
1562 1783 1658 1859 atque
1679 1793 1777 1839 orna-

453 1880 559 1937 menta
590 1890 647 1935 sua
677 1871 795 1954 cuique
826 1870 1013 1943 reddebant,
1046 1889 1112 1931 nou
1140 1869 1244 1932 ablata
1271 1889 1312 1932 ex
1339 1869 1470 1932 urbibus
1495 1870 1654 1933 sociorum
1675 1876 1776 1952 atque

453 1966 626 2030 amicorum
655 1963 825 2047 quadridui
854 1982 949 2025 causa
977 1983 1036 2046 per
1056 1962 1290 2026 simulationem
1312 1963 1483 2026 aedilitatis
1507 1963 1634 2027 domum
1656 1962 1776 2026 deiude

415 2077 444 2125 to
453 2067 548 2144 atque
576 2059 616 2122 ad
644 2077 718 2122 suas
737 2056 829 2122 villas
853 2057 1048 2121 auferebant.
1091 2053 1122 2118 7.
1143 2057 1230 2120 liaeo
1252 2057 1359 2119 omnia
1388 2076 1469 2139 quae
1492 2057 1560 2119 dixi
1589 2057 1694 2140 sigua,
1724 2057 1777 2120 iu·

453 2154 548 2228 dices,
562 2154 601 2217 ab
616 2153 696 2215 Heio
712 2158 730 2215 e'
745 2151 882 2216 sacrario
897 2153 1011 2216 Verres
1026 2150 1171 2215 abstulit:
1192 2150 1325 2224 nullum,
1341 2151 1481 2234 inquam,
1502 2150 1616 2213 borum
1630 2150 1774 2233 reliquit,

451 2267 558 2330 neque
580 2246 667 2309 aliud
688 2246 788 2310 ullum
810 2253 915 2309 nmen
941 2254 1066 2330 praeter
1092 2265 1189 2309 unum
1211 2253 1359 2328 pervetus
1379 2245 1533 2327 ligneum,
1555 2245 1676 2308 Bonam
1695 2245 1776 2307 For·

451 2349 577 2415 tunam,
606 2346 642 2402 ut
670 2340 801 2423 opinor;
833 2360 903 2403 eam
930 2340 991 2403 iste
1019 2339 1136 2403 habere
1158 2339 1244 2403 domi
1266 2359 1343 2402 suae
1364 2338 1476 2402 noluit.
1519 2340 1572 2401 1v.
1593 2337 1654 2400 Pro
1677 2336 1776 2402 deum

450 2435 679 2517 bominumque
701 2430 809 2496 iideml
833 2433 993 2518 quidhoc
1015 2438 1085 2498 esti
1116 2455 1197 2518 quae
1219 2434 1297 2496 baec
1320 2437 1506 2496 causaest?
1529 2451 1610 2517 quae
1632 2432 1692 2495 ieta
1714 2432 1776 2496 im·

413 2528 621 2616 inpudentia?
661 2527 750 2603 Quae
779 2528 851 2591 dico
878 2528 983 2611 sigua,
1012 2537 1180 2612 antequam
1203 2527 1259 2590 abs
1281 2534 1311 2589 te
1333 2527 1457 2591 sublata
1478 2535 1567 2600 suut,
1595 2528 1775 2590 Messanam

450 2645 521 2687 cum
550 2622 684 2705 imperio
714 2642 808 2686 nemo
830 2623 917 2686 venit
939 2622 1017 2706 quin
1039 2622 1163 2685 viderit.
1206 2623 1267 2684 Tot
1294 2628 1472 2705 praetores,
1501 2629 1549 2685 tot
1570 2622 1717 2686 consules
1738 2620 1776 2684 in

451 2716 560 2778 Sicilia
581 2736 653 2778 cum
675 2715 708 2778 iu
730 2735 824 2798 pace,
846 2723 913 2779 tum
935 2717 1029 2780 etiam
1051 2716 1083 2778 in
1106 2715 1190 2778 bello
1212 2714 1357 2790 fuerunt3
1380 2723 1428 2778 tot
1448 2716 1594 2779 homines
1616 2716 1774 2800 cuiusque

449 2809 557 2873 modi:
579 2829 644 2872 nou
666 2808 783 2893 loquor
803 2810 843 2873 de
865 2809 1014 2892 integris,
1045 2809 1284 2883 innocentibus,
1306 2809 1482 2891 religiosis:
1511 2816 1556 2872 tot
1577 2809 1702 2893 cupidi,
1723 2816 1775 2873 tot

449 2904 602 2989 improbi,
634 2910 682 2968 tot
710 2904 863 2969 audaces:
897 2925 1033 2989 quonum
1063 2923 1157 2967 nemo
1180 2903 1240 2967 sibi
1263 2911 1327 2966 tam
1347 2903 1533 2976 vehemens,
1560 2910 1624 2966 tam
1646 2911 1773 2986 potens,

411 3005 514 3065 utam
535 2999 652 3062 nobilis
674 2999 761 3062 risus
783 3007 847 3073 est,
870 2999 987 3084 quiex
1009 2996 1064 3061 iilo
1087 2999 1225 3061 sacrario
1249 2997 1424 3081 quidquam
1444 3017 1575 3079 poscere
1590 3004 1645 3061 aut
1658 2997 1773 3061 toliere

449 3099 507 3155 aut
526 3092 681 3174 attingere
703 3090 844 3155 auderet.
877 3094 1007 3166 Verres,
1029 3092 1116 3175 quod
1138 3092 1256 3175 ubique
1273 3092 1333 3154 erit
1346 3091 1605 3175 pulcherrimum,
1626 3091 1773 3156 aulerci?

515 3379 540 3428 4.
558 3374 650 3439 quaem?
666 3371 815 3438 3444444444
836 3371 873 3422 443
890 3372 978 3432 Quint.
996 3371 1038 3422 iii.
1056 3371 1086 3432 2,
1103 3371 1144 3421 64.
1162 3372 1256 3422 Donat.
1275 3370 1308 3421 ad
1325 3372 1384 3421 Ter.
1402 3371 1468 3422 Eun.
1486 3372 1528 3421 iil.
1547 3371 1572 3433 2,
1589 3372 1631 3421 ot.
1650 3371 1681 3422 V.
1699 3370 1724 3431 3,
1743 3372 1769 3421 4.

448 3481 533 3533 44444444.
552 3480 585 3531 de
603 3478 646 3542 443.
665 3479 731 3528 sent.
751 3475 775 3539 s.
794 3475 818 3525 9.
837 3473 901 3525 Piin.
920 3476 967 3539 Ep.
986 3474 1005 3524 i.
1024 3475 1065 3535 20,
1085 3477 1133 3525 to:
1159 3487 1231 3535 quem
1251 3486 1305 3525 om.
1323 3473 1402 3534 dett.;
1427 3475 1453 3524 iu
1470 3475 1503 3524 04
1524 3475 1578 3524 est:
1602 3487 1675 3536 quem
1689 3445 1768 3537 ὣς

448 3554 540 3618 quun?
561 3551 716 3616 Quemnam?
736 3555 801 3601 recte
822 3550 939 3599 admones
957 3547 1027 3600 maie
1046 3551 1208 3615 iuterpuugit
1228 3548 1311 3599 iiaim.
1335 3547 1393 3600 coli.
1418 3551 1499 3601 Persii
1519 3548 1697 3609 sst.1i.tt.;
1724 3551 1772 3614 qui

448 3628 522 3681 locus
539 3630 591 3679 iam
608 3628 749 3693 propterea
767 3622 899 3675 dissimilis
917 3625 959 3673 est
975 3623 1036 3674 buic
1052 3624 1182 3685 Tulliano,
1201 3624 1273 3689 quod
1291 3624 1327 3674 ibi
1343 3625 1385 3675 bis
1402 3626 1502 3675 cuinam
1518 3623 1621 3686 iegitur.
1646 3625 1771 3675 Nostram

449 3704 643 3756 distinctionem
659 3701 827 3752 verissimam
849 3710 909 3749 esse
930 3711 963 3748 ex
978 3702 1100 3750 veterum
1118 3700 1363 3763 grammaticorum,
1387 3712 1454 3763 quos
1470 3698 1673 3763 adscripsimus,
1698 3702 1772 3751 testi·

449 3778 546 3830 moniis
564 3776 638 3827 iaciie
656 3774 791 3839 colligitur.
819 3772 896 3838 [Quid
912 3774 954 3823 bis
970 3773 1005 3823 ad
1021 3787 1079 3824 rem
1097 3773 1130 3824 dc
1145 3788 1197 3839 qua
1209 3775 1295 3837 4344444
1305 3774 1499 3825 diiudicandum
1512 3773 1677 3836 conficiatur,
1697 3777 1772 3840 equi·

449 3855 511 3906 dem
533 3866 587 3903 non
609 3852 696 3902 video.
719 3849 809 3914 444444]
834 3876 862 3886 -
888 3850 913 3899 2.
931 3849 1074 3910 Polyclitum
1090 3851 1154 3900 iiGt
1170 3850 1239 3913 4329
1250 3848 1282 3899 42
1299 3849 1394 3901 liutius
1420 3850 1567 3911 Polucteturn
1584 3848 1662 3901 codd.
1681 3851 1769 3911 Quint

448 3931 543 3982 Donat.
561 3930 627 3978 Non.
644 3940 671 3992 p.
690 3924 747 3976 242.
767 3926 811 3975 444.
830 3925 864 3985 0;
884 3924 1000 3985 reluctat
1016 3925 1089 3974 Serv.
1108 3924 1143 3974 ad
1158 3925 1228 3988 Virg.
1248 3923 1302 3975 Eoi.
1321 3926 1362 3975 iii.
1381 3925 1421 3975 37.
1442 3952 1469 3962 -
1488 3925 1513 3974 3.
1531 3926 1619 3976 cotidie
1635 3922 1726 3976 44404
1742 3928 1768 3977 2.

451 4034 478 4044 -
497 4006 521 4056 6.
540 4005 641 4054 inmort.
659 4003 688 4052 44.
709 4028 736 4038 -
755 4000 780 4050 i.
799 4013 874 4062 quom
889 3998 970 4051 idem.
991 4027 1018 4035 -
1036 4001 1121 4063 nospes
1137 4000 1243 4060 cccciv,
1262 4002 1308 4065 qui
1324 4000 1406 4051 babet
1421 4014 1464 4050 vv.
1485 4014 1575 4063 ..spes
1591 4002 1772 4052 nm--nintt

448 4081 508 4132 dun
524 4080 599 4130 etiam
615 4078 639 4141 5.
653 4077 677 4127 9.
695 4090 721 4127 v.
735 4076 775 4126 44.
796 4099 823 4111 -
843 4076 867 4126 8.
884 4075 1052 4138 reponendum
1068 4076 1097 4126 C.
1124 4073 1224 4125 Eadem
1241 4075 1359 4127 conlusio
1377 4078 1417 4127 est
1433 4075 1457 4140 5.
1471 4076 1527 4126 403.
1543 4105 1571 4113 -
1590 4077 1613 4127 9.
1631 4077 1772 4128 buitumodi

448 4156 499 4206 113:
518 4154 636 4205 4444444444
652 4153 760 4217 Vilia),
785 4151 849 4202 dett.
869 4150 898 4201 0.
919 4178 946 4188 ·-
965 4156 988 4201 et
1004 4151 1064 4212 quid
1079 4150 1163 4210 VG3,
1181 4149 1264 4214 43424
1290 4156 1313 4201 44
1329 4152 1394 4213 quod
1410 4152 1443 4211 44,
1462 4149 1518 4201 reli.
1538 4151 1630 4216 Lagg.;
1653 4154 1695 4204 ced
1710 4153 1773 4216 quid

450 4232 518 4283 coni.
537 4228 621 4281 iialm.
641 4225 700 4279 coli.
719 4239 758 4277 or.
776 4239 803 4291 p.
822 4224 891 4276 Sulla
908 4225 932 4290 5.
950 4227 990 4277 bl.
1009 4226 1067 4276 Non
1084 4223 1171 4274 malet
1200 4251 1227 4269 .-
1255 4227 1295 4276 40.
1318 4232 1342 4276 44
1357 4226 1428 4276 baed.
1447 4225 1483 4276 443
1494 4226 1517 4275 V
1527 4223 1545 4275 λ
1555 4228 1640 4291 4329;
1667 4242 1697 4279 oe
1714 4228 1769 4279 bae.

449 4305 514 4357 deit.
533 4306 562 4355 0.
584 4330 610 4341 -
631 4303 670 4354 43.
687 4303 812 4352 sociorum
827 4307 903 4363 atque
918 4302 1056 4351 amicorum
1072 4299 1095 4349 V
1112 4300 1200 4362 tetiam
1217 4301 1259 4350 Br.
1278 4303 1361 4359 teste;
1380 4303 1478 4352 erravit
1494 4302 1565 4353 enim
1581 4304 1664 4355 Maius
1680 4304 1707 4353 in
1723 4303 1772 4355 ad·

448 4380 528 4442 noti:
546 4379 669 4429 sociorum
685 4374 741 4426 rell.
760 4376 789 4426 0.
811 4404 838 4413 -
857 4374 897 4427 44.
916 4376 1052 4439 quadridui
1068 4388 1173 4424 canuam
1189 4375 1259 4426 44341
1277 4377 1310 4438 (in
1326 4376 1349 4424 V
1366 4379 1454 4426 44444444
1470 4390 1497 4426 m
1513 4378 1627 4428 Braunio
1644 4380 1771 4443 punciata

448 4455 574 4516 videturl;
592 4455 619 4503 in
636 4453 798 4516 quatriduum
811 4465 858 4514 per
875 4464 979 4501 causam
995 4450 1129 4500 aedilitatis
1145 4451 1212 4501 coui.
1226 4451 1358 4502 Fritzscbe
1376 4450 1434 4502 coll.
1448 4464 1487 4502 or.
1506 4466 1533 4516 p.
1552 4452 1632 4503 domo
1649 4453 1674 4517 S.
1688 4453 1728 4504 43.
1739 4482 1768 4491 -

449 4532 490 4582 to.
509 4531 541 4580 od
557 4529 610 4580 44444
626 4529 656 4579 44.
677 4553 704 4562 --
723 4540 736 4576 e
751 4527 865 4578 samono
881 4527 915 4585 44,
934 4526 966 4576 Gi
982 4525 1010 4575 2ε
1029 4527 1059 4574 de
1073 4538 1140 4574 sacr.
1160 4524 1224 4576 dett.
1237 4527 1273 4587 0,
1291 4527 1355 4577 item
1371 4527 1403 4586 V,
1421 4529 1451 4577 ut
1468 4528 1548 4578 etiam
1565 4528 1680 4578 Brunuio
1696 4527 1772 4578 vide-

449 4609 505 4667 tur;
524 4620 537 4656 e
554 4618 607 4656 om.
627 4601 673 4653 bd.
695 4627 722 4638 -
741 4602 781 4651 44.
800 4605 882 4651 tamea
899 4613 952 4650 om.
965 4599 1012 4650 Ld.
1027 4628 1053 4636 —
1069 4605 1202 4662 4444444444
1217 4603 1238 4652 lt
1255 4615 1291 4651 m.
1304 4615 1344 4666 pr.
1358 4601 1504 4665 etvibr.);
1522 4603 1680 4666 oetruiagg.
1692 4616 1771 4667 prae-

449 4684 490 4732 ter
505 4680 546 4730 29.
562 4707 589 4717 -
607 4678 685 4728 bonae
700 4676 825 4726 Fortunae
841 4675 872 4726 V.
892 4674 1015 4739 [tirannio
1031 4676 1118 4739 potius
1136 4675 1227 4726 4444444
1241 4677 1370 4740 intimam
1386 4677 1412 4728 in
1423 4678 1446 4725 V
1462 4689 1522 4728 esse
1539 4677 1657 4739 videtur,
1676 4691 1772 4742 quam·

448 4768 530 4821 quem
542 4766 585 4804 res
597 4752 677 4803 dubia
689 4751 748 4817 est]
763 4779 790 4790 -
809 4752 849 4802 48.
861 4751 951 4802 tabem
961 4752 1026 4801 domi
1037 4765 1098 4802 cuae
1109 4752 1154 4813 443,
1166 4753 1197 4813 V,
1210 4750 1234 4814 λ,
1248 4753 1316 4816 4329
1327 4751 1370 4802 ia:
1389 4753 1456 4802 domi
1471 4766 1532 4802 suae
1546 4752 1603 4804 bob.
1622 4752 1686 4803 dett.
1697 4753 1726 4804 0.
1740 4780 1768 4789 —

449 4829 489 4881 49.
502 4829 725 4891 quaeboeocausa
736 4827 868 4888 44444444,
882 4825 1063 4890 4444443294
1077 4829 1255 4890 quaesitio.
1269 4828 1332 4878 dett
1347 4829 1407 4877 0.-
1421 4828 1544 4889 quoeieta
1555 4828 1607 4890 inp.
1619 4825 1768 4892 Rlerob.

449 4905 534 4959 biadv.
549 4905 628 4969 Epist.
643 4916 669 4968 p.
682 4905 723 4954 52,
736 4904 783 4968 Op.
797 4903 815 4952 i.
829 4916 855 4967 p.
869 4902 949 4965 toti:
968 4915 1032 4964 quoe
1047 4905 1097 4954 isia
1112 4905 1307 4967 impudendi,
1321 4903 1378 4962 Ld.;
1397 4918 1461 4966 quoe
1471 4905 1531 4953 boec
1546 4905 1606 4965 imp.
1619 4906 1654 4952 444
1665 4901 1768 4954 detto.

449 4984 478 5033 in
490 4982 526 5031 02
538 4980 606 5031 duae
624 4980 673 5029 bae
690 4980 907 5042 interrogationes
919 4991 973 5029 om.
986 5005 1014 5015 -
1032 4981 1072 5030 20.
1084 4982 1157 5030 iteca.
1169 4993 1226 5030 mm
1237 4981 1296 5041 imp.
1309 4992 1379 5028 neno
1390 4979 1444 5029 ii3:
1462 4993 1533 5029 nemo
1548 4981 1621 5029 44444.
1638 4991 1696 5028 cum
1705 4979 1768 5042 44444.

448 5057 510 5107 Vct
526 5055 593 5117 reli..
606 5058 667 5107 0.-
686 5057 727 5106 24.
741 5056 809 5106 Fort.
822 5054 918 5115 4444444
938 5054 971 5105 44.
983 5068 1008 5104 v.
1021 5056 1037 5105 2
1048 5067 1088 5118 sq.
1103 5056 1172 5105 44444.
1185 5081 1213 5091 -
1225 5056 1266 5105 22.
1278 5067 1335 5103 nnn
1345 5054 1372 5103 in
1386 5055 1479 5116 paceii
1491 5054 1569 5117 4329,
1582 5055 1645 5104 item
1657 5052 1680 5101 V
1691 5054 1767 5117 (444444

449 5137 501 5182 tum
516 5132 620 5194 topace
635 5129 691 5181 rell.
705 5131 770 5180 0.-
785 5130 950 5180 4444444444οά4
960 5131 993 5190 44;
1011 5130 1129 5180 4444444444
1146 5130 1197 5190 Gi,
1214 5130 1359 5179 eiuscmsodi
1376 5128 1454 5179 codd.
1468 5127 1571 5189 bamb..
1590 5129 1635 5188 02,
1654 5127 1715 5186 Ld.;
1733 5141 1769 5179 au

449 5205 512 5256 iuit:
530 5205 715 5256 tunucemodtt
733 5204 871 5270 [FirmatV
886 5202 1028 5255 lectionem
1043 5204 1124 5268 44443,
1143 5218 1212 5269 quae
1229 5205 1366 5255 sanissima
1378 5208 1432 5261 est;
1451 5216 1501 5255 nec
1517 5205 1607 5255 tamen
1623 5215 1718 5254 omnes
1728 5201 1769 5252 iit·

450 5282 522 5331 ierac
539 5281 567 5332 in
584 5280 642 5332 cod.
660 5281 817 5347 perspicuae
829 5281 902 5342 sunt;
920 5281 1021 5332 notavit
1030 5281 1102 5333 emm
1113 5281 1262 5335 brondius:
1278 5280 1426 5334 4404444448
1443 5319 1449 5332 .
1463 5317 1470 5333 .
1482 5279 1555 5332 IVS.
1569 5316 1575 5330 .
1590 5277 1715 5344 boot]
