4367 6109
478 517 541 588 l98
887 519 1039 587 ORATIO
1061 520 1140 587 PRO
1161 521 1200 585 A.
1223 520 1395 589 CAECINA

479 711 544 778 quo
567 709 677 757 omnes
697 688 761 754 sint
780 693 836 754 aut
855 688 1055 774 appellentur
1074 699 1308 776 procuratores,
1342 693 1399 777 qui
1418 692 1540 775 negotii
1560 696 1657 761 nostri
1679 699 1804 787 aliquid

479 791 598 868 gerant,
620 782 731 858 sedin
752 783 811 849 baa
833 803 868 846 re
890 783 1013 867 cognita
1035 785 1191 848 sententia
1212 785 1371 850 interdicti
1394 786 1489 849 verba
1504 785 1660 853 subtiliter
1675 795 1805 879 exquiri

478 880 584 944 omnia
603 878 784 944 noluerunt.
825 873 877 940 57.
904 879 973 942 Non
996 877 1080 941 enim
1108 878 1171 942 alia
1192 899 1286 944 causa
1307 888 1355 943 est
1376 880 1545 965 aequitatis
1567 881 1600 945 in
1620 905 1686 948 uno
1709 907 1805 954 servo

478 980 511 1036 et
531 974 564 1036 in
584 971 744 1058 pluribus,
771 991 837 1036 non
859 970 920 1035 alia
940 971 1021 1035 ratio
1043 970 1122 1035 iuris
1146 973 1179 1035 in
1200 972 1262 1036 boc
1284 994 1399 1057 genere
1422 974 1603 1052 dumtaxat,
1624 986 1730 1044 utrum
1751 1001 1804 1044 me

453 1071 549 1131 ciuus
569 1072 761 1150 *procurator
788 1064 939 1130 deiecerit
958 1067 1003 1141 is,
1034 1065 1089 1149 qui
1116 1066 1257 1149 legitime
1283 1076 1466 1151 procurator
1495 1068 1626 1148 dicitur,
1659 1073 1806 1138 omnium

475 1181 580 1225 rerum
602 1160 685 1236 eius,
716 1161 771 1243 qui
791 1161 826 1224 in
846 1159 936 1224 ltalia
956 1179 1021 1223 non
1042 1161 1083 1223 sit
1104 1161 1227 1237 absitve
1248 1162 1293 1224 rei
1314 1162 1461 1245 publicae
1483 1183 1594 1238 causa,
1615 1167 1707 1251 quasi
1730 1167 1807 1250 qui·

476 1253 547 1319 dam
569 1274 670 1338 paene
692 1253 856 1330 dominus,
876 1254 939 1318 boc
961 1260 1018 1330 est,
1040 1253 1137 1319 alieni
1158 1254 1236 1318 iuris
1258 1255 1413 1331 vicarius,
1435 1275 1477 1318 an
1498 1263 1569 1320 tuus
1592 1258 1723 1324 colonus
1747 1269 1808 1324 aut

474 1349 599 1414 vicinus
620 1355 675 1413 aut
696 1348 795 1412 cliens
816 1353 871 1412 aut
892 1348 1024 1413 libertus
1046 1355 1101 1412 aut
1122 1348 1238 1432 quivis,
1261 1348 1317 1431 qui
1339 1349 1425 1415 illam
1446 1350 1511 1412 rim
1527 1351 1805 1439 deiectionemque

475 1448 529 1506 tuo
552 1448 664 1525 rogatu
684 1448 740 1507 aut
760 1449 814 1506 tuo
835 1443 964 1507 nomine
985 1441 1105 1506 fecerit.
1148 1439 1199 1504 58.
1223 1441 1328 1518 Quare
1351 1444 1378 1505 si
1400 1442 1440 1505 ad
1463 1463 1534 1506 enm
1557 1447 1806 1523 restituendum,

437 1537 531 1620 toqui
558 1536 590 1602 vi
620 1535 760 1600 deiectus
788 1542 845 1612 est,
867 1537 1001 1600 eandem
1027 1538 1091 1600 vim
1120 1536 1216 1600 babet
1244 1536 1415 1620 aequitatis
1442 1538 1540 1612 ratio,
1573 1560 1611 1604 ea
1638 1539 1807 1605 intellecta

474 1637 558 1696 certe
580 1630 660 1695 nibil
680 1631 721 1695 ad
742 1651 810 1694 rem
830 1632 982 1714 pertinet,
1014 1650 1097 1716 quae
1125 1629 1291 1693 verborum
1314 1631 1363 1693 vis
1386 1630 1484 1695 sitae
1505 1634 1677 1696 nominum.
1721 1637 1806 1698 Tam

472 1727 638 1800 restitues,
667 1724 694 1788 si
721 1731 794 1788 tuus
821 1744 872 1788 me
902 1724 1033 1788 libertus
1061 1724 1213 1787 deiecerit
1241 1724 1319 1787 nulli
1351 1730 1406 1787 tuo
1434 1727 1634 1808 praepositus
1660 1729 1805 1812 negotio,

474 1839 568 1904 quam
596 1819 624 1884 si
650 1823 833 1903 procurator
860 1818 1026 1883 deiecerit:
1065 1837 1130 1881 non
1158 1837 1221 1900 quo
1249 1837 1357 1881 omnes
1386 1819 1450 1881 sint
1478 1830 1712 1904 procuratores,
1743 1821 1804 1904 qui

473 1911 595 1998 aliquid
615 1912 716 1976 nostri
737 1913 857 1995 negotii
878 1919 1008 1996 gerunt,
1040 1911 1097 1975 sed
1125 1912 1211 1996 quod
1233 1911 1267 1974 in
1295 1911 1354 1975 hae
1382 1934 1417 1976 re
1445 1915 1554 1996 quaeri
1575 1915 1654 1979 nihil
1675 1915 1803 1980 attinet.

436 2009 552 2072 ttTam
571 2007 732 2082 restitues,
760 2006 788 2069 si
808 2027 892 2070 unus
914 2006 1073 2082 servulus,
1102 2026 1196 2090 quam
1219 2006 1245 2069 si
1268 1998 1387 2070 familia
1407 2007 1519 2070 fecerit
1538 2009 1700 2074 universa:
1730 2027 1803 2072 non

473 2121 537 2184 quo
558 2101 643 2164 idem
663 2101 706 2170 sit
725 2100 868 2165 servulus
889 2120 983 2176 unus,
1006 2099 1093 2186 quod
1114 2099 1243 2176 familia,
1264 2119 1373 2164 verum
1397 2100 1567 2185 quianon,
1589 2102 1705 2185 quibus
1727 2122 1804 2166 ver-

471 2193 523 2259 bis
545 2194 687 2280 quidque
709 2193 849 2272 dicatur,
870 2194 1045 2278 quaeritur,
1067 2193 1124 2258 sed
1145 2213 1226 2276 quae
1247 2213 1298 2258 res
1320 2200 1440 2276 agatur.
1482 2194 1584 2257 Etiam
1607 2195 1652 2271 si,
1671 2204 1707 2261 ut
1726 2197 1803 2261 lon-

473 2289 544 2372 gius
566 2309 585 2352 a
605 2289 703 2354 verbo
724 2287 919 2364 recedamus,
941 2287 981 2353 ab
1002 2287 1160 2373 aequitate
1183 2308 1224 2351 ne
1245 2287 1401 2351 tantulum
1423 2289 1568 2372 quidem,
1590 2289 1617 2351 si
1638 2295 1710 2352 tuus
1733 2311 1803 2353 ser·

471 2401 530 2448 vus
552 2382 658 2448 nullus
679 2382 776 2448 fuerit
796 2391 829 2449 et
857 2403 966 2448 omnes
995 2381 1092 2446 alieni
1120 2403 1157 2446 nc
1185 2380 1410 2457 mercennarii,
1438 2390 1544 2447 tamen
1575 2388 1608 2446 et
1632 2383 1694 2467 ipsi
1725 2391 1802 2454 tuae

434 2475 610 2544 ttiamiliae
631 2497 747 2561 genere
770 2485 803 2543 et
822 2477 951 2542 nomine
973 2476 1228 2541 continebuntur.

563 2571 650 2635 xxi.
684 2568 735 2634 59.
768 2573 867 2656 Perge
899 2591 991 2655 porro
1023 2571 1084 2635 boc
1114 2571 1198 2635 idem
1233 2570 1434 2635 interdictum
1466 2571 1569 2655 sequi.
1620 2570 1800 2639 Hommnvs

473 2659 612 2735 concess.
653 2665 819 2731 Neminem
852 2666 1006 2749 coegeris:
1037 2664 1100 2750 ipsi
1130 2665 1334 2729 convenerint
1355 2685 1412 2728 sua
1433 2671 1557 2748 sponte.
1602 2665 1692 2728 Certe
1714 2664 1801 2748 cogit

471 2763 516 2840 is,
538 2760 594 2846 qui
615 2767 785 2844 congregat
812 2759 956 2824 bomines
986 2765 1018 2822 et
1039 2763 1205 2823 convocat:
1239 2759 1339 2822 coacti
1368 2764 1443 2822 sunt
1469 2759 1507 2835 ii,
1536 2759 1591 2844 qni
1619 2758 1658 2822 ab
1688 2758 1798 2843 aliquo

472 2863 548 2920 sunt
567 2875 666 2920 unum
687 2854 846 2918 inlocum
869 2852 1060 2936 congregati.
1104 2851 1138 2914 Si
1159 2872 1224 2915 non
1245 2852 1340 2916 modo
1362 2853 1527 2918 convocati
1548 2872 1613 2916 non
1634 2862 1717 2929 sunt,
1739 2853 1798 2919 sed

434 2961 515 3015 stne
536 2956 752 3014 convenerunt
774 2948 913 3033 quidem,
936 2945 993 3011 sed
1014 2946 1038 3009 ii
1059 2946 1154 3009 modo
1176 2944 1315 3022 luerunt,
1338 2946 1394 3031 qui
1417 2949 1512 3011 etiam
1534 2953 1637 3022 antea,
1659 2967 1724 3010 non
1744 2946 1795 3012 vis

471 3054 508 3115 ut
527 3043 630 3121 lieret,
657 3064 767 3110 verum
793 3042 917 3106 colendi
944 3047 1000 3105 aut
1026 3039 1176 3123 pascendi
1205 3059 1298 3105 causa
1328 3060 1397 3104 esse
1428 3040 1461 3103 in
1490 3059 1564 3122 agro
1595 3048 1795 3116 consuerant,

473 3140 623 3206 defendes
643 3138 789 3202 homines
818 3141 942 3200 coactos
970 3154 1036 3199 non
1057 3133 1174 3209 tuisse,
1205 3142 1237 3198 et
1268 3133 1364 3197 verbo
1393 3133 1522 3219 quidem
1554 3131 1717 3218 superabis
1743 3153 1795 3195 mc

472 3234 543 3318 ipso
565 3232 680 3306 iudice,
701 3252 736 3294 re
758 3237 863 3295 autem
885 3250 926 3293 ne
949 3227 1102 3293 consistes
1124 3227 1251 3311 quidem
1273 3226 1340 3291 ullo
1361 3227 1476 3291 iudice.
1513 3226 1586 3291 Vim
1608 3227 1692 3290 enim
1713 3225 1797 3288 mul·

471 3327 617 3390 titudinis
637 3325 762 3390 restitui
783 3325 961 3399 voluerunt,
984 3343 1047 3387 non
1062 3323 1165 3387 solum
1180 3330 1367 3386 convocatae
1382 3319 1610 3397 multitudinis,
1632 3320 1697 3396 sed,
1720 3320 1796 3403 quia

434 3423 676 3507 ttplernmque,
704 3419 761 3482 ubi
787 3418 988 3483 multitudine
1017 3438 1096 3502 opus
1125 3423 1191 3492 est,
1226 3417 1372 3480 homines
1399 3417 1470 3500 cogi
1499 3416 1617 3489 solent,
1651 3413 1724 3478 ideo
1754 3415 1795 3477 de

472 3515 588 3580 coactis
614 3512 822 3597 compositum
849 3512 1052 3576 interdictum
1075 3520 1136 3575 est:
1168 3512 1255 3595 quod
1278 3511 1372 3575 etiam
1394 3510 1422 3573 si
1443 3511 1538 3574 verbo
1560 3509 1685 3573 differre
1705 3508 1796 3572 vide-

470 3609 565 3684 bitur,
586 3629 621 3672 re
641 3614 748 3673 tamen
770 3608 948 3671 oritanum
970 3614 1002 3670 et
1022 3606 1166 3669 omnibus
1188 3607 1221 3667 in
1243 3606 1346 3669 causis
1368 3603 1452 3667 idem
1473 3603 1601 3678 valebit,
1621 3603 1656 3666 in
1677 3603 1795 3688 quibus

470 3702 659 3789 perspicitur
683 3721 747 3766 una
774 3707 870 3787 atque
900 3699 1011 3765 eadem
1039 3719 1133 3765 causa
1157 3699 1337 3784 aequitatis.
1388 3695 1440 3760 60.
1467 3697 1663 3762 Aeuasssss.
1707 3694 1793 3771 Quid

536 4032 560 4083 t.
578 4031 645 4094 qaod
660 4043 743 4082 orm
757 4031 823 4081 L.-
835 4030 884 4080 dot
898 4034 927 4080 at
942 4029 1097 4093 appellentur
1112 4027 1133 4080 E
1151 4027 1193 4092 (de
1205 4027 1224 4079 T
1236 4023 1385 4079 Harlessius
1401 4022 1468 4090 silet)
1486 4024 1566 4079 Gllb
1576 4023 1702 4091 empqt
1717 4024 1744 4077 et
1759 4024 1791 4077 A.

470 4105 539 4159 Fort.
557 4107 617 4169 slat,
634 4111 662 4158 at
678 4105 848 4170 appellantur,
864 4109 1048 4168 procuratores.
1062 4129 1090 4139 —
1108 4103 1134 4153 t.
1147 4101 1233 4153 ltalim
1249 4106 1347 4167 pmsot.
1366 4099 1404 4151 Cl.
1417 4114 1443 4150 v.
1457 4098 1497 4151 tl.
1509 4126 1537 4136 —
1547 4101 1589 4151 red
1605 4101 1665 4164 prela
1680 4100 1708 4151 ia
1719 4102 1748 4152 1..
1762 4128 1790 4138 -

468 4181 546 4232 uerba
557 4180 676 4231 subtiliter
691 4178 922 4242 acauMETVO:
940 4179 1016 4230 verba
1032 4177 1132 4241 acquiri
1150 4179 1211 4241 (om.
1223 4176 1351 4240 malae)
1363 4173 1514 4229 ΒΑΜ-
1534 4175 1558 4226 7.
1572 4175 1615 4242 aa]
1630 4175 1792 4229 autEGlda

468 4253 563 4319 bemq
572 4257 582 4306 t
590 4252 643 4315 αβ.
656 4254 696 4306 De
707 4251 883 4305 THarlessius
895 4251 993 4305 silet-
1008 4253 1047 4304 t3.
1059 4267 1110 4304 noa
1121 4255 1187 4316 meod
1197 4265 1280 4304 omnes
1291 4252 1351 4301 L.-
1366 4249 1405 4302 tt.
1416 4254 1507 4314 perant
1517 4247 1636 4301 malebat
1644 4250 1791 4303 Emestius.

469 4328 604 4380 Cimb.—
614 4328 710 4393 quaeri]
722 4329 748 4378 id
759 4327 847 4390 qaaere·
855 4327 1001 4380 Scbtttzius.
1013 4328 1137 4381 «Facilius
1146 4331 1235 4380 tamen
1246 4328 1274 4378 id
1284 4329 1345 4392 post
1356 4327 1422 4390 quod
1433 4326 1590 4378 intercidere
1598 4326 1708 4392 potuit·
1718 4327 1790 4376 lone.

470 4404 611 4454 -attiaeat
622 4404 689 4454 L.-
702 4403 741 4454 tt.
755 4399 916 4467 fecerltlIA:
928 4403 1040 4454 bucera
1052 4417 1114 4455 cum
1125 4403 1217 4455 Aldina
1230 4400 1339 4454 List-
1353 4403 1479 4464 aouquocl
1494 4403 1637 4453 iderab-
1650 4401 1690 4452 lb.
1704 4413 1790 4452 mu·

467 4477 506 4529 lus
520 4478 762 4541 commodabo:
779 4477 891 4529 wrvalm
906 4477 1129 4542 steatomatis)
1147 4476 1259 4530 ΒΑΗ.
1273 4503 1301 4512 -
1320 4478 1361 4528 li.
1378 4478 1464 4527 Etiam
1479 4477 1501 4526 rt
1516 4482 1544 4526 ot
1558 4475 1581 4529 ll
1599 4477 1713 4541 (praeter
1728 4473 1751 4536 β
1764 4476 1793 4525 et

468 4565 537 4605 corr.
550 4553 576 4617 q)
589 4554 623 4603 A:
641 4550 776 4613 etstatd3
788 4553 895 4613 etutL;
914 4551 1365 4618 otlamatqetcumAldinailO.-
1378 4547 1791 4617 toaplaleamlouplurketbQ

466 4628 543 4679 etlam
558 4627 656 4692 tanaim
670 4628 699 4678 b.
720 4655 747 4664 —
766 4628 806 4679 t8.
823 4626 863 4692 aa}
880 4641 930 4677 aaa
947 4626 970 4680 ll
988 4629 1104 4693 (praeter
1119 4631 1186 4694 ΕΤ).
1207 4655 1235 4664 -
1253 4627 1293 4678 49.
1311 4631 1334 4677 ct
1350 4640 1434 4678 manes
1449 4624 1472 4678 ll
1489 4627 1605 4691 (praeter
1620 4627 1646 4692 p)
1664 4623 1730 4680 Ab:
1749 4624 1793 4676 aad

466 4715 549 4753 orma
565 4714 583 4766 p
600 4703 628 4753 et
643 4702 701 4752 Lo.
715 4729 743 4736 —
760 4703 926 4754 mercernam'l
943 4702 994 4753 EA
1012 4706 1039 4754 et
1054 4718 1079 4754 v.
1093 4717 1118 4756 c.
1137 4705 1163 4754 in
1179 4701 1263 4767 met
1280 4702 1324 4765 (de
1339 4703 1359 4754 'l
1376 4701 1525 4754 Harlessins
1542 4700 1624 4766 silet):
1642 4700 1792 4754 mosanarii

466 4775 550 4833 ΗΟ.
576 4775 650 4828 ssiam
667 4777 823 4843 scripturam
841 4776 949 4829 exhibet
972 4779 1052 4830 etiam
1069 4778 1128 4831 cod.
1147 4779 1241 4842 Regius
1258 4778 1334 4830 Vere.
1352 4778 1382 4829 V.
1401 4777 1425 4842 5.
1444 4777 1485 4830 tl.
1504 4777 1543 4829 Cl.
1561 4776 1586 4842 5.
1604 4777 1644 4828 63.
1663 4775 1739 4830 Halm
1756 4775 1793 4827 ad

466 4865 506 4905 or.
524 4865 573 4918 pro
590 4852 697 4903 Fonteio
712 4853 777 4904 XIV.
790 4853 830 4905 32.
846 4880 873 4890 -
891 4853 948 4918 lprt]
970 4854 1017 4917 ipsi
1038 4854 1105 4904 serat
1121 4851 1182 4905 ill..
1207 4852 1362 4904 Emendavit
1377 4853 1523 4917 Naugerius
1540 4852 1566 4901 in
1583 4850 1684 4902 Aldine.
1700 4877 1727 4885 -
1746 4850 1790 4900 20,

364 4940 371 4954 ·
465 4926 1015 4993 ameEr0:etpeereaA1.to.-
1043 4930 1083 4980 22.
1103 4931 1177 4996 capit]
1193 4930 1287 4994 coperit
1301 4927 1413 4993 Mbpt;
1431 4928 1538 4993 eoeperit
1554 4923 1693 4987 Gemoll
1709 4926 1737 4976 et
1753 4925 1789 4984 A;

465 5001 588 5066 coleperlt
603 5015 627 5053 a.
647 5026 676 5040 -
694 5000 735 5053 st.
753 5003 882 5054 convocati
901 5008 959 5054 aaut
979 5003 1042 5067 (om.
1059 5005 1117 5069 aaa)
1139 5006 1169 5055 A.
1188 5030 1216 5040 -
1240 5005 1280 5055 tt.
1298 5002 1326 5068 ll]
1347 5004 1373 5053 ta·
1395 5005 1415 5054 Τ
1438 5003 1523 5068 (deest
1539 5003 1606 5054 haec
1622 5000 1701 5052 lectio
1718 4997 1792 5064 apud

463 5075 632 5137 Iordanum);
652 5088 705 5127 om.
723 5079 856 5141 ampqt.
871 5101 899 5113 -
917 5078 959 5129 26.
978 5083 1126 5130 emerserant
1142 5076 1392 5143 Elabemqttl:
1411 5082 1588 5132 consueverant
1604 5072 1788 5129 Albio.-

465 5150 507 5204 32.
525 5155 549 5202 st
563 5151 591 5202 la
607 5150 719 5203 omnibus
734 5152 816 5203 catab
825 5153 860 5213 A;
876 5149 902 5204 'et
916 5152 944 5204 ta
960 5153 1042 5204 caleb
1057 5153 1168 5206 comibus
1183 5154 1209 5206 k.
1224 5182 1252 5192 —
1270 5153 1311 5206 33.
1329 5156 1484 5219 amatore
1499 5166 1561 5206 cum
1572 5150 1720 5204 solomano
1730 5145 1789 5207 at.

465 5223 519 5280 sed
535 5224 568 5280 et.
586 5225 767 5282 Heinricbium
783 5226 818 5281 sd
834 5240 873 5281 or.
891 5240 920 5294 p.
937 5225 1018 5283 Tidbo
1035 5227 1060 5295 5.
1080 5227 1104 5282 9.
1125 5229 1173 5296 (De
1189 5230 1369 5286 ammoneo
1385 5230 1445 5296 pita
1461 5223 1589 5307 dapar?
1603 5223 1646 5294 A)
