4367 6109
453 594 495 660 38
741 589 892 659 catulo
914 589 992 660 PRO
1015 591 1105 659 SEX.
1125 589 1272 660 boscio
1294 589 1479 658 lembulo

453 774 559 843 turos3
582 768 622 831 de
642 766 799 829 bonorum
820 764 1003 828 venditione
1026 771 1058 828 et
1079 767 1118 828 de
1140 765 1201 828 ista
1215 763 1366 827 societate
1381 761 1513 826 verbum
1528 778 1598 824 esse
1614 759 1772 824 facturum

453 863 626 935 neminem;
648 861 719 939 ipso
740 858 869 920 nomine
891 859 1052 940 parricidii
1075 866 1106 921 et
1124 858 1287 921 atrocitate
1302 856 1443 919 criminis
1457 854 1542 930 fore,
1563 862 1600 917 ut
1613 855 1667 917 bic
1682 854 1770 917 nullo

453 955 579 1036 negotio
602 952 781 1024 tolleretur,
805 971 877 1013 cum
898 951 937 1013 ab
961 951 1048 1014 nullo
1065 952 1213 1016 defensus
1235 959 1327 1014 esset.
1365 947 1417 1013 29.
1438 949 1508 1012 Hoc
1523 949 1659 1013 consilio
1676 956 1773 1032 atque

453 1049 532 1110 adeo
562 1046 621 1108 bac
642 1045 782 1107 amentia
803 1044 947 1126 impulsi,
981 1066 1076 1128 quem
1098 1046 1176 1128 ipsi,
1210 1065 1281 1107 cum
1310 1051 1478 1126 cuperent,
1513 1064 1579 1107 non
1600 1049 1774 1128 potuerunt

429 1141 611 1213 succidere,
633 1158 706 1201 eum
729 1137 936 1221 iugulandum
958 1139 1049 1202 robis
1071 1139 1277 1201 tradiderunt.

534 1233 588 1294 lll.
611 1231 698 1308 Quid
719 1232 856 1316 primum
879 1235 1014 1314 querar?
1042 1240 1098 1294 aut
1118 1233 1202 1294 unde
1224 1231 1441 1315 potissimum,
1471 1232 1609 1307 iudices,
1640 1230 1772 1295 ordiarl

451 1335 505 1391 aut
527 1326 613 1410 quod
635 1333 691 1389 aut
712 1345 731 1388 a
753 1326 868 1410 quibus
891 1327 1045 1389 auxilium
1073 1328 1200 1408 petam?
1234 1327 1413 1387 Deorumne
1439 1326 1684 1400 immortalium,
1716 1343 1773 1407 po·

450 1419 559 1502 puline
580 1420 730 1493 Romani,
760 1426 954 1494 vestramne,
982 1419 1037 1503 qui
1059 1439 1214 1482 summam
1235 1426 1424 1501 potestatem
1445 1419 1568 1482 habetis
1597 1418 1660 1482 boe
1694 1426 1772 1482 tem·

448 1533 537 1597 pore,
557 1508 651 1575 fidem
672 1513 863 1595 implorem?
906 1510 957 1574 30.
974 1514 1066 1576 Pater
1083 1515 1208 1576 occisus
1223 1513 1360 1588 nefarie,
1383 1514 1495 1577 domus
1510 1515 1641 1577 obsessa
1656 1512 1696 1575 ab
1710 1513 1771 1576 ini-

414 1608 557 1680 comicis,
585 1607 671 1670 bona
692 1606 855 1689 adempta,
886 1626 1050 1689 possessa,
1074 1608 1214 1690 direpta;
1243 1604 1299 1670 filii
1322 1608 1387 1671 vita
1408 1608 1540 1684 infesta,
1570 1626 1667 1689 saepe
1688 1607 1772 1672 ferro

449 1709 544 1785 atque
566 1700 691 1763 insidiis
713 1701 862 1783 appetita.
906 1700 991 1776 Quid
1013 1701 1052 1763 ab
1074 1701 1124 1763 bis
1147 1709 1194 1763 tot
1215 1697 1377 1764 maleficiis
1400 1701 1528 1764 sceleris
1550 1701 1661 1764 abesse
1683 1701 1772 1764 vide-

449 1798 522 1857 4444
552 1803 658 1857 444444
678 1793 757 1857 baec
778 1793 849 1856 aliis
871 1792 1000 1856 nefariis
1023 1794 1187 1857 cumulant
1207 1802 1303 1877 atque
1325 1794 1498 1875 adaugent:
1527 1796 1645 1858 crimen
1668 1796 1772 1859 incre-

449 1889 547 1951 dibile
573 1884 774 1971 confingunt,
803 1894 899 1951 testes
928 1887 962 1949 in
990 1887 1075 1951 hunc
1098 1896 1131 1952 et
1152 1896 1351 1951 accusatores
1373 1889 1506 1953 huiusce
1528 1889 1664 1973 pecunia
1686 1908 1771 1953 com·

449 1989 578 2065 parant,
601 1982 682 2044 banc
705 1981 926 2045 condicionem
948 1980 1063 2044 misero
1085 1982 1208 2056 ferunt,
1229 1989 1266 2044 ut
1280 1989 1382 2063 optet,
1404 1988 1509 2044 utrum
1525 1981 1613 2045 malit
1633 1983 1771 2046 cervices

413 2075 564 2141 rslioscio
587 2074 677 2148 dare,
699 2094 739 2137 an
762 2075 887 2137 insutus
905 2074 939 2136 in
954 2074 1093 2137 culleum
1109 2094 1166 2157 per
1179 2095 1338 2137 summum
1353 2073 1491 2137 dedecus
1506 2075 1602 2137 vitam
1616 2075 1770 2138 amittere.

449 2171 603 2231 Patronos
624 2168 700 2232 buic
721 2167 888 2231 defuturos
910 2175 1119 2251 putaverunt3
1143 2168 1274 2231 desunt:
1297 2168 1353 2251 qui
1374 2167 1473 2229 libere
1495 2166 1597 2241 dicat,
1619 2168 1677 2251 qui
1699 2189 1771 2231 cum

449 2258 511 2324 fide
533 2261 697 2336 defendat,
719 2262 752 2324 id
774 2262 862 2344 quod
883 2262 917 2324 in
939 2262 998 2324 bac
1020 2281 1116 2325 causa
1139 2261 1215 2324 satis
1230 2270 1293 2335 est,
1316 2281 1380 2324 non
1401 2261 1490 2323 deest
1502 2260 1666 2343 profecto,
1688 2261 1771 2325 iudi·

450 2376 512 2418 ces.
546 2349 596 2416 34.
610 2356 652 2416 lit
666 2352 799 2417 forsitan
814 2355 847 2416 in
862 2353 1064 2437 suscipienda
1078 2375 1174 2418 causa
1188 2363 1306 2418 temere
1321 2354 1477 2437 impulsus
1492 2353 1707 2417 adolescentia
1722 2355 1768 2417 fe-

450 2449 562 2511 cerim:
578 2448 729 2532 quoniam
745 2447 875 2531 quidem
889 2450 986 2511 semel
1001 2449 1143 2531 suscepi,
1158 2449 1233 2512 licet
1245 2449 1391 2513 hercules
1406 2447 1551 2531 undique
1569 2468 1679 2513 omnes
1694 2450 1771 2512 mibi

413 2543 564 2617 sominae,
585 2550 721 2605 terrores
743 2542 949 2627 periculaque
973 2541 1176 2624 impendeant
1191 2543 1314 2616 omnia,
1337 2561 1518 2606 succurram
1533 2549 1630 2626 atque
1644 2543 1768 2607 subibo.

450 2637 578 2700 Certum
599 2643 648 2699 est
669 2634 956 2719 deliberatumque,
986 2655 1068 2719 quae
1090 2635 1131 2697 ad
1154 2655 1280 2699 causam
1302 2637 1461 2719 pertinere
1482 2636 1636 2711 arbitror,
1666 2639 1772 2701 omnia

449 2748 514 2793 non
536 2728 630 2792 nodo
654 2729 775 2802 dicere,
796 2749 907 2792 serum
929 2731 1023 2793 etiam
1039 2730 1174 2792 libenter
1188 2731 1338 2794 audacter
1351 2730 1513 2812 libereque
1529 2731 1645 2794 dicere.
1676 2732 1771 2796 Nulla

450 2845 500 2886 res
523 2832 609 2887 tanta
631 2824 777 2898 exsistat,
802 2823 942 2898 iudices,
965 2833 1000 2887 ut
1021 2824 1124 2907 possit
1144 2824 1208 2886 vim
1230 2824 1307 2886 mibi
1329 2824 1480 2886 maiorem
1503 2823 1654 2887 adbibere
1668 2832 1771 2889 metus

450 2939 545 3003 quam
568 2916 656 2982 fides.
700 2914 992 3002 :stateramque
1015 2926 1078 2980 tam
1101 2916 1257 2980 dissoluto
1279 2917 1385 2980 animo
1407 2924 1473 2991 est,
1502 2917 1575 3000 qui,
1597 2919 1675 2982 baec
1698 2941 1770 2983 cum

304 3009 308 3018 '¹
411 3014 570 3088 revideat,
603 3021 707 3076 tacere
736 3031 772 3074 ac
803 3011 963 3095 negligere
985 3012 1110 3095 possiti
1156 3014 1303 3075 «Patrem
1324 3031 1447 3086 meum,
1480 3032 1552 3074 cum
1574 3012 1770 3096 proscriptus

449 3128 514 3171 non
543 3114 641 3184 esset,
674 3106 859 3190 iugulastis3
892 3108 1032 3172 occisum
1062 3108 1095 3169 in
1126 3106 1375 3189 proscriptorum
1396 3124 1563 3192 numerum
1584 3106 1769 3179 rettulistis3

449 3222 498 3265 me
521 3201 616 3264 domo
639 3220 709 3265 mea
729 3202 865 3285 pervim
880 3202 1068 3285 expulistis3
1089 3201 1317 3284 patrimonium
1333 3220 1438 3262 meum
1452 3200 1653 3282 possidetis.»
1683 3198 1770 3274 Quid

450 3295 545 3358 vultis
566 3295 725 3379 amplius?
755 3295 892 3358 etiamne
915 3296 955 3359 ad
976 3295 1128 3359 subsellia
1150 3315 1222 3356 cum
1243 3293 1326 3356 ferro
1348 3301 1444 3376 atque
1467 3293 1539 3357 telis
1561 3293 1710 3368 venistis,
1736 3301 1771 3357 ut

449 3389 501 3452 bic
522 3397 578 3452 aut
599 3388 751 3471 iuguletis
773 3396 829 3453 aut
851 3391 1067 3454 condemnetis
1090 3391 1163 3452 Sex.
1186 3389 1362 3451 Roscium?

513 3556 537 3604 3.
562 3569 579 3604 a
594 3555 662 3605 nullo
679 3557 734 3615 442,
759 3569 784 3621 u.
809 3582 836 3593 -
860 3558 883 3607 6.
906 3559 958 3608 iod.
979 3559 1067 3608 ordior
1084 3559 1168 3615 Gbli,
1189 3558 1225 3607 st.
1244 3557 1321 3618 Vict,
1340 3560 1397 3608 Par.
1416 3557 1441 3606 3.
1459 3557 1499 3617 8.,
1517 3570 1549 3606 v:
1578 3557 1700 3608 wordtor
1716 3558 1766 3607 iud.

450 3630 504 3690 llll,
522 3643 581 3690 ac;
599 3631 721 3681 exordior
736 3631 800 3682 item
817 3631 917 3682 babent
933 3633 1050 3692 llltsz,
1069 3632 1118 3683 sed
1137 3633 1223 3694 ignota
1241 3636 1282 3683 est
1297 3631 1441 3682 verborum
1461 3630 1611 3693 collocatio,
1629 3633 1679 3683 nisi
1696 3632 1767 3696 quod

449 3705 475 3754 in
493 3704 514 3754 H
532 3705 622 3754 iudices
638 3703 734 3754 deesse
751 3704 855 3756 dicitur.
875 3733 902 3742 -
920 3707 945 3757 7.
964 3713 1009 3757 aut
1024 3710 1084 3768 quid
1101 3721 1124 3758 c.
1139 3735 1167 3745 -
1181 3709 1300 3771 populeos
1311 3710 1340 3759 G.
1355 3735 1381 3746 -
1402 3709 1426 3758 9.
1445 3707 1477 3758 ob
1493 3707 1767 3771 inimicis--poseesss

449 3791 502 3827 om.
522 3779 551 3826 G.
572 3805 599 3814 -
619 3777 792 3839 turicremis
809 3780 906 3841 direpto
922 3780 964 3830 ed.
983 3782 1049 3832 Ven.
1069 3781 1143 3832 4480.
1162 3783 1238 3846 prob.
1256 3785 1411 3834 Passeratio.
1426 3809 1453 3819 -
1473 3782 1530 3832 tort.
1549 3783 1677 3846 4444444444,
1696 3781 1768 3846 quod

449 3852 609 3902 concinnitas
627 3852 741 3901 oratoria
758 3853 894 3917 requirere
911 3854 1023 3905 videtur.
1045 3883 1072 3892 -
1092 3857 1132 3906 44.
1150 3859 1263 3919 adpetita
1278 3861 1307 3908 G.
1329 3885 1354 3893 —-
1375 3859 1414 3907 ti.
1432 3858 1492 3907 boec
1508 3858 1573 3921 44444]
1591 3855 1623 3906 ob
1637 3857 1725 3907 4444444
1735 3859 1765 3907 G.

451 3955 478 3964 ἠ
497 3926 538 3978 44.
555 3931 583 3975 ut
600 3931 664 3989 optet
680 3940 712 3978 c:
739 3933 767 3977 ut
783 3933 879 3991 optetur
895 3931 962 3990 GM,
989 3932 1004 3981 6
1022 3932 1097 3992 0444,
1122 3945 1177 3992 ca3
1206 3936 1225 3982 G
1244 3947 1291 3997 pro
1308 3938 1372 3995 optet
1391 3937 1477 3982 40444
1493 3930 1591 3981 habet:
1618 3936 1715 3994 optetur
1728 3937 1766 3993 ert,

448 4002 521 4068 quod
538 4002 686 4067 protectum
704 4005 746 4053 est
762 4015 795 4054 ex
812 4006 944 4065 4444444444.
964 4032 992 4041 -
1016 4006 1055 4055 45.
1073 4007 1161 4057 4444444
1176 4008 1226 4057 us.
1246 4033 1274 4044 -·
1292 4008 1319 4055 io
1335 4007 1440 4056 44444444
1457 4007 1560 4056 4444444.
1580 4007 1607 4056 44
1623 4007 1660 4056 b:
1678 4007 1705 4056 44
1720 4021 1765 4057 44-

447 4080 512 4128 bum
527 4078 675 4142 supplicium
688 4079 881 4141 parricidarum
897 4078 974 4130 codd.
994 4084 1022 4131 et
1039 4081 1102 4133 edd.
1120 4084 1183 4132 vett.
1203 4081 1259 4146 (sed
1277 4083 1313 4132 444
1329 4083 1430 4133 Orac
1446 4083 1556 4140 mmo,
1574 4081 1674 4131 il’arr.
1692 4084 1720 4131 et
1735 4095 1766 4131 a:

447 4155 582 4217 supplicio).
610 4153 776 4205 Manifestum
792 4153 937 4218 glossema,
956 4155 999 4206 cui
1016 4156 1069 4206 iam
1087 4156 1114 4206 in
1131 4155 1189 4207 cod.
1207 4156 1348 4206 Planciano
1367 4159 1473 4207 «vacet»
1489 4156 1698 4221 suprascriptum
1715 4159 1766 4216 est,

448 4243 518 4279 nunc
534 4229 647 4279 Klotzius
665 4241 771 4293 quoque
789 4231 814 4279 in
832 4227 874 4279 ed.
888 4230 918 4279 11.
938 4227 1080 4280 delendum
1099 4243 1158 4281 esse
1169 4229 1240 4281 vidit.
1267 4231 1428 4296 scripturam
1444 4231 1536 4281 4444444
1552 4244 1601 4296 pro
1617 4229 1701 4280 444444
1715 4230 1766 4280 be-

446 4304 511 4355 bent
529 4304 607 4354 etiam
624 4303 677 4352 duo
694 4302 772 4354 codd.
787 4305 890 4368 optimi,
908 4317 922 4353 4
941 4317 985 4355 me
997 4302 1097 4365 collati,
1115 4305 1288 4368 Wuerzburg.
1299 4310 1326 4356 et
1337 4304 1450 4370 Erlang.,
1468 4308 1492 4356 in
1505 4307 1559 4357 Cic.
1572 4304 1606 4355 de
1618 4306 1722 4355 lavent.
1735 4307 1765 4356 44.

446 4380 471 4442 g.
485 4377 541 4429 440.
557 4404 584 4413 -
603 4377 642 4427 46.
662 4378 755 4428 0444444.
775 4379 818 4441 qut
833 4379 907 4429 libere
922 4380 990 4429 dicat
1007 4393 1038 4430 c:
1057 4381 1144 4430 desunt
1160 4381 1202 4442 qui
1218 4382 1292 4432 tibere
1308 4383 1391 4431 (444444
1407 4383 1522 4442 Gilva,
1540 4382 1669 4432 borm-
1684 4380 1723 4430 44.
1736 4381 1767 4432 de

445 4452 628 4517 scodotblvc:
646 4452 840 4515 dessodoutGa,
859 4453 948 4505 lOrx.
962 4482 988 4491 -
1001 4457 1107 4506 44444444
1123 4469 1151 4505 4;
1171 4469 1224 4505 om.
1237 4461 1271 4505 est
1286 4457 1470 4517 GblHTxv3
1486 4463 1521 4508 est
1536 4456 1623 4506 satire
1636 4453 1762 4518 etvulgo.

447 4527 588 4591 (intercidit
599 4531 642 4588 est,
655 4539 717 4578 cum
728 4528 856 4592 scriptum
868 4528 946 4580 fuerit
955 4532 1043 4594 444444.)
1061 4532 1212 4594 Sequuntur
1223 4529 1319 4581 deinde
1331 4531 1356 4580 tn
1368 4531 1491 4583 omnibus
1502 4528 1763 4591 coduscanorum

446 4603 544 4664 quidem
553 4602 656 4663 4444444,
670 4614 738 4665 quoe
751 4615 783 4652 ex
795 4601 852 4654 loco
862 4603 985 4656 inferiore
998 4607 1031 4670 (v.
1041 4605 1091 4668 40.)
1104 4604 1192 4656 addita
1204 4617 1264 4655 esse
1277 4606 1455 4668 lleusingerus
1465 4606 1566 4671 primus
1578 4602 1718 4665 intellexit,
1736 4619 1763 4656 v.

447 4686 532 4739 Madv.
540 4687 635 4750 Opusc.
645 4686 676 4735 ll.
689 4685 809 4749 pate-
821 4687 860 4738 48.
870 4690 956 4755 causo]
965 4693 1047 4740 tamti
1058 4691 1153 4751 (ortum
1163 4703 1195 4739 ex
1204 4690 1283 4752 44).-
1295 4690 1334 4739 te.
1347 4690 1591 4742 herculesGllvac:
1604 4689 1701 4740 0444444
1709 4690 1765 4750 xo.

448 4789 474 4798 -
486 4774 567 4812 omnes
578 4773 630 4810 om.
638 4761 658 4810 T
667 4773 692 4821 v,
703 4761 828 4811 Franc-
838 4763 879 4813 20.
887 4765 948 4814 mitt
958 4767 1042 4815 minae
1052 4766 1181 4815 Baiterus:
1194 4764 1277 4813 minoe
1286 4762 1337 4814 Pal.
1348 4764 1373 4813 3.
1383 4764 1408 4814 8.
1419 4779 1437 4824 χ
1447 4778 1452 4822 ;
1464 4765 1528 4813 44444
1537 4764 1598 4821 Gll;
1611 4764 1765 4825 tamesae,

445 4838 553 4899 4404444
563 4848 645 4886 omnes
655 4839 764 4886 4444444
773 4838 857 4887 minoe
863 4841 1025 4904 periculaque
1035 4842 1054 4892 L
1065 4856 1071 4900 3
1088 4840 1197 4901 44444444
1206 4838 1289 4888 minoe
1300 4843 1408 4889 terrores
1414 4839 1575 4903 periculoque
1586 4839 1645 4888 Gar.
1656 4840 1680 4889 8.
1692 4841 1761 4890 coni.

446 4914 526 4975 (llaec
542 4911 591 4960 trio
608 4910 672 4960 item
689 4911 828 4962 coniuncta
845 4918 907 4964 sunt
922 4928 948 4979 p.
963 4916 1066 4975 Quinet.
1079 4914 1119 4975 44,
1137 4913 1224 4976 iil·
1242 4914 1400 4976 tmpeodeoot
1415 4927 1465 4965 ae:
1483 4915 1626 4976 impendant
1643 4913 1693 4965 HT
1702 4928 1764 4974 χ4;

445 4987 580 5050 4444404444
596 4985 688 5035 GblC.
702 5011 731 5023 -
749 4987 912 5055 imitanter]
928 4992 1031 5056 fidenter
1045 5003 1119 5055 susp.
1133 4988 1238 5040 Dobree
1250 4989 1350 5039 Adsere.
1363 4990 1395 5040 44.
1413 5002 1439 5053 p.
1453 4989 1508 5039 348.
1524 5016 1551 5027 -
1570 4989 1702 5039 audaciter
1712 4989 1762 5049 Lo,

446 5075 514 5127 quae
527 5061 609 5113 forma
622 5059 645 5123 5.
658 5058 713 5110 404.
724 5061 874 5113 testimonio
884 5065 1010 5116 Prisciani
1020 5066 1174 5117 confirmata
1186 5065 1268 5115 est-
1281 5064 1322 5114 88.
1335 5066 1438 5115 certem
1448 5065 1525 5124 live,
1539 5067 1610 5115 Parc.
1619 5067 1643 5113 4.
1652 5063 1687 5126 4.,
1700 5064 1764 5114 on.

446 5136 573 5202 plerique,
586 5138 615 5185 ut
625 5133 742 5185 videtur:
755 5137 852 5211 44444444
862 5138 969 5198 GHSe,
983 5139 1036 5191 Pal.
1048 5143 1082 5202 t.‚
1095 5142 1154 5191 Per.
1164 5140 1189 5190 8.
1200 5138 1235 5196 9.;
1253 5137 1415 5190 4444444041.
1428 5141 1464 5198 8..
1482 5140 1540 5190 Par.
1554 5140 1588 5200 7..
1608 5140 1709 5199 franc,
1728 5138 1764 5199 03

446 5211 567 5263 4444444444
583 5211 651 5261 4444.
664 5211 751 5261 Garat.
763 5212 788 5263 2.
805 5239 833 5249 -
849 5212 910 5262 444444
924 5215 1011 5265 44444.
1027 5242 1054 5251 —-
1073 5214 1115 5266 il.
1133 5214 1184 5279 qul]
1202 5216 1230 5261 ut
1241 5212 1284 5275 out
1298 5214 1327 5263 G.
1342 5238 1367 5251 -
1388 5214 1432 5264 boc
1448 5215 1503 5264 Tr.
1519 5241 1546 5251 -
1564 5214 1605 5265 26.
1623 5226 1727 5266 moro
1738 5229 1763 5265 4.

448 5313 476 5324 -
493 5284 535 5336 08.
552 5298 609 5336 com
624 5285 693 5348 44444
709 5290 733 5337 ot
748 5300 806 5339 com
821 5286 875 5339 tetis
890 5285 982 5340 maluit
997 5289 1077 5342 44444.
1099 5316 1126 5328 -
1144 5290 1185 5340 29.
1203 5288 1264 5341 8444.
1281 5287 1403 5355 bomon]
1421 5289 1493 5342 44444
1508 5301 1563 5352 44.,
1581 5301 1652 5356 quae
1667 5290 1722 5342 4444
1737 5290 1765 5341 in
