4367 6109
470 542 533 610 336
830 545 877 609 -fli
897 545 1071 610 VERREM·
1086 543 1208 610 ACTIO
1231 544 1415 611 SECUNDA

471 717 532 779 ista
553 714 745 798 intelligere,
773 721 879 778 44444444
900 715 1006 778 mirari
1034 714 1175 778 solebam
1195 715 1292 779 istum
1311 717 1345 779 in
1366 715 1417 779 his
1438 717 1516 799 ipsis
1538 716 1633 780 rebus
1654 716 1797 801 aliquem

470 829 598 874 sensum
619 810 745 883 habere,
767 828 862 892 quem
878 809 991 872 scirem
1006 810 1092 873 nulla
1105 810 1139 872 in
1153 829 1188 872 re
1204 809 1378 892 quidquam
1394 809 1497 873 simile
1511 809 1651 874 hominis
1665 811 1796 876 habere.

471 904 539 967 XV.
568 906 649 967 Tum
676 905 812 986 primum
839 903 983 967 intellexi
1011 903 1052 966 ad
1083 924 1152 967 eam
1182 924 1247 966 rem
1269 904 1347 967 istos
1368 902 1479 968 fratres
1503 905 1665 989 Cibyratas
1686 906 1798 992 fuisse,

468 1006 504 1061 ut
525 999 583 1061 iste
606 999 639 1060 in
661 997 796 1060 furando
818 997 962 1060 manibus
978 999 1054 1072 suis,
1077 999 1180 1062 oculis
1196 998 1322 1060 illorum
1337 1006 1485 1061 uteretur.
1518 1000 1561 1062 At
1574 999 1619 1064 ita
1634 1003 1798 1064 studiosus

447 1100 517 1155 uest
537 1092 632 1155 huius
654 1091 834 1174 praeclarae
857 1092 1111 1166 existimationis,
1134 1101 1169 1153 ut
1189 1099 1318 1174 putetur
1338 1093 1372 1155 in
1393 1092 1481 1155 hisce
1503 1093 1599 1156 rebus
1614 1094 1798 1178 intelligens

469 1205 548 1261 esse,
569 1194 606 1249 ut
618 1204 721 1269 nuper
735 1217 777 1231 —
791 1185 897 1249 videte
910 1185 1048 1249 hominis
1064 1185 1250 1249 amentiam!
1266 1217 1308 1233 —
1323 1195 1529 1270 posteaquam
1547 1196 1596 1251 est
1610 1208 1798 1273 comperen-

468 1278 605 1354 dinatus,
628 1300 699 1344 cum
721 1280 783 1343 iam
806 1299 864 1362 pro
888 1281 1035 1345 damnato
1058 1288 1246 1363 mortuoque
1269 1286 1363 1353 esset,
1386 1279 1469 1343 ludis
1486 1281 1686 1346 Circensibus
1702 1303 1797 1347 mane

467 1374 552 1459 apud
573 1375 609 1435 L.
633 1374 814 1448 Sisennam,
836 1373 938 1436 virum
961 1374 1157 1457 primarium,
1180 1393 1252 1436 cum
1275 1380 1382 1437 essent
1405 1375 1542 1438 triclinia
1565 1384 1661 1440 strata
1683 1397 1798 1460 argen-

468 1476 600 1552 tumque
630 1468 808 1551 expositum
837 1467 871 1529 in
900 1468 1049 1543 aedibus,
1080 1489 1151 1531 cum
1180 1488 1238 1550 pro
1268 1467 1419 1550 dignitate
1448 1470 1483 1531 L.
1506 1470 1658 1534 Sisennae
1681 1472 1797 1534 domus

431 1575 459 1622 44
468 1570 552 1625 44444
565 1562 660 1644 plena
673 1561 838 1624 hominum
852 1561 1164 1625 honestissimorum:
1186 1562 1321 1625 accessit
1334 1563 1373 1624 ad
1388 1569 1564 1645 argentum,
1586 1563 1798 1647 contemplari

467 1655 709 1738 unumquidque
732 1656 835 1719 otiose
858 1662 889 1718 et
911 1655 1111 1720 considerare
1135 1657 1249 1740 coepit
1292 1657 1400 1720 Mirari
1422 1658 1683 1733 stultitiamalii,
1706 1656 1797 1743 quod

466 1747 591 1832 inipso
615 1747 734 1812 iudicio
757 1749 826 1812 eius
847 1748 946 1831 ipsius
969 1750 1170 1831 cupiditatis,
1193 1752 1284 1814 cuius
1306 1750 1557 1824 insimularetur,
1579 1752 1796 1836 suspicionem

467 1851 613 1926 augeret3
635 1843 690 1905 alii
712 1843 892 1918 amentiam,
914 1843 965 1905 cui
988 1845 1278 1926 comperendinato,
1301 1866 1372 1908 cum
1394 1852 1457 1907 tam
1478 1845 1568 1909 multi
1584 1853 1680 1910 testes
1695 1845 1797 1910 dixis·

467 1946 547 2012 sent,
573 1937 746 2020 quidquam
769 1937 895 2000 illorum
915 1937 1037 2001 veniret
1050 1939 1083 2000 in
1098 1947 1252 2002 mentem:
1275 1940 1365 2021 pueri
1380 1949 1486 2004 autem
1501 1940 1665 2015 Sisennae,
1687 1938 1796 2014 credo,

430 2034 524 2117 isqui
554 2032 735 2106 audissent,
767 2051 848 2115 quae
874 2033 908 2093 in
934 2032 1030 2094 i'stum
1051 2034 1233 2097 testimonia
1260 2041 1367 2096 essent
1396 2034 1497 2108 dicta,
1525 2034 1634 2098 oculos
1664 2035 1703 2096 de
1731 2035 1794 2096 isto

466 2147 624 2211 nusquam
653 2127 789 2189 deiicere
819 2146 922 2209 neque
949 2127 989 2188 ab
1014 2135 1145 2209 argento
1175 2127 1306 2208 digitum
1335 2127 1509 2190 discedere.
1552 2124 1603 2189 34.
1632 2128 1689 2190 Est
1716 2125 1795 2190 boni

466 2222 582 2285 iudicis
602 2221 707 2303 parvis
730 2240 771 2282 ex
791 2219 886 2282 rebus
909 2220 1124 2283 coniecturam
1145 2219 1249 2283 facere
1270 2223 1536 2305 uniuscuiusque
1558 2221 1739 2303 cupiditatis
1762 2228 1795 2283 et

467 2317 691 2381 continentiae.
735 2316 798 2391 Qui
820 2335 910 2391 reus,
939 2323 971 2378 et
991 2335 1065 2378 reus
1095 2316 1165 2398 lege
1187 2315 1501 2399 comperendinatus,
1529 2337 1563 2379 re
1586 2321 1619 2377 et
1640 2314 1794 2398 opinione

464 2410 627 2476 hominum
655 2430 756 2495 paene
786 2410 971 2483 damnatus,
1003 2417 1180 2491 temperare
1202 2429 1268 2472 non
1295 2410 1435 2491 potuerit
1463 2411 1601 2473 marimo
1623 2415 1794 2482 conventu,

428 2509 544 2592 ioquin
565 2508 601 2569 L.
624 2507 776 2569 Sisennae
798 2512 963 2587 argentum
984 2510 1133 2566 tractaret
1154 2512 1186 2565 44
1208 2504 1430 2578 consideraret,
1451 2503 1536 2568 hunc
1558 2511 1737 2587 praetorem
1759 2503 1793 2565 in

466 2600 627 2685 provincia
649 2599 818 2683 quisquam
839 2597 964 2682 putabit
985 2617 1004 2662 a
1026 2597 1201 2660 Siculorum
1224 2605 1354 2680 argento
1378 2597 1582 2679 cupiditatem
1604 2604 1658 2661 aut
1679 2616 1793 2660 manus

465 2696 622 2759 abstinere
644 2695 811 2776 potuisset

549 2790 632 2853 xvl.
655 2785 706 2851 35.
722 2790 847 2861 ‚Verum
868 2788 914 2851 uti
929 2786 1123 2870 Lilybaeum,
1139 2786 1224 2848 unde
1243 2786 1385 2868 digressa
1399 2792 1447 2848 est
1461 2785 1572 2859 oratio,
1586 2793 1792 2860 revertamur,

464 2883 590 2948 Diocles
620 2889 683 2958 est,
710 2881 865 2963 Pamphili
894 2901 990 2963 gener
1015 2880 1118 2954 illius,
1146 2899 1253 2962 aquo
1281 2879 1396 2964 hydria
1416 2878 1521 2943 ablata
1543 2886 1606 2954 est,
1634 2879 1791 2962 Popillius

426 2979 664 3062 stcognomine.
706 2975 754 3038 hb
781 2975 843 3037 hoc
871 2974 960 3037 abaci
986 2993 1061 3037 vasa
1083 2974 1207 3047 omnia,
1238 2981 1275 3036 ut
1302 2973 1448 3055 exposita
1475 2971 1621 3048 fuerunt,
1650 2972 1790 3036 abstulit.

463 3073 556 3136 Dicat
575 3091 610 3135 se
631 3070 705 3134 licet
728 3071 859 3133 emisse:
889 3069 1005 3132 etenim
1032 3067 1086 3130 hic
1114 3074 1244 3150 propter
1264 3066 1514 3149 magnitudinem
1535 3064 1611 3129 furti
1632 3073 1726 3142 sunt,
1754 3073 1791 3129 ut

463 3167 593 3250 opinor,
622 3165 744 3228 litterae
767 3162 877 3227 factae.
919 3163 1015 3226 Iussit
1042 3161 1275 3224 Timarchidem
1304 3162 1471 3224 aestimare
1499 3167 1673 3243 argentum.
1717 3160 1790 3236 Quo

463 3259 580 3323 modo?
605 3279 669 3342 quo
688 3259 743 3341 qui
765 3278 915 3341 umquam
930 3256 1114 3320 tenuissime
1129 3256 1162 3318 in
1177 3255 1381 3318 donationem
1395 3253 1588 3318 histrionum
1602 3253 1789 3318 aestimavit

463 3353 601 3416 Tametsi
623 3353 686 3415 iam
708 3350 826 3414 dudum
850 3370 909 3433 ego
932 3369 1013 3424 erro,
1036 3349 1091 3432 qui
1114 3356 1177 3412 tam
1198 3349 1297 3412 multa
1319 3350 1358 3412 de
1380 3350 1441 3412 tuis
1464 3349 1677 3430 emptionibus
1694 3348 1791 3412 verba

424 3461 454 3510 44
462 3445 576 3511 faciam
598 3454 631 3510 et
652 3467 810 3531 quaeram,
832 3453 937 3508 utrum
960 3444 1075 3507 emeris
1096 3463 1213 3517 necne,
1236 3450 1269 3506 et
1290 3464 1354 3526 quo
1370 3443 1464 3506 modo
1487 3451 1519 3505 et
1533 3445 1642 3526 quanti
1658 3443 1789 3505 emeris:

462 3542 549 3627 quod
571 3542 667 3605 verbo
690 3542 861 3622 transigere
888 3559 1030 3623 possum.
1072 3538 1140 3600 Ede
1168 3537 1245 3600 mihi
1273 3538 1443 3619 scriptum,
1473 3536 1550 3621 quid
1580 3531 1724 3621 [argenti]
1755 3535 1791 3599 in

527 3759 551 3808 4.
569 3756 627 3821 4444]
644 3755 682 3806 444
698 3756 774 3818 4433.
794 3753 859 3804 dett.
880 3778 906 3788 -
925 3753 950 3802 4.
968 3752 1061 3801 bonini
1078 3752 1129 3813 04,
1149 3749 1195 3801 Ld.
1216 3777 1244 3787 -
1263 3749 1287 3802 4.
1306 3750 1415 3812 itiones]
1433 3762 1519 3800 444444
1536 3751 1568 3800 Gi
1583 3750 1608 3800 4.
1629 3775 1656 3785 -
1675 3750 1700 3800 6.
1717 3749 1789 3799 uideo

460 3828 506 3894 443,
525 3830 550 3882 λ.
565 3858 592 3868 -
611 3831 833 3894 conperendiuutus
847 3830 877 3878 li.
892 3856 919 3864 -
933 3828 958 3878 8.
971 3829 1099 3877 4444444444
1110 3828 1138 3876 44.
1155 3853 1182 3862 -
1195 3831 1393 3889 443444444444
1404 3826 1423 3875 a
1435 3839 1476 3889 pr.
1489 3838 1525 3875 m.
1540 3829 1567 3875 44
1577 3825 1616 3876 444
1628 3825 1743 3889 saepius.
1758 3849 1786 3860 -

461 3909 502 3960 40.
519 3909 676 3958 honestum
692 3908 770 3969 4433.
791 3933 818 3941 -
837 3903 938 3954 emersit
954 3902 999 3962 443,
1018 3903 1096 3965 4433.
1117 3900 1201 3965 (prob.
1220 3900 1361 3950 4444444444
1379 3899 1412 3949 de
1430 3897 1586 3950 Anacoluth.
1605 3911 1631 3964 p.
1650 3900 1714 3962 4044
1741 3912 1793 3949 ac-

459 3985 558 4035 cesserat
569 3985 600 4034 0.
615 4009 642 4017 —
657 3984 696 4031 44,
709 3981 892 4043 unumquisque
903 3980 933 4040 ii,
951 3978 1034 4040 4349;
1052 3977 1244 4040 unumquodque
1254 3974 1301 4036 Ld,
1319 3974 1375 4025 rell.
1389 3978 1479 4039 4433,
1498 3976 1527 4026 0.
1542 4002 1570 4011 -
1583 3975 1662 4036 coepit
1671 3972 1714 4024 vel
1724 3975 1789 4036 cepit

460 4058 538 4111 oodd.
558 4060 624 4110 noti:
643 4056 750 4118 coeperit
760 4056 789 4105 0.
804 4081 832 4090 —
846 4053 885 4102 44.
903 4053 1061 4114 motiones
1078 4054 1107 4103 a.
1123 4079 1151 4090 -
1165 4051 1205 4103 44.
1223 4051 1318 4100 ueniret
1333 4052 1366 4100 R:
1384 4052 1488 4100 44444444
1503 4049 1549 4111 (43,
1567 4046 1584 4097 λ
1601 4046 1649 4098 soli
1661 4050 1786 4100 exnotis.

462 4158 490 4171 -
509 4136 550 4185 43.
568 4133 719 4183 audivissent
734 4131 812 4192 4433.
830 4128 938 4192 praeter
953 4126 998 4188 49,
1017 4128 1046 4177 0.
1066 4153 1093 4162 -
1117 4131 1195 4176 444444
1211 4125 1279 4174 dictu
1294 4125 1324 4186 44,
1343 4123 1401 4184 Ld.,
1420 4122 1476 4173 alii:
1494 4124 1561 4173 44444
1577 4128 1655 4174 444444
1670 4123 1706 4172 (44
1723 4124 1787 4174 444

374 4226 377 4231 ’
460 4206 522 4272 [non
547 4208 612 4259 item
629 4204 712 4270 4349,
736 4207 765 4252 ui
782 4203 818 4253 444
841 4200 971 4266 Zumpt.];
998 4201 1061 4249 dcto
1082 4204 1160 4250 4444444
1181 4200 1226 4250 Gi.
1248 4226 1275 4234 —
1295 4199 1335 4249 46.
1354 4200 1447 4249 4444444
1463 4200 1496 4260 44,
1521 4200 1548 4249 44
1569 4199 1608 4249 444
1628 4210 1738 4262 semper
1758 4198 1787 4248 in

459 4284 613 4347 compositis
630 4279 707 4332 verbi
723 4278 813 4328 iacere.
834 4303 861 4313 -
882 4276 922 4325 44.
941 4275 1085 4337 cupiditatis
1101 4274 1130 4334 R,
1150 4274 1182 4322 Gi
1202 4274 1227 4335 4,
1245 4270 1275 4323 t:
1294 4279 1318 4323 44
1333 4273 1416 4336 cupid.
1435 4272 1493 4333 Ld.,
1512 4272 1576 4323 dett.
1595 4274 1624 4323 0.
1644 4297 1671 4306 -
1690 4275 1713 4321 44
1729 4284 1788 4321 4444-

458 4357 577 4407 444444444
587 4358 617 4417 44,
631 4356 682 4405 Gi:
701 4366 756 4403 om.
770 4350 830 4411 Ld.;
849 4354 872 4400 44
883 4363 936 4400 orn.
950 4350 1001 4409 (3⁴3
1021 4355 1043 4400 44
1053 4348 1245 4399 incontinentius
1256 4347 1312 4398 rell.
1325 4350 1355 4407 0;
1373 4348 1517 4410 4444404444
1527 4353 1550 4398 44
1560 4347 1662 4398 inducit
1672 4345 1785 4409 iladvig.

458 4431 506 4497 Op.
521 4434 540 4482 4.
554 4446 581 4497 p.
594 4431 650 4482 333.
665 4455 691 4465 -
707 4429 747 4480 is.
761 4432 785 4478 44
794 4439 852 4477 rsus
863 4425 915 4489 4434
922 4424 976 4502 [32
990 4425 1050 4488 ispe,
1064 4428 1087 4473 44
1097 4436 1156 4472 reru
1167 4423 1232 4472 dett.
1246 4424 1275 4473 0.
1294 4422 1332 4474 Ct.
1346 4423 1432 4474 Madv.
1445 4435 1487 4486 ep.
1501 4436 1528 4486 p.
1540 4423 1582 4472 34.
1595 4421 1657 4472 Bais.
1670 4433 1697 4484 p.
1711 4420 1785 4470 ss.-

456 4516 499 4567 20.
515 4522 597 4579 praet.
616 4516 643 4565 44
656 4512 789 4577 uocaus
805 4510 850 4572 443,
869 4506 898 4559 λε
916 4511 943 4560 Ρ.
956 4511 984 4560 44.
1003 4507 1197 4570 inprouiucium
1213 4509 1248 4566 R;
1266 4508 1459 4570 inprooiuciom
1468 4520 1510 4569 pr.
1522 4520 1540 4566 ς
1552 4507 1598 4570 (4);
1617 4504 1787 4567 iuprouiuciu

455 4595 537 4655 prust.
556 4592 634 4653 4433.
654 4590 682 4639 0.
698 4615 725 4625 -
738 4589 779 4637 44.
796 4586 895 4648 putavit
911 4584 989 4647 4349.
1005 4610 1032 4618 -
1045 4584 1085 4633 43.
1104 4582 1247 4643 lilluboeum
1264 4583 1293 4632 a.
1308 4607 1335 4618 -
1350 4583 1465 4646 44344444
1481 4580 1528 4631 444.
1542 4582 1570 4632 0,
1587 4605 1614 4616 -
1628 4584 1787 4629 reuertuntur

458 4667 503 4729 Ga,
523 4665 601 4718 codd.
620 4663 727 4715 Lambz
744 4666 904 4713 reuertuntur
920 4660 954 4720 44;
973 4663 1115 4708 reuertatur
1131 4657 1196 4708 dett.
1215 4659 1244 4708 0.
1265 4684 1292 4693 -
1311 4658 1351 4709 44.
1369 4658 1477 4720 Popilius
1493 4658 1523 4706 44.
1538 4682 1566 4692 -
1579 4658 1620 4706 43.
1639 4655 1712 4704 ubam
1728 4666 1783 4704 om.

457 4743 535 4805 4433.
548 4742 657 4806 praeter
667 4739 708 4789 49.
724 4765 751 4775 -
762 4738 865 4802 44444444
880 4734 939 4796 Ld.,
957 4732 1026 4797 4344
1043 4732 1090 4784 soli
1109 4746 1142 4783 ex
1154 4733 1231 4792 notis,
1244 4732 1273 4781 0.
1289 4758 1316 4766 -
1330 4732 1370 4781 46.
1383 4732 1438 4781 licet
1449 4743 1503 4780 om.
1517 4728 1597 4788 dett.;
1608 4730 1663 4780 44444
1673 4741 1699 4779 ss
1709 4729 1738 4778 0.
1753 4753 1783 4764 ·-

456 4823 514 4867 suut
529 4821 558 4867 ut
574 4817 663 4879 opinor
678 4815 725 4864 4444.
742 4814 826 4877 suctus
842 4813 872 4873 R,
891 4809 946 4859 alii:
966 4814 1022 4859 44444
1038 4807 1055 4858 l.
1073 4813 1102 4857 44
1113 4822 1154 4870 ορ.
1165 4809 1249 4871 sactus
1260 4806 1305 4856 03.
1325 4806 1380 4868 (litt.
1392 4811 1468 4867 utop.
1481 4809 1539 4854 44444
1548 4805 1632 4868 suctos
1643 4802 1785 4853 nivariam

456 4890 598 4943 lectionem
614 4888 690 4941 Nieb.
709 4889 735 4938 in
751 4888 870 4950 margine
888 4884 981 4946 habet,
1007 4884 1056 4934 sed
1074 4881 1170 4933 oblitus
1188 4885 1229 4933 est
1246 4895 1386 4933 numerum
1406 4881 1504 4931 codicis
1521 4878 1564 4931 vel
1580 4881 1702 4932 codicum
1719 4882 1782 4942 443.

456 4967 629 5030 adscribere.)
649 4991 677 5001 -
694 4963 736 5014 48.
760 4977 809 5025 quo
830 4961 881 5027 qui]
905 4974 954 5022 quo
977 4972 1030 5010 om.
1049 4959 1101 5019 443,
1120 4958 1176 5008 4444;
1204 4973 1253 5021 quo
1268 4959 1341 5008 modo
1358 4960 1401 5020 qui
1419 4960 1446 5008 4.
1478 4959 1555 5020 [Cum
1575 4971 1624 5020 quo
1644 4958 1725 5008 4444444
1746 4955 1783 5006 ab

456 5039 580 5092 omnibus
597 5041 675 5104 4433.
694 5037 764 5089 absit
780 5050 830 5088 nec
847 5038 874 5086 in
890 5034 944 5084 ullo
961 5035 1021 5084 cod.
1040 5037 1144 5085 exstare
1162 5033 1295 5093 videatur,
1314 5033 1433 5082 Lambini
1450 5032 1615 5093 emendatio,
1634 5033 1680 5096 qui
1696 5031 1784 5080 totum

456 5128 505 5178 quo
526 5117 599 5166 modo
620 5114 737 5179 repetiit,
767 5109 936 5162 verisimilior
956 5113 997 5161 est
1018 5122 1099 5173 quam
1125 5122 1194 5172 quae
1217 5110 1244 5159 in
1267 5107 1340 5157 editt.
1359 5109 1552 5158 circumtertur.
1580 5109 1672 5170 444444]
1700 5131 1729 5141 -·
1753 5106 1783 5155 444

455 5191 588 5240 4444444444
598 5188 662 5239 (4444.
676 5188 742 5239 0.-
755 5187 796 5237 49,
809 5187 862 5236 ium
873 5186 967 5235 dudum
978 5199 1022 5249 434
1034 5186 1112 5247 4433,
1125 5211 1152 5220 -
1166 5184 1207 5233 30.
1219 5196 1296 5234 uenus
1306 5195 1359 5233 om.
1373 5183 1438 5233 dett.
1452 5183 1550 5247 (4444444
1560 5183 1636 5232 locus
1646 5194 1695 5242 quo
1706 5181 1782 5231 44444

455 5264 543 5330 4349.)
558 5291 585 5302 -
598 5265 640 5316 34.
658 5262 725 5328 quod
738 5261 813 5316 osric
823 5288 861 5301 -·
872 5262 961 5325 3444444
975 5261 1063 5314 scuris
1079 5271 1133 5311 om.
1144 5258 1192 5311 443.
1206 5284 1234 5296 -
1247 5258 1346 5323 musali
1357 5269 1410 5308 om.
1422 5257 1501 5322 4349.
1520 5255 1692 5321 [bechonem
1710 5266 1781 5319 quae
