4367 6109
473 574 535 646 ati
840 583 1070 649 1N2VERREM
1090 581 1212 649 acuo
1235 582 1420 650 SECUNDA

474 756 532 815 est.
564 751 667 828 Quam
689 751 772 816 circa
792 751 879 816 lacus
899 751 1027 837 lucique
1049 760 1123 816 sunt
1143 752 1268 837 plurimi
1288 760 1384 838 atque
1405 753 1568 818 laetissimi
1589 754 1686 818 dores
1708 752 1798 816 omui

475 854 617 929 tempore
645 847 736 921 anni,
765 846 853 909 locus
875 854 911 910 ut
930 848 998 929 ipse
1020 855 1145 929 raptum
1166 846 1255 910 illum
1277 847 1425 929 virginis,
1447 866 1541 933 quem
1562 847 1624 912 iam
1645 867 1665 911 a
1685 848 1798 931 pueris

475 940 671 1022 accepimus,
708 939 866 1004 declarare
898 940 1050 1004 videatur.
1100 942 1225 1005 Etenim
1252 961 1348 1025 prope
1374 950 1424 1004 est
1449 942 1599 1024 spelunca
1626 940 1797 1026 quaedam,

476 1051 627 1098 conversa
655 1034 695 1100 ad
723 1032 924 1118 aquilonem,
952 1034 1074 1098 infinita
1102 1033 1286 1109 altitudine,
1319 1055 1383 1118 qua
1409 1036 1514 1098 Ditem
1541 1043 1661 1118 patrem
1689 1035 1799 1101 lerunt

452 1133 606 1210 drepente
627 1147 699 1192 cunr
720 1148 814 1192 curru
835 1128 993 1192 exstitisse
1020 1130 1244 1214 abreptamque
1271 1149 1312 1192 ex
1339 1149 1376 1192 eo
1404 1129 1474 1192 loco
1501 1129 1655 1212 virginem
1684 1150 1798 1194 secum

474 1229 652 1304 asportasse
674 1231 706 1287 et
726 1222 830 1286 subito
851 1241 917 1285 non
938 1222 1030 1306 longe
1051 1243 1071 1286 a
1091 1222 1254 1307 Syracusis
1275 1231 1456 1306 penetrasse
1477 1222 1535 1285 sub
1557 1230 1655 1287 terras
1677 1223 1798 1287 lacum·

475 1336 538 1397 que
559 1316 591 1378 in
614 1337 652 1380 eo
674 1318 743 1381 loco
765 1323 897 1400 repente
918 1317 1095 1391 exstitisse,
1120 1316 1175 1380 ubi
1197 1338 1297 1400 usque
1318 1317 1358 1380 ud
1379 1317 1440 1380 hoc
1462 1326 1583 1403 tempus
1605 1317 1798 1401 Syracusani

474 1407 570 1472 festos
593 1409 661 1473 dies
683 1410 915 1475 anniversarios
939 1417 1036 1492 agunt
1063 1410 1265 1473 celeberrimo
1294 1412 1431 1474 virorum
1460 1412 1692 1495 mulierumque
1721 1430 1798 1474 eon·

473 1511 581 1567 uentu.
622 1506 734 1568 XLIX.
766 1505 900 1586 Propter
918 1504 1012 1567 buius
1035 1505 1194 1585 opinionis
1215 1510 1417 1579 vetustatem,
1450 1505 1535 1588 quod
1557 1503 1668 1568 horum
1690 1506 1724 1568 in
1745 1505 1798 1568 his

437 1598 552 1662 tolocis
574 1599 706 1681 vestigia
728 1617 764 1661 ac
786 1618 884 1681 prope
906 1597 1098 1660 incunabula
1125 1597 1325 1678 reperiuntur
1353 1599 1499 1673 deorum,
1526 1598 1606 1661 mira
1637 1599 1799 1682 quaedam

474 1697 539 1754 tota
561 1691 668 1755 Sicilia
688 1692 833 1775 privatim
861 1711 897 1754 ac
926 1690 1051 1773 publice
1079 1691 1190 1772 religio
1219 1698 1266 1753 est
1288 1691 1408 1754 Cereris
1436 1692 1626 1755 Hennensis.
1668 1692 1798 1755 Etenim

474 1784 573 1849 multa
593 1804 685 1868 saepe
713 1785 860 1869 prodigia
888 1784 951 1848 vim
981 1785 1049 1846 eius
1078 1804 1258 1868 numenque
1288 1784 1465 1850 declarant:
1499 1786 1606 1849 multis
1635 1805 1731 1869 saepe
1762 1786 1799 1848 in

475 1878 670 1943 difficillimis
692 1880 783 1943 rebus
805 1898 955 1961 praesens
982 1878 1137 1941 auxilium
1166 1879 1234 1942 eius
1261 1879 1400 1942 oblatum
1427 1887 1491 1955 est,
1522 1886 1558 1943 ut
1583 1879 1663 1943 baec
1689 1878 1799 1942 insula

474 1974 514 2036 ab
537 1993 574 2038 ea
594 1994 658 2037 non
679 1972 780 2038 solum
802 1972 900 2056 diligi,
923 1973 978 2036 sed
1000 1972 1094 2035 etiam
1110 1972 1204 2035 incoli
1220 1972 1435 2057 custodirique
1448 1974 1600 2037 videatur.
1635 1968 1708 2036 t08.
1729 1974 1798 2037 Nee

437 2064 576 2134 ttsolum
599 2067 707 2141 Siculi,
727 2086 835 2130 verum
857 2067 951 2129 etiam
976 2073 1097 2130 ceterae
1120 2074 1229 2149 gentes
1250 2067 1459 2152 nationesque
1481 2069 1686 2132 Hennensem
1702 2066 1799 2131 Gere-

474 2183 541 2227 rem
563 2162 699 2228 maxime
721 2161 839 2224 colunt.
880 2160 1005 2225 Etenim
1034 2161 1061 2223 si
1089 2161 1329 2225 Atheniensium
1358 2181 1447 2225 sacra
1475 2180 1596 2226 summa
1624 2160 1798 2244 eupiditate

476 2264 682 2340 expetuntur,
703 2255 743 2318 ad
765 2273 845 2339 quos
869 2254 963 2318 Ceres
984 2255 1018 2318 in
1038 2254 1095 2319 illo
1117 2275 1222 2318 errore
1242 2256 1368 2319 uenisse
1390 2256 1504 2319 dicitur
1522 2254 1693 2339 frugesque
1714 2262 1799 2318 attu-

475 2351 566 2414 lisse:
597 2357 744 2434 quarm
765 2367 835 2412 esse
856 2348 1041 2432 religionem
1068 2350 1214 2412 convenit
1235 2368 1362 2424 eorum,
1392 2351 1474 2434 apud
1496 2370 1576 2435 quos
1598 2368 1667 2412 eam
1689 2357 1796 2413 natam

475 2463 546 2508 esse
568 2451 600 2506 et
620 2443 726 2525 fruges
749 2442 906 2506 invenisse
929 2447 1073 2507 constat‘l
1116 2444 1225 2526 ltaque
1254 2442 1339 2526 apud
1367 2452 1471 2528 patres
1494 2452 1617 2509 nostros
1638 2443 1738 2505 atroci
1760 2461 1798 2505 ae

438 2534 595 2602 ndiffisiii
616 2537 662 2601 rei
684 2535 829 2620 publicae
850 2544 1010 2620 tempore,
1039 2558 1109 2600 oum
1138 2537 1184 2598 Ti.
1214 2536 1352 2600 Graccho
1382 2538 1486 2601 occiso
1507 2557 1691 2620 magnorum
1711 2537 1798 2621 peri·

476 2630 617 2694 culorum
639 2637 740 2693 metus
763 2651 804 2693 ex
825 2631 958 2694 ostentis
980 2632 1227 2713 portenderetur,
1249 2631 1283 2692 P.
1304 2632 1410 2694 Mucio
1433 2633 1467 2693 L.
1491 2631 1660 2713 Calpurnio
1683 2650 1798 2694 oonsu-

475 2725 557 2789 libus
580 2726 696 2788 aditum
718 2726 827 2788 estad
849 2725 945 2788 libros
968 2725 1155 2807 Sibyllinos,
1186 2744 1226 2786 ex
1248 2725 1363 2807 quibus
1388 2726 1550 2787 inventum
1571 2731 1619 2787 est
1641 2724 1796 2788 Curensis

474 2837 721 2892 surrovrssrusss
749 2836 886 2883 riacani
915 2839 1087 2882 ceonrenn.
1131 2820 1210 2881 Tum
1239 2839 1280 2882 ex
1302 2817 1494 2900 amplissimo
1516 2817 1649 2900 collegio
1672 2819 1797 2882 decem·

357 2981 365 2991 ,
475 2914 565 2978 virali
587 2912 765 2977 sacerdotes
785 2913 893 2997 populi
906 2915 1047 2988 Romani,
1070 2934 1139 2976 cum
1155 2919 1238 2975 esset
1251 2913 1284 2974 in
1299 2912 1377 2976 urbe
1392 2919 1498 2974 nostra
1514 2911 1634 2975 Cereris
1648 2913 1797 2998 pulcher·

439 3009 587 3074 atrimum
610 3014 641 3069 et
662 3007 1006 3089 magnificentissimum
1034 3007 1198 3089 templum,
1228 3013 1333 3068 tamen
1360 3024 1462 3089 usque
1490 3006 1634 3069 Hennam
1662 3007 1797 3091 profecti

477 3108 558 3166 sunt.
602 3104 701 3165 Tanta
722 3107 788 3165 erat
809 3102 892 3163 enim
914 3102 1083 3165 auctoritas
1106 3108 1138 3165 et
1163 3106 1301 3164 vetustas
1328 3100 1413 3163 illius
1439 3099 1616 3181 religionis,
1644 3109 1695 3175 ut,
1724 3122 1796 3165 cum

476 3195 552 3261 illuc
573 3195 666 3269 irent,
687 3216 750 3258 non
773 3194 812 3257 ad
835 3195 945 3257 aedem
962 3194 1092 3268 Cereris,
1114 3194 1171 3257 sed
1193 3195 1232 3257 ad
1254 3195 1354 3276 ipsam
1370 3193 1514 3256 Cererem
1535 3193 1693 3278 proficisci
1707 3194 1797 3258 vide-

476 3297 594 3353 rentur.
645 3283 715 3351 l09.
748 3290 817 3351 Non
846 3288 1015 3351 obtundam
1046 3288 1181 3364 diutius;
1213 3289 1329 3350 etenim
1357 3287 1419 3350 iam
1447 3287 1566 3349 dudum
1593 3307 1721 3363 vereor,
1754 3309 1797 3351 ne

478 3382 577 3445 oratio
600 3401 669 3445 mea
690 3382 794 3445 aliena
814 3383 854 3445 ab
876 3381 1065 3444 iudiciorum
1086 3383 1208 3445 ratione
1230 3391 1261 3445 et
1282 3402 1300 3445 a
1324 3380 1507 3465 quotidiana
1522 3380 1646 3444 dicendi
1662 3402 1797 3447 consue·

439 3475 587 3541 uetudine
608 3494 677 3538 esse
705 3476 857 3539 videatur.
900 3477 967 3539 Hoc
989 3475 1077 3549 dico,
1105 3475 1187 3539 hanc
1216 3477 1315 3560 ipsam
1345 3475 1507 3548 Cererem,
1535 3475 1796 3558 antiquissimam,

477 3568 757 3652 religiosissimam,
785 3569 960 3653 principem
981 3570 1122 3633 omnium
1143 3590 1317 3644 sacrorum,
1347 3588 1426 3652 quae
1449 3567 1533 3651 apud
1555 3589 1664 3633 omnes
1686 3580 1796 3653 gentes

477 3663 684 3747 nationesque
705 3662 797 3738 fiunt,
818 3683 838 3726 a
860 3663 893 3726 C.
915 3665 1013 3726 Verre
1035 3683 1076 3726 ex
1098 3665 1162 3727 suis
1184 3664 1310 3746 templis
1332 3682 1368 3725 ac
1389 3662 1517 3725 sedibus
1539 3682 1608 3725 esse
1630 3663 1796 3729 sublatam.

478 3756 541 3834 Qui
570 3757 747 3822 accessistis
775 3757 937 3831 Hennam,
965 3757 1086 3820 vidistis
1116 3757 1315 3821 simulacrum
1344 3757 1465 3821 Cereris
1488 3778 1506 3820 e
1527 3776 1680 3820 marmore
1710 3765 1743 3821 et
1763 3759 1798 3821 in

477 3851 576 3914 altero
598 3851 714 3935 templo
735 3850 878 3914 Liberae.
922 3851 1002 3913 Sunt
1023 3870 1061 3913 ea
1082 3851 1242 3935 perampla
1269 3858 1363 3934 atque
1384 3851 1559 3934 praeclara,
1587 3850 1732 3913 sednon
1754 3851 1798 3915 ita

440 3947 614 4031 mentique.
655 3946 704 4007 Ex
726 3964 798 4009 aere
818 3944 879 4008 sirit
900 3944 1059 4030 quoddam
1085 3944 1208 4008 modica
1236 3945 1438 4029 amplitudine
1470 3964 1506 4008 ac
1528 3944 1680 4026 singulari
1702 3965 1797 4030 opere

479 4060 549 4104 cum
570 4038 699 4115 facibus,
720 4039 952 4124 perantiquum,
974 4039 1113 4101 omnium
1135 4039 1271 4115 illorum,
1296 4059 1377 4122 quae
1399 4039 1521 4102 suntin
1537 4038 1674 4113 solano,
1695 4037 1797 4103 multo

544 4312 568 4362 t.
587 4316 661 4374 utque
676 4310 722 4371 [3,
739 4308 768 4359 l:
791 4314 814 4359 ct
830 4308 895 4359 dett.
914 4310 943 4359 0.
963 4335 991 4346 -
1008 4309 1136 4359 uetustos
1153 4309 1213 4360 cod.
1236 4308 1351 4361 Turnebi
1372 4312 1399 4360 et
1415 4310 1483 4373 [399
1507 4308 1550 4373 [de
1567 4321 1620 4373 quo
1641 4310 1698 4360 siue
1715 4323 1796 4362 causa

478 4389 580 4452 Zumpt.
599 4385 747 4451 dubitavitJ:
775 4386 888 4436 mosot
904 4386 948 4445 iia,
966 4382 995 4443 λ;
1022 4384 1145 4434 bctbnmi
1161 4384 1226 4434 dett.
1247 4412 1274 4421 -
1293 4385 1316 4435 3.
1331 4398 1410 4447 prope
1426 4384 1471 4443 iia,
1490 4381 1518 4432 i:
1542 4387 1647 4446 propter
1662 4384 1732 4448 ngas
1749 4383 1796 4444 l23

473 4468 578 4525 propter
594 4476 649 4513 eom
665 4462 769 4526 dtagg.
783 4460 839 4512 rell.
861 4463 885 4525 (a
902 4460 998 4525 quibus
1016 4459 1112 4510 deinde
1127 4473 1170 4510 vv.
1183 4466 1218 4510 cst
1233 4461 1350 4523 spatum
1361 4487 1397 4497 --
1409 4460 1538 4509 altitudine
1553 4471 1605 4519 quo
1620 4458 1738 4522 absunt.)
1757 4459 1797 4511 Cf.

477 4537 562 4588 Hand.
581 4536 689 4589 Turseli.
702 4537 744 4587 iv.
758 4551 784 4601 p.
799 4537 855 4587 609.
874 4535 950 4586 Halm
967 4535 1001 4585 ad
1018 4549 1056 4585 or.
1070 4537 1189 4599 Pompei.
1207 4537 1231 4601 5.
1245 4537 1285 4586 43.
1299 4537 1371 4587 t6.-
1390 4535 1414 4586 i.
1434 4549 1466 4584 ac
1476 4548 1528 4597 quc
1539 4536 1599 4584 t..-
1617 4535 1642 4584 a.
1655 4537 1683 4584 et
1693 4535 1717 4586 7.
1731 4535 1800 4585 ereti-

477 4613 532 4662 tissc
543 4613 572 4663 R.
591 4613 704 4675 (astitisse
715 4613 801 4676 priore
814 4610 871 4662 loco
883 4612 969 4674 Lgtttl
984 4638 1011 4647 -
1025 4610 1049 4660 6.
1068 4609 1101 4659 cb
1117 4611 1207 4671 Syroc.
1220 4611 1297 4674 egee.
1313 4639 1340 4647 -
1354 4611 1378 4660 9,
1390 4611 1479 4660 torum
1489 4609 1539 4660 ns:
1559 4623 1645 4659 emmo
1655 4608 1720 4660 dett.
1734 4610 1797 4661 0.-

476 4688 524 4737 tiis
539 4688 617 4747 sicli3
638 4688 669 4737 iis
684 4685 772 4747 Halm,
792 4699 845 4750 quo
862 4699 915 4736 uon
933 4688 973 4736 est
989 4698 1064 4749 opus.
1088 4685 1155 4750 [vid.
1176 4700 1203 4750 p.
1217 4687 1277 4745 363,
1295 4700 1321 4736 v.
1334 4686 1385 4750 [5.]
1404 4687 1567 4736 pronominis
1586 4685 1657 4735 enim
1675 4683 1798 4736 eiusdem

478 4770 576 4822 turmas
592 4772 631 4822 sic
648 4757 809 4834 componere
828 4768 894 4820 solet
911 4770 1018 4827 Cicero;
1038 4769 1070 4819 ci.
1089 4771 1131 4820 lli.
1151 4769 1175 4833 ἓ.
1194 4771 1234 4821 37.
1253 4770 1309 4821 ⁴86.
1327 4770 1369 4819 lv.
1388 4770 1411 4833 ἓ.
1432 4770 1487 4820 406.
1502 4797 1529 4806 -
1549 4770 1588 4819 40.
1606 4781 1704 4830 repper.
1722 4770 1753 4819 R.
1768 4795 1796 4805 -

479 4846 519 4896 tt.
537 4845 691 4906 bmciuisli,
710 4846 774 4896 item
784 4859 809 4894 v.
823 4845 863 4894 iu.
879 4872 905 4881 -
925 4845 964 4893 ti.
978 4845 1140 4897 memorant
1156 4847 1223 4897 coni.
1236 4845 1371 4896 Benedict.
1387 4871 1415 4882 -
1436 4846 1475 4895 ta.
1492 4846 1591 4908 fulgeto
1601 4846 1679 4908 Lagg.
1698 4844 1797 4895 dett.-

478 4918 519 4971 90.
540 4919 633 4971 Tiberio
649 4923 678 4972 R.
699 4948 726 4957 -
744 4921 785 4971 it.
804 4920 883 4970 llotio
899 4920 928 4969 R.
944 4945 971 4956 -
990 4921 1018 4969 t.
1037 4934 1090 4972 orn.
1109 4924 1187 4986 Lagg.
1206 4923 1313 4986 praeter
1328 4922 1369 4970 it.
1385 4947 1411 4957 -
1425 4922 1465 4971 99.
1483 4921 1600 4970 εἰόϋὶίηοε
1616 4921 1645 4971 lt.
1660 4947 1688 4956 —
1701 4933 1734 4970 ee
1751 4920 1798 4981 ns,

479 4995 560 5059 egee:
581 5010 599 5046 o
615 4996 691 5056 dett,
709 5009 762 5046 om.
781 4997 810 5045 0.
831 5021 857 5031 -
877 4992 918 5045 Sl.
938 4993 1034 5044 Cereris
1050 5009 1102 5046 om.
1122 4998 1200 5060 Legg.
1221 5023 1248 5033 -
1266 4997 1307 5046 25.
1325 4997 1440 5047 Hennam
1453 4997 1482 5056 li,
1501 4997 1583 5059 ngas:
1601 4997 1702 5045 Enocm
1718 4995 1748 5045 0.
1769 5022 1795 5032 -

478 5071 521 5121 26.
538 5076 594 5120 erut
609 5073 675 5121 enin
690 5073 725 5123 li:
748 5071 813 5121 enim
829 5073 884 5121 oct
900 5069 945 5129 Ga,
965 5068 1028 5119 dett.
1048 5071 1077 5120 0.
1098 5098 1125 5108 -
1143 5073 1183 5123 27.
1203 5071 1244 5121 sed
1259 5073 1340 5133 ipsum
1362 5070 1439 5133 ngas.
1460 5097 1487 5106 -
1506 5070 1547 5120 28.
1565 5071 1702 5133 optandum
1717 5070 1748 5119 R.
1769 5095 1798 5106 -·

479 5145 572 5195 diutim
588 5145 637 5207 aa,
656 5147 685 5206 C,
704 5146 719 5196 3
736 5145 815 5196 codd.
835 5143 926 5194 Lemb.
951 5144 984 5206 (v.
1003 5145 1087 5195 Madv.
1106 5159 1132 5211 p.
1151 5146 1216 5208 Sti:
1244 5147 1336 5195 diutius
1357 5159 1431 5195 aures
1451 5151 1546 5196 uestros
1568 5144 1633 5195 dett.
1651 5145 1681 5194 0.
1708 5142 1799 5208 [etiam

479 5220 562 5284 egre,
585 5221 619 5272 de
640 5235 693 5287 quo
713 5221 784 5287 apud
804 5221 907 5286 Zumpt.
927 5221 1043 5269 erratum
1067 5219 1127 5284 est]
1146 5246 1175 5258 -
1193 5221 1282 5270 sanim
1298 5232 1351 5270 om.
1370 5221 1446 5284 lagg.
1469 5223 1576 5285 praeter
1591 5219 1632 5281 29,
1650 5219 1678 5268 0.
1700 5244 1727 5253 -
1745 5218 1800 5268 ium

481 5297 526 5348 dis
540 5296 618 5364 [399.
638 5324 665 5336 -
683 5297 725 5349 29.
743 5301 766 5350 ct
783 5309 802 5348 a
816 5294 862 5358 ns,
880 5293 946 5346 asa
961 5306 1016 5347 om.
1034 5294 1099 5347 dett.
1118 5295 1147 5347 0.
1166 5320 1196 5334 -
1213 5295 1351 5346 cotidiano
1366 5295 1396 5348 ii.
