4367 6109
602 567 1132 655 an.xu-x1v.ss.ar-3r.
1155 569 1322 658 [vm-x.
1343 568 1490 658 rr-aa]
1643 566 1699 635 mr

388 744 495 807 valera
524 740 694 824 plurimum
722 739 831 815 debet,
859 760 925 803 non
953 741 1048 807 modo
1078 763 1149 805 oum
1170 743 1299 807 summis
1321 744 1451 807 civitatis
1472 750 1598 808 nostrae
1618 743 1706 817 viris,

388 836 445 900 sed
466 855 538 900 cum
559 831 666 897 infimo
689 835 756 898 cive
775 837 914 898 Romano
937 837 1105 919 quisquam
1120 837 1330 920 amplissimus
1345 837 1464 901 Galliae
1479 835 1706 920 comparandus

388 930 461 994 esti
493 928 560 992 Scit
579 927 827 1002 Indutiomarus,
849 928 928 1011 quid
943 929 984 992 sit
1001 932 1212 994 testimonium
1227 929 1353 993 diceret
1374 938 1516 994 moretur
1530 949 1570 992 oo
1584 929 1706 1004 timore,

388 1042 452 1107 quo
472 1028 616 1084 nostmm
636 1040 720 1082 unus
735 1021 887 1104 quisque,
909 1042 981 1085 cum
1001 1023 1034 1085 in
1056 1044 1127 1088 eum
1149 1024 1253 1088 locum
1267 1025 1437 1107 productus
1452 1027 1525 1088 estt
1553 1024 1640 1085 XIII.
1655 1019 1706 1085 28.

376 1115 457 1201 ’[ΙΧ.
472 1109 536 1197 l8.]
559 1113 793 1187 Ilecordamini,
816 1113 950 1189 iudices,
973 1125 1090 1199 quanto
1107 1138 1201 1201 opero
1218 1117 1361 1181 laborare
1375 1118 1513 1191 soleatis,
1533 1137 1599 1180 non
1613 1118 1731 1180 modoti

388 1209 466 1295 quid
487 1208 598 1272 dicatis
619 1228 676 1290 pro
698 1207 896 1283 testimonio,
925 1208 981 1271 sed
1004 1213 1096 1272 etiam
1120 1210 1234 1291 quibus
1255 1211 1359 1275 verbis
1380 1211 1529 1285 utamini,
1557 1230 1598 1273 ne
1622 1209 1708 1294 quod

388 1306 492 1367 minus
517 1301 678 1365 moderate
709 1301 864 1383 positum,
893 1303 1041 1386 nequod
1063 1302 1103 1364 ab
1125 1303 1230 1386 aliqua
1251 1289 1417 1386 eupiditate
1439 1304 1617 1387 prolapsum
1639 1324 1709 1367 ver·

387 1399 463 1461 bum
484 1416 554 1459 esse
576 1394 736 1459 videatur:
757 1394 847 1457 vultu
869 1395 1007 1480 denique
1028 1395 1178 1458 laboratis
1198 1417 1239 1460 ne
1263 1417 1327 1479 qua
1348 1395 1515 1479 significari
1536 1399 1637 1479 possit
1657 1418 1710 1461 su·

388 1492 488 1575 spicio
510 1489 708 1574 cupiditatis,
730 1494 779 1562 ut,
802 1495 834 1550 et
855 1509 925 1552 cum
946 1489 1098 1572 proditis,
1121 1491 1309 1553 existimatio
1331 1491 1372 1554 sit
1387 1489 1542 1573 quaedam
1556 1492 1647 1553 tacita
1669 1491 1709 1553 de

388 1585 479 1649 vobis
501 1584 629 1668 pudoris
651 1603 687 1646 ac
708 1581 884 1663 religionis,
906 1589 937 1645 et
958 1604 1030 1648 eum
1045 1583 1221 1658 disceditis,
1245 1602 1283 1646 ea
1297 1582 1463 1665 diiigenter
1476 1591 1659 1647 conservata
1673 1604 1709 1647 ac
1719 1590 1747 1636 ⁴⁰

389 1685 511 1742 retenta
525 1676 677 1741 videatur.
721 1671 772 1737 29.
789 1670 864 1758 [ta]
883 1675 984 1739 Credo
999 1677 1077 1741 baec
1092 1678 1204 1741 eadem
1219 1676 1466 1740 Indutiomarum
1480 1677 1513 1739 in
1530 1677 1710 1740 testimonio

389 1774 533 1837 timuisse
561 1777 616 1834 aut
643 1769 845 1852 cogitavisse:
873 1770 930 1853 qui
957 1771 1091 1853 primum
1121 1769 1202 1832 illud
1231 1771 1360 1834 verbum
1390 1769 1712 1833 consideratissimum

390 1873 517 1929 nostrae
538 1862 775 1927 consuetudinis
789 1883 961 1946 snsrqnon,
984 1884 1048 1947 quo
1070 1884 1128 1926 nos
1150 1864 1242 1927 etiam
1264 1872 1339 1926 tunc
1359 1864 1491 1938 utimur,
1513 1884 1585 1927 cum
1607 1882 1644 1926 ea
1665 1861 1712 1924 di·

390 1961 489 2023 cimus
509 1958 619 2032 iurati,
648 1976 730 2040 quae
752 1965 913 2040 comperta
934 1957 1103 2030 babemus,
1125 1977 1206 2040 quae
1227 1957 1286 2041 ipsi
1305 1957 1456 2031 vidimus,
1479 1977 1519 2019 ex
1540 1963 1605 2020 toto
1626 1955 1713 2020 testi-

390 2054 496 2116 monio
518 2072 576 2115 suo
599 2050 727 2114 sustulit
746 2057 842 2134 atque
864 2052 970 2114 omnia
990 2071 1025 2114 se
1047 2051 1127 2113 scire
1150 2050 1240 2114 dixit.
1269 2050 1444 2114 Verebatur
1457 2052 1541 2113 enlm
1556 2050 1749 2124 videliceto

390 2166 432 2209 ne
453 2144 532 2229 quid
553 2144 639 2227 apud
660 2164 716 2207 vos
736 2144 953 2228 populumque
974 2145 1150 2206 Romanum
1173 2144 1213 2206 do
1234 2144 1466 2207 existimatione
1488 2162 1546 2206 sua
1560 2142 1713 2226 deperde-

391 2247 458 2315 ret,
479 2258 520 2302 ne
542 2257 606 2321 qua
627 2236 710 2300 fama
725 2246 973 2321 consequeretur
986 2237 1053 2299 eius
1067 2236 1173 2310 modi,
1198 2237 1461 2311 Indutiomarum,
1483 2236 1578 2301 talem
1599 2238 1713 2312 virum

391 2343 456 2399 mm
478 2331 609 2416 cupide,
631 2339 694 2394 tam
716 2338 834 2394 temere
856 2331 984 2395 diruisse.
1016 2332 1085 2394 Non
1108 2329 1303 2412 intelligebat
1324 2351 1358 2394 se
1379 2331 1412 2392 in
1432 2331 1611 2396 testimonio
1633 2331 1714 2394 nibil

392 2436 518 2513 praeter
539 2446 648 2490 rocem
671 2432 703 2487 et
723 2445 760 2487 os
783 2432 815 2487 et
834 2423 995 2488 audaciam
1017 2444 1123 2508 neque
1146 2424 1265 2488 civibus
1280 2426 1346 2487 suis
1359 2444 1465 2509 neque
1479 2426 1713 2489 accusatoribus

392 2522 511 2586 nostris
532 2527 692 2602 praestare
716 2517 840 2581 debere.
875 2514 927 2579 30.
951 2514 1025 2601 [to]
1048 2518 1097 2579 An
1119 2538 1195 2581 vero
1217 2518 1292 2581 istas
1313 2519 1455 2582 nationes
1469 2519 1622 2601 reIIgione
1635 2518 1750 2583 inrisa

392 2614 519 2679 iurandi
541 2633 577 2677 ao
599 2620 686 2675 metu
708 2610 839 2675 deorum
860 2611 1082 2674 immortalium
1104 2611 1137 2673 in
1159 2612 1347 2675 testimoniis
1362 2611 1503 2675 dicendis
1525 2615 1714 2678 commoveri

394 2707 603 2781 arbitramini,
632 2725 715 2789 quae
743 2711 864 2767 tantum
892 2723 912 2767 a
940 2713 1113 2768 ceterarum
1135 2708 1274 2788 gentium
1295 2726 1381 2769 more
1403 2725 1439 2768 ac
1460 2711 1573 2770 natura
1593 2707 1715 2771 dissen-

393 2805 502 2867 tiunt?
537 2799 631 2876 Quod
653 2807 773 2862 ceterae
795 2818 854 2881 pro
876 2798 1080 2880 religionibus
1102 2800 1167 2863 suis
1188 2800 1272 2863 bella
1293 2800 1479 2882 suscipiunt,
1507 2801 1585 2864 istae
1608 2809 1715 2868 contra

394 2898 534 2961 omnium
554 2894 738 2976 religiones:
760 2890 833 2954 illae
855 2891 1001 2954 inbellis
1023 2894 1170 2974 gerendis
1183 2894 1222 2956 ab
1244 2894 1292 2956 dis
1312 2894 1538 2958 immortalibus
1552 2916 1662 2978 pacem
1676 2916 1715 2961 ac

394 2991 518 3056 veniam
547 2994 675 3071 petunt,
702 2988 781 3050 istae
807 3004 878 3048 cum
904 2986 980 3070 ipsis
1001 2985 1050 3050 dis
1071 2987 1298 3051 immortalibus
1318 2987 1404 3050 bella
1423 2998 1597 3070 gesserunt.
1628 2991 1751 3056 xlta

396 3081 460 3170 [lt]
484 3083 551 3146 IIae
573 3088 648 3144 sunt
668 3081 828 3153 nationes,
858 3099 940 3162 quae
962 3080 1121 3163 quondam
1143 3089 1205 3145 tam
1227 3082 1321 3164 longe
1342 3081 1382 3143 ab
1402 3083 1469 3145 suls
1490 3084 1619 3148 sedibus
1639 3085 1715 3148 Del·

394 3180 474 3265 phos
502 3195 606 3259 usquc
631 3174 671 3238 ad
700 3171 879 3256 Apollinem
901 3172 1046 3256 Pythium
1071 3183 1167 3259 atquo
1188 3175 1229 3238 ad
1249 3175 1409 3239 oraculum
1431 3176 1515 3240 orbis
1537 3186 1639 3240 terrae
1660 3199 1716 3243 ve-

395 3271 534 3335 xandum
556 3288 593 3333 aa
613 3267 813 3351 spoliandum
835 3265 993 3350 profectae
1015 3276 1098 3330 sunt.
1130 3269 1178 3331 Ab
1199 3270 1300 3333 isdem
1321 3270 1468 3352 gentibus
1490 3271 1605 3333 sanctis
1627 3277 1660 3334 et
1680 3272 1714 3335 in

396 3365 573 3431 testimonio
602 3361 756 3444 religiosis
786 3360 949 3424 obsessum
972 3361 1161 3442 Capitolium
1183 3370 1347 3447 astatque
1367 3363 1421 3427 ille
1442 3362 1599 3446 Iuppiter,
1626 3366 1714 3429 cuius

394 3463 521 3525 nomine
542 3458 676 3522 maiores
698 3454 798 3518 nostri
820 3455 955 3517 vinctam
976 3455 1229 3520 testimonIorum
1249 3455 1345 3519 fidem
1367 3476 1437 3519 esse
1457 3457 1634 3521 voluerunt.
1662 3454 1752 3525 :tto

397 3549 472 3640 [ib]
495 3554 657 3616 Postremo
686 3549 737 3612 his
766 3549 934 3632 quicquam
958 3557 1099 3613 sanctum
1120 3570 1156 3614 aa
1179 3550 1360 3632 religiosum
1380 3550 1480 3613 videri
1500 3557 1620 3633 potest,
1648 3553 1714 3635 qui,

396 3648 489 3712 otiam
516 3645 544 3709 si
573 3642 698 3728 quando
726 3641 833 3726 aliquo
860 3649 947 3705 metu
975 3642 1103 3706 adducti
1132 3644 1209 3708 deos
1236 3643 1404 3726 placandos
1426 3663 1495 3707 esse
1516 3646 1715 3722 arbitrantur,

395 3738 542 3805 humanis
562 3737 673 3801 hostiis
695 3755 803 3799 eorum
819 3756 889 3799 aras
903 3756 939 3800 ac
952 3737 1067 3821 templa
1081 3737 1262 3802 funestantl
1284 3746 1374 3801 utne
1387 3739 1571 3821 religionem
1586 3740 1715 3824 quidem

397 3837 501 3900 colere
521 3833 658 3917 possInt,
679 3830 740 3894 nisi
762 3850 829 3893 eam
851 3830 954 3912 ipsam
974 3831 1061 3915 prius
1082 3832 1200 3895 scelere
1215 3832 1371 3895 violarint.
1404 3831 1483 3906 Quis
1497 3833 1580 3895 enim
1594 3834 1717 3916 ignorat

398 3950 454 3995 eos
475 3948 577 4011 usque
599 3925 640 3989 ad
659 3925 742 3988 hanc
763 3924 846 3988 diem
868 3926 1001 3988 retinere
1024 3924 1108 3988 illam
1130 3926 1298 3989 immanem
1320 3946 1356 3989 ac
1369 3924 1532 3988 barbaram
1546 3933 1753 3989 consuetu-as

399 4025 502 4088 dinem
523 4021 684 4084 bominum
705 4018 991 4083 immolandorum?
1024 4019 1127 4094 Quam
1149 4018 1190 4082 ob
1211 4039 1277 4081 rem
1293 4018 1379 4102 quali
1393 4018 1475 4092 fide,
1497 4018 1584 4102 quali
1598 4019 1716 4101 pietate

400 4115 584 4182 existimatis
613 4133 681 4177 esse
712 4133 786 4188 eos,
818 4114 874 4197 qui
900 4113 994 4176 etiam
1023 4114 1099 4176 deos
1128 4113 1318 4176 immortales
1345 4112 1533 4176 arbitrentur
1552 4112 1716 4178 hominum

399 4211 517 4276 scelere
532 4216 563 4274 et
583 4208 735 4292 sanguine
757 4206 903 4272 facillime
925 4225 1019 4290 posse
1040 4207 1179 4292 placarit
1203 4205 1281 4269 Cum
1300 4205 1350 4269 his
1364 4225 1421 4270 vos
1435 4206 1564 4269 testibus
1579 4214 1716 4271 vestram

463 4527 488 4578 2.
506 4527 606 4591 tnttrnno
622 4525 653 4575 V.
673 4550 700 4560 -
721 4523 746 4575 3.
763 4524 948 4575 Indutiomarus
963 4524 999 4574 V:
1023 4524 1213 4574 lndnctomarrn
1229 4523 1275 4573 St)
1291 4524 1327 4586 (et
1343 4523 1383 4573 sio
1398 4524 1527 4588 semperl;
1552 4523 1586 4574 cl.
1603 4524 1717 4589 Nipper-

400 4605 490 4655 deium
507 4601 541 4651 ad
558 4600 626 4651 Cacr.
644 4600 673 4649 B.
693 4599 759 4650 Gall.
777 4598 809 4648 V.
827 4598 852 4649 3.
873 4626 899 4635 -
924 4596 948 4648 l.
967 4611 1044 4648 mam
1060 4599 1163 4660 qnisqna
1179 4597 1210 4646 V.
1230 4623 1257 4633 —
1282 4599 1307 4648 a.
1325 4599 1385 4660 non]
1400 4611 1432 4647 no
1447 4599 1479 4656 V,
1497 4610 1565 4648 corr.
1582 4598 1609 4647 in
1625 4612 1666 4647 no.
1686 4623 1713 4633 -

399 4680 424 4729 7.
440 4679 548 4741 positam
564 4676 594 4736 V,
615 4674 732 4738 syllabae
749 4687 776 4724 os
794 4671 874 4723 altera
892 4685 904 4722 s
920 4674 1108 4737 superscripta.
1129 4698 1156 4708 -
1171 4672 1304 4734 prolapsas
1319 4671 1352 4721 V.
1367 4699 1394 4709 -
1412 4671 1436 4722 8.
1454 4670 1551 4721 otdatnr
1566 4673 1592 4721 S.
1607 4698 1634 4706 —
1653 4671 1677 4720 9.
1689 4676 1718 4720 nt

399 4752 566 4820 otlntatV.
586 4775 614 4787 -
641 4748 904 4800 maonnamntv.
925 4773 953 4785 -
980 4749 1021 4797 40.
1040 4748 1185 4796 ctnnnS:
1212 4746 1359 4796 atoamv.
1379 4771 1406 4782 -
1432 4744 1714 4811 ltcagn'tantsscll&

399 4832 518 4895 oopn'tassa
533 4829 563 4879 0.
582 4853 610 4863 -
634 4827 674 4877 ⁴8.
692 4824 844 4888 mmlbpcbat
859 4824 890 4874 V.
911 4851 937 4860 -
961 4823 1001 4872 ts.
1018 4833 1115 4880 vocem
1138 4834 1165 4870 os
1186 4827 1209 4871 st
1230 4821 1365 4871 andanarn
1382 4821 1450 4872 conl.
1469 4821 1564 4871 Romus
1579 4821 1611 4869 ll.
1628 4830 1655 4883 p.
1674 4819 1715 4868 Ἡ.

400 4908 433 4956 At
449 4919 474 4955 v.
491 4904 636 4955 Manutium
652 4901 729 4951 adh.
748 4898 765 4950 1.
787 4925 813 4938 -
832 4898 873 4950 33.
891 4895 964 4961 qnod]
981 4910 1015 4948 ue
1032 4897 1091 4960 quis
1108 4909 1183 4958 qnam
1198 4894 1283 4958 malit,
1301 4895 1335 4946 cl.
1353 4897 1466 4960 interpp.
1484 4895 1519 4945 ad
1535 4908 1574 4945 or.
1592 4895 1618 4944 in
1630 4894 1715 4944 Vatin.

400 4979 425 5043 5.
437 4980 478 5029 22.
496 4992 523 5043 p.
536 4979 576 5028 ld.
590 4977 633 5028 ad.
652 4988 728 5027 meae
744 4975 815 5038 Lips.
839 5000 866 5009 -
884 4973 925 5024 at.
943 4973 971 5023 tn
987 4983 1040 5022 om.
1059 4973 1085 5022 S.
1105 4998 1133 5009 -
1152 4971 1184 5020 ab
1200 4971 1282 5020 dtsV:
1301 4970 1333 5020 ab
1349 4971 1440 5031 diist),
1458 4983 1476 5020 a
1491 4971 1539 5019 dtis
1553 4970 1580 5020 S.
1594 4994 1621 5006 -
1639 4969 1681 5019 26.
1699 4981 1718 5018 a

401 5054 452 5104 nn
468 5055 494 5104 S.
507 5079 535 5089 —
554 5054 595 5104 28.
613 5051 736 5102 tsdcmV:
755 5051 890 5111 bisdenos,
907 5049 993 5098 tndem
1006 5048 1036 5097 0.
1050 5073 1077 5082 -
1096 5046 1138 5097 29.
1155 5045 1311 5108 lnpptnrv:
1328 5045 1422 5108 lnpttcr
1437 5045 1491 5095 SO.
1504 5070 1532 5081 -
1551 5044 1592 5094 30.
1608 5043 1718 5093 nectam

401 5129 438 5178 V:
456 5128 611 5178 mactans.
632 5153 659 5162 —
677 5124 929 5190 armemanensis.
948 5148 978 5160 -
996 5123 1130 5185 qathnann
1145 5123 1163 5171 S
1179 5134 1215 5172 m.
1234 5134 1291 5186 pn:
1309 5122 1441 5184 wqucnn
1456 5120 1563 5179 Sm.2;
1581 5119 1717 5182 qntdqnanr

402 5206 432 5254 0.
453 5229 481 5241 ··
498 5204 539 5255 32.
557 5203 716 5255 arbitantur
731 5203 761 5253 S:
780 5200 971 5253 arbitrabantur
987 5199 1018 5249 V.
1038 5226 1065 5237 -
1084 5196 1126 5249 33.
1142 5198 1218 5248 bostis
1232 5196 1264 5249 V.
1285 5221 1313 5233 -
1331 5195 1373 5248 37.
1390 5209 1441 5248 csso
1455 5208 1500 5246 nas
1516 5194 1559 5257 na
1574 5193 1605 5244 V.
1625 5218 1653 5230 -
1670 5193 1717 5243 tnt-
