4367 6109
474 566 538 641 bdl
793 572 947 640 ORATIO
967 573 1022 641 DE
1042 573 1210 642 IMPERIO
1232 573 1295 640 GN.
1316 573 1483 641 romu

475 747 549 812 loco
570 746 633 809 iam
654 742 868 827 praedonibus
888 762 980 828 pares
1003 765 1073 809 esse
1094 750 1290 828 poteramus:
1319 763 1396 819 nos,
1423 743 1478 826 qui
1501 747 1594 806 antea
1615 761 1682 805 nou
1704 741 1806 807 ruodo

472 838 598 904 ltaliam
625 843 725 901 tutam
746 836 957 912 habebamus,
988 839 1043 900 sed
1070 858 1181 902 ornnes
1202 840 1306 903 socios
1328 840 1361 900 in
1384 837 1504 901 ultimis
1526 837 1590 901 oris
1612 834 1806 900 auctoritate

475 933 575 997 nostri
603 931 729 1014 imperii
755 930 860 994 salvos
881 939 1041 1015 praestare
1062 939 1258 1016 poteramus,
1287 940 1370 1006 tum,
1399 951 1470 995 cum
1492 930 1599 994 insula
1617 929 1717 992 Delos
1738 933 1808 990 tam

474 1026 583 1112 procul
606 1045 626 1090 a
645 1024 739 1088 nobis
762 1026 796 1087 in
816 1027 942 1109 Aegaeo
964 1028 1043 1089 mari
1065 1027 1187 1109 posita,
1210 1046 1274 1110 quo
1298 1045 1407 1088 omnes
1429 1023 1574 1108 undique
1596 1043 1666 1087 curn
1688 1020 1808 1084 nerei

451 1123 535 1187 abus
556 1125 662 1204 atque
675 1119 826 1182 oneribus
848 1119 1080 1194 commeabant,
1103 1120 1218 1183 referta
1238 1119 1373 1194 divitiis,
1396 1137 1509 1203 parva,
1530 1119 1600 1181 sine
1621 1137 1732 1192 muro,
1752 1114 1809 1178 ui·

474 1215 521 1280 bil
542 1213 689 1304 t‘guebat,
717 1211 814 1276 iidem
840 1232 906 1275 non
933 1213 1027 1276 modo
1049 1212 1222 1296 provinciis
1244 1221 1339 1296 atque
1361 1213 1426 1275 oris
1447 1213 1556 1276 ltaliae
1578 1202 1743 1276 maritimis
1766 1227 1809 1272 ac

474 1307 629 1393 portubus
658 1308 795 1380 nostris,
824 1305 878 1369 sed
901 1308 996 1370 etiam
1018 1306 1122 1389 Appia
1143 1307 1205 1370 iam
1227 1308 1279 1370 via
1301 1306 1504 1370 carebamus:
1539 1314 1570 1370 et
1591 1308 1629 1371 iis
1652 1304 1808 1387 tempori-

474 1403 535 1464 bus
557 1420 622 1464 uon
643 1399 785 1483 pudebat
804 1399 1004 1482 magistratus
1025 1400 1135 1483 populi
1156 1401 1288 1464 llomani
1304 1401 1338 1462 in
1353 1400 1438 1463 bunc
1453 1401 1557 1483 ipsum
1572 1401 1677 1464 locum
1693 1416 1808 1461 escen·

476 1496 572 1570 dere,¹
587 1506 660 1557 cum
682 1513 756 1556 eum
776 1493 869 1556 nobis
891 1493 1027 1556 maiores
1049 1494 1149 1558 nostri
1171 1494 1295 1558 exuviis
1317 1494 1453 1558 nauticis
1477 1502 1508 1557 et
1527 1494 1675 1558 classium
1691 1489 1808 1574 spoliis

439 1599 623 1657 remeatum
645 1587 871 1671 reliquissentl

560 1683 648 1747 xlx.
670 1679 721 1744 56.
742 1683 833 1744 Bono
860 1689 892 1745 te
922 1682 1029 1746 animo
1056 1689 1140 1757 tum,
1171 1682 1210 1758 Q.
1232 1682 1399 1758 Hortensi,
1429 1682 1567 1766 populus
1587 1684 1750 1746 Romanus
1774 1689 1809 1744 et

476 1785 615 1852 ceteros,
638 1777 694 1860 qui
716 1782 806 1839 erant
824 1776 858 1839 in
880 1775 992 1839 eadem
1014 1777 1192 1850 sententia,
1215 1777 1320 1840 dicere
1342 1776 1534 1840 existimavit
1554 1797 1607 1852 ca,
1628 1796 1712 1861 qnae
1730 1794 1808 1839 sen·

475 1872 622 1937 tlsbatis=
656 1871 712 1934 sod
739 1876 846 1933 tamen
871 1872 906 1933 in
934 1870 1037 1934 salute
1066 1871 1224 1934 communi
1245 1869 1329 1934 idem
1351 1870 1490 1960 populns
1511 1873 1673 1935 Romanus
1696 1869 1806 1935 dolori

477 1978 535 2030 suo
556 1964 669 2030 maluit
690 1983 786 2048 quam
807 1964 985 2027 auctoritati
1006 1973 1130 2027 vestrae
1152 1964 1377 2048 obtemperare.
1412 1966 1524 2048 ltaque
1545 1986 1610 2028 una
1627 1967 1696 2041 lex,
1718 1984 1806 2029 nnus

439 2062 539 2136 acvb,
561 2078 645 2123 unus
666 2074 768 2121 annus
789 2077 854 2120 uon
876 2057 969 2121 modo
991 2078 1057 2121 nos.
1073 2058 1128 2120 illa
1150 2059 1276 2121 miseria
1296 2077 1334 2121 ac
1351 2059 1547 2142 turpitudine
1562 2060 1723 2135 liberavit,
1747 2057 1805 2122 sed

477 2153 570 2219 etiam
598 2152 720 2226 effecit,
750 2158 786 2215 ut
814 2151 986 2235 aliquando
1007 2171 1081 2216 vere
1103 2151 1284 2215 videremur
1305 2153 1453 2215 omnibus
1475 2153 1622 2234 gentibus
1642 2173 1679 2217 ac
1699 2151 1807 2215 natio,-

476 2249 570 2312 nibus
598 2254 682 2312 terra
713 2244 855 2330 marique
886 2245 1054 2328 imperare.
1096 2242 1147 2308 57.
1178 2246 1249 2322 Quo
1279 2247 1355 2309 mibi
1379 2247 1472 2310 etiam
1494 2245 1657 2329 indignius
1678 2244 1808 2310 ridetur

395 2337 397 2342 ’
477 2342 685 2406 mosomum
715 2358 786 2402 esse
816 2339 938 2413 adbuc,
968 2339 1102 2401 Gabinio
1129 2337 1230 2402 dicam
1259 2359 1342 2402 anne
1362 2340 1515 2423 Pompeio
1535 2359 1577 2403 an
1598 2341 1743 2423 utrique,
1771 2336 1806 2401 id

478 2435 564 2520 qnod
592 2444 642 2499 est
668 2433 793 2506 verius,
825 2452 866 2495 ne
894 2432 1053 2515 legaretur
1080 2433 1118 2494 A.
1141 2432 1295 2495 Gabinius
1323 2433 1379 2496 Cn.
1401 2433 1551 2516 Pompeio
1580 2433 1742 2516 expetenti
1768 2451 1808 2496 ac

439 2528 661 2613 speculanti.
703 2528 814 2590 Utrum
836 2526 907 2601 ille,
938 2529 993 2611 qui
1022 2525 1162 2610 postulat
1182 2526 1221 2588 ad
1245 2534 1366 2589 tantum
1387 2526 1507 2589 bellum
1528 2527 1680 2609 legatum,
1707 2548 1808 2612 quem

476 2622 570 2696 velit,
603 2621 737 2684 idoneus
764 2640 829 2683 non
862 2629 910 2684 est
938 2622 992 2704 qui
1020 2621 1182 2702 impetret,
1216 2640 1287 2682 cum
1309 2623 1405 2684 ceteri
1427 2621 1466 2683 ad
1490 2621 1677 2703 expilandos
1698 2621 1807 2684 socios

477 2715 739 2798 diripiendasque
760 2714 957 2797 provincias,
986 2733 1068 2798 quos
1091 2713 1277 2787 voluerunt,
1306 2714 1426 2796 legatos
1448 2714 1634 2789 eduxerint,
1661 2734 1701 2777 an
1723 2714 1807 2795 ipse,

477 2810 568 2874 cuius
590 2809 661 2892 lage
682 2807 768 2872 salus
790 2826 827 2870 ac
849 2807 986 2890 dignitas
1004 2807 1124 2890 populo
1140 2808 1280 2870 llomano
1296 2815 1392 2892 atque
1408 2808 1555 2871 omnibus
1569 2808 1715 2891 gentibus
1729 2826 1808 2870 con-

477 2903 587 2967 stituta
607 2911 672 2977 est,
702 2920 818 2984 expers
846 2921 916 2964 esse
938 2900 1033 2963 debet
1053 2901 1171 2983 gloriae
1194 2903 1263 2964 eius
1284 2902 1483 2984 imperatoris
1504 2909 1600 2985 atque
1622 2902 1691 2965 eius
1712 2920 1808 2964 exer·

439 2997 576 3072 sumtus,
599 2996 656 3080 qui
677 2992 811 3059 consilio
832 2995 931 3078 ipsius
954 3014 991 3057 ac
1012 2996 1154 3078 periculo
1177 3003 1226 3059 est
1247 2996 1462 3060 constitutus?
1504 2992 1555 3058 58.
1577 2998 1625 3058 An
1649 2995 1683 3059 C.
1703 2995 1808 3058 Falci·

476 3091 568 3166 dius,
597 3090 636 3166 Q.
658 3088 822 3165 bletellus,
851 3089 891 3165 Q.
914 3088 1039 3152 Caelius
1069 3089 1276 3164 Latiniensis,
1310 3090 1366 3153 Cn.
1387 3091 1557 3164 Lentulus,
1586 3111 1667 3174 quos
1693 3108 1809 3154 omnes

477 3183 609 3248 bonoria
633 3202 729 3248 causa
749 3183 900 3258 nomino,
926 3202 997 3246 cum
1019 3182 1137 3246 tribuni
1158 3183 1244 3264 plebi
1265 3183 1416 3258 luissent,
1438 3203 1521 3247 anno
1542 3185 1687 3267 proximo
1709 3183 1808 3266 legati

477 3297 550 3342 essa
570 3283 763 3361 potuerunt:
791 3276 826 3338 in
854 3295 919 3338 uno
942 3277 1077 3342 Gabinio
1100 3285 1174 3339 sunt
1194 3285 1259 3340 tam
1280 3277 1466 3360 diligentes,
1496 3279 1551 3360 qui
1573 3279 1607 3340 in
1628 3277 1809 3351 bochello,

477 3372 565 3456 quod
587 3371 658 3454 lege
681 3370 813 3432 Gabinia
835 3370 970 3453 geritur,
991 3372 1025 3434 in
1045 3370 1108 3434 boo
1130 3372 1319 3453 imperatore
1341 3378 1438 3455 atque
1452 3373 1609 3446 exercitu,
1632 3390 1728 3454 quom
1748 3390 1810 3456 per

439 3484 533 3533 suros
556 3465 625 3549 ipse
647 3463 826 3539 constituit,
848 3466 942 3528 etiarn
965 3466 1137 3547 praecipuo
1158 3466 1225 3527 iure
1248 3484 1318 3528 esse
1340 3464 1495 3528 deberet?
1522 3467 1569 3528 De
1591 3484 1657 3548 quo
1670 3463 1809 3547 legando

479 3557 624 3621 consules
646 3575 740 3640 spero
763 3556 803 3621 ad
826 3566 969 3622 senatum
990 3559 1156 3622 relaturos.
1191 3558 1253 3634 Qui
1269 3559 1296 3621 si
1312 3558 1501 3622 dubitabunt
1515 3565 1569 3621 aut
1582 3559 1808 3641 gravabuntur,

478 3671 537 3734 ego
566 3670 616 3714 me
645 3650 796 3733 proliteor
823 3650 1011 3726 relaturnm3
1040 3672 1145 3735 neque
1173 3672 1222 3714 me
1254 3652 1403 3736 impediet
1432 3653 1619 3737 cuiusquam
1640 3653 1809 3717 inimicum

479 3744 633 3821 edictum,
655 3765 720 3831 quo
743 3743 848 3810 minus
870 3744 959 3810 vobis
989 3746 1088 3810 iratus
1111 3752 1251 3810 vestrum
1273 3746 1323 3809 ius
1344 3743 1596 3832 beneficiumque
1620 3747 1808 3824 defendam

544 3998 568 4048 4.
586 3998 640 4048 toas
655 4010 709 4049 om.
722 3997 749 4048 F.
764 4023 792 4032 —
810 3975 980 4059 montel,
999 3998 1041 4048 ed.
1055 3999 1171 4060 Iuntina,
1191 4001 1226 4051 0:
1244 4003 1443 4062 coronopum
1460 4012 1506 4049 που
1521 4013 1618 4063 quom
1635 4002 1678 4065 oui
1693 4001 1807 4056 Fuit.

479 4099 507 4110 -
525 4074 551 4124 2.
571 4085 612 4122 ov.
631 4085 655 4122 c.
673 4073 766 4123 omnus
784 4084 838 4136 mg.
858 4071 884 4124 0.
904 4096 932 4110 ·-
951 4072 1018 4122 bord
1034 4073 1063 4123 T.
1080 4101 1108 4110 -
1132 4074 1156 4124 3.
1174 4075 1251 4125 Detur
1266 4077 1295 4126 T.
1309 4102 1337 4112 -
1356 4075 1381 4127 4.
1400 4076 1478 4140 tepeo
1494 4072 1579 4129 aso.
1602 4104 1629 4114 -
1650 4080 1674 4130 6.
1693 4081 1760 4130 idam
1777 4082 1807 4130 T.

479 4175 506 4185 -
526 4149 551 4199 T.
565 4147 681 4211 portibus
697 4147 754 4198 ΤΒ.
778 4146 818 4198 Cl.
837 4145 861 4211 5.
875 4146 916 4196 46.
936 4173 963 4183 -
982 4147 1013 4196 iis
1029 4149 1088 4198 TT:
1107 4150 1154 4198 iiis
1170 4151 1271 4201 Monac.
1290 4165 1321 4209 e;
1338 4152 1376 4201 its
1392 4149 1496 4204 nnat
1510 4153 1539 4203 0.
1559 4177 1587 4189 -
1606 4153 1631 4204 8.
1648 4153 1706 4218 ooo]
1724 4167 1810 4205 sonas

479 4224 509 4274 C.
529 4249 556 4258 -
575 4223 703 4273 mendae
720 4221 782 4272 CO:
801 4222 932 4272 &eosdm
948 4219 1090 4273 444400.
1115 4223 1154 4273 Cl.
1168 4225 1293 4288 Kreyssig
1308 4228 1425 4277 innatat.
1437 4228 1547 4278 adlicit
1563 4228 1638 4278 libror
1646 4229 1807 4279 XLI-XLV.

479 4295 760 4349 tarasconenses.
778 4296 901 4360 pili·
921 4295 945 4346 9.
963 4296 1141 4349 oobisETV:
1159 4299 1458 4354 occursante·
1476 4304 1712 4354 nostriEl'VFA:
1729 4304 1808 4352 areatas¹

478 4369 592 4424 unio.
612 4396 640 4406 -
659 4370 781 4421 chorium
797 4372 826 4420 T.
845 4395 873 4406 -
894 4370 934 4420 tt.
953 4372 1096 4422 sublimant
1112 4374 1140 4423 T.
1162 4402 1189 4411 -
1209 4375 1249 4426 43.
1268 4381 1351 4427 tamen
1368 4390 1421 4428 om.
1435 4378 1462 4428 F.
1483 4405 1509 4414 -
1530 4377 1571 4429 44.
1590 4384 1762 4441 optarnpsrors
1775 4378 1805 4429 T.

481 4473 508 4483 -·
527 4447 569 4497 lec
585 4451 608 4496 et
623 4458 689 4495 uirus
705 4446 732 4497 F.
749 4471 776 4481 —
795 4446 835 4496 444.
854 4445 943 4509 mous]
962 4450 1062 4496 coenus
1079 4449 1135 4499 TA.
1157 4475 1184 4484 -
1201 4462 1247 4500 uos
1263 4451 1290 4501 T.
1305 4476 1333 4488 -
1352 4453 1397 4501 illo
1411 4452 1498 4502 aosV.
1512 4478 1539 4488 -
1559 4454 1598 4504 46.
1616 4454 1804 4505 videmnioic.

481 4549 508 4559 -
528 4522 568 4573 48.
582 4520 719 4572 Gobioioas
734 4520 817 4569 (444004
834 4521 992 4582 uol’ompeio
1003 4535 1057 4583 mg.
1072 4520 1088 4574 p
1106 4537 1121 4572 e
1139 4523 1284 4576 codicibus.
1299 4554 1326 4563 —
1346 4528 1386 4577 49.
1405 4529 1487 4578 vocius
1503 4534 1538 4578 sal
1548 4528 1578 4578 V.
1594 4555 1617 4564 -
1639 4528 1679 4595 4.]
1695 4528 1727 4580 At
1743 4529 1805 4580 Ev.

484 4625 508 4636 ··
527 4598 568 4649 2⁰.
587 4597 656 4647 adt.
674 4596 698 4645 b.
716 4596 826 4660 malton
842 4595 908 4646 EV:
932 4596 1040 4659 tapetum
1057 4599 1091 4646 ad
1108 4604 1125 4648 4.
1145 4598 1233 4649 oetam
1249 4600 1388 4654 144400.
1410 4630 1437 4639 -
1456 4604 1497 4652 2⁴.
1515 4604 1617 4666 arpent
1632 4604 1666 4660 1³;
1691 4603 1808 4664 impetret

479 4675 621 4738 (superscr.
636 4671 737 4734 pataret)
756 4671 782 4719 T.
802 4694 829 4705 -
849 4669 889 4719 Ti.
908 4671 1031 4720 edineriat
1047 4672 1081 4724 T:
1099 4673 1262 4725 odiumoiot
1279 4676 1313 4735 V;
1332 4678 1471 4726 mensal
1487 4681 1517 4728 Α.
1537 4705 1565 4715 -
1583 4678 1623 4731 Ti.
1641 4679 1738 4743 obdas
1753 4679 1809 4728 eiua

479 4747 549 4812 imp]
567 4748 619 4797 eius
635 4745 731 4811 alarios
747 4748 822 4806 atque
838 4743 898 4806 inp.
917 4744 1005 4795 ETV.
1025 4773 1051 4782 -
1076 4747 1117 4797 25.
1135 4762 1167 4797 ac
1182 4750 1293 4810 paritudo
1309 4752 1371 4802 ET:
1395 4753 1594 4814 otoospsm'calo
1610 4750 1754 4805 444490.
1775 4779 1803 4789 -

480 4822 517 4887 0.]
536 4823 566 4872 G.
584 4821 612 4871 Τ.
633 4846 660 4856 -
686 4819 728 4870 26.
748 4818 827 4870 Cetius
843 4819 904 4877 TL;
924 4819 1021 4870 Cordus
1036 4821 1117 4873 Eva
1134 4826 1160 4872 et
1177 4836 1229 4887 mg.
1249 4822 1273 4876 0.
1295 4852 1322 4861 -
1344 4826 1465 4876 baiensis
1482 4829 1515 4886 C;
1538 4827 1663 4878 lotermsis
1679 4829 1709 4885 T;
1732 4828 1807 4878 bati-

478 4897 573 4947 otoasss
588 4896 618 4946 B.
638 4920 667 4932 ·-
685 4893 733 4945 Go.
752 4895 780 4944 T.
801 4920 828 4930 —
847 4894 926 4944 urob
943 4896 969 4946 F.
990 4923 1017 4932 -
1036 4899 1077 4948 TT.
1092 4899 1171 4960 piebis
1186 4900 1215 4950 0.
1236 4925 1262 4934 -
1282 4899 1322 4949 28.
1340 4901 1367 4950 tn
1382 4915 1433 4950 ooo
1450 4903 1470 4953 C
1488 4903 1565 4965 (teste
1576 4902 1662 4954 Medio
1680 4915 1723 4968 ep.
1736 4902 1806 4968 449.)

479 4972 572 5025 ETV:
598 4972 625 5021 to
645 4971 691 5021 boc
710 4983 761 5020 uae
784 4966 931 5021 444400.
954 4997 981 5005 -
1008 4972 1050 5021 49.
1072 4979 1202 5036 pareretur
1218 4973 1272 5032 Cb,
1291 4975 1358 5024 teste
1375 4973 1525 5035 Gulielmio;
1551 4983 1657 5042 paratur
1673 4979 1699 5029 li.
1713 5004 1740 5013 -
1756 4991 1808 5040 prr

478 5060 522 5098 vor
537 5048 590 5110 ipss
605 5043 774 5098 wcssvoz
790 5058 838 5110 por
853 5045 905 5107 ipsa
919 5047 953 5104 T;
968 5059 1016 5109 per
1031 5060 1056 5098 ss
1072 5050 1124 5110 ipro
1140 5045 1258 5109 Bab&
1273 5061 1321 5110 par
1336 5062 1361 5099 se
1377 5051 1439 5111 (om.
1456 5052 1515 5116 lpse)
1534 5053 1602 5102 T.-
1622 5054 1662 5104 30.
1680 5053 1765 5119 etiarn]
1783 5060 1808 5104 st

479 5123 507 5173 1².
527 5148 552 5160 -
573 5123 673 5186 bpendo
688 5121 716 5172 F.
743 5147 771 5157 -
798 5120 839 5172 44.
858 5121 967 5171 emeritas
986 5134 1058 5185 apere
1074 5125 1228 5175 ETVBA:
1254 5137 1325 5186 spero
1344 5126 1453 5176 consum
1470 5128 1488 5179 F
1506 5128 1536 5190 (si
1553 5126 1620 5180 tides
1637 5131 1679 5180 est
1694 5130 1805 5181 Droukii

479 5192 738 5258 stertente·
758 5195 798 5247 ³2.
817 5196 965 5259 admodum
982 5198 1122 5250 CbETV:
1141 5201 1193 5250 aas
1209 5199 1317 5262 0004444
1333 5200 1396 5258 Bm
1418 5201 1521 5262 mester
1535 5203 1589 5252 das
1604 5203 1636 5261 F;
1653 5204 1804 5266 mirem

480 5271 587 5334 Quirites
596 5266 708 5323 bilo.-
720 5271 848 5322 iamim
858 5272 972 5336 edictwn]
984 5273 1104 5337 biom
1115 5273 1162 5327 Cb.
1171 5300 1198 5311 -
1212 5273 1252 5329 ³³.
1266 5273 1421 5339 wicpotus
1430 5275 1487 5328 EV:
1502 5277 1659 5342 [retumbis
1668 5276 1803 5334 44400.
