4367 6109
451 589 516 658 (ill
823 586 877 651 DE
898 585 1004 650 LEGE
1026 582 1206 648 AGRARIA
1226 583 1348 647 LIBER
1368 583 1407 646 11.

454 758 506 825 ⁴7.
528 761 589 823 Hic
610 776 745 842 quaero,
768 775 864 839 quam
887 755 927 817 ob
949 774 1077 817 eausam
1099 752 1226 817 initium
1247 772 1353 815 rerum
1374 771 1410 814 ac
1432 750 1547 833 legum
1568 768 1717 813 suarum
1736 748 1806 811 bine

455 854 595 926 duxerit,
615 859 652 914 ut
672 850 812 934 populus
834 852 995 912 Romanus
1017 847 1167 930 sutlragio
1190 846 1387 928 privaretur?
1418 844 1532 908 Toties
1555 844 1699 926 legibus
1721 862 1807 926 agra-

453 948 510 1010 riis
532 953 692 1009 curatores
715 942 879 1006 constituti
902 950 988 1015 sunt,
1019 941 1190 1015 triumviri,
1214 940 1430 1024 quinqueviri,
1452 938 1665 1013 decemviri3
1688 957 1806 1022 quaero

454 1062 473 1105 a
495 1039 641 1122 populari
668 1037 793 1100 tribuno
823 1034 940 1119 plebis:
970 1035 1137 1120 ecquando
1167 1034 1228 1097 nisi
1256 1053 1314 1115 per
1335 1054 1422 1096 xxxv
1443 1033 1552 1096 tribus
1578 1032 1690 1095 creati
1714 1034 1805 1094 suntt

430 1134 580 1197 slltenim
601 1153 674 1194 cum
697 1151 807 1193 omnes
829 1137 1020 1212 potestates,
1049 1130 1197 1210 imperia,
1229 1128 1408 1191 curationes
1430 1127 1468 1189 ab
1491 1127 1662 1191 universo
1685 1124 1805 1209 populo

454 1230 596 1290 Romano
617 1222 772 1310 proficisci
794 1225 959 1297 convenit,
981 1231 1047 1287 tum
1069 1243 1123 1285 eas
1146 1221 1288 1306 prolecto
1312 1223 1461 1294 maxime,
1488 1240 1579 1305 quae
1597 1220 1805 1283 constituun-

454 1330 505 1385 tur
527 1320 567 1383 ad
589 1320 698 1402 populi
719 1318 856 1380 fructum
880 1318 1018 1400 aliquem
1041 1326 1073 1379 et
1095 1316 1313 1390 commodum,
1343 1317 1376 1378 in
1399 1336 1463 1398 quo
1487 1323 1522 1378 et
1543 1313 1706 1378 universi
1729 1312 1804 1375 deli·

454 1422 546 1499 gant,
570 1434 664 1496 quem
687 1412 804 1496 populo
826 1414 968 1474 Romano
991 1412 1126 1474 maxime
1149 1411 1368 1473 consulturum
1390 1417 1522 1492 putent,
1545 1416 1585 1471 et
1609 1428 1703 1471 unus
1718 1406 1805 1490 quis-

456 1530 522 1594 que
544 1508 650 1572 studio
668 1527 706 1569 ac
728 1507 876 1589 suffragio
899 1507 1053 1568 sueviam
1074 1505 1133 1567 sibi
1154 1505 1195 1567 ad
1209 1501 1395 1567 beneficium
1410 1501 1663 1585 impetrandum
1677 1501 1803 1564 munire

418 1603 564 1687 repossit.
607 1602 677 1663 Hoc
698 1600 825 1663 tribuno
847 1599 949 1681 plebis
970 1600 1171 1681 potissimum
1194 1598 1334 1662 venitin
1356 1604 1513 1670 mentem,
1543 1595 1722 1678 populum
1744 1597 1805 1658 Ro-

454 1717 581 1761 manum
603 1696 785 1757 universum
807 1695 931 1775 privare
953 1694 1128 1776 suffragiis,
1151 1713 1268 1776 paucas
1291 1693 1392 1755 tribus
1413 1710 1477 1753 non
1492 1697 1587 1752 certa
1604 1689 1802 1753 condicione

453 1790 548 1863 iuris,
577 1788 634 1851 sed
660 1788 754 1851 sortis
782 1784 937 1850 beneficio
969 1786 1100 1850 fortuitu
1129 1787 1169 1849 ad
1200 1786 1416 1869 usurpandam
1448 1783 1643 1847 libertatem
1672 1803 1802 1847 vocare.

454 1879 505 1944 l8.
519 1883 617 1956 lrau,
638 1882 760 1964 inquit,
781 1901 891 1944 nonsu
913 1899 1018 1954 nono,
1041 1880 1143 1963 capite
1158 1881 1274 1955 altero,
1297 1901 1336 1942 vr
1359 1897 1499 1943 courrrrs
1521 1897 1720 1941 ronrrrrcrs
1743 1898 1802 1941 ru·

453 1997 535 2039 xrur.
570 1978 617 2039 Ne
643 1976 704 2037 boc
725 1974 854 2057 quidem
876 1975 972 2049 vidit,
1004 1976 1138 2037 maiores
1167 1983 1292 2038 nostros
1314 1981 1377 2037 tam
1403 1972 1502 2035 luisse
1525 1972 1732 2056 populares,
1752 1980 1801 2045 ut,

417 2071 541 2153 eoquod
564 2090 621 2152 per
641 2068 794 2152 populum
817 2070 915 2131 creari
939 2068 985 2131 las
1008 2088 1072 2130 non
1096 2078 1163 2131 erat
1183 2078 1314 2152 propter
1335 2067 1522 2149 religionem
1546 2084 1742 2140 sacrorum,
1768 2064 1800 2127 in

453 2183 493 2226 eo
523 2171 629 2225 tamen
655 2170 785 2245 propter
813 2162 1051 2244 amplitudinem
1085 2163 1254 2225 sacerdotii
1276 2162 1435 2226 voluerint
1454 2159 1579 2242 populo
1605 2156 1800 2240 supplicari.

452 2258 556 2338 Atque
577 2255 638 2318 boc
659 2257 744 2319 idem
766 2257 806 2319 de
828 2257 942 2319 ceteris
965 2256 1149 2320 sacerdotiis
1165 2256 1220 2319 Cn.
1235 2256 1408 2329 Domitius,
1431 2251 1732 2335 tribunusplebis,
1754 2252 1802 2314 vir

453 2349 664 2424 clarissimus,
686 2350 775 2413 tulit:
799 2350 886 2434 quod
908 2350 1044 2433 populus
1067 2372 1125 2433 per
1145 2351 1332 2433 religionem
1354 2348 1531 2412 sacerdotia
1546 2345 1716 2409 mandare
1735 2364 1799 2408 non

452 2452 593 2527 poterat,
622 2451 657 2507 ut
678 2446 782 2507 minor
804 2465 876 2529 pars
899 2446 1011 2527 populi
1033 2453 1213 2509 vocaretur:
1245 2445 1284 2506 ab
1307 2465 1344 2507 ea
1366 2450 1454 2528 parte
1476 2442 1532 2526 qui
1556 2446 1653 2504 esset
1674 2438 1799 2514 factus,

414 2540 479 2601 eois
504 2557 523 2599 a
545 2538 679 2620 collegio
700 2546 912 2622 cooptaretur.
957 2534 1008 2601 l9.
1030 2538 1158 2613 Videte,
1181 2540 1259 2623 quid
1281 2539 1405 2602 intersit
1426 2538 1509 2599 inter
1525 2534 1584 2598 Cn.
1601 2535 1799 2609 Domitium,

452 2633 614 2695 tribunum
641 2633 759 2715 plebis,
790 2633 893 2697 vimm
923 2632 1172 2707 nobilissimum,
1203 2642 1235 2695 et
1255 2635 1288 2695 P.
1316 2632 1456 2705 Rullum,
1484 2630 1540 2711 qui
1563 2627 1733 2705 tentavit,
1763 2635 1799 2692 ut

452 2729 581 2810 opinor,
615 2727 799 2809 patientiam
827 2734 981 2801 vestram,
1009 2747 1080 2789 cum
1110 2747 1144 2789 se
1175 2726 1314 2789 nobilem
1346 2747 1417 2789 esse
1446 2724 1577 2787 diceret.
1617 2723 1798 2798 Domitius,

451 2822 538 2906 quod
559 2841 616 2905 per
638 2820 844 2883 caerimonias
867 2820 978 2903 populi
1000 2821 1068 2883 fieri
1091 2841 1157 2883 non
1177 2828 1318 2904 poterat,
1340 2820 1462 2882 ratione
1476 2825 1653 2881 assecutus
1668 2825 1742 2894 est,
1763 2827 1799 2881 ut

449 2916 500 2990 id,
522 2915 627 3000 quoad
649 2921 773 2996 posset,
795 2914 901 2997 quoad
923 2913 970 2977 sas
993 2922 1092 2989 esset,
1116 2917 1221 2997 quoad
1243 2916 1370 2988 liceret,
1399 2912 1508 2997 populi
1531 2910 1573 2974 ad
1596 2920 1718 2994 partes
1741 2912 1796 2976 da·

412 3018 514 3074 erret:
536 3010 606 3084 bic,
629 3006 716 3091 quod
731 3006 841 3091 populi
856 3028 981 3089 semper
1000 3009 1162 3091 proprium
1175 3008 1252 3084 suit,
1276 3008 1362 3092 quod
1378 3027 1470 3070 nemo
1485 3005 1671 3081 imminuit,
1697 3029 1795 3072 nemo

449 3102 591 3177 mutavit,
615 3103 693 3185 quin
715 3102 761 3174 ei,
783 3102 838 3185 qui
860 3102 979 3184 populo
1002 3122 1095 3184 agros
1119 3113 1227 3166 essent
1248 3104 1452 3185 assignaturi,
1474 3110 1548 3163 ante
1565 3102 1796 3185 acciperenta

448 3197 568 3281 populo
589 3196 797 3270 beneficium,
827 3216 922 3279 quam
945 3197 1072 3270 darent,
1102 3198 1136 3260 id
1167 3205 1267 3260 totum
1296 3198 1420 3280 eripere
1440 3195 1531 3258 robis
1552 3201 1659 3277 atque
1684 3218 1706 3260 e
1730 3218 1797 3260 mn·

448 3290 542 3352 nibus
565 3295 757 3373 extorquere
780 3298 912 3352 conatus
935 3298 993 3353 est.
1037 3290 1111 3365 Ille,
1138 3291 1224 3375 quod
1250 3292 1317 3354 dari
1339 3291 1428 3353 nullo
1450 3287 1546 3352 modo
1568 3298 1727 3371 poterat,
1751 3301 1797 3355 ta-

448 3404 520 3445 men
552 3381 691 3465 quodam
721 3382 815 3445 modo
838 3383 947 3447 dedit:
975 3384 1043 3458 bic,
1074 3386 1161 3467 quod
1183 3386 1279 3447 adimi
1301 3386 1389 3447 nullo
1411 3392 1501 3468 pecto
1523 3389 1653 3464 potest,
1683 3393 1795 3449 tamen

410 3476 587 3559 eoquadam
609 3476 731 3538 ratione
754 3477 877 3559 eripere
901 3486 1041 3540 conatur.

532 3569 615 3630 Vlll.
637 3566 689 3632 20.
712 3570 853 3646 Quaeret
882 3572 1057 3655 quispiam,
1089 3573 1122 3634 in
1152 3582 1237 3635 tanta
1267 3574 1383 3636 iniuria
1405 3579 1555 3651 tantaque
1577 3569 1797 3654 impudentia

449 3664 526 3747 quid
561 3664 719 3745 spectarit.
772 3665 842 3726 Non
876 3664 977 3728 deluit
1010 3666 1196 3729 consilium:
1228 3666 1309 3729 fides
1338 3686 1412 3749 erga
1438 3665 1563 3747 plebem
1593 3666 1795 3742 Romanam,

449 3757 608 3831 Quirites,
631 3761 774 3840 aequitas
796 3758 830 3820 in
851 3778 909 3821 vos
931 3759 1173 3842 libertatemque
1195 3769 1331 3824 vestram
1352 3759 1555 3823 vehementer
1577 3758 1701 3822 defuit.
1742 3762 1795 3824 lu·

447 3851 501 3913 bet
524 3850 609 3912 enim
630 3850 760 3915 comitia
792 3851 977 3916 decemviris
1005 3853 1122 3915 habere
1154 3853 1297 3917 creandis
1320 3875 1408 3928 eum,
1442 3853 1495 3936 qui
1524 3851 1634 3935 legem
1664 3856 1793 3921 tulerit.

410 3943 516 4005 asfloc
540 3943 642 4006 dicam
664 3945 801 4026 planius.
845 3947 936 4009 lubet
958 3946 1086 4019 Rullus,
1117 3947 1211 4011 homo
1239 3968 1304 4010 non
1327 3947 1460 4031 cupidus
1482 3966 1588 4028 neque
1613 3958 1792 4031 appetens,

447 4035 564 4099 habere
587 4039 713 4102 comitia
726 4038 864 4101 Rullum.
894 4040 1041 4102 Nondum
1063 4042 1279 4123 reprehendo;
1302 4041 1395 4104 video
1417 4040 1530 4103 iecisse
1553 4039 1659 4106 alios:
1692 4045 1792 4121 illud,

449 4131 536 4213 quod
551 4151 644 4195 nemo
658 4131 748 4206 fecit,
771 4132 810 4195 de
825 4132 948 4194 minore
963 4142 1052 4216 parte
1074 4135 1203 4218 populi,
1225 4155 1289 4220 quo
1305 4135 1477 4221 pertineat,
1498 4132 1617 4197 videte.
1641 4137 1793 4205 Habebit

512 4448 536 4496 2.
556 4448 674 4497 decrerint
690 4448 719 4498 E.
739 4474 766 4483 -
785 4448 913 4499 Romanos
929 4464 982 4501 om.
1001 4452 1027 4501 F.
1043 4477 1071 4487 -
1089 4453 1176 4501 totiens
1193 4453 1218 4502 F.
1235 4479 1261 4487 -
1281 4451 1305 4503 3.
1323 4454 1429 4502 constitu
1440 4454 1472 4509 Ἐς
1490 4453 1589 4501 constiti
1607 4455 1638 4505 Ρ.
1654 4482 1683 4493 -
1707 4459 1735 4512 t,
1749 4476 1791 4513 ω-

447 4521 556 4585 quando]
573 4523 615 4571 bec
632 4523 732 4584 quoodo
748 4524 780 4581 F;
799 4524 859 4574 boec
876 4527 976 4587 quondo
993 4527 1050 4576 ΕΡ.
1072 4554 1099 4562 -
1118 4534 1174 4576 sunt
1191 4528 1279 4577 EFT:
1298 4529 1346 4577 siet
1362 4526 1477 4581 atto
1499 4552 1524 4561 -
1545 4526 1569 4577 7.
1588 4529 1618 4579 in
1637 4539 1744 4589 om.1.,
1760 4567 1787 4578 -

449 4625 475 4633 -
496 4597 519 4647 9.
540 4611 570 4646 oc
587 4598 621 4646 E:
649 4603 672 4648 et
688 4597 827 4651 Fatue.
849 4627 875 4637 -
899 4602 939 4651 te.
957 4604 1060 4664 fortuito
1078 4617 1139 4653 eum
1158 4603 1313 4654 Lauredano
1331 4603 1385 4656 [Β.
1407 4632 1433 4640 -
1458 4605 1498 4652 43.
1516 4604 1601 4653 eodem
1620 4611 1701 4659 modo
1720 4614 1789 4665 EG:

446 4674 578 4732 eodemque
593 4672 666 4722 modo
683 4672 770 4732 Fam
790 4687 850 4724 cum
868 4675 1022 4728 Lauredano
1040 4691 1093 4728 om.
1113 4680 1141 4727 L.
1161 4705 1188 4713 —
1209 4679 1248 4727 m.
1268 4680 1339 4740 idem]
1358 4680 1415 4728 item
1433 4680 1459 4728 F.
1474 4705 1500 4713 -·
1519 4679 1560 4727 20.
1578 4689 1789 4745 cooptaretwss

447 4749 502 4797 l'P.
523 4772 550 4784 -
578 4748 618 4798 tl.
636 4749 720 4798 uirum
737 4750 773 4799 E:
801 4750 922 4800 bominem
947 4751 1085 4804 ΗΝΘ.
1106 4780 1132 4788 -
1160 4753 1200 4803 23.
1224 4755 1371 4803 cerimonias
1394 4754 1453 4814 EF3
1480 4756 1658 4807 coercerentur
1674 4759 1735 4814 ιε,
1758 4792 1786 4803 .-

446 4827 475 4871 ut
491 4834 543 4871 om.
563 4823 620 4873 EF.
641 4850 667 4858 -
687 4824 728 4874 25.
746 4837 841 4885 seraper
854 4827 988 4886 proprium
1005 4828 1063 4877 Er:
1085 4830 1219 4891 proprium
1235 4843 1329 4891 semper
1345 4828 1460 4881 atto.
1479 4856 1505 4864 —
1529 4830 1571 4879 26.
1589 4838 1707 4885 mutavit
1724 4842 1789 4900 quin

446 4900 573 4949 eiEl'P:
592 4901 733 4950 immutavit
749 4902 810 4961 quin
826 4901 845 4949 ii
861 4900 972 4954 Alit).
988 4931 1015 4939 -
1035 4905 1158 4965 opoputo
1175 4903 1198 4953 b.
1218 4919 1241 4965 q.
1261 4906 1349 4953 dorent
1366 4918 1418 4954 om.
1439 4906 1465 4954 F.
1481 4932 1507 4940 -
1527 4904 1568 4955 te.
1587 4907 1651 4958 dari
1669 4911 1704 4961 E:
1726 4916 1788 4965 dass

443 4973 535 5035 populo
553 4976 598 5025 Fe
609 4974 692 5028 LQO.
714 5002 741 5011 -
760 4981 843 5025 tomen
859 4988 912 5025 om.
932 4978 960 5027 E.
981 5004 1008 5013 -
1027 4979 1067 5027 tt).
1084 4984 1173 5040 potest,
1192 4984 1275 5028 tomen
1292 4981 1402 5041 quodam
1418 4980 1545 5030 Kahntius
1562 4980 1646 5045 (Obss.
1666 4989 1740 5039 crite.
1759 4991 1786 5040 to

444 5049 575 5098 nonnullm
590 5050 656 5099 locos
667 5050 791 5100 Tullianos
806 5064 832 5114 p.
846 5050 895 5111 bl:
911 5057 1011 5112 poterat
1021 5059 1141 5113 potestate
1152 5055 1262 5115 qiiodom
1274 5056 1292 5103 E
1302 5056 1349 5104 ΡΑ
1361 5057 1378 5104 Ι.
1389 5054 1404 5107 2
1415 5055 1448 5112 0;
1465 5061 1557 5116 potest,
1578 5063 1698 5119 quadam
1708 5065 1786 5116 orep.

446 5121 507 5182 lius,
527 5129 626 5183 poteret
638 5126 744 5187 populo,
762 5130 846 5174 tomen
863 5127 972 5186 quodam
989 5128 1111 5178 lllotzius.
1132 5156 1158 5163 -
1179 5129 1218 5178 3t.
1239 5132 1332 5190 (lucrm
1351 5132 1376 5177 l).
1393 5158 1420 5165 -
1439 5131 1479 5179 32.
1498 5132 1567 5196 qaid]
1585 5138 1656 5195 quod
1674 5138 1735 5189 EF,
1751 5165 1780 5178 ..

443 5202 557 5259 spectant
572 5199 618 5248 El'
629 5201 686 5249 ΡΑ.
709 5199 865 5251 Emendavit
881 5201 1026 5262 Naugerius
1043 5203 1069 5251 in
1087 5204 1130 5253 ed.
1143 5202 1244 5252 Aldina.
1257 5230 1284 5240 —-
1303 5206 1451 5264 dertonam,
1470 5206 1587 5273 Quirites]
1604 5210 1780 5279 Romanam.

445 5271 479 5331 P;
505 5284 640 5324 romonem
656 5288 703 5336 que
719 5276 737 5325 F
744 5289 750 5337 ;
773 5277 913 5326 bononem
929 5273 1071 5327 EALtO.
1099 5278 1137 5327 Ct.
1156 5292 1211 5328 var.
1230 5278 1290 5329 lect.
1308 5293 1335 5343 p.
1353 5280 1411 5330 ott.
1429 5294 1454 5331 v.
1473 5280 1513 5331 ai.
