4367 6109
455 578 518 648 aia
822 582 866 646 ut
885 579 1052 647 VERREM
1071 577 1195 646 serlo
1218 577 1402 645 SECUNDA

455 751 549 816 tacita
572 749 725 835 apposuit
745 749 911 834 patellam,
932 750 966 812 in
987 769 1052 834 qna
1073 748 1177 832 sigilla
1199 756 1289 813 erant
1310 748 1446 832 egregia.
1481 748 1545 810 lste
1568 746 1723 812 continue
1742 753 1784 812 ut

455 843 551 922 vidit,
583 864 648 908 nen
678 843 833 908 dubitavit
861 843 940 906 illud
961 844 1084 926 insigne
1107 844 1271 906 Penatium
1292 841 1563 925 hospitaliumque
1585 841 1717 905 deorum
1738 861 1784 906 ex

454 937 606 1022 hospitali
627 956 736 1001 mensa
758 935 885 1000 tollere:
915 935 970 998 sed
992 945 1114 1010 umen,
1143 937 1230 1020 qued
1251 945 1324 999 ante
1347 937 1387 999 de
1408 935 1500 998 istius
1522 935 1713 998 abstinentia
1731 934 1784 998 di-

455 1051 582 1107 xeram,
615 1030 727 1115 sigillis
757 1030 876 1094 avulsis
908 1030 1067 1114 reliquom
1100 1036 1265 1113 argentum
1294 1032 1362 1094 siue
1389 1029 1455 1092 ulla
1480 1029 1611 1092 avaritia
1630 1027 1784 1092 reddidit

433 1122 507 1188 aaa.
530 1122 638 1200 Qnidi
669 1124 845 1207 Eupolemo
869 1123 1046 1196 Calactino,
1076 1123 1198 1186 homini
1220 1124 1338 1198 nobili,
1368 1123 1573 1185 Lucullorum
1599 1121 1721 1204 hospiti
1743 1140 1783 1185 ae

322 1290 334 1300 ,
456 1217 678 1305 perfamiliari,
708 1219 765 1302 qui
796 1237 881 1282 nunc
903 1217 987 1301 apud
1009 1219 1185 1280 exercitum
1207 1237 1277 1279 cum
1301 1218 1335 1279 L.
1358 1216 1489 1279 Lucullo
1512 1222 1577 1291 est,
1609 1234 1674 1277 nen
1695 1214 1782 1278 idem

456 1311 555 1376 faciti
590 1309 730 1375 Cenabat
750 1311 835 1395 apud
858 1330 947 1374 eum:
969 1319 1134 1393 argentum
1155 1310 1209 1374 ille
1227 1318 1366 1374 ceterum
1381 1331 1495 1394 purum
1510 1313 1717 1393 apposuerat,
1740 1327 1782 1371 ne

456 1425 556 1491 purus
587 1404 657 1488 ipsa
691 1406 943 1489 relinqueretur,
974 1404 1038 1468 dno
1066 1404 1183 1488 pocula
1203 1424 1269 1466 nen
1291 1423 1419 1486 magna,
1450 1422 1561 1466 venam
1581 1409 1688 1466 tamen
1708 1423 1782 1466 eum

456 1498 653 1562 emblemate.
695 1497 756 1561 Ilia
776 1507 938 1583 tamqnam
958 1498 1108 1562 festivum
1129 1517 1289 1572 acroama,
1320 1518 1361 1562 ne
1384 1499 1452 1561 sine
1467 1495 1635 1562 corollario
1650 1496 1690 1559 de
1705 1516 1783 1560 con·

420 1593 541 1661 reneio
563 1592 757 1667 discederet,
786 1592 905 1656 ibidem
927 1592 1069 1656 conaris
1093 1591 1310 1675 spectantibus
1332 1591 1520 1655 emblemata
1541 1591 1705 1655 evellenda
1725 1611 1783 1654 cu·

455 1688 547 1752 rarii.
582 1687 693 1770 Neque
715 1705 775 1768 ego
795 1704 881 1748 nene
902 1686 992 1748 istius
1014 1685 1098 1751 iacta
1119 1686 1225 1748 omnia
1247 1704 1431 1749 enumerare
1453 1705 1552 1748 coner
1572 1704 1677 1769 neque
1698 1705 1782 1768 epus

457 1788 506 1845 est
526 1799 585 1843 neo
606 1775 676 1842 lieri
696 1779 764 1842 ullo
784 1779 881 1842 modo
903 1787 1027 1862 petest:
1054 1786 1177 1843 tantum
1198 1779 1294 1842 unius
1316 1778 1470 1862 cuiusque
1492 1776 1532 1841 dc
1554 1779 1641 1842 varia
1661 1778 1783 1861 impro-

455 1875 553 1939 bitate
574 1874 699 1956 generis
720 1872 838 1936 indicia
859 1872 945 1956 apud
966 1893 1024 1937 ves
1046 1883 1078 1937 et
1100 1872 1247 1956 exempla
1267 1871 1405 1956 prefero.
1446 1874 1557 1955 Neque
1579 1873 1664 1936 enim
1685 1873 1730 1936 ita
1745 1893 1781 1938 aa

457 1969 553 2053 gessit
573 1966 607 2029 in
627 1966 679 2029 his
700 1966 813 2042 rebus,
846 1973 1007 2050 tamquam
1029 1967 1186 2030 rationem
1207 1964 1378 2052 aliquande
1401 1972 1485 2028 esset
1505 1965 1701 2042 redditurus,
1723 1967 1781 2030 sad

421 2076 587 2146 reprorsus
608 2060 663 2135 ita,
686 2062 778 2144 quasi
799 2067 855 2123 aut
875 2080 948 2123 reus
970 2080 1147 2144 numquam
1168 2067 1252 2123 esset
1271 2058 1396 2122 futurus
1418 2066 1487 2134 aut,
1509 2080 1575 2144 que
1596 2061 1689 2144 plura
1708 2062 1781 2125 abs·

457 2155 601 2230 tulisset,
623 2173 661 2218 eo
682 2155 806 2218 minere
827 2154 970 2237 periculo
989 2155 1023 2217 in
1045 2154 1200 2217 iudicium
1222 2162 1375 2217 venturus
1390 2161 1489 2229 esset3
1513 2156 1567 2238 qui
1581 2155 1675 2230 haec,
1697 2174 1780 2238 quae

458 2247 547 2323 dion,
567 2248 631 2311 iam
652 2267 718 2310 nen
739 2247 880 2323 occulte,
901 2267 967 2311 neu
989 2268 1047 2331 per
1067 2248 1185 2312 amices
1202 2254 1298 2331 atque
1321 2247 1528 2330 interpretes,
1550 2249 1606 2312 sed
1620 2249 1724 2332 pdam
1739 2248 1780 2311 de

457 2344 529 2406 loco
551 2341 714 2425 superiore
736 2348 844 2424 ageret
864 2360 924 2424 pro
946 2341 1080 2424 imperio
1097 2349 1128 2404 et
1149 2348 1314 2425 potestate.
1349 2341 1468 2404 XXIII.
1485 2339 1536 2404 50.
1553 2343 1694 2407 Catinam
1707 2363 1781 2407 cum

457 2435 615 2510 venisset,
638 2435 791 2519 oppidum
813 2433 970 2517 locuples,
992 2434 1178 2509 honestum,
1201 2436 1381 2518 copiosum,
1403 2436 1665 2520 Dionysiarchum
1683 2437 1724 2501 ad
1747 2457 1781 2500 se

421 2548 663 2615 reproagonrm,
690 2527 752 2591 hec
773 2537 822 2591 est
843 2547 999 2591 summum
1020 2530 1252 2612 magistratum,
1282 2531 1388 2592 vocari
1410 2529 1513 2592 iubet:
1547 2531 1576 2594 ai
1597 2531 1703 2614 palam
1722 2532 1781 2594 im-

459 2629 563 2708 perat,
592 2629 628 2685 ut
649 2642 744 2685 amne
765 2628 944 2704 argentum,
974 2623 1061 2705 qued
1082 2622 1168 2705 apud
1191 2642 1351 2706 quemque
1373 2632 1457 2686 esset
1480 2622 1625 2700 Catinae,
1649 2626 1781 2710 cenqui-

457 2715 592 2780 rendum
619 2724 744 2780 cermel
773 2723 805 2778 et
832 2715 927 2778 adse
949 2716 1153 2779 afferendum.
1196 2716 1406 2799 Phylarchum
1429 2717 1687 2799 Centuripinum,
1716 2720 1781 2802 pri·

459 2829 545 2873 mum
565 2808 726 2872 hominem
749 2828 880 2891 genere,
901 2810 1035 2882 virtute,
1064 2810 1214 2892 pecunia,
1237 2830 1303 2872 nen
1325 2809 1386 2873 hec
1406 2811 1492 2873 idem
1515 2812 1650 2875 iuratam
1674 2813 1779 2875 dicere

458 2903 606 2977 audietis,
628 2902 689 2966 sibi
711 2902 807 2965 istum
828 2903 990 2986 negotium
1012 2903 1137 2966 dedisse
1159 2911 1256 2988 atque
1277 2903 1469 2986 imperasse,
1498 2913 1534 2967 ut
1556 2905 1779 2988 Centuripinis,

421 2998 493 3065 asin
514 2996 641 3061 civitate
663 2995 761 3059 totius
784 2996 908 3060 Siciliae
931 2996 1029 3060 multo
1053 2998 1191 3061 maxima
1212 3005 1245 3060 et
1265 2997 1532 3080 locupletissima,
1555 3017 1648 3061 omne
1668 3018 1780 3081 amen-

458 3100 526 3156 tem
554 3090 756 3174 conquireret
782 3097 815 3153 et
843 3090 883 3152 ad
912 3110 947 3154 se
976 3092 1165 3173 comportari
1195 3092 1343 3155 iuberet?
1378 3092 1497 3175 Agyrio
1522 3091 1666 3154 similiter
1686 3090 1779 3154 istius

457 3185 589 3268 immrio
610 3203 687 3249 vasa
709 3183 869 3248 Corinthia
890 3203 947 3268 per
964 3183 1210 3266 Apollodorum,
1233 3204 1328 3268 quem
1349 3192 1461 3248 testem
1474 3185 1623 3259 audistis,
1644 3183 1781 3268 Syracu·

458 3299 510 3344 sas
531 3278 698 3363 deportata
719 3284 802 3342 sunt
833 3273 885 3341 5t.
907 3278 966 3341 IIIa
980 3297 1055 3341 vero
1071 3279 1208 3360 optima,
1230 3276 1334 3362 quod,
1356 3299 1428 3340 cum
1441 3277 1627 3340 Haluntium
1640 3279 1781 3342 venisset

457 3380 586 3457 praeter
606 3372 784 3436 laboriosus
805 3379 838 3435 et
859 3372 1009 3455 diligens,
1040 3371 1109 3453 ipse
1137 3373 1171 3434 in
1193 3372 1346 3455 oppidum
1369 3372 1472 3434 noluit
1491 3370 1659 3448 accedere,
1692 3373 1781 3457 qued

421 3474 529 3536 deerat
548 3462 670 3530 difficili
690 3466 846 3529 adscensu
868 3474 963 3549 atque
985 3465 1104 3539 arduo,
1126 3465 1360 3549 Archagathum
1375 3466 1598 3543 Haluntinum,
1618 3467 1782 3532 homiuem

459 3580 524 3626 nen
545 3560 649 3624 solum
670 3559 772 3635 domi,
801 3558 857 3624 sed
879 3568 945 3624 tota
967 3559 1128 3623 Siciliain
1158 3561 1269 3641 primis
1291 3561 1447 3633 nobilem,
1482 3562 1588 3625 vocari
1610 3563 1721 3626 iussit:
1750 3563 1780 3626 ei

459 3652 621 3736 negotium
643 3652 747 3730 dedit,
769 3661 823 3730 ut,
845 3653 1003 3739 quidquid
1017 3654 1160 3718 Ilaluntii
1182 3661 1267 3717 esset
1279 3654 1402 3738 argenti
1416 3655 1544 3730 caelati,
1566 3664 1636 3732 aut,
1657 3655 1780 3741 siquid

524 3934 548 3983 4.
566 3934 594 3984 in
610 3932 792 3997 qeen'cilieli.
807 3959 834 3969 -
848 3935 872 3984 4.
887 3932 1056 3984 440444αὸ0444.
1071 3960 1099 3970 -
1113 3932 1328 3985 aerummis
1346 3933 1677 3986 anteeEGiLd.dett.0.
1693 3934 1780 3986 -eb-

457 4007 587 4061 anatim
602 4009 631 4058 44.
652 4034 679 4044 -
698 4005 723 4057 4.
742 4007 831 4057 neae
847 4007 892 4056 Gl.
913 4034 940 4043 -
959 4009 983 4057 5.
1002 4008 1133 4059 Calactino
1151 4011 1232 4074 L3293
1255 4010 1396 4060 Gelecstino
1413 4008 1469 4060 rell.
1488 4011 1566 4073 Lagg.
1587 4037 1614 4047 -
1632 4011 1780 4061 ieeeliorasm

459 4086 480 4137 Il
497 4085 524 4134 et
539 4097 564 4134 a.
583 4083 608 4132 6.
626 4081 722 4132 benile.
743 4108 771 4118 -
790 4082 814 4131 7.
833 4080 938 4130 eenebet
953 4082 987 4131 ll:
1014 4084 1133 4134 coenabat
1149 4086 1178 4135 0.
1199 4113 1226 4122 -
1244 4086 1285 4135 ilie
1302 4085 1385 4135 aaa:
1411 4085 1448 4134 illi
1464 4084 1528 4135 dett.
1547 4086 1576 4135 0.
1597 4112 1625 4123 -
1642 4088 1728 4150 adpos.
1747 4088 1776 4137 44.

461 4187 489 4198 -
507 4159 532 4209 9.
549 4158 691 4209 metonae
707 4157 756 4207 113:
775 4155 878 4207 00444040
894 4157 928 4215 Ες
946 4157 1096 4208 redemeris
1106 4158 1169 4210 dett.
1183 4160 1213 4221 0,
1231 4159 1304 4223 qued
1315 4157 1432 4210 Halmius
1443 4160 1557 4211 retinuIt.
1576 4163 1614 4212 Ac
1625 4173 1689 4212 sane
1700 4160 1777 4222 inira,

459 4234 612 4298 ubicunque
634 4232 668 4284 de
691 4231 805 4297 plurIum
822 4245 947 4283 vesorum
964 4231 1131 4283 emblematis
1148 4234 1245 4296 agitur,
1269 4247 1377 4299 semper
1392 4232 1499 4298 pluralis
1515 4233 1621 4298 tegitur,
1646 4238 1705 4300 qni,
1728 4237 1779 4287 nisi

458 4309 600 4362 mamae
616 4321 697 4361 sense
714 4305 851 4358 collective
868 4309 990 4371 accipere
1008 4308 1082 4370 lieet,
1105 4310 1157 4359 hec
1175 4322 1281 4374 quoque
1305 4308 1363 4360 lece
1380 4309 1569 4374 praeferendus
1586 4311 1698 4362 videtur.
1714 4310 1780 4374 [ern—

458 4384 570 4437 bleanetis
586 4397 629 4435 me
647 4384 726 4434 invite
743 4382 786 4433 ed.
806 4383 875 4446 Lips.
894 4381 984 4433 hahet.
1003 4382 1096 4448 Hira]
1115 4411 1143 4421 -
1160 4389 1289 4446 tamqnam
1305 4385 1342 4435 443
1353 4383 1369 4434 λ
1380 4386 1418 4435 Ε;
1439 4387 1511 4447 qnasi
1529 4384 1592 4436 dett.
1612 4387 1641 4436 0.
1662 4413 1689 4423 -
1706 4387 1780 4451 10444-

458 4473 517 4510 eern
535 4460 558 4523 (4
574 4471 610 4509 m.
627 4458 751 4522 4044444004)
768 4471 873 4508 aeroma
889 4459 919 4509 44.
939 4483 966 4493 ·-
994 4459 1034 4508 40.
1051 4458 1242 4520 impacientiam
1258 4459 1322 4510 dett.
1340 4461 1370 4510 0.
1395 4486 1423 4496 -
1450 4460 1575 4509 wettenae
1592 4461 1640 4522 443,
1658 4459 1674 4510 λ
1693 4462 1778 4527 agio:

458 4536 570 4588 00440040
585 4535 620 4594 E,
646 4534 775 4584 wellaade
791 4533 855 4584 dett.
875 4533 904 4583 0.
931 4560 958 4569 -
986 4535 1026 4585 44.
1044 4548 1088 4584 nec
1105 4548 1166 4596 oper
1182 4533 1228 4584 Ld.
1255 4561 1283 4572 -
1310 4536 1350 4585 44.
1368 4549 1446 4597 neque
1463 4537 1517 4601 (teri
1533 4537 1565 4585 Gt
1588 4536 1633 4586 Ld.
1652 4537 1729 4600 Lgti.
1750 4565 1777 4575 -

459 4615 557 4662 mira
573 4609 610 4661 443
621 4607 655 4660 λε
673 4614 771 4660 mern
785 4610 858 4660 nuda
875 4609 939 4660 dett.
953 4609 981 4658 0.
995 4634 1023 4646 -
1037 4610 1077 4660 to.
1096 4615 1157 4660 esset
1172 4614 1236 4658 vent.
1256 4609 1319 4660 dett.
1338 4611 1367 4660 0.
1383 4637 1410 4646 -
1424 4611 1463 4659 44.
1482 4612 1511 4660 de
1522 4614 1550 4661 et
1560 4611 1656 4662 deinde
1664 4625 1713 4674 pro
1725 4625 1778 4663 em.

460 4685 537 4751 4444.
552 4711 580 4722 -
594 4684 634 4735 49.
648 4685 833 4746 dionadercem
843 4685 873 4736 44.
886 4712 913 4722 -
923 4685 965 4736 40.
974 4697 1130 4749 ρνοαροηωι
1140 4683 1208 4747 4349
1220 4685 1252 4734 Gt
1263 4698 1269 4732 :
1280 4698 1449 4750 proaprerena
1461 4684 1600 4749 (expuncta
1612 4687 1699 4738 media
1709 4689 1732 4751 r)
1744 4690 1779 4749 ll,

458 4775 508 4824 pre
518 4773 639 4824 aaronem
652 4760 688 4811 04
701 4760 747 4811 Ld.
762 4787 789 4797 -
803 4761 844 4813 44.
858 4762 1011 4824 efferendum
1022 4762 1042 4810 44
1052 4757 1068 4810 λ
1079 4762 1112 4809 Gt
1124 4760 1140 4808 4
1153 4758 1210 4822 (sed
1220 4760 1241 4810 44
1252 4759 1328 4822 edm:
1347 4761 1498 4823 offerendam
1510 4761 1570 4821 Ld.;
1583 4763 1701 4826 barasa.
1713 4762 1778 4816 dett.

460 4835 490 4886 0.
510 4860 538 4872 -
555 4833 719 4896 emeram
736 4835 817 4898 Lara:
843 4836 994 4886 Pbilierarm
1011 4837 1047 4893 44;
1070 4834 1228 4885 Philerotem
1248 4836 1293 4883 044.
1317 4835 1345 4883 0.
1368 4833 1402 4884 cl.
1420 4835 1456 4886 ad
1473 4835 1496 4898 fi.
1516 4836 1556 4886 49.
1577 4864 1603 4874 -
1622 4839 1781 4901 cmtepinaen

460 4911 490 4962 44.
505 4935 532 4946 -
550 4908 592 4961 44.
609 4911 769 4973 inpareeee
785 4910 832 4961 Ld.
850 4910 914 4961 dett.
927 4912 956 4961 0.
972 4938 1000 4948 -
1018 4910 1184 4972 emanante
1195 4907 1273 4960 cedd.
1285 4910 1352 4959 neti:
1372 4909 1510 4972 centuripis
1520 4912 1556 4960 st.
1570 4913 1627 4963 LO.
1642 4940 1669 4950 -
1687 4914 1727 4964 45.
1741 4915 1780 4965 40-

460 4983 596 5048 walaiae
611 4986 647 5045 44;
665 4991 689 5037 et
705 4986 795 5050 locent.
814 4999 867 5037 em.
885 4989 963 5049 lagg.
984 5013 1011 5021 -
1030 4987 1069 5036 46.
1088 4986 1234 5048 conportari
1249 4986 1278 5034 R.
1299 5012 1326 5022 -
1344 4986 1385 5035 43.
1403 4986 1498 5048 optime
1512 4992 1547 5036 est
1563 4986 1640 5037 codd.
1658 4989 1722 5038 noti.
1747 4993 1781 5041 At

460 5057 495 5111 ol.
513 5058 600 5111 liade.
618 5059 667 5125 Op.
684 5061 704 5111 1.
722 5073 749 5126 p.
768 5061 825 5112 360.
844 5063 873 5112 C.
892 5063 921 5112 0.
935 5061 1068 5112 Dietrichii
1086 5063 1199 5124 quaestt.
1213 5071 1325 5123 gramm.
1340 5063 1367 5110 et
1381 5061 1447 5111 critt.
1463 5062 1539 5126 (Lips.
1553 5062 1636 5126 4834.)
1653 5076 1680 5128 p.
1692 5063 1725 5115 48
1737 5078 1779 5129 sq.

461 5135 573 5199 (epam
588 5135 628 5199 44.)
648 5161 675 5172 -
691 5136 840 5187 Heminae
856 5137 999 5200 (atentiam
1015 5138 1044 5198 R)
1062 5136 1115 5187 443;
1132 5137 1167 5187 ed
1181 5136 1240 5188 ilat.
1259 5135 1323 5185 dett.
1341 5138 1370 5186 0.
1382 5161 1410 5171 -
1428 5137 1469 5187 49.
1488 5139 1603 5189 accedas
1617 5139 1697 5189 notuit
1712 5138 1778 5192 dett.

461 5209 491 5260 0.
511 5235 538 5246 -
557 5209 598 5262 30.
616 5223 718 5261 emente
733 5211 763 5262 44.
782 5234 810 5248 ·-
829 5211 994 5276 minaeum
1010 5211 1173 5274 flauminum
1189 5214 1209 5262 44
1227 5211 1262 5273 let
1277 5211 1316 5261 sic
1332 5211 1398 5262 inira
1415 5211 1583 5278 orcieqeter).
1603 5239 1631 5250 -
1654 5213 1695 5265 34.
1713 5216 1780 5265 daed

462 5295 523 5336 mee
538 5282 602 5336 dett.
619 5284 649 5335 0.
669 5311 697 5323 -
715 5284 755 5336 34.
774 5285 891 5350 qeicpeid
905 5287 936 5337 44.
950 5312 978 5322 -
990 5285 1086 5350 tatami
1102 5287 1136 5346 a,
1152 5285 1256 5338 4404444444
1271 5286 1333 5338 cett.
1347 5285 1424 5339 codd.
1439 5312 1466 5326 -
1480 5288 1554 5340 ested
1565 5289 1595 5340 li.
1609 5314 1637 5326 -
1650 5289 1736 5354 nquit
1746 5291 1777 5342 44.
