4367 6109
616 580 689 646 cn.
703 580 913 646 xv-xvn.
934 578 990 666 gg.
1012 571 1539 663 ae-ea.[x1-xm.es-es.]
1678 570 1740 637 ire

427 752 561 816 maxime
582 751 679 834 gloria
699 769 736 814 ac
757 750 852 814 laude
869 750 1041 824 ducuntur,
1062 770 1171 814 verum
1186 750 1278 813 etiam
1293 749 1409 813 exteris
1423 747 1603 810 nationibus
1618 751 1652 808 et
1664 763 1742 827 gen·

426 847 506 909 tibus
527 845 692 907 ostendere
714 863 769 907 vos
790 845 821 907 in
844 845 1007 907 sententiis
1028 844 1166 908 terendis
1188 844 1248 907 civi
1268 862 1394 927 parcere
1417 862 1510 925 quam
1528 840 1614 905 hosti
1628 837 1742 901 cedere

425 936 596 1001 maluisset
639 938 722 1000 xtl.
736 934 787 999 36.
811 935 892 1021 [xli.
907 933 970 1018 att]
994 940 1106 1021 blagna
1128 960 1177 1002 me
1198 938 1342 1001 hercules
1360 957 1468 1010 causa,
1489 936 1627 1009 iudices,
1651 930 1742 994 abso-

423 1031 552 1094 lutionis
574 1051 644 1094 cum
666 1031 777 1093 ceteris
800 1033 902 1095 causis
922 1030 1001 1095 baec
1023 1039 1086 1107 est,
1108 1053 1149 1095 ne
1171 1051 1253 1116 quae
1276 1031 1408 1113 insignis
1428 1030 1501 1093 huic
1522 1029 1654 1110 imperio
1676 1042 1743 1086 ma

424 1125 494 1188 cula
522 1133 618 1208 atque
646 1125 819 1207 ignominia
846 1125 1046 1208 suscipiatur,
1075 1125 1102 1187 si
1131 1125 1190 1188 boc
1216 1127 1259 1187 ita
1285 1124 1438 1207 perlatum
1460 1124 1518 1185 erit
1539 1123 1571 1184 in
1594 1120 1766 1190 Galliam,b

423 1224 584 1281 senatores
607 1219 791 1301 equitesque
813 1217 919 1300 populi
932 1219 1063 1280 llomani
1086 1238 1150 1280 non
1170 1217 1359 1280 testimoniis
1377 1216 1551 1290 Gallorum,
1574 1214 1629 1278 sed
1645 1210 1743 1276 minis

423 1318 593 1373 commotos
621 1329 685 1373 rem
713 1312 753 1374 ad
775 1311 898 1374 illorum
920 1311 1095 1374 lubidinem
1118 1310 1281 1374 iudicasse.
1315 1313 1361 1374 lta
1382 1330 1476 1386 vero,
1504 1313 1531 1373 si
1552 1311 1599 1372 illi
1620 1308 1741 1372 bellum

422 1402 525 1465 iacere
548 1404 755 1480 conabuntur,
777 1405 962 1468 excitandus
984 1405 1075 1468 nobis
1097 1405 1155 1466 erit
1176 1405 1215 1467 ab
1237 1404 1346 1469 inferis
1366 1405 1398 1467 C.
1412 1405 1543 1478 Marius,
1566 1403 1621 1487 qui
1644 1402 1739 1464 lndu-

422 1497 551 1559 tiomero
578 1497 644 1571 isti,
674 1498 786 1560 minaci
812 1507 907 1579 atque
928 1500 1098 1580 arroganti,
1128 1517 1185 1579 par
1206 1498 1240 1559 in
1261 1499 1346 1561 bello
1369 1499 1505 1580 gerendo
1527 1518 1597 1561 esse
1619 1497 1739 1580 possit:

422 1589 605 1652 excitandus
633 1591 688 1652 Cn.
709 1592 862 1654 Domitius
892 1598 923 1653 et
951 1591 989 1667 Q.
1011 1593 1183 1665 Maximus,
1216 1593 1270 1675 qui
1297 1594 1456 1655 nationem
1477 1591 1681 1673 Allobrogum
1707 1597 1780 1652 etto

422 1684 559 1765 reliquas
588 1685 653 1746 suis
680 1685 792 1747 iterum
819 1686 912 1748 armis
942 1683 1085 1749 conficiat
1113 1693 1207 1769 atque
1230 1686 1400 1767 opprimat:
1432 1691 1503 1759 aut,
1535 1685 1685 1768 quoniam
1706 1680 1739 1746 id

422 1778 548 1861 quidem
570 1798 632 1841 non
655 1786 775 1861 potest,
804 1779 940 1842 orandus
962 1780 1020 1842 erit
1040 1780 1131 1842 nobis
1152 1779 1268 1841 amicus
1294 1798 1398 1851 meus,
1427 1779 1468 1839 Μ.
1490 1777 1677 1850 Plaetorius,
1704 1780 1741 1837 ut

422 1891 494 1934 suos
522 1890 620 1934 novos
650 1872 780 1935 clientes
802 1891 821 1935 a
842 1873 925 1935 bello
946 1872 1093 1936 iaciendo
1116 1874 1284 1944 deterreat,
1315 1879 1479 1933 uteorum
1501 1870 1597 1934 iratos
1618 1869 1739 1931 animos

421 1973 515 2046 atque
536 1964 700 2028 horribiles
722 1965 855 2046 impetus
870 1965 1072 2050 deprecetur:
1093 1974 1163 2040 aut,
1185 1966 1291 2028 sinon
1310 1964 1440 2046 poterit,
1463 1965 1504 2026 Μ.
1521 1962 1653 2025 Fabium
1667 1961 1741 2023 sub-

420 2059 600 2140 scriptorem
622 2059 688 2121 eius
710 2059 904 2140 rogabimus,
925 2069 962 2121 ut
981 2060 1185 2142 Allobrogum
1199 2060 1320 2122 animos
1335 2059 1468 2140 mitiget,
1491 2059 1640 2141 quoniam
1657 2053 1739 2140 apud
1749 2069 1781 2115 ta

419 2151 490 2214 illos
511 2150 677 2213 Fabiorum
699 2171 814 2214 nomen
837 2160 884 2214 est
904 2148 1140 2235 amplissimum.
1177 2153 1296 2216 Volunt
1326 2152 1378 2215 isti
1408 2159 1462 2214 aut
1490 2151 1672 2234 quiescere,
1691 2147 1740 2215 -id

420 2244 504 2327 quod
525 2245 598 2306 victi
620 2264 656 2307 ac
678 2245 797 2309 subacti
819 2245 937 2319 solent,
965 2254 1034 2319 aut,
1064 2265 1134 2308 cum
1157 2246 1329 2319 minantur,
1358 2246 1534 2328 intelligere
1564 2265 1599 2308 se
1621 2245 1742 2329 populo

419 2340 558 2401 Romano
580 2358 643 2401 non
664 2345 781 2401 metum
803 2338 895 2412 belli,
917 2340 973 2402 sed
996 2359 1084 2421 spem
1107 2339 1257 2421 triumphi
1280 2338 1458 2402 ostendere.

501 2430 552 2494 37.
570 2427 644 2516 [ti]
669 2430 760 2507 Quod
783 2432 809 2494 si
831 2433 863 2494 in
878 2434 962 2514 turpi
977 2453 1031 2495 reo
1055 2433 1236 2514 patiendum
1253 2452 1316 2495 non
1332 2438 1430 2507 esset,
1452 2439 1487 2495 ut
1503 2432 1669 2515 quicquam
1684 2433 1736 2497 isti

418 2548 453 2591 se
475 2528 568 2589 minis
590 2524 758 2609 profecisse
776 2525 1008 2599 arbitrarentur,
1031 2527 1107 2610 quid
1123 2526 1299 2591 iaciendum
1321 2527 1409 2590 vobis
1431 2527 1465 2589 in
1479 2528 1521 2589 Μ.
1536 2526 1666 2588 Fonteio
1688 2541 1775 2588 ar-so

418 2620 593 2682 bitramini‘l
609 2620 648 2682 de
660 2638 723 2701 quo
734 2618 872 2692 bomine,
888 2619 1060 2693 iudices·
1073 2620 1135 2683 iam
1148 2620 1231 2682 enim
1242 2621 1318 2683 mibi
1334 2621 1444 2684 videor
1457 2620 1517 2683 boc
1531 2639 1629 2702 prope
1644 2639 1738 2684 causa

418 2713 540 2776 duabus
560 2712 733 2776 actionibus
755 2721 898 2793 perorata
920 2712 1035 2774 debere
1057 2713 1161 2775 dicere
1184 2745 1242 2786 -,
1264 2715 1303 2776 de
1326 2734 1388 2798 quo
1410 2733 1467 2777 vos
1488 2714 1614 2776 bomine
1635 2734 1675 2776 ne
1697 2713 1738 2778 ab

418 2806 553 2868 inimicis
575 2806 703 2889 quidem
722 2805 822 2867 ullum
843 2803 948 2868 fictum
970 2807 1154 2889 probrosum
1176 2827 1240 2870 non
1262 2808 1355 2871 modo
1375 2807 1509 2882 crimen,
1532 2806 1588 2870 sed
1610 2828 1650 2871 ne
1672 2826 1738 2870 ma·

418 2898 567 2962 ledictum
589 2901 716 2982 quidem
738 2898 879 2961 audistis.
909 2899 1026 2982 Ecquis
1048 2919 1197 2984 umquam
1213 2921 1304 2974 reus,
1327 2900 1513 2982 praesertim
1528 2902 1560 2963 in
1580 2900 1639 2963 bac
1653 2903 1737 2965 vitae

417 2992 537 3054 ratione
558 3000 714 3066 versatus,
736 2994 768 3054 in
788 2992 960 3065 bonoribus
981 2993 1144 3075 petendis,
1167 2995 1199 3056 in
1221 2994 1445 3075 potestatibus,
1467 2995 1499 3055 in
1521 2994 1660 3078 imperiis
1682 3009 1774 3077 geno

416 3085 539 3158 rendis,
561 3086 606 3148 sic
626 3093 789 3150 accusatus
811 3093 875 3160 est,
897 3094 933 3148 ut
947 3087 1069 3148 nullum
1087 3088 1252 3170 probrum,
1275 3087 1395 3151 nullum
1409 3087 1547 3162 facinus,
1569 3088 1658 3151 nulla
1671 3096 1737 3151 tur-

416 3178 541 3261 pitudo,
571 3199 651 3262 quae
672 3199 690 3242 a
713 3179 852 3242 lubidine
874 3186 928 3242 aut
949 3198 967 3242 a
988 3179 1161 3261 petulantia
1183 3188 1238 3243 aut
1262 3182 1301 3243 ab
1324 3181 1453 3243 audacia
1474 3188 1547 3243 nata
1568 3189 1668 3255 esset,
1696 3181 1737 3245 ab

416 3281 595 3336 accusatore
617 3272 820 3345 obiiceretur,
842 3274 868 3334 si
891 3293 956 3335 non
969 3292 1062 3345 vera,
1084 3282 1117 3335 at
1138 3274 1302 3337 commode
1324 3271 1395 3335 licta
1409 3292 1478 3335 cum
1493 3273 1601 3355 aliqua
1616 3275 1736 3337 ratione

416 3385 452 3428 ac
473 3366 679 3447 suspicione?
722 3367 819 3428 xvii.
841 3363 892 3428 38.
916 3364 1012 3448 [Xlll.
1036 3362 1100 3448 28]
1130 3369 1172 3429 Μ.
1194 3367 1358 3431 Aemilium
1383 3366 1551 3441 Scaurum,
1580 3387 1737 3430 summum

415 3467 540 3522 nostrae
563 3460 694 3522 civitatis
716 3461 832 3535 virum,
854 3462 969 3525 ecimus
990 3469 1170 3523 accusatum
1192 3463 1269 3523 abl.
1285 3463 1389 3522 Bruto.
1419 3460 1552 3525 Exstant
1566 3462 1774 3537 orationes,tt

417 3575 457 3616 ex
479 3553 593 3635 quibus
615 3554 746 3636 intelligi
769 3562 872 3637 potest
885 3555 984 3617 multa
998 3556 1029 3617 in
1045 3554 1134 3616 illum
1150 3556 1251 3637 ipsum
1267 3554 1417 3616 Scaurum
1435 3573 1505 3616 esse
1520 3554 1618 3630 dicta;
1640 3553 1736 3618 falso:

418 3648 490 3728 quis
512 3650 626 3729 negati
648 3668 756 3711 verum
778 3656 882 3711 tamen
905 3648 944 3710 ab
965 3648 1091 3711 inimico
1115 3649 1197 3710 dicta
1219 3656 1250 3709 et
1272 3647 1405 3710 obiecta.
1443 3646 1547 3722 Quam
1567 3648 1665 3711 multa
1685 3649 1736 3711 Μ’.

416 3739 562 3823 Aquilius
584 3742 703 3804 audivit
723 3742 755 3803 in
777 3761 835 3804 suo
857 3741 990 3805 iudicio!
1013 3761 1108 3824 quam
1130 3741 1228 3804 multa
1250 3742 1285 3803 L.
1308 3740 1412 3803 Cotta!
1436 3740 1575 3823 denique
1596 3742 1629 3803 P.
1649 3742 1737 3805 Ruti-

416 3833 493 3906 lius,
516 3834 571 3916 qui
593 3834 652 3896 etsi
674 3833 837 3898 damnatus
860 3842 923 3909 est,
945 3835 1022 3897 mibi
1036 3834 1163 3899 videtur
1176 3844 1279 3898 umen
1293 3836 1377 3897 inter
1391 3835 1476 3898 viros
1491 3835 1626 3916 optimos
1640 3842 1736 3919 atque

415 3927 688 3990 innocentissimos
717 3948 786 3991 esse
812 3929 1032 3992 numerandus.
1066 3929 1124 3991 lile
1144 3930 1239 4011 igitur
1259 3929 1327 4010 ipse
1348 3927 1442 3990 bomo
1465 3928 1677 3992 sanctissimus
1698 3944 1774 3996 acte

416 4020 715 4103 temperantissimus
742 4020 839 4084 multa
860 4021 980 4086 audivit
999 4022 1032 4085 in
1053 4042 1111 4084 sua
1132 4041 1241 4096 causa,
1272 4026 1353 4104 quae
1374 4018 1414 4082 ad
1436 4020 1648 4104 suspicionem
1670 4030 1738 4087 stu·

480 4224 504 4272 l.
522 4227 576 4272 nnt.
595 4228 618 4273 et
633 4223 745 4287 gentibus
760 4225 870 4288 scripsi:
889 4229 911 4274 et
928 4237 981 4276 om.
994 4225 1056 4284 VS;
1075 4223 1215 4275 notionibus
1230 4237 1262 4273 ne
1277 4222 1390 4287 gentibus
1404 4220 1467 4271 edd.
1486 4222 1525 4273 Cl.
1538 4224 1662 4280 debeor.
1675 4231 1734 4282 Nat.

414 4299 456 4348 lll.
475 4298 499 4362 ᾖ.
517 4300 558 4350 93.
576 4313 606 4349 ne
622 4301 734 4349 nationes
749 4301 848 4362 quidem
864 4305 887 4350 et
903 4305 992 4365 gentes.
1014 4327 1041 4336 -
1065 4300 1090 4350 2.
1108 4301 1223 4349 sordentis
1238 4299 1269 4349 V.
1290 4323 1317 4334 -
1337 4297 1361 4348 3.
1378 4310 1418 4347 nte
1433 4296 1543 4347 bacades
1558 4300 1621 4351 Vb:
1638 4304 1735 4354 metm

394 4374 467 4452 xcute
483 4376 538 4424 SO.
554 4402 581 4411 -
600 4373 623 4425 l.
642 4389 672 4424 ne
689 4388 753 4437 qnae
768 4376 878 4440 scripsi:
896 4390 927 4425 ne
943 4389 989 4439 qne
1005 4376 1041 4434 V;
1060 4388 1090 4425 ne
1107 4389 1158 4437 qno
1174 4375 1230 4424 SO.
1245 4400 1272 4409 -
1291 4371 1460 4434 eps-ouem
1477 4373 1503 4421 S.
1523 4398 1550 4407 -
1570 4374 1593 4424 6.
1611 4382 1736 4429 senam

414 4450 529 4498 Fuimus
547 4451 573 4498 et
589 4450 624 4498 L:
651 4454 745 4499 senam
761 4450 792 4510 V,
811 4451 839 4498 ut
856 4449 954 4500 rettulit
970 4448 1128 4500 Niebuhrius
1148 4449 1173 4498 in
1192 4444 1312 4510 exemplo
1330 4458 1379 4496 suo
1396 4444 1519 4495 editionis
1536 4448 1611 4507 Gar.;
1637 4458 1737 4504 sennem

414 4524 444 4582 S,
462 4527 574 4572 secutum
590 4525 619 4573 0.
640 4551 667 4560 -
690 4525 713 4573 t.
733 4523 864 4574 lubidinem
884 4527 921 4586 (et
937 4526 975 4574 sic
993 4524 1108 4588 semper)
1126 4523 1160 4572 V:
1184 4523 1309 4572 libidinem
1324 4522 1380 4570 SO.
1408 4545 1436 4555 -
1460 4521 1485 4569 9.
1503 4521 1638 4586 &roganti
1652 4526 1683 4576 v.
1703 4553 1730 4568 .

414 4597 474 4647 betto
490 4601 596 4662 gnendo
612 4600 744 4649 Febrnus:
764 4599 924 4662 oeiiignmo
936 4600 970 4659 νς
989 4596 1154 4661 belligerando
1170 4597 1225 4647 SO.
1239 4622 1267 4631 -
1286 4596 1326 4646 to.
1346 4595 1375 4657 0.
1389 4595 1526 4660 uanum]
1544 4598 1691 4651 omnnem
1701 4602 1733 4662 V;

415 4673 443 4732 Q.
463 4685 515 4722 om.
535 4673 560 4722 S.
581 4698 607 4708 -
632 4675 670 4723 tt.
688 4674 799 4736 reliqna-e
821 4673 979 4724 Lambinus:
1002 4674 1124 4733 retinntns
1139 4672 1195 4722 VS.
1215 4697 1243 4705 —
1268 4672 1307 4721 ts.
1326 4671 1426 4732 quidem
1445 4668 1520 4719 edd:
1545 4674 1611 4734 qnod
1627 4675 1648 4722 V
1657 4677 1682 4726 S.
1703 4700 1731 4712 -

410 4748 499 4809 potest]
517 4753 614 4809 «potest
627 4750 683 4812 fleri
699 4748 778 4798 dubia
796 4749 825 4797 L.
844 4761 917 4812 susp.
939 4745 1005 4797 Nihil
1022 4759 1103 4811 opus;
1122 4745 1155 4796 ct.
1175 4744 1305 4810 Spalding.
1324 4744 1357 4795 ad
1376 4744 1479 4806 Quintil.
1491 4745 1512 4794 l.
1530 4759 1556 4810 p.
1570 4748 1627 4798 65.»
1645 4750 1688 4799 On.
1702 4776 1730 4786 -

415 4824 454 4874 ta.
467 4823 561 4873 cientis
572 4824 634 4873 V.-
653 4824 692 4875 ti.
704 4823 894 4873 horribilisvs.
908 4849 935 4858 —
949 4823 988 4872 ib.
1001 4826 1036 4871 est
1048 4835 1101 4872 om.
1114 4822 1170 4870 VS.
1184 4848 1211 4857 -
1223 4821 1308 4886 noiant
1319 4820 1372 4869 VS:
1389 4818 1504 4868 mosim
1515 4819 1535 4868 0
1547 4833 1608 4872 cum
1620 4825 1730 4876 tuntina.

416 4924 443 4932 -
458 4898 497 4946 tr.
516 4897 654 4960 intellegere
669 4898 699 4948 tt.
713 4925 740 4934 -
759 4899 799 4949 20.
817 4900 844 4948 in
859 4900 895 4949 Μ.
908 4898 1007 4947 Fonteio
1023 4897 1055 4945 S:
1073 4896 1110 4946 Μ.
1127 4896 1212 4945 Fontei
1229 4895 1258 4945 V.
1270 4922 1298 4931 -
1315 4895 1356 4945 st.
1374 4894 1421 4943 inc
1438 4893 1464 4942 S.
1479 4919 1507 4928 -
1525 4893 1566 4944 it.
1585 4897 1615 4947 de
1630 4911 1732 4960 qucum

413 4971 509 5020 bomine
524 4971 616 5021 indices
632 4971 693 5022 edd.
706 4974 769 5021 vett.
784 4996 811 5007 -
829 4970 871 5022 et.
890 4971 972 5032 ecqnis
987 4971 1016 5021 S:
1035 4971 1151 5032 bononis
1167 4971 1197 5020 V.
1217 4997 1244 5006 —
1266 4971 1307 5020 25.
1325 4970 1353 5018 in
1365 4966 1535 5032 pnettntibns]
1561 4970 1683 5030 Videtur,
1703 4975 1733 5024 ut

414 5047 603 5097 Mommsenius
621 5047 723 5103 monet,
747 5043 861 5094 verbum
877 5042 1050 5107 gerundivum
1067 5043 1202 5094 obtinendis
1217 5043 1259 5093 vel
1276 5041 1360 5095 simile
1377 5041 1551 5094 intercidisse.
1572 5072 1599 5081 -
1622 5046 1663 5096 28.
1681 5045 1733 5096 obi·

413 5126 510 5171 seretur
520 5120 576 5171 VS.
591 5147 618 5158 -
637 5121 659 5169 si
674 5134 724 5169 non
739 5133 800 5170 nera
816 5124 844 5170 nt
858 5119 983 5170 ccmnwde
996 5121 1057 5183 fleta
1067 5120 1176 5182 scripsi:
1194 5119 1215 5168 n·
1230 5133 1294 5170 nero
1308 5133 1360 5170 non
1375 5123 1403 5169 nt
1419 5118 1549 5182 dedam:
1567 5121 1588 5168 n·
1604 5135 1654 5171 non
1669 5136 1732 5173 vern

414 5201 441 5245 nt
457 5202 539 5246 tamen
553 5197 613 5260 βοια
629 5195 685 5244 50.
701 5220 727 5229 -
746 5193 787 5245 30.
804 5198 893 5245 wioni
908 5194 966 5244 VS.
987 5219 1013 5228 -
1032 5193 1073 5244 Μ.
1090 5193 1136 5247 Μ’.
1148 5193 1286 5246 Garatoni:
1303 5193 1340 5249 Μ.
1355 5193 1411 5249 VS.
1425 5213 1454 5234 «-
1472 5188 1513 5245 33.
1532 5192 1645 5257 Aqnitisn
1660 5196 1727 5248 vs:

412 5269 535 5331 Aquillius
551 5269 580 5319 0.
600 5295 628 5304 -
648 5268 723 5320 Cocta
739 5268 764 5319 S.
784 5293 811 5305 ·-
830 5267 871 5320 bi.
889 5269 1037 5332 dcenpnntns
1053 5267 1085 5322 v.
