4367 6109
453 565 516 635 403
721 597 725 607 ·
830 568 873 632 lli
894 565 1205 637 vulnusculo
1226 563 1409 635 SECUNDA

453 737 609 804 rolissime
630 733 948 821 commodissimeque
962 735 1174 801 adhiberetur.
1204 737 1350 801 XXVllI.
1368 729 1421 798 74.
1434 733 1562 799 Interea
1575 729 1783 818 Syracusani,

453 832 599 899 homines
625 830 719 917 periti
747 838 779 894 et
804 829 953 904 humani,
984 830 1040 913 qui
1067 850 1133 894 non
1159 831 1253 895 modo
1275 850 1330 906 ea,
1363 847 1446 914 quae
1468 828 1639 912 perspicue
1659 831 1782 899 essent,

453 927 574 1002 sidere,
594 945 705 990 verum
726 924 822 989 etiem
842 924 964 989 occulta
985 924 1138 1010 suspicari
1156 933 1300 1008 possent,
1323 922 1482 987 hebebant
1495 922 1652 987 rationem
1666 938 1782 984 omnes

454 1021 595 1106 quotidie
621 1019 809 1103 piratarum,
836 1019 891 1104 qui
913 1018 1017 1083 securi
1038 1016 1225 1089 lenirentur:
1259 1038 1355 1102 quam
1375 1017 1493 1081 multos
1514 1034 1585 1080 esse
1607 1018 1783 1099 oporteret,

423 1123 495 1181 4044
516 1117 585 1199 ipso
607 1113 749 1196 navigio,
772 1114 860 1196 quod
879 1120 1109 1196 erut-captum,
1132 1120 1164 1177 et
1178 1134 1219 1176 ex
1232 1134 1390 1178 remorum
1405 1131 1537 1178 numero
1552 1108 1782 1175 coniiciebent.

452 1209 516 1274 lste
538 1205 624 1291 quod
647 1226 775 1282 omnes,
797 1206 853 1289 qui
874 1201 999 1271 artificii
1020 1203 1143 1289 aliquid
1165 1205 1341 1271 habuerant
1361 1215 1417 1270 aut
1437 1207 1568 1280 formae,
1590 1204 1782 1275 obduxerat,

452 1301 593 1383 reliquos
614 1300 658 1375 si,
679 1307 715 1364 ut
734 1300 932 1364 consuetudo
954 1304 1017 1373 cst,
1038 1299 1203 1364 universos
1225 1301 1265 1365 ad
1287 1301 1394 1385 palum
1408 1302 1583 1384 alligasset,
1605 1297 1784 1362 clamorem

452 1394 562 1480 populi
582 1392 652 1458 iore
673 1393 909 1478 suspicabatur,
932 1413 1002 1459 cum
1025 1401 1112 1457 tauto
1134 1393 1241 1478 plures
1257 1395 1385 1460 abducti
1401 1405 1523 1469 essent,
1545 1412 1642 1478 quam
1663 1388 1783 1455 relicti.

451 1491 584 1573 Propter
607 1487 690 1551 banc
718 1507 861 1568 causam,
893 1506 965 1552 cum
991 1487 1180 1551 instituisset
1205 1488 1286 1553 alios
1314 1489 1378 1552 alio
1411 1498 1554 1571 tempore
1567 1523 1569 1526 ·
1583 1487 1783 1571 producere,

413 1591 559 1649 totamen
580 1582 614 1646 in
635 1588 723 1645 tanto
746 1589 905 1647 conuentu
927 1601 1020 1645 nemo
1036 1589 1114 1655 erat,
1136 1583 1214 1665 quin
1228 1583 1384 1646 rationem
1398 1600 1631 1665 numerumque
1643 1579 1784 1643 haberet

451 1686 484 1744 et
512 1675 656 1760 reliquos
684 1695 750 1738 non
779 1676 975 1743 desideraret
1002 1675 1123 1749 solum,
1152 1676 1208 1739 sed
1239 1677 1335 1739 etiam
1366 1684 1512 1759 posceret
1544 1683 1578 1740 et
1609 1674 1783 1758 3440440404

451 1769 503 1836 73.
533 1770 612 1834 Cum
633 1788 766 1852 magnus
788 1789 938 1832 numerus
964 1767 1103 1842 deesset,
1135 1776 1202 1832 tum
1230 1771 1290 1833 iste
1318 1771 1415 1834 homo
1437 1769 1578 1833 nefarius
1607 1769 1642 1833 in
1665 1787 1783 1833 eorum

451 1866 566 1937 locum,
588 1880 671 1946 quos
691 1861 821 1926 domum
844 1882 933 1925 sumn
954 1863 993 1924 de
1008 1863 1119 1945 piratis
1134 1861 1319 1938 abduxerat,
1341 1864 1532 1929 substituere
1547 1871 1579 1928 ct
1593 1880 1783 1946 supponere

451 1961 558 2043 coepit
578 1957 664 2021 cives
685 1957 855 2030 Romanos,
876 1976 958 2039 quos
979 1956 1015 2018 in
1036 1976 1193 2020 carcerem
1215 1964 1308 2022 antea
1322 1959 1518 2022 coniecerat:
1541 1976 1681 2042 quorum
1695 1956 1783 2021 elios

413 2064 442 2113 tt
451 2051 651 2121 Sertorianos
671 2049 788 2113 milites
809 2048 907 2113 luisse
930 2050 1134 2115 insimulabat
1161 2058 1193 2113 ct
1215 2071 1257 2114 ex
1277 2052 1431 2134 Hispania
1450 2051 1610 2135 fugientes
1632 2051 1675 2115 sd
1698 2051 1784 2114 Sici·

450 2147 525 2211 liam
547 2142 698 2229 appulsos
720 2163 790 2209 esse
812 2143 955 2219 4440044044
984 2144 1080 2219 alios,
1109 2146 1167 2228 qui
1188 2166 1206 2209 a
1228 2147 1442 2231 praedonibus
1464 2153 1555 2210 erant
1575 2146 1680 2229 capti,
1703 2164 1783 2209 cum

450 2246 641 2306 mercaturas
661 2236 803 2303 lacerent
822 2245 878 2301 out
899 2238 1038 2321 aliquem
1067 2238 1108 2301 ob
1137 2259 1265 2303 causam
1294 2240 1493 2322 navigarent,
1522 2257 1582 2304 sue
1610 2239 1784 2303 voluntate

450 2355 523 2400 cum
543 2331 654 2416 piratis
674 2330 774 2395 fuisse
788 2331 950 2414 arguebat.
981 2333 1093 2415 Itaque
1107 2332 1162 2395 alii
1177 2333 1263 2396 cives
1277 2333 1421 2406 Romani,
1442 2352 1483 2395 ne
1498 2338 1783 2415 cognoscerentur,

450 2428 609 2513 capitibus
629 2424 789 2491 obuolutis
810 2445 829 2488 e
850 2444 977 2489 carcere
998 2426 1039 2489 sd
1053 2424 1161 2508 palum
1176 2433 1272 2511 040440
1287 2427 1327 2490 ad
1342 2446 1454 2491 necem
1468 2426 1692 2510 mpiebsntur;
1712 2424 1784 2499 alii.

411 2536 523 2591 cocum
543 2543 565 2587 4
584 2519 692 2585 multis
714 2518 836 2589 civibus
858 2519 1008 2583 Romanis
1031 2528 1314 2603 cognoscerentur,
1336 2522 1375 2584 ab
1398 2521 1546 2584 omnibus
1568 2520 1785 2585 defenderen-

448 2625 510 2693 tur,
533 2615 639 2682 sscuri
658 2612 860 2679 feriebantur.
891 2612 1036 2689 Quorum
1057 2633 1116 2697 ego
1139 2615 1179 2678 de
1199 2613 1403 2677 acerbissima
1423 2621 1526 2678 morte
1541 2613 1785 2679 crudelissimo·

449 2732 512 2798 que
534 2710 676 2775 cruciatu
697 2708 810 2782 dicam,
833 2728 905 2772 cum
927 2728 999 2771 eum
1019 2706 1127 2770 locum
1148 2714 1282 2772 tractare
1304 2727 1451 2790 coepero,
1473 2716 1506 2772 et
1526 2708 1571 2772 ita
1592 2708 1710 2784 dicem,
1734 2715 1783 2784 444,

448 2807 548 2870 sime
570 2805 604 2867 in
626 2823 663 2865 00
689 2801 904 2885 querimonia,
937 2820 1033 2884 quam
1060 2821 1131 2864 sum
1156 2801 1324 2866 habiturus
1346 2803 1385 2866 de
1407 2802 1500 2866 istius
1528 2801 1719 2866 crudelitate
1750 2809 1783 2867 04

449 2898 490 2962 de
512 2898 629 2964 civium
645 2897 860 2959 Romanorum
877 2893 1099 2976 indignissima
1112 2903 1224 2972 morte,
1246 2916 1311 2959 non
1326 2895 1423 2960 modo
1437 2897 1531 2970 vires,
1553 2898 1783 2961 verumetiam

411 2993 515 3058 civita
535 2990 681 3065 deficiat,
710 2988 745 3052 id
765 2986 844 3051 mihi
866 2987 1062 3069 praeclarum
1084 2996 1118 3051 et
1138 2989 1310 3052 iucundum
1332 2998 1449 3075 putem.
1493 2987 1545 3053 73.
1571 2991 1660 3054 llaec
1673 2991 1782 3074 igitur

450 3094 499 3152 est
520 3094 698 3171 gestares,
727 3082 807 3146 baec
829 3081 963 3145 victoria
991 3082 1174 3165 praeclara:
1206 3104 1402 3167 myoparone
1431 3084 1563 3168 piratico
1594 3091 1688 3169 cepto
1711 3084 1781 3148 dux

449 3181 616 3254 1440404440,
643 3175 864 3260 symphoniaci
884 3177 1015 3239 Romam
1045 3176 1150 3241 missi:
1181 3177 1313 3241 formosi
1334 3177 1480 3242 homines
1502 3184 1534 3241 et
1555 3175 1779 3243 adolescentes

449 3284 483 3340 et
510 3270 647 3339 artifices
677 3272 807 3337 domum
833 3269 979 3333 abducti:
1008 3270 1183 3337 incorum
1211 3267 1317 3334 locum
1345 3272 1438 3335 etad
1467 3291 1579 3334 corum
1608 3290 1780 3335 numerum

450 3369 536 3435 cives
550 3366 685 3431 Romani
704 3364 856 3429 hostilem
877 3364 910 3426 in
932 3364 1063 3426 modum
1086 3364 1218 3428 cruciati
1240 3372 1272 3428 et
1286 3365 1407 3429 necati:
1429 3367 1536 3431 omnis
1548 3365 1646 3430 vestis
1660 3364 1779 3440 ablate,

412 3475 543 3525 toomne
571 3480 684 3525 aurum
713 3466 746 3523 et
774 3466 940 3542 argentum
967 3457 1107 3523 ablatum
1136 3466 1168 3523 et
1196 3478 1351 3523 aversum.
1400 3460 1517 3523 XXIX.
1549 3461 1592 3524 At
1612 3479 1710 3545 quem
1738 3458 1779 3524 ed

451 3557 581 3621 modum
603 3555 673 3638 ipse
695 3573 730 3621 ss
758 3551 860 3617 induit
885 3553 992 3637 priore
1013 3552 1158 3617 actionel
1202 3552 1267 3628 Qui
1288 3560 1335 3618 tot
1355 3552 1424 3617 dies
1445 3553 1613 3630 4004444404,
1644 3561 1779 3640 repento

519 3846 542 3894 4.
561 3843 719 3893 adhiberetur
736 3842 772 3892 443
784 3840 813 3890 λε
838 3841 960 3892 habeatur
977 3840 1025 3903 (vel
1044 3841 1201 3905 0044440400)
1218 3841 1282 3891 dett.
1301 3842 1335 3901 0;
1353 3840 1485 3891 baberetur
1500 3842 1579 3906 4033.
1600 3869 1628 3879 -
1646 3842 1672 3895 4.
1690 3846 1781 3897 cotidie

453 3921 482 3971 44.
502 3945 528 3955 -
554 3920 579 3968 44.
598 3924 699 3982 cepticos
721 3922 745 3967 et
760 3931 794 3967 00
811 3915 869 3967 4444
896 3917 992 3978 suctum
1007 3930 1053 3965 404·
1069 3916 1134 3966 dett.
1159 3915 1216 3978 (sed
1234 3915 1302 3979 Lgtb
1325 3920 1348 3965 04
1363 3914 1430 3979 400);
1458 3916 1484 3965 in
1501 3916 1538 3966 G3
1555 3921 1609 3968 est:
1636 3926 1741 3984 0004444444
1756 3927 1781 3973 es

453 4001 631 4046 extremorum.
652 4018 679 4029 -
699 3992 834 4043 coiciebant
851 3992 871 4041 44
887 4005 928 4056 pr.
948 4004 983 4041 m.
1005 3992 1090 4053 (00040.
1110 3991 1190 4050 corr.)
1203 4017 1229 4024 -
1244 3990 1268 4038 6.
1287 3990 1367 4039 omnis
1382 3989 1426 4050 004
1442 3990 1534 4054 artifici
1550 3993 1580 4042 44.
1595 4018 1623 4029 -
1636 3994 1781 4048 0304400404

453 4071 504 4121 4434
521 4073 661 4120 removeret
677 4073 753 4129 040440
768 4066 910 4116 muscosos
931 4065 995 4116 dett.
1014 4067 1044 4116 0.
1065 4094 1092 4105 -
1111 4069 1136 4118 ’4.
1154 4068 1188 4128 44,
1211 4066 1247 4128 04]
1264 4066 1328 4115 sicut
1345 4065 1380 4115 443
1398 4065 1476 4128 tete.
1503 4065 1573 4129 [tort.
1591 4082 1640 4120 ex:
1667 4072 1778 4123 44440444.

453 4145 591 4207 444444]-
610 4144 635 4196 8.
654 4145 735 4194 altero
751 4148 821 4193 404440
838 4141 897 4193 cod.
918 4142 973 4194 Urs.
993 4141 1070 4202 (il-
1089 4142 1189 4192 obducti
1206 4140 1256 4199 et,
1274 4137 1330 4189 olii:
1352 4140 1454 4190 04444044
1470 4141 1490 4190 44
1508 4142 1545 4192 Gt
1561 4142 1609 4194 bd
1627 4145 1708 4209 4033.
1738 4145 1779 4199 Ci.

453 4220 488 4270 nd
512 4220 554 4270 lV.
573 4219 597 4282 fi.
616 4220 702 4269 43.-
676 4220 919 4282 -3.--0000404
904 4215 1138 4267 -0444440444440404
1156 4217 1198 4266 34
1224 4213 1400 4266 bobetV.-
1422 4215 1462 4265 40.
1484 4216 1639 4276 00044444
1665 4220 1782 4282 00444044

454 4296 526 4346 Gli.
546 4292 875 4356 Falsomltqusconesse
888 4290 1102 4343 traditori
1115 4293 1156 4340 44.
1174 4290 1410 4354 04300300040444.
1428 4291 1507 4340 V.-
1526 4291 1566 4341 43.
1584 4290 1782 4367 4400404333

453 4371 488 4422 V:
512 4371 640 4422 mamimus
656 4369 721 4420 dett
741 4371 770 4421 0.
800 4367 1023 4432 irequentissima
1040 4367 1081 4416 est
1097 4365 1165 4415 boec
1181 4366 1285 4429 positivi
1307 4367 1334 4414 et
1350 4362 1500 4428 superlativi
1517 4349 1661 4419 contusio
1654 4383 1682 4420 m
1698 4367 1780 4421 codd.

454 4445 488 4497 04.
506 4445 549 4496 IV.
568 4445 593 4509 5.
612 4445 652 4495 43.
670 4444 711 4496 34.
730 4444 770 4496 33.
790 4443 847 4494 444.
865 4441 983 4493 alibi-
1002 4441 1131 4491 00044044
1133 4439 1181 4503 gib
1193 4439 1233 4490 43
1253 4441 1295 4502 [ex
1311 4439 1571 4504 0404404100044444]
1586 4443 1673 4507 [044444
1687 4444 1735 4506 443,
1753 4446 1784 4495 04

454 4521 492 4571 sic
510 4521 534 4584 8.
546 4521 587 4571 43.
600 4533 626 4569 4.
639 4518 723 4570 33.
738 4520 777 4569 43.
796 4532 857 4581 04404
873 4519 917 4568 4440
934 4518 1034 4568 domum
1051 4515 1171 4580 40433.-
1144 4517 1327 4568 -odduccret
1343 4513 1423 4568 idem
1439 4516 1547 4580 -.subp
1565 4518 1639 4570 V.-
1654 4518 1694 4571 44.
1709 4519 1783 4584 quoe]

455 4608 515 4657 04404
531 4608 617 4646 0044404
632 4594 669 4653 V;
688 4604 749 4653 04404
765 4597 843 4642 certos
860 4592 927 4643 coni.
946 4593 1004 4642 bloi.
1026 4616 1053 4627 -
1072 4591 1194 4641 coiecerot
1209 4593 1239 4642 44.
1259 4619 1285 4627 -
1304 4592 1397 4642 alteros
1412 4591 1443 4641 V.
1459 4618 1487 4627 —
1500 4595 1541 4643 lb.
1559 4593 1687 4646 instimulat
1702 4595 1736 4646 V.
1750 4620 1781 4633 -·

451 4668 569 4732 4440404444
584 4667 647 4719 4444.
662 4692 689 4703 -
704 4667 744 4717 46.
763 4667 879 4728 adpulsos
896 4666 957 4717 liV.
974 4693 1000 4701 -
1013 4679 1031 4715 0
1044 4666 1203 4727 praetoribus
1219 4668 1249 4717 44.
1263 4694 1291 4705 -
1303 4667 1371 4728 copti
1387 4672 1460 4717 040444
1470 4668 1501 4718 V.
1516 4695 1544 4705 -
1558 4670 1598 4721 44.
1611 4670 1785 4734 44444044οω44

454 4743 485 4794 04
502 4743 644 4795 bound:
670 4743 826 4803 44404ίο00444
842 4741 872 4791 ob
889 4743 981 4805 bngg.;
1009 4746 1054 4790 0444
1070 4740 1100 4790 04
1117 4741 1232 4803 0440440444
1248 4744 1298 4801 Gl;
1325 4743 1388 4790 04404
1404 4756 1481 4804 0440444
1497 4741 1528 4791 044
1544 4743 1580 4797 Vs
1605 4745 1785 4808 04440440οω

454 4818 533 4869 0440444
549 4817 580 4867 ob
595 4816 655 4867 cod.
671 4818 779 4869 44040444.
798 4819 827 4881 tt)
844 4818 920 4868 Jann.
941 4844 968 4853 -
985 4817 1160 4866 cotomtotemc
1176 4830 1234 4867 044444
1257 4817 1285 4866 V.
1310 4818 1370 4880 (Bc.)
1389 4844 1416 4853 -
1436 4817 1476 4868 43.
1494 4818 1579 4881 440000
1600 4833 1658 4871 mm
1674 4820 1735 4871 04444
1748 4821 1783 4872 V.

454 4892 525 4958 [tort.
544 4906 590 4943 ox:
608 4893 694 4955 4400440
708 4897 762 4942 tecm
777 4891 884 4956 olii.-]
897 4905 919 4941 0.
937 4893 988 4954 0.(
980 4893 1034 4955 (sic)
1052 4891 1169 4941 4440040444
1184 4904 1198 4941 0
1212 4905 1314 4943 carcere
1329 4891 1496 4954 copittboeV.
1516 4893 1566 4956 (044
1581 4894 1704 4957 capitibus
1719 4907 1782 4960 sup.

454 4964 499 5019 lin.
518 4980 542 5018 0.
561 4979 598 5018 m.
616 4968 642 5018 4.
660 4970 729 5019 teste
745 4969 841 5030 Bc)-
860 4967 900 5018 43.
917 4968 1171 5030 4000400400ομ
1144 4967 1233 5018 -30,
1252 4968 1377 5032 tiemonis]
1394 4968 1506 5019 0444004444
1521 4969 1595 5019 V.-
1567 4982 1785 5035 -copuoscem-

454 5038 687 5106 uchVngtb:
706 5056 760 5095 om.
779 5043 831 5102 Gi;
848 5044 1143 5106 00000440400404440004,
1161 5043 1275 5094 detto.
1290 5043 1590 5105 -440404444000444444
1602 5046 1645 5097 34.
1662 5057 1783 5110 speum.

456 5115 583 5181 4030·-
596 5115 642 5170 34
659 5118 895 5183 40440040404040
918 5117 1078 5168 acerbissimo
1098 5117 1225 5181 40433.-
1244 5118 1286 5168 36.
1304 5119 1400 5181 praeci.
1422 5119 1531 5170 04040440
1550 5120 1679 5184 44033-
1696 5121 1741 5173 33.
1759 5126 1785 5172 d

454 5191 677 5318 spegmtiopr..
626 5191 677 5254 443,
698 5190 974 5247 ..iooddlamb-
994 5192 1035 5244 30.
1053 5205 1111 5258 ora.
1133 5193 1386 5258 ommium.
1410 5194 1620 5318 praeterit.-
1641 5193 1684 5248 34.
1700 5194 1784 5249 44443

504 5277 556 5320 4444
590 5266 637 5319 044.
655 5266 685 5319 0
1230 5318 1232 5323 ,
1496 5321 1498 5325 ,
1595 5316 1599 5325 ,
