4367 6109
450 566 513 634 bii
841 566 994 633 ouaulo
1017 566 1096 632 PEO
1117 565 1156 632 b.
1178 565 1377 634 GLUENTIO

450 738 558 812 uobis,
586 735 642 801 sed
665 734 741 819 quid
762 743 906 818 oporteat
928 735 1007 810 dici,
1034 737 1250 801 consideretis.
1292 736 1405 820 Agitur
1425 737 1510 800 enim
1531 735 1566 799 in
1586 732 1782 799 criminibus

449 836 487 896 Α.
511 830 646 896 Cluentii
666 830 828 914 proprium
850 830 1044 913 periculum,
1065 832 1102 895 in
1120 830 1240 895 invidia
1261 850 1356 895 cama
1377 830 1563 894 communis·
1606 829 1716 905 Quam
1738 827 1782 892 ob

450 947 517 990 rem
537 926 667 990 alteram
688 931 810 1006 purtem
830 943 945 988 causae
965 925 1011 988 sic
1033 945 1179 1008 agemus,
1208 932 1245 988 ut
1265 944 1323 988 vos
1347 925 1533 988 doceamus:
1561 924 1697 988 alteram
1721 923 1781 997 sic,

449 1026 486 1083 ot
513 1038 647 1083 oremus.
690 1019 727 1080 ln
753 1018 852 1082 altera
880 1017 1044 1101 diligentia
1064 1027 1169 1082 vestra
1188 1018 1281 1081 uobis
1302 1017 1503 1100 adiungenda
1524 1025 1588 1081 est:
1621 1018 1655 1081 in
1676 1016 1782 1081 altera

425 1111 527 1177 llides
541 1110 747 1196 imploranda.
769 1113 868 1176 Nemo
883 1120 931 1176 est
945 1114 1047 1186 enim,
1069 1111 1126 1196 qui
1139 1110 1277 1175 invidiae
1292 1112 1362 1174 siue
1378 1118 1484 1175 vestro
1501 1107 1550 1195 [ac
1564 1107 1645 1194 sine]
1661 1111 1780 1175 talium

448 1208 587 1271 virorum
608 1204 751 1269 subsidio
772 1206 875 1288 possit
895 1207 1049 1271 resistere.
1082 1203 1113 1268 i.
1135 1204 1292 1289 Equidem
1314 1205 1402 1290 quod
1423 1206 1464 1269 ad
1486 1226 1537 1270 me
1558 1207 1688 1280 acme,
1710 1222 1780 1288 quo

448 1319 500 1363 ma
520 1306 641 1362 vertam
668 1299 787 1362 nescio.
823 1301 941 1382 Negem
967 1299 1066 1364 inisse
1096 1299 1183 1362 illam
1205 1298 1368 1362 infamiam
1390 1299 1500 1363 iudicii
1522 1301 1689 1383 corrupti?
1719 1316 1781 1361 ne·

449 1413 519 1476 gem
542 1412 612 1456 esse
631 1390 720 1455 illam
740 1411 807 1455 rem
828 1393 975 1474 agitatum
996 1393 1031 1457 in
1052 1392 1274 1457 contionibus?
1296 1393 1441 1457 iactatam
1462 1394 1495 1457 in
1516 1393 1666 1457 iudiciis?
1689 1410 1782 1455 com·

448 1493 651 1550 memorabam
672 1486 705 1549 in
726 1488 861 1550 senatui
884 1487 1017 1551 evellam
1039 1507 1080 1551 ex
1102 1486 1215 1551 animis
1235 1486 1403 1550 bominum
1423 1495 1543 1551 tanum
1567 1486 1781 1571 opinionem?

411 1586 513 1643 totam
534 1579 660 1662 penitus
680 1579 828 1644 insitam?
857 1587 922 1644 tam
942 1583 1120 1645 vetustam?
1149 1581 1219 1643 Non
1242 1587 1292 1642 est
1310 1581 1412 1643 nostri
1432 1570 1569 1664 infieuii:
1598 1579 1697 1645 vestri
1718 1597 1782 1641 au-

448 1672 518 1736 xilii
539 1681 602 1747 est,
622 1671 763 1747 iudices,
783 1672 877 1736 buius
899 1673 1098 1737 innocentiae
1120 1674 1165 1737 sic
1186 1674 1220 1736 in
1236 1673 1297 1738 bac
1310 1674 1493 1738 calamitosa
1506 1675 1605 1748 lama,
1628 1673 1725 1759 quasi
1741 1671 1780 1734 iu

448 1766 558 1850 aliqua
590 1765 858 1849 perniciosissima
890 1766 1015 1829 llamma
1041 1774 1137 1851 atque
1166 1767 1199 1830 in
1229 1769 1387 1833 communi
1412 1767 1560 1833 incendio
1590 1767 1779 1832 subvenire.

451 1860 491 1923 ll.
513 1857 544 1922 5.
567 1859 692 1923 Etenim
715 1860 795 1923 sicut
815 1859 886 1923 aliis
908 1861 941 1922 in
964 1860 1043 1923 locis
1065 1880 1174 1944 parum
1196 1857 1382 1926 firmamenti
1403 1872 1435 1926 et
1455 1883 1567 1946 parum
1580 1862 1697 1926 virium
1718 1878 1781 1924 ve·

449 1953 525 2016 ritas
544 1952 657 2017 babet:
679 1952 726 2016 sic
748 1953 781 2016 iu
803 1953 864 2017 hoo
885 1953 956 2016 loco
977 1952 1057 2016 falsa
1077 1954 1197 2018 invidia
1219 1955 1379 2019 imbecilla
1400 1977 1471 2020 esse
1485 1957 1588 2020 debet.
1620 1956 1781 2019 Domine·

411 2055 500 2111 44444
520 2047 552 2110 iu
573 2047 788 2121 contionibus:
810 2048 912 2111 iaceat
932 2047 966 2110 in
988 2046 1131 2111 iudiciis:
1157 2048 1260 2112 valeat
1281 2051 1315 2112 in
1336 2050 1597 2132 opinionibusac
1619 2046 1780 2112 sermoni-

448 2142 508 2205 bus
530 2140 763 2224 imperitorum:
785 2141 824 2204 ab
845 2141 980 2222 ingeniis
994 2139 1196 2223 prudentium
1211 2143 1410 2226 repudietur:
1433 2144 1635 2208 vehementes
1655 2140 1779 2206 babeat

449 2235 629 2318 repentinos
650 2234 804 2317 impetus:
825 2234 925 2318 spatio
947 2233 1135 2318 interposito
1156 2243 1189 2298 et
1210 2255 1304 2299 causa
1325 2237 1451 2319 cognita
1472 2241 1689 2301 consenescat.
1708 2233 1778 2297 Ile-

448 2330 546 2412 nique
574 2327 629 2392 illa
651 2325 791 2392 definitio
821 2327 1010 2391 iudiciorum
1033 2345 1224 2410 aequorum,
1254 2348 1336 2413 quae
1357 2329 1450 2393 nobis
1471 2350 1491 2394 a
1511 2329 1686 2397 maioribus
1708 2333 1777 2389 tra·

449 2423 514 2487 dita
534 2429 597 2497 est,
618 2420 803 2487 retineatur:
824 2428 861 2487 ut
879 2421 913 2484 in
935 2420 1063 2485 iudiciis
1084 2427 1118 2483 et
1134 2421 1203 2484 sine
1224 2420 1343 2486 invidia
1357 2423 1451 2506 culpa
1471 2424 1624 2508 plectamr
1645 2427 1678 2486 et
1701 2420 1775 2484 siue

411 2516 541 2600 soculpa
560 2514 680 2579 invidia
700 2523 844 2599 ponatur.
880 2512 910 2577 6.
933 2513 1097 2590 Quamob
1118 2534 1185 2577 rem
1205 2534 1225 2577 a
1246 2515 1354 2591 vobis,
1374 2515 1515 2591 iudices,
1537 2524 1709 2600 autequam
1733 2513 1774 2576 de

448 2610 519 2693 ipsa
539 2628 633 2675 censa
653 2609 758 2672 dicere
781 2608 914 2692 incipio,
934 2607 1014 2672 baec
1035 2607 1176 2691 postulo:
1205 2610 1355 2691 primum,
1377 2610 1411 2674 id
1433 2610 1520 2694 qaod
1541 2608 1774 2693 aequissimum

449 2711 515 2780 est,
542 2710 580 2768 ut
607 2723 648 2766 ne
675 2702 753 2786 quid
779 2703 843 2767 huc
869 2701 1074 2786 praeiudicati
1097 2703 1244 2767 ederatis.
1285 2703 1410 2767 Etenim
1430 2723 1495 2767 non
1515 2701 1611 2768 modo
1631 2699 1774 2765 auctori·

448 2806 560 2874 tatem,
592 2796 648 2861 sed
676 2796 770 2860 etiam
798 2815 914 2859 nomen
941 2794 1083 2859 iudicum
1110 2796 1307 2870 amittemus,
1338 2796 1400 2861 nisi
1430 2797 1483 2860 hic
1504 2817 1547 2860 ex
1567 2796 1645 2881 ipsis
1666 2794 1772 2858 musis

449 2890 676 2966 iudicabimus,
704 2890 731 2953 si
758 2889 798 2953 ad
827 2908 938 2953 causas
966 2886 1085 2953 iudicia
1111 2889 1174 2953 ium
1202 2889 1283 2955 lacta
1311 2889 1405 2954 domo
1432 2889 1619 2955 deferemus.
1647 2887 1772 2952 lleinde

410 2978 476 3052 rosi
499 3005 595 3070 quam
616 2982 799 3067 opinionem
819 2982 882 3047 iam
905 2982 1016 3047 vestris
1038 2983 1196 3048 mentibus
1223 2983 1521 3068 comprehendistis,
1549 2986 1577 3050 si
1599 3004 1668 3051 mm
1688 2983 1772 3047 ratio

448 3079 620 3153 consedet,
642 3078 668 3141 si
690 3077 791 3141 oratio
812 3074 1026 3150 labefactsbit,
1055 3077 1083 3139 si
1105 3077 1245 3161 denique
1266 3080 1382 3143 veritas
1411 3079 1628 3164 extorquebit:
1657 3099 1700 3143 ne
1721 3097 1774 3141 re·

447 3173 594 3258 pugnetis
615 3189 749 3254 eamque
770 3170 883 3233 animis
897 3169 1009 3233 vestris
1029 3176 1085 3232 aut
1104 3168 1275 3234 libentibus
1296 3179 1351 3235 aut
1365 3173 1476 3256 aequis
1490 3173 1666 3236 remittatis.
1688 3172 1773 3234 Turn

447 3273 567 3341 autem,
589 3284 660 3328 cum
681 3283 739 3348 ego
761 3284 824 3327 una
845 3282 972 3348 quaque
991 3261 1031 3326 de
1051 3283 1086 3326 re
1108 3263 1209 3327 dicam
1231 3272 1263 3328 et
1283 3265 1414 3341 diluam,
1436 3286 1477 3330 ne
1492 3267 1570 3351 ipsi,
1593 3286 1676 3351 quae
1692 3284 1773 3330 con·

448 3360 543 3424 traria
563 3358 643 3434 sint,
664 3357 750 3422 taciti
771 3356 955 3442 cogitationi
976 3365 1099 3422 vestrae
1121 3358 1309 3434 subiciatis,
1331 3360 1387 3424 sed
1402 3360 1443 3423 ed
1461 3368 1637 3426 extremum
1656 3379 1774 3444 exspa-

411 3454 539 3518 aoctetis
567 3472 681 3537 meque
706 3471 810 3516 meum
832 3449 957 3515 dicendi
980 3450 1124 3517 ordinem
1150 3472 1275 3517 servare
1302 3454 1480 3536 patiamini:
1515 3473 1585 3518 cum
1606 3471 1774 3538 peroraro,

512 3780 538 3832 t.
557 3777 652 3833 6444444
667 3781 695 3830 Ρ.
715 3803 742 3814 -
766 3777 792 3829 44
815 3781 875 3830 ante
899 3790 924 3829 v.
942 3777 1108 3832 4444444444.
1126 3779 1246 3831 lilla.
1269 3805 1297 3815 -
1321 3781 1346 3830 6.
1363 3784 1461 3839 usuro,
1481 3780 1535 3830 4444
1553 3776 1774 3831 talissoclssseu

448 3869 474 3922 p.
492 3855 549 3909 tlt.
568 3854 629 3907 coll.
648 3853 703 3905 clc.
726 3865 753 3918 p.
774 3853 896 3914 Quinctio
916 3853 941 3919 5.
958 3853 999 3905 63.
1018 3855 1059 3906 84.
1084 3867 1112 3920 p.
1137 3857 1214 3906 liosc.
1236 3855 1295 3906 Am.
1320 3854 1345 3919 5.
1363 3854 1404 3907 at.
1423 3856 1507 3906 Dlvlc.
1524 3855 1552 3905 iu
1569 3855 1648 3907 caeo.
1666 3854 1692 3921 5.
1710 3854 1772 3913 ar.;

446 3937 499 3986 4444
513 3937 594 3984 aestro
610 3925 831 3980 4444444Η41ω444
848 3940 909 3978 cum
926 3929 985 3978 Ger.
998 3929 1023 3979 8.
1042 3926 1101 3980 coll.
1120 3929 1154 3981 de
1171 3931 1241 3981 orat.
1260 3930 1291 3980 ll.
1316 3930 1340 3994 5.
1359 3929 1417 3981 864.
1434 3930 1469 3982 de
1486 3929 1566 3981 domo
1582 3943 1629 3982 sue
1648 3929 1674 3995 g.
1692 3928 1720 3980 8.
1739 3952 1772 3968 ·-

448 4009 473 4060 o,
491 4002 781 4070 aquaem-compti
797 4000 969 4062 Quintilianus
985 4002 1027 4053 lx.
1044 4004 1074 4065 8,
1093 4003 1149 4064 49.;
1171 4003 1292 4067 84444444
1308 4018 1358 4067 ouo
1373 4018 1413 4056 ors
1426 4011 1537 4068 culeos,
1562 4006 1668 4066 iudices,
1686 4003 1774 4055 sescla

448 4085 590 4137 Martianus
615 4075 720 4142 capella
742 4075 785 4140 (V.
804 4075 829 4140 9.
847 4076 915 4139 688.)
932 4088 959 4141 p.
977 4075 1035 4128 484.
1054 4076 1096 4127 ed.
1116 4078 1198 4142 capp.
1225 4078 1332 4143 («qo0d
1348 4079 1523 4130 vehementer
1540 4077 1640 4144 probo;
1665 4077 1774 4130 adiecto

449 4159 519 4209 enlm
534 4156 627 4206 iudices
642 4163 723 4202 aures
738 4148 882 4215 implentur
898 4162 989 4210 meae:
1014 4152 1114 4203 emisse
1130 4164 1184 4203 non
1200 4152 1290 4203 item.»
1309 4157 1370 4205 Ges.
1382 4154 1432 4217 8.);
1455 4155 1576 4217 lipsaco:
1592 4167 1641 4216 pse
1656 4166 1697 4204 me
1711 4166 1775 4205 osr-

448 4237 513 4294 uss,
529 4229 635 4291 4444444,
652 4227 742 4279 sescla
767 4228 890 4292 Nemus
903 4227 979 4290 144444
993 4227 1065 4278 444444
1079 4240 1135 4279 ress
1150 4226 1242 4291 aquile
1259 4229 1393 4280 Romanus
1409 4230 1439 4279 de
1452 4230 1496 4293 84.
1514 4234 1575 4280 sest
1593 4229 1618 4294 s.
1637 4229 1692 4288 ta:
1706 4218 1775 4291 ‘Quo

447 4320 487 4358 me
503 4310 602 4357 4444444
620 4304 703 4355 444444
722 4302 823 4355 Auead.
841 4303 922 4354 Paris.
940 4301 984 4353 ed.
1004 4302 1127 4353 Ealrstelu
1143 4314 1170 4367 p.
1189 4303 1214 4354 6.
1232 4315 1258 4354 v.
1275 4303 1317 4354 89.
1337 4330 1365 4341 -
1386 4303 1411 4354 7.
1428 4303 1500 4353 444444
1513 4316 1568 4354 om.
1587 4301 1773 4364 Quintilianus.

450 4410 478 4422 -
495 4382 614 4434 lsdlelP.
635 4406 663 4418 -
685 4382 711 4433 8.
728 4394 780 4432 ssse
800 4393 853 4430 om.
872 4376 929 4430 80.
949 4406 978 4415 -
1000 4377 1228 4430 motionibusl’s.
1253 4377 1291 4429 ct.
1309 4391 1335 4429 v.
1354 4378 1395 4430 li.
1413 4376 1437 4442 ἕ.
1455 4378 1480 4428 8.
1501 4405 1529 4416 -
1546 4378 1571 4429 8.
1589 4377 1775 4429 ovellanum

448 4458 508 4509 Car.
526 4455 659 4521 Stephano
674 4458 703 4508 L.
724 4483 752 4494 -
770 4455 810 4506 46.
828 4455 1005 4505 Nom-arm.
1023 4457 1059 4504 444
1075 4451 1247 4514 Quintilianus
1258 4453 1300 4503 lx.
1319 4452 1349 4514 3,
1366 4453 1407 4504 8t.
1423 4480 1451 4490 -
1469 4458 1505 4505 444
1520 4466 1574 4505 om.
1587 4450 1772 4514 Quintilianus.

450 4557 477 4569 —
495 4531 536 4582 44.
552 4530 750 4595 siculum
772 4527 943 4591 Quintilianus
963 4527 1114 4590 18844.
1140 4555 1168 4566 -
1194 4529 1235 4579 48.
1255 4528 1502 4591 pestilentisima.
1522 4555 1550 4565 -
1571 4527 1613 4578 43.
1630 4528 1774 4579 emis--

447 4619 497 4658 4444
511 4604 580 4656 debet
594 4605 694 4656 anecd.
712 4604 793 4656 Paris.
812 4618 839 4670 p.
857 4603 881 4654 8.
898 4618 925 4654 v.
942 4602 984 4654 83.
1004 4630 1032 4641 -
1047 4615 1142 4665 pasrsm
1158 4604 1219 4653 ante
1236 4615 1262 4652 v.
1278 4603 1430 4666 4444444448
1446 4615 1500 4653 om.
1518 4601 1618 4653 anecd.
1637 4602 1720 4653 Paris.
1741 4628 1772 4640 -

446 4676 997 4743 manummerias·
1020 4676 1441 4728 44.444ω.44444.84444.-
1465 4675 1774 4729 limetur-dudio&

449 4752 619 4817 Quintilianus
635 4753 678 4805 lx.
695 4754 725 4815 8,
738 4755 780 4805 as.
794 4781 822 4792 -
841 4755 880 4805 46.
899 4752 1087 4804 cessionibus.
1106 4751 1144 4803 cl.
1157 4765 1184 4802 v.
1196 4752 1222 4803 8.
1237 4779 1264 4788 -
1283 4751 1323 4801 46.
1335 4752 1479 4802 emente
1495 4753 1549 4803 ST.
1564 4780 1592 4792 -
1612 4754 1652 4803 t'l.
1663 4753 1773 4815 repenti·

446 4843 538 4892 noeque
553 4830 660 4893 Slaorr.
670 4828 749 4892 mi.)
762 4829 849 4879 Ele
863 4827 903 4878 49,
915 4833 944 4878 ut
958 4827 1044 4878 444444
1055 4827 1118 4888 lom.
1129 4827 1157 4876 44
1166 4826 1228 4888 aaa)
1240 4833 1397 4889 --posatur
1407 4826 1578 4888 Quintilianus
1590 4829 1632 4880 lli.
1645 4827 1669 4890 3,
1682 4828 1724 4879 844.
1740 4853 1770 4866 -

447 4901 1608 5018 :commissurae—adrnssuperseresc-ssooeleesr.cresis·
1620 4898 1771 5017 siper:

448 5049 479 5087 44
494 5033 658 5093 casato.
675 5035 843 5088 8446444.-
861 5033 995 5097 resumas
1011 5035 1043 5096 s:
1060 5034 1196 5099 4414444444
1211 5034 1240 5085 Τ.
1253 5058 1282 5070 -
1299 5033 1340 5084 86.
1358 5034 1425 5085 ratio
1441 5031 1559 5087 ruat.
1573 5059 1602 5071 -
1620 5033 1662 5086 84.
1679 5031 1771 5084 sen·

449 5110 813 5176 tibuslexlubestibusls.-
832 5108 1086 5162 29.siotPS:om.
1105 5105 1770 5170 T3srsstlilLEO.-usbiciatiss.-udom.

450 5185 504 5238 ST.
524 5186 742 5249 -ecpeeeass
761 5211 789 5223 -
816 5184 1008 5247 30·wast
1035 5186 1149 5247 sissST3
1174 5181 1442 5237 emanatio,
1463 5212 1491 5224 -
1512 5183 1770 5250 paeoeuroMPE

330 5284 334 5294 ·
451 5257 1420 5326 u202per...ma;ssurssmsssaa;peoraretom.mlta.
