4367 6109
464 575 526 645 636
832 582 885 646 DE
907 581 1013 647 Lucu
1034 581 1211 647 sensuli
1231 582 1350 647 LIBER
1371 583 1411 646 11.

464 752 525 833 ipsi
547 750 773 835 loquebantur,
794 752 1009 834 praetoribus,
1030 759 1064 814 ut
1084 751 1283 834 intelligatis,
1307 759 1456 837 quantam
1479 751 1567 816 locus
1589 753 1657 835 ipse
1672 754 1780 819 afferat

464 845 658 928 superbiam,
682 863 762 927 quae
784 845 894 928 paucis
916 845 1043 918 diebus,
1066 845 1179 929 quibus
1201 846 1254 909 illo
1270 847 1394 909 colonia
1408 846 1544 910 deducta
1559 855 1624 921 est,
1645 849 1780 930 perspici

464 948 560 1023 atque
582 938 715 1020 intelligi
735 939 847 1022 potuit
890 935 941 1000 93.
963 940 1041 1001 Nam
1062 940 1217 1022 primum,
1245 938 1277 1000 id
1300 937 1385 1022 quod
1408 939 1492 1013 dixi,
1523 960 1592 1003 cum
1614 941 1729 1003 ceteris
1749 941 1781 1003 in

466 1032 595 1095 coloniis
617 1031 774 1095 duumviri
795 1030 1008 1115 appellentur,
1030 1032 1063 1094 bi
1084 1050 1118 1092 se
1140 1038 1300 1112 praetores
1314 1032 1466 1114 appellari
1481 1032 1637 1097 volebant.
1659 1034 1781 1109 Quibus

440 1126 581 1208 uprimus
611 1144 712 1187 annus
747 1126 828 1188 banc
862 1123 1064 1207 cupiditatem
1101 1123 1270 1199 attulisset,
1308 1145 1412 1188 nonne
1446 1126 1639 1190 arbitramini
1676 1129 1781 1210 paucis

467 1218 559 1280 annis
574 1217 672 1280 fuisse
694 1217 856 1280 consulum
875 1237 990 1280 uomen
1006 1219 1223 1300 appetituros?
1245 1217 1365 1281 Deinde
1381 1220 1540 1283 anteibant
1554 1220 1696 1295 lictores,
1718 1240 1781 1283 non

469 1333 539 1375 cum
570 1311 706 1385 bacillis,
742 1309 814 1383 sed,
849 1319 885 1374 ut
913 1311 963 1372 bic
991 1311 1189 1393 praetoribus
1221 1319 1388 1386 anteeant,
1427 1333 1497 1375 cum
1532 1312 1670 1378 fascibus
1705 1315 1782 1376 duo·

463 1405 532 1467 bus.
554 1405 651 1467 Erant
670 1404 792 1466 bostiae
807 1405 940 1467 maiores
956 1405 988 1466 in
1004 1405 1072 1468 loro
1089 1407 1294 1481 constitutae,
1319 1427 1400 1488 quae
1414 1408 1454 1469 ab
1468 1407 1518 1470 bis
1532 1409 1729 1490 praetoribus
1744 1409 1783 1471 de

464 1497 631 1571 tribunali,
659 1497 740 1559 sicut
774 1517 792 1559 a
820 1499 911 1560 nobis
941 1499 1138 1571 consulibus,
1168 1497 1208 1559 de
1230 1499 1354 1562 consilii
1376 1501 1530 1563 sententia
1550 1502 1715 1583 probatae,
1744 1503 1783 1565 ad

427 1607 653 1674 topraeconem
676 1600 707 1653 et
730 1590 769 1652 ad
792 1590 951 1654 tibicinem
973 1591 1222 1654 immolabantur.
1265 1592 1385 1655 Deinde
1412 1600 1517 1675 patres
1539 1596 1707 1679 conscripti
1730 1616 1784 1658 ro-

464 1685 623 1748 cabantur.
666 1684 732 1745 lam
755 1703 829 1745 vero
851 1685 972 1748 vultum
996 1683 1136 1748 Considii
1159 1685 1267 1748 videre
1294 1685 1460 1748 ferendum
1482 1686 1536 1748 rix
1559 1696 1634 1751 arat.
1682 1688 1784 1764 Quem

464 1778 624 1841 bominem
646 1776 793 1859 vegrandi
816 1779 916 1842 macie
942 1779 1112 1851 torridum,
1135 1779 1252 1841 Romae
1275 1786 1488 1860 contemptum
1511 1789 1607 1864 atque
1627 1781 1782 1846 abiectum

463 1872 667 1946 videbamus,
689 1871 774 1934 bunc
796 1872 921 1956 Capuae
945 1874 1104 1955 Campano
1129 1873 1298 1955 supercilio
1320 1892 1356 1934 ac
1378 1874 1465 1954 regio
1484 1873 1597 1955 spiritu
1613 1895 1684 1938 cum
1698 1875 1785 1940 vide-

463 1987 585 2040 remus,
606 1966 745 2029 Blossios
767 1966 845 2029 mibi
867 1967 995 2030 videbar
1016 1966 1087 2030 illos
1103 1967 1210 2030 videre
1231 1986 1268 2030 ac
1289 1965 1448 2029 lubellios.
1484 1962 1536 2028 st.
1558 1968 1624 2030 lam
1639 1989 1714 2032 vero
1729 1970 1785 2055 qui

427 2069 566 2124 inmotus
588 2067 656 2123 erat
676 2060 884 2123 tunicatomm
906 2061 1050 2124 illoruml
1083 2062 1167 2123 etin
1188 2060 1310 2121 Albana
1332 2065 1364 2121 et
1385 2059 1525 2140 Seplasia
1547 2080 1630 2143 quae
1652 2083 1786 2127 concur·

464 2157 545 2220 satia
568 2153 833 2237 percontantium,
855 2154 933 2237 quid
954 2162 1080 2238 praetor
1102 2154 1269 2227 edixisset,
1290 2152 1344 2214 ubi
1363 2160 1499 2225 cenaret,
1521 2173 1585 2236 quo
1602 2155 1786 2219 denuntias·

465 2248 531 2312 setl
564 2250 627 2310 Nos
656 2253 779 2320 autem,
815 2249 870 2330 qui
897 2248 970 2310 binc
993 2245 1114 2332 [Roma]
1141 2267 1346 2320 veneramus,
1373 2247 1435 2308 inm
1457 2265 1520 2308 non
1541 2245 1702 2331 hospites,
1729 2249 1785 2312 sed

463 2340 622 2426 peregrini
644 2347 740 2423 atque
763 2340 902 2403 advenae
924 2342 1172 2404 nominabamur.
1208 2340 1340 2401 XXXV.
1362 2336 1413 2401 95.
1435 2340 1521 2403 llaec
1538 2341 1592 2423 qui
1614 2362 1787 2426 prospere·

464 2438 542 2510 rint,
575 2435 710 2496 maiores
740 2441 863 2496 nostros
892 2435 977 2510 dico,
1006 2435 1161 2511 Quirites,
1190 2455 1253 2497 non
1284 2454 1338 2497 eos
1361 2435 1393 2496 in
1414 2435 1544 2497 deorum
1564 2435 1787 2501 immortalium

427 2544 595 2595 annumero
624 2527 821 2593 venerandos
852 2547 871 2590 a
891 2529 983 2592 nobis
1004 2537 1036 2592 et
1057 2529 1209 2592 colendos
1231 2529 1370 2611 putatis?
1403 2528 1487 2604 Quid
1509 2528 1593 2591 enim
1614 2532 1787 2596 videmnt‘i

464 2625 549 2697 Hoc,
572 2621 658 2706 quod
680 2642 763 2685 nunc
784 2642 857 2696 vos,
881 2641 1017 2706 quaeso,
1039 2622 1207 2705 perspicite
1230 2632 1325 2705 atque
1340 2623 1532 2704 cognoscite.
1567 2625 1638 2688 Non
1657 2626 1788 2709 ingene·

464 2726 574 2781 rantur
599 2715 779 2778 bominibus
809 2735 911 2778 mores
940 2724 1004 2779 tam
1032 2717 1169 2798 astirpe
1191 2717 1315 2798 generis
1336 2736 1373 2779 ac
1395 2716 1537 2790 seminis,
1567 2737 1662 2801 quam
1686 2741 1726 2782 ex
1748 2720 1787 2784 iis

466 2812 579 2884 rebus,
602 2829 683 2892 quae
706 2810 833 2892 abipsa
854 2817 967 2872 natura
988 2811 1078 2872 nobis
1101 2808 1140 2873 ad
1155 2810 1237 2873 vitae
1259 2809 1521 2873 consuetudinem
1536 2811 1787 2893 suppeditantur,

467 2905 582 2989 quibus
605 2903 717 2967 alimur
738 2912 770 2967 et
790 2905 934 2968 vivimus.
972 2903 1250 2986 Karthaginienses
1272 2903 1464 2966 fraudulenti
1487 2911 1519 2966 ct
1539 2903 1708 2968 mendaces
1723 2926 1787 2968 non

429 3010 457 3058 sn
466 3019 598 3083 genere,
621 2997 677 3061 sed
699 3005 811 3061 natura
834 2999 910 3072 loci,
933 2997 1019 3081 quod
1041 3005 1172 3080 propter
1191 3005 1301 3080 partus
1323 3017 1397 3060 suas
1418 2998 1525 3061 multis
1547 3005 1579 3060 et
1597 2999 1692 3062 variis
1706 3021 1787 3063 mer-

466 3101 607 3157 catorum
637 3099 669 3155 et
696 3094 887 3156 advenamm
915 3092 1113 3155 sermonibus
1136 3090 1175 3154 ad
1197 3091 1335 3153 studium
1357 3091 1488 3154 fallendi
1510 3092 1614 3155 studio
1637 3100 1785 3177 quaestus

466 3187 667 3250 vocabantur.
701 3188 831 3269 Ligures
853 3186 922 3248 duri
944 3193 1041 3268 atque
1063 3193 1222 3267 agrestes:
1241 3185 1348 3247 docuit
1369 3204 1443 3266 ager
1464 3186 1534 3267 ipse
1556 3186 1634 3248 nibil
1654 3187 1785 3250 ferendo

467 3281 529 3343 uisi
551 3280 649 3342 multa
672 3281 793 3343 cultura
816 3288 847 3342 et
867 3299 980 3361 magno
1003 3279 1109 3341 labore
1132 3278 1319 3361 quaesitum.
1353 3277 1503 3360 Campani
1522 3299 1645 3362 semper
1659 3281 1785 3362 superbi

466 3374 604 3436 bonitate
621 3392 766 3455 agrorum
783 3382 813 3437 et
826 3373 984 3436 fructuum
999 3370 1231 3454 magnitudine,
1253 3372 1339 3434 urbis
1354 3373 1545 3447 salubritate,
1564 3373 1786 3456 descriptione,

428 3467 711 3552 sepulchritudine.
755 3469 803 3530 Ex
824 3467 883 3529 bac
906 3466 997 3548 copia
1019 3473 1114 3549 atque
1132 3466 1270 3528 omnium
1290 3486 1394 3529 rerum
1409 3466 1569 3530 affluentia
1584 3468 1719 3550 primum
1733 3466 1787 3529 illa

533 3816 556 3865 t.
575 3814 697 3878 intelligas
713 3813 798 3863 EFP.
819 3838 845 3848 -
864 3812 888 3860 4.
908 3811 1012 3861 maneta
1028 3816 1063 3860 ast
1078 3809 1244 3874 Wesenberg
1260 3810 1305 3873 (ad
1322 3823 1361 3860 or.
1381 3824 1406 3874 p.
1420 3811 1504 3861 Sestio
1521 3823 1547 3874 p.
1560 3810 1625 3873 lbi:
1644 3812 1748 3864 deducta
1758 3815 1789 3865 sit

467 3890 500 3950 E3
519 3889 623 3939 deducta
638 3893 695 3937 suut
711 3889 744 3945 F;
766 3886 870 3936 deducta
885 3886 933 3948 fuit
949 3881 1062 3936 ALssO.
1087 3885 1125 3936 Ci.
1144 3885 1302 3949 Madvigium
1319 3887 1407 3948 Opino.
1426 3887 1457 3936 ll.
1476 3899 1502 3950 p.
1521 3887 1578 3937 222.
1603 3912 1629 3922 -
1660 3886 1683 3938 l.
1703 3891 1789 3952 mnibus

464 4022 561 4086 primus
578 4033 658 4070 annus
673 4019 737 4068 banc
754 4017 898 4079 Naugerius
915 4017 940 4065 in
958 4015 1001 4065 cd.
1019 4015 1126 4066 Aldina:
1145 4017 1232 4079 quibua
1243 4018 1342 4079 primm
1358 3965 1518 4067 mueqmm
1534 4017 1567 4076 Ε;
1586 4018 1675 4080 anton
1691 4022 1789 4082 prium

468 4109 549 4145 annus
565 4107 621 4144 cum
642 4093 707 4142 iane
723 4093 784 4149 FA3
809 4089 896 4152 quibus
918 4103 974 4139 cum
991 4091 1089 4151 primus
1105 4105 1186 4141 annus
1206 4093 1270 4143 lianc
1290 4093 1390 4155 Ussing.
1409 4119 1436 4128 -
1460 4093 1484 4142 7.
1503 4092 1597 4142 baculis
1617 4095 1647 4143 E.
1667 4120 1694 4129 -
1709 4109 1788 4157 prae-

467 4169 568 4234 toribus]
584 4168 741 4232 praetoribus
757 4167 862 4217 urbanis
878 4167 933 4216 EF.
945 4191 972 4200 -
982 4166 1090 4228 sardius
1106 4166 1201 4217 duabus
1216 4168 1281 4227 EG;
1298 4168 1393 4231 {witru
1408 4167 1503 4218 duabus
1519 4169 1573 4217 FP.
1587 4194 1614 4204 -·
1627 4169 1652 4218 9.
1667 4170 1789 4230 probatas

467 4301 655 4352 Lauredanus:
678 4298 792 4361 nabotis
808 4295 922 4349 arnt.
942 4320 969 4332 -
998 4298 1038 4348 44.
1057 4298 1172 4360 considis]
1190 4299 1285 4348 seruitii
1302 4299 1384 4348 EFP.
1404 4325 1431 4335 -
1458 4247 1590 4362 serdndinn
1606 4301 1639 4361 E,
1656 4302 1789 4364 [mundun

471 4378 498 4427 F.
521 4403 548 4412 -
568 4377 609 4426 ii.
626 4374 747 4438 vemendi
764 4375 784 4422 G
802 4374 829 4422 et
845 4370 1028 4422 Lauredanus:
1052 4377 1079 4422 ut
1095 4375 1187 4436 mnndi
1203 4372 1314 4425 Euat.
1333 4400 1360 4409 -
1383 4379 1457 4436 atque
1473 4389 1527 4426 om.
1545 4376 1658 4426 EFPA.
1683 4378 1789 4428 Addidit

468 4449 620 4502 Lambinus.
643 4447 682 4499 Cl.
701 4461 727 4511 p.
746 4446 866 4498 Cluentio
883 4446 907 4511 fi.
927 4445 967 4496 94.
991 4472 1019 4480 -
1045 4447 1085 4496 43.
1103 4448 1243 4514 supucilio]
1264 4450 1388 4511 praesidio
1405 4450 1461 4500 EF.
1481 4474 1508 4486 -
1534 4449 1573 4501 44.
1591 4453 1699 4503 Btossios
1715 4454 1788 4505 nis

468 4528 531 4577 TA:
556 4527 666 4589 Magios,
692 4523 799 4573 litanias
814 4535 875 4572 cum
896 4523 1026 4584 Naugerio
1049 4522 1087 4582 (in
1104 4523 1148 4573 ed.
1167 4524 1322 4588 Victoriana)
1340 4521 1423 4576 uso.
1451 4525 1489 4574 Ci.
1508 4526 1534 4576 in
1551 4527 1636 4579 Pison.
1655 4528 1679 4591 ἓ.
1699 4527 1739 4579 il.
1760 4555 1787 4564 ·-

467 4600 566 4650 inbelles
582 4600 668 4650 ΕΗ).
682 4624 708 4634 -
728 4599 768 4647 lb.
788 4601 810 4646 et
827 4599 887 4647 ante
905 4610 929 4645 v.
942 4598 969 4645 in
980 4609 1033 4646 om.
1046 4598 1074 4646 L.
1088 4623 1116 4632 -
1134 4598 1239 4647 sebiasia
1254 4600 1314 4656 EF3
1335 4605 1358 4649 ct
1373 4601 1400 4648 in
1411 4600 1524 4660 Seplasia
1535 4601 1562 4651 T.
1577 4627 1604 4636 -
1625 4603 1665 4652 46.
1680 4617 1790 4664 ρσνοιυι-

468 4676 590 4725 ciantium
606 4674 662 4724 ΕΡ.
678 4696 706 4708 -
723 4673 836 4734 praetor]
850 4685 878 4734 p.
891 4673 919 4721 R.
939 4672 1035 4721 414.-
1055 4684 1103 4732 quo
1119 4672 1283 4722 denuntiasset
1299 4669 1426 4722 Klotziirs:
1445 4676 1510 4734 quod
1529 4677 1683 4726 enurwiasset
1699 4678 1787 4737 EFP;

469 4753 528 4814 quid
539 4746 829 4801 muntiassetAL20.—
850 4749 889 4798 47.
905 4748 947 4810 qui
964 4748 1109 4796 bincltoma
1120 4748 1157 4798 E:
1175 4750 1231 4797 binc
1243 4749 1321 4798 itania
1337 4749 1379 4810 qui
1396 4750 1443 4798 ΡΑ
1454 4747 1535 4800 tto.
1554 4750 1643 4813 (Bonna
1659 4754 1732 4802 recia
1747 4766 1790 4802 su·

468 4829 589 4891 spectum
607 4828 648 4875 est
664 4825 753 4874 nescio
766 4823 862 4886 quibus
879 4822 950 4886 apud
961 4822 1145 4873 Lauredanum
1163 4827 1190 4873 et
1201 4825 1279 4874 Balio
1291 4824 1371 4873 Soloi.
1383 4824 1506 4885 liupoinn.
1519 4826 1560 4874 ill.
1579 4838 1605 4889 p.
1619 4826 1671 4886 75.)
1682 4851 1709 4860 -
1728 4826 1788 4891 min]

469 4907 521 4950 tam
538 4901 584 4950 EF
594 4902 621 4949 P.
643 4926 669 4935 -
692 4899 731 4950 ts.
749 4898 944 4948 nominabantur
961 4898 1016 4947 FP.
1035 4924 1063 4932 —
1079 4899 1253 4961 perspexerint
1268 4898 1297 4948 E.
1319 4924 1345 4935 -
1364 4898 1405 4946 bi.
1423 4899 1547 4960 agnoscite
1563 4900 1589 4948 F.
1610 4926 1634 4934 -
1655 4901 1697 4949 22.
1715 4899 1741 4964 a]
1759 4914 1791 4949 ec

470 4975 513 5024 ed.
532 4975 645 5034 luntina,
669 4975 726 5023 el..
751 5001 778 5009 -
805 4973 845 5036 ec]
868 4972 900 5021 ab
916 4974 943 5022 T.
969 5001 994 5008 -
1021 4973 1062 5022 23.
1081 4979 1176 5022 natura
1197 4974 1265 5024 nobis
1285 4975 1319 5022 ad
1335 4973 1400 5021 uitae
1416 4975 1613 5024 consuetudinem
1629 4978 1706 5025 vetus
1722 4974 1791 5025 liber

469 5048 601 5099 Turnebi:
620 5053 715 5098 natura
731 5048 800 5098 bonis
816 5062 833 5097 a
849 5049 903 5096 uita
919 5049 1092 5098 consuetudine
1107 5051 1196 5108 EFP;
1214 5055 1309 5098 natura
1325 5048 1394 5098 banis
1410 5049 1445 5097 ad
1459 5050 1529 5100 uitae
1538 5049 1737 5100 conuutudinem
1754 5052 1788 5108 G;

469 5129 564 5172 tratura
580 5122 649 5172 naus
665 5125 735 5172 auita
751 5138 768 5173 a
784 5124 955 5173 conmudins
971 5125 1007 5181 A3
1033 5129 1128 5174 natura
1143 5125 1191 5174 loci
1207 5130 1229 5174 et
1245 5138 1262 5173 a
1277 5124 1345 5173 uitae
1360 5124 1532 5174 consuetudine
1548 5137 1609 5174 curn
1627 5123 1670 5173 ed.
1689 5125 1791 5173 llerva-

470 5199 545 5262 gisna
562 5194 620 5257 L&
644 5204 737 5249 natwa
759 5200 808 5252 loci
823 5200 858 5248 ad
872 5199 938 5251 uitas
954 5200 1151 5251 emuntuainem
1167 5199 1196 5251 0.
1217 5227 1244 5236 -
1271 5198 1312 5249 27.
1330 5198 1433 5262 Ligures
1448 5198 1495 5248 EF
1504 5199 1536 5247 P:
1560 5199 1662 5263 Lipums
1677 5197 1792 5247 montani
