4367 6109
469 573 533 642 aaa
834 572 883 636 m
903 512 1419 638 mnaru‘acrrosrcnnna

469 748 516 817 sic
536 746 619 811 banc
632 743 770 809 Tertiam
791 740 913 816 dilexit,
934 748 971 804 ut
985 759 1054 804 eam
1068 759 1177 811 secam
1191 759 1233 804 ex
1246 738 1410 822 provincia
1423 738 1615 822 deportaret.
1645 734 1797 803 1111113

468 862 528 925 per
547 840 607 905 bos
629 839 714 913 dies,
743 855 814 900 cum
835 836 895 898 iste
917 855 989 898 cnm
1010 834 1108 917 pallio
1131 853 1288 917 purpureo
1310 833 1464 917 talarique
1484 834 1592 899 tunica
1611 839 1797 900 emeretur

469 937 503 1007 in
525 931 679 997 conviviis
700 928 923 1002 muliebribus,
945 947 1009 992 non
1031 925 1271 991 offendebantur
1285 926 1451 1003 homines,
1472 947 1578 1010 neque
1592 926 1733 993 moleste
1749 924 1796 991 fe·

468 1028 580 1092 rebant
600 1025 712 1089 abesse
733 1044 752 1087 a
773 1022 843 1086 foro
864 1023 1097 1104 magistratum,
1119 1039 1184 1082 non
1205 1019 1254 1083 ius
1270 1018 1346 1094 dici,
1367 1039 1431 1083 non
1444 1020 1563 1084 iudicia
1576 1018 1664 1087 fieri:
1685 1021 1795 1086 locum

441 1121 557 1193 ¹nillum
587 1118 688 1182 litoris
717 1134 901 1201 percrepare
930 1121 1029 1178 totum
1050 1111 1218 1177 mulierum
1239 1113 1369 1177 vocibus
1390 1121 1548 1197 cantuque
1569 1116 1794 1201 symphoniae,

465 1216 502 1281 in
520 1212 593 1289 foro
615 1211 777 1276 silentium
799 1229 870 1273 esse
892 1225 1049 1271 summum
1071 1225 1233 1271 causarum
1254 1215 1352 1291 atque
1374 1208 1462 1283 iuris,
1484 1228 1549 1273 non
1568 1209 1715 1275 ferebant
1735 1208 1794 1273 bo·

466 1310 569 1374 mines
583 1305 732 1378 moleste:
752 1323 819 1367 non
840 1303 924 1366 enim
945 1301 995 1365 ius
1016 1299 1347 1375 333333333331333
1367 1300 1435 1366 foro
1455 1322 1560 1387 neque
1581 1302 1713 1377 iudicia,
1736 1303 1793 1366 sed

466 1401 514 1467 vis
542 1406 575 1467 et
601 1397 772 1463 crudelitas
801 1405 833 1460 et
858 1396 1012 1461 bonorum
1034 1394 1147 1459 acerba
1168 1401 1200 1456 et
1226 1394 1356 1478 indigna
1378 1395 1524 1479 direptio.
1567 1393 1619 1460 32.
1640 1397 1793 1461 Huncin

465 1495 563 1577 131133
582 1494 805 1576 imperatorem
827 1509 898 1555 esse
919 1488 1081 1564 defendis,
1103 1488 1273 1552 Hortensii
1299 1488 1392 1553 buius
1414 1488 1512 1566 furta,
1532 1491 1679 1574 rapinas,
1701 1491 1794 1574 cupi·

430 1587 615 1662 ruditatem,
638 1584 872 1658 crudelitatem,
894 1583 1088 1666 superbiam,
1112 1581 1231 1656 scelus,
1253 1581 1417 1647 andaciam
1430 1593 1710 1669 rerumgestarum
1725 1604 1793 1649 ma·

465 1679 631 1764 qnitudine
660 1687 756 1765 atque
777 1678 987 1763 imperatoriis
1019 1676 1167 1739 laudibus
1188 1683 1295 1759 tegere
1317 1678 1463 1742 conaris?
1506 1678 1566 1743 llic
1595 1679 1719 1745 scilicet
1743 1686 1795 1744 est

466 1771 687 1847 metuendum,
709 1792 750 1836 ne
772 1771 812 1837 ad
834 1773 956 1836 exitum
979 1769 1174 1834 defensionis
1194 1779 1269 1834 tuae
1290 1778 1380 1837 retus
1398 1771 1454 1836 illa
1467 1773 1648 1837 Antoniana
1660 1771 1793 1839 dicendi

465 1868 547 1933 ratio
576 1862 671 1950 atque
693 1866 861 1931 auctoritas
882 1863 1078 1949 proferatur,
1109 1883 1150 1927 ne
1172 1865 1329 1929 excitetur
1349 1867 1479 1941 Verres,
1507 1887 1548 1931 ne
1570 1865 1794 1933 3333331333

464 1969 609 2046 pectore,
641 1978 682 2023 ne
710 1959 873 2024 cicatrices
901 1958 1037 2043 populus
1064 1957 1224 2021 Romanus
1253 1958 1408 2041 adspiciat
1429 1981 1470 2024 ex
1491 1960 1658 2025 mulierum
1678 1980 1793 2025 morsu

428 2055 599 2136 1133311313
628 2051 769 2119 libidinis
796 2059 892 2137 atque
912 2052 1086 2135 nequitiae.
1131 2047 1182 2114 33.
1203 2053 1243 2115 Di
1269 2052 1401 2128 faciam,
1428 2064 1465 2119 ut
1492 2055 1539 2119 rei
1560 2054 1725 2130 militaris,
1755 2062 1793 2120 ut

463 2149 541 2226 belli
567 2147 760 2213 mentionem
787 2145 891 2211 facere
919 2144 1054 2209 audeas!
1092 2145 1327 2228 Cognoscentur
1353 2148 1440 2211 enim
1471 2150 1579 2213 omnia
1599 2147 1693 2212 istius
1714 2166 1793 2213 aera

463 2243 520 2307 illa
539 2248 664 2317 331333,
692 2246 814 2303 utnon
835 2239 937 2304 solum
958 2241 993 2302 in
1014 2238 1164 2325 imperio,
1192 2259 1300 2304 verum
1322 2241 1417 2307 etiam
1442 2243 1473 2307 in
1496 2241 1661 2326 stipendiis
1681 2242 1792 2326 qualis

463 2335 573 2410 fuerit,
605 2333 808 2416 intelligatis:
835 2333 1037 2397 renovabitur
1063 2333 1164 2417 prima
1190 2332 1247 2397 illa
1267 2333 1396 2409 militia,
1424 2355 1496 2399 cum
1517 2337 1578 2400 iste
1600 2356 1617 2400 e
1640 2335 1711 2403 foro
1733 2337 1792 2401 sb-

464 2430 554 2506 duci,
576 2447 657 2505 non,
679 2435 715 2503 ut
733 2426 805 2509 ipse
825 2424 1002 2511 praedicat,
1023 2426 1154 2508 perduci
1168 2427 1307 2492 solebat:
1329 2428 1478 2494 aleatoris
1491 2429 1667 2497 Placentini
1687 2439 1793 2495 333133

427 2520 807 2594 3333333333333133,
837 2519 873 2582 13
894 2518 1010 2603 quibus
1031 2539 1103 2582 cum
1122 2519 1273 2604 frequens
1294 2521 1421 2597 fuisset,
1443 2529 1548 2589 13333
1569 2544 1643 2589 aere
1664 2522 1791 2589 dirutus

465 2625 530 2684 est:
557 2614 658 2681 murita
687 2615 758 2677 eius
785 2613 818 2679 in
849 2613 1016 2696 stipendiis
1045 2612 1160 2679 damna
1180 2613 1395 2698 proferentur,
1426 2637 1508 2701 quae
1529 2617 1569 2681 ab
1589 2618 1652 2683 isto
1672 2619 1792 2683 aetatis

463 2710 568 2775 fructu
598 2706 752 2771 dissobrta
779 2713 813 2770 et
840 2715 1041 2790 compensata
1069 2716 1153 2772 sunt.
1196 2704 1248 2771 at.
1270 2710 1336 2774 lam
1356 2729 1526 2775 varocum
1551 2711 1586 2772 in
1607 2711 1677 2775 aius
1698 2709 1791 2775 modi

462 2803 617 2888 patientia
637 2799 845 2882 turpitudinis
867 2800 987 2876 aliena,
1008 2821 1072 2865 non
1095 2821 1151 2867 sua
1172 2804 1315 2867 satietate
1337 2804 1555 2870 obduruisset:
1577 2805 1633 2888 qui
1647 2804 1698 2869 vir
1718 2805 1792 2871 fue·

462 2897 521 2972 rit,
549 2903 625 2980 quot
649 2893 825 2979 praesidia,
853 2914 949 2977 quam
974 2895 1097 2961 munita
1122 2894 1259 2979 pudoris-
1273 2905 1306 2960 et
1333 2898 1504 2981 pudicitiae
1529 2899 1561 2963 vi
1590 2906 1623 2961 et
1652 2897 1791 2965 audacia

426 2988 598 3075 receperit,
620 2988 698 3073 quid
719 3007 770 3059 me
795 2988 908 3053 attinet
929 2987 1034 3053 dicere
1063 3008 1101 3055 ac
1126 2991 1318 3073 coniungere
1341 3012 1412 3055 cum
1433 2992 1527 3057 istius
1545 2989 1665 3075 flagitio
1680 2993 1789 3057 cuius-

463 3103 557 3167 quam
576 3089 742 3167 praeterea
763 3081 921 3151 dedecus?
960 3083 1031 3145 Non
1059 3081 1189 3158 faciam,
1217 3083 1356 3149 iudicas:
1385 3086 1490 3150 omnia
1511 3093 1618 3151 vetera
1645 3093 1790 3170 3333133-

461 3177 598 3243 mittam:
631 3177 694 3243 duo
721 3175 790 3243 sola
816 3176 959 3241 recentia
984 3176 1053 3239 sine
1075 3177 1262 3262 cuiusquam
1290 3178 1420 3242 infamia
1440 3199 1573 3263 ponam,
1605 3199 1648 3243 ex
1668 3180 1788 3264 quibus

462 3271 675 3343 coniecturam
696 3270 800 3341 facere
816 3269 855 3332 de
870 3268 1177 3353 omnibuspossitis:
1199 3290 1298 3335 unum
1312 3271 1407 3347 illud,
1430 3273 1514 3355 quod
1531 3274 1575 3337 ita
1587 3272 1648 3338 fnit
1661 3273 1789 3337 illustre

461 3370 636 3447 notumque
658 3363 822 3438 omnibus,
844 3370 881 3425 ut
901 3383 994 3425 nemo
1012 3370 1075 3426 tam
1088 3364 1264 3427 rusticanus
1278 3365 1374 3428 bomo
1392 3366 1427 3429 L.
1442 3365 1575 3430 Lucullo
1590 3372 1623 3429 31
1636 3367 1678 3429 bf.
1695 3366 1789 3431 Cotta

423 3457 643 3523 accensulibus
666 3459 796 3520 Romam
818 3478 859 3522 ex
882 3456 947 3520 ullo
969 3456 1139 3540 municipio
1160 3459 1332 3522 vadimonii
1355 3479 1451 3526 causa
1472 3462 1608 3536 venerit,
1631 3460 1712 3545 quin
1726 3461 1789 3525 sci·

461 3557 510 3612 ret
530 3549 599 3613 iura
621 3551 727 3621 amnia
754 3550 910 3633 praetoria
931 3549 1043 3613 urbani
1065 3559 1144 3613 nutu
1167 3558 1262 3635 atque
1284 3552 1414 3615 arbitrio
1438 3553 1622 3618 Chelidonis
1644 3555 1789 3618 meretri·

461 3641 551 3707 culae
574 3643 760 3726 gubernari:
782 3643 930 3718 alterum,
952 3642 1055 3727 quod,
1078 3664 1149 3706 curn
1170 3643 1336 3726 paludatus
1358 3647 1477 3710 exisset
1490 3655 1627 3731 votaque
1645 3668 1704 3733 pro
1726 3650 1788 3713 im-

459 3737 549 3822 perio
572 3757 631 3802 suo
654 3739 876 3823 communique
891 3758 925 3802 re
946 3736 1075 3821 publica
1089 3745 1317 3819 nuncupasset,
1339 3748 1436 3804 noctu
1449 3740 1549 3825 stupri
1564 3761 1658 3809 causa
1671 3742 1788 3809 lectica
1886 3761 1889 3767 ·

460 3831 494 3894 in
522 3829 632 3897 urbem
659 3831 819 3899 introferri
848 3832 961 3896 solitus
988 3839 1037 3895 est
1064 3830 1106 3895 ad
1128 3830 1307 3907 mulierem,
1335 3840 1466 3916 nuptam
1486 3835 1562 3910 uni,
1587 3837 1785 3922 propositam

526 4151 550 4199 1.
567 4151 712 4210 reportaret
728 4146 792 4197 3311.
813 4173 841 4184 -
859 4149 884 4198 3.
901 4148 945 4198 ios
961 4147 1014 4198 aa:
1040 4161 1080 4200 eos
1097 4147 1161 4199 dett.
1180 4150 1209 4200 0.
1230 4175 1257 4185 -
1282 4150 1407 4213 13131333
1423 4151 1585 4203 Hotomanus
1602 4149 1661 4203 coll.
1679 4151 1704 4216 8.
1721 4153 1781 4205 aa:

457 4224 565 4290 parique
582 4221 661 4274 codd.
680 4223 708 4273 31
722 4222 789 4279 Nan.
808 4234 834 4287 p.
853 4221 910 4273 358.
931 4249 957 4259 -
976 4221 1000 4273 3.
1018 4222 1221 4276 1333331133
1247 4226 1356 4276 13333333
1372 4228 1398 4277 ic
1414 4240 1442 4278 33
1459 4225 1523 4277 3311.
1541 4229 1608 4278 Non.
1626 4227 1655 4277 0.
1675 4252 1703 4263 -
1721 4225 1747 4279 i.
1765 4241 1784 4278 3

460 4315 514 4355 om.
532 4301 616 4365 3330;
642 4299 668 4349 13
686 4300 817 4364 Rasup.
836 4296 881 4348 lin.
896 4300 953 4359 ast,
978 4297 1026 4351 sed
1050 4312 1065 4349 a
1088 4313 1129 4365 pr.
1147 4314 1184 4351 m.
1205 4328 1232 4338 -
1251 4300 1335 4352 lucam
1356 4301 1433 4365 1333.
1454 4303 1560 4366 praeter
1574 4301 1616 4353 30.
1643 4299 1783 4366 vulgatam

459 4378 548 4428 tuetur
563 4375 663 4427 Nonius
679 4386 706 4438 p.
725 4374 782 4425 333.
803 4399 830 4410 -
850 4376 875 4425 3.
893 4372 1051 4424 muliebribus
1065 4388 1120 4424 333.
1138 4376 1203 4426 Non.
1222 4373 1239 4426 l.
1258 4374 1317 4426 1.-
1337 4376 1361 4424 7.
1380 4389 1398 4424 3
1414 4388 1467 4426 om.
1485 4377 1563 4442 1333.
1582 4375 1740 4441 praeterit.
1753 4405 1780 4415 -

459 4451 484 4502 8.
503 4444 527 4500 ei
541 4450 646 4514 indique
659 4447 712 4498 113:
739 4454 814 4512 atque
830 4449 882 4499 133.
902 4449 967 4500 dett.
985 4450 1015 4499 0.
1035 4475 1062 4486 -
1081 4449 1160 4512 131133·
1175 4454 1204 4500 ta
1219 4451 1297 4514 3333.
1315 4453 1422 4516 praeter
1438 4448 1478 4501 13.
1498 4478 1525 4488 -
1547 4452 1585 4502 10.
1603 4452 1735 4503 audatiam
1749 4454 1782 4505 11.

460 4526 532 4588 (item
549 4522 614 4574 inira
631 4535 657 4573 v.
671 4522 722 4586 31.)
742 4550 769 4560 -
789 4526 829 4576 11.
846 4525 1015 4588 imperatoriis
1031 4524 1143 4587 333013
1162 4525 1202 4588 (31.
1222 4525 1434 4590 33333331.
1453 4525 1476 4589 5.
1489 4527 1514 4576 3.
1532 4527 1656 4578 13113113.
1674 4527 1700 4592 5.
1711 4526 1780 4592 3313

459 4597 617 4661 imperatoris
632 4597 685 4658 113,
708 4599 818 4663 63333.
837 4601 878 4651 sic
892 4601 984 4664 patriis
999 4601 1024 4651 13
1043 4601 1127 4662 patris
1142 4599 1317 4665 depravatum
1334 4603 1377 4652 est
1392 4600 1412 4649 l.
1430 4599 1454 4663 5.
1472 4600 1513 4651 93.
1532 4601 1604 4664 tae..
1630 4601 1672 4653 vel
1693 4604 1783 4668 potins

459 4675 601 4737 antiquitus
619 4673 659 4724 sic
674 4673 848 4727 scribebatur.
871 4705 898 4714 -
922 4676 962 4729 13.
980 4675 1120 4726 13333333.
1139 4674 1217 4738 3330.
1237 4702 1264 4711 -
1289 4677 1328 4728 18.
1346 4691 1360 4727 3
1375 4676 1431 4739 sora
1448 4677 1479 4726 Gt
1494 4675 1542 4727 Ld.
1563 4704 1590 4713 -
1610 4679 1655 4730 30.
1672 4692 1783 4730 333333-

458 4753 590 4803 morantur
605 4749 634 4800 11.
649 4773 677 4784 -
695 4763 754 4801 aere
770 4750 936 4813 3133313333.
954 4751 1015 4801 1311
1027 4750 1126 4799 dicmur
1140 4748 1247 4813 legitur,
1265 4751 1314 4803 333
1331 4749 1432 4814 syllaba
1448 4765 1482 4800 sas
1497 4751 1524 4801 13
1540 4749 1599 4802 1333
1616 4764 1678 4804 rasa
1694 4752 1729 4803 ab
1740 4753 1782 4805 al-

459 4827 517 4877 tera
532 4835 613 4875 mauu
629 4825 728 4888 scripta
744 4827 794 4876 cst.
809 4853 836 4863 -
849 4825 891 4878 31.
910 4828 975 4889 quod
986 4825 1118 4889 3333311113
1133 4825 1163 4876 11.
1177 4851 1205 4863 -
1222 4825 1263 4876 33.
1282 4839 1313 4876 33
1329 4827 1365 4877 113
1376 4823 1404 4875 i:
1424 4830 1469 4875 331
1484 4825 1562 4877 codd.
1574 4825 1631 4879 rell.
1644 4829 1665 4878 0
1682 4825 1780 4892 [recte;

460 4899 493 4951 31.
511 4899 615 4964 Zumpt.
638 4898 862 4966 33313311..
883 4926 909 4937 ·-
928 4902 969 4952 37,
991 4901 1106 4966 infamia]
1128 4902 1227 4967 1313313
1243 4902 1322 4966 1330.
1348 4928 1376 4939 -
1402 4902 1444 4953 38.
1468 4902 1571 4953 iniuste
1591 4903 1620 4954 11.
1640 4929 1668 4940 -
1691 4903 1733 4953 39.
1756 4904 1782 4954 31

459 4973 510 5026 Ra:
536 4987 589 5025 om.
608 4974 637 5024 0.
660 4972 777 5038 [Videtur
792 4981 817 5027 31
838 4990 853 5027 3
871 4978 948 5040 3333.
968 4978 1219 5039 33313333333333
1242 4975 1336 5028 saltem
1355 4977 1515 5030 Niebubrius
1531 4983 1623 5030 31333
1640 4978 1781 5043 exscripsit

459 5049 508 5101 nisi
526 5061 558 5098 ex
574 5046 617 5098 ed.
635 5048 727 5100 Lamh.
747 5050 820 5102 1363.
838 5054 866 5102 31
881 5050 981 5116 aliquot
997 5051 1054 5104 aliis
1072 5052 1145 5115 333,
1163 5052 1211 5105 scd
1229 5050 1300 5103 33113
1318 5065 1350 5102 ex
1368 5053 1438 5115 cod..
1457 5054 1529 5118 quod
1546 5055 1779 5120 propterzumptii

458 5126 546 5174 331313
565 5122 727 5178 monendum
745 5126 821 5191 erat]
835 5153 863 5162 -
882 5126 923 5176 30.
941 5139 974 5177 ec
990 5126 1123 5192 11131333.
1137 5154 1165 5165 -
1184 5126 1225 5178 31.
1238 5129 1365 5190 praem
1379 5129 1471 5179 333331
1487 5130 1533 5190 113,
1551 5128 1629 5181 codd.
1640 5128 1776 5181 Lambini:

455 5198 542 5260 popuii
558 5199 586 5248 11.
605 5198 670 5249 dett
689 5197 780 5263 [habat
794 5201 832 5250 R:
853 5200 880 5250 P.
893 5200 922 5250 11.
937 5199 1049 5263 arbori]
1067 5228 1096 5239 -
1114 5201 1155 5254 33.
1172 5215 1201 5254 rs
1213 5200 1315 5266 paetico
1329 5203 1364 5266 11,
1382 5201 1489 5256 33333.
1506 5201 1640 5266 Lambini,
1659 5203 1697 5256 33
1713 5203 1775 5256 bd:

454 5272 626 5338 3333113333.
644 5276 677 5326 Gt
698 5276 818 5340 313333.
836 5274 878 5326 vel
890 5275 984 5338 333313
999 5276 1028 5326 11.
