4367 6109
846 1156 891 1248 Μ.
916 1156 1059 1250 TULLII
1084 1155 1314 1251 CICERONIS

562 1382 1019 1476 ΟΒΑΤΙΟΝΙΙΜ
1074 1384 1599 1477 VERRINARUM

877 1613 1025 1671 LIBRI
1061 1612 1280 1673 SEPTEM.

977 1838 1182 1891 RECOGNOVIT

715 2014 852 2079 CAR„
884 2015 1149 2080 ADOHE·
1179 2015 1436 2081 lORDAH·

569 2544 858 2635 cuculo
899 2547 981 2632 IN
1039 2550 1089 2653 Q.
1135 2546 1566 2639 cnuclhlvos

758 2769 880 2840 Quas
910 2772 1158 2834 oivlnnulo
1186 2773 1387 2833 melsun.

833 3202 1031 3269 NOTARUM
1050 3206 1308 3270 EXPLICATIO.

543 3343 564 3394 1.
591 3341 701 3392 Conrcss
717 3353 855 3392 sationes:

414 3421 446 3471 ot
466 3437 496 3465 =
512 3415 719 3482 moissiacenses
734 3417 875 3480 antiquior,
893 3418 1125 3473 membranaceus.

414 3497 450 3549 (ez
465 3515 495 3541 =
511 3492 718 3558 musonianus
733 3494 865 3554 munem,
885 3495 1049 3547 chartaceus.
1075 3495 1162 3548 Ambo
1180 3495 1286 3549 codices
1301 3496 1362 3560 post
1372 3495 1524 3562 Zumptium
1539 3500 1662 3550 accurate
1673 3510 1740 3550 oon·

494 3569 618 3631 tulimus,
636 3581 690 3619 non
706 3580 806 3634 paucos
822 3570 880 3620 eius
897 3582 1004 3622 errores
1019 3572 1192 3633 correximus,
1209 3569 1292 3623 muita
1308 3574 1399 3622 autem
1416 3570 1513 3623 menda
1525 3574 1605 3637 atquo
1617 3574 1675 3625 eins
1691 3587 1740 3639 ge-

493 3646 567 3696 neris
583 3642 727 3704 lectiones.
746 3656 815 3709 quse
832 3642 928 3695 nuliius
944 3646 1021 3709 pretii
1038 3649 1142 3707 essent,
1160 3659 1213 3697 non
1230 3646 1454 3709 transcripsimus.

412 3720 451 3773 Μ
466 3738 496 3769 =
510 3720 635 3773 moestu
651 3732 667 3769 a
685 3721 754 3771 Petr.
773 3720 924 3769 Burmannc
941 3719 1104 3785 negligenter
1120 3719 1237 3771 collatus.
1267 3719 1315 3772 Ubi
1332 3720 1409 3771 huius
1426 3721 1525 3773 codicis
1541 3724 1630 3773 variae
1647 3721 1740 3775 lectio-

493 3808 543 3847 nes
561 3807 614 3845 non
631 3792 729 3847 diserte
747 3797 1006 3857 commemorantur,
1030 3793 1093 3844 nihii
1115 3794 1181 3844 cerii
1200 3794 1234 3844 de
1253 3807 1285 3844 eo
1302 3796 1413 3846 constat.
1444 3796 1496 3847 sed
1514 3810 1575 3848 cnm
1593 3810 1625 3848 er
1642 3796 1740 3851 ecdem

493 3872 579 3933 fonte,
602 3882 656 3935 quo
673 3872 703 3920 G.
718 3873 741 3920 4.
754 3870 791 3930 2.,
809 3868 940 3920 deductus
957 3871 1004 3930 sit,
1026 3868 1115 3919 denuo
1138 3882 1200 3919 eum
1217 3868 1338 3920 conterre
1355 3882 1408 3920 non
1425 3873 1483 3922 erat
1498 3884 1597 3937 operae
1613 3872 1737 3937 pretium.

493 3948 596 3999 Horum
613 3946 694 3997 mum
712 3944 835 3995 codicum
851 3956 1013 3995 consensum
1030 3944 1235 4007 significavimus
1251 3944 1297 3996 6³.

411 4035 473 4087 με
489 4024 563 4075 Vetas
583 4022 663 4074 ccicc
684 4020 711 4071 0.
730 4019 863 4082 Stephani,
890 4021 947 4070 sine
970 4017 1051 4069 dubio
1074 4031 1107 4069 ea
1129 4030 1241 4070 numero
1258 4020 1458 4085 parisiensium,
1484 4023 1738 4087 praestantissimus.

493 4098 643 4151 Editicnem
660 4096 689 4146 C.
708 4095 831 4143 Srsrasri
848 4092 1052 4156 stguiflcavimus
1068 4092 1106 4142 St.

412 4171 473 4225 λε
493 4174 567 4226 Vetus
581 4173 660 4223 endec
675 4168 802 4229 Lemni,
820 4168 885 4218 item
900 4168 1153 4232 praestantissimus,
1171 4167 1328 4236 plerumque
1346 4184 1408 4222 cum
1419 4186 1437 4233 ς
1448 4172 1612 4236 conspirans.
1637 4174 1737 4224 Horum

492 4248 609 4301 duorum
626 4245 748 4298 codicum
765 4244 851 4295 varias
868 4241 1008 4305 lectiones,
1029 4244 1160 4308 quotquot
1176 4244 1247 4310 apud
1264 4246 1427 4313 Stephanum
1444 4249 1471 4311 qt
1487 4246 1645 4299 Lambinum
1661 4249 1738 4298 inve-

493 4326 598 4385 nimus,
617 4321 783 4374 enoiavimus
799 4332 902 4371 omnes.

413 4401 435 4454 D
450 4420 479 4449 ·.-
494 4397 640 4452 Posisim
650 4408 691 4447 nr.
701 4394 785 4457 7823..
804 4393 838 4445 de
850 4407 904 4459 quo
916 4407 941 4444 v.
955 4393 1105 4459 Zumptium
1114 4407 1141 4457 p.
1151 4394 1204 4446 xii.
1223 4395 1333 4446 Videtur
1342 4409 1395 4446 non
1407 4395 1512 4447 differre
1525 4410 1540 4447 a
1551 4396 1738 4462 Siephauiano.

413 4476 535 4544 1429=
552 4471 799 4538 Lagomarsinianus
824 4483 864 4519 nr.
887 4469 933 4531 29,
960 4468 1184 4520 membranaceus
1205 4471 1278 4520 saec.
1301 4470 1366 4532 Ν,
1393 4472 1438 4537 qui
1460 4470 1578 4524 medium
1604 4470 1738 4536 quendam

492 4550 583 4605 iocum
600 4548 673 4600 unet
688 4548 758 4597 iuter
774 4543 898 4597 meliores
915 4547 943 4595 et
959 4543 1106 4597 deteriores
1123 4544 1245 4608 codices,
1263 4544 1312 4596 sed
1327 4547 1437 4612 propius
1453 4549 1543 4600 minen
1561 4547 1595 4597 ad
1614 4543 1738 4598 meliores

492 4623 605 4677 accedit.

413 4700 433 4755 C
449 4717 479 4741 =
494 4699 666 4762 Cuiacianus,
684 4711 718 4748 ex
734 4710 787 4762 quo
804 4695 890 4745 verine
907 4692 1033 4746 lectiones
1050 4692 1150 4758 aliquot
1165 4695 1282 4746 enotatit
1297 4696 1455 4760 Lambinus,
1473 4697 1543 4750 sicut
1556 4708 1588 4747 ex
1601 4691 1738 4746 codicibus

491 4774 671 4835 Memmiana,
689 4785 757 4837 quos
774 4770 979 4834 significavimus
997 4770 1069 4820 codd.
1084 4769 1138 4821 Lot.

411 4852 479 4903 Aa
493 4848 763 4903 Pseudo-Asconius.

412 4926 473 4977 8:
491 4924 637 4977 scholiasta
655 4923 845 4974 Gronovianus.

542 5011 574 5067 11.
603 5008 712 5061 Coorcss
728 5019 878 5058 osmaroass
895 5004 973 5071 (citt).

477 5084 534 5137 linc
554 5088 618 5138 sunt
637 5082 769 5135 reterendi
788 5080 1008 5147 Loqoniorsiaiooi
1031 5082 1090 5132 octo
1113 5079 1207 5147 reliqui
1229 5083 1253 5133 i.
1275 5084 1300 5133 5.
1319 5083 1344 5134 6.
1362 5081 1402 5134 tt.
1420 5083 1461 5133 ai.
1480 5078 1521 5133 it.
1539 5079 1580 5132 ii.
1599 5079 1656 5142 tc,
1683 5079 1736 5133 duo

412 5158 520 5211 Palatini
536 5158 653 5223 Graiam,
677 5158 761 5211 codex
780 5158 874 5219 Ursini,
898 5157 983 5208 codex
1005 5156 1152 5219 Hotoman,
1177 5155 1229 5207 duo
1254 5158 1392 5209 hannani
1417 5156 1533 5218 Graevii,
1560 5154 1738 5207 Innocuam

411 5236 555 5303 ὓιηῑοηίἰ,
570 5235 747 5302 liminum
762 5235 845 5299 fecii,
861 5232 1087 5297 unusquam
1103 5233 1158 5298 (Β),
1177 5232 1324 5287 &menne
1340 5234 1398 5301 (ψ),
1416 5234 1471 5285 tres
1486 5231 1637 5287 worm
1651 5229 1737 5287 trie
