4367 6109
467 544 530 616 tit
803 566 806 571 ·
838 550 881 614 ΙΝ
901 548 1069 615 VERREM
1088 547 1213 615 ACTIO
1235 547 1420 614 SECUNDA

467 742 541 806 prae
564 720 663 785 salute
685 739 742 783 sua
762 718 846 783 levia
867 717 1044 795 duxerunt3
1070 718 1125 802 qui
1146 719 1251 805 priore
1274 717 1398 781 actione
1420 716 1466 780 ita
1487 714 1669 780 testimonia
1690 718 1794 800 gravi·

467 822 516 878 ter
544 806 1003 898 vehementerquedixerunt,
1031 819 1067 877 ut
1093 813 1298 875 Artemonem
1321 809 1563 894 Centuripinum
1591 808 1733 894 legatum
1761 816 1794 872 et

466 909 594 993 publice
624 914 737 972 testem
765 907 805 983 Q.
835 906 1025 970 Hortensius
1053 913 1290 982 accusatorem,
1326 925 1392 969 non
1421 913 1534 969 testem
1563 925 1633 970 csse
1661 905 1792 970 diceret.

466 1003 593 1067 Etenim
613 1002 668 1066 ille
690 1022 762 1066 cum
784 1009 915 1086 propter
935 1001 1083 1064 virtutem
1106 997 1252 1064 attidem
1276 1020 1347 1063 cum
1361 998 1523 1075 Androne,
1544 1001 1674 1064 bomine
1692 1000 1794 1063 boue-

445 1096 607 1160 estissimo
636 1105 668 1159 et
695 1095 888 1171 certissimo,
919 1102 985 1159 tum
1015 1095 1110 1159 etiam
1138 1103 1270 1178 propter
1297 1096 1512 1179 eloquentiam
1540 1096 1663 1179 legatus
1684 1115 1703 1160 a
1725 1094 1793 1159 suis

468 1191 589 1254 civibus
611 1189 731 1254 electus
754 1196 811 1265 est,
833 1197 869 1252 ut
888 1198 998 1272 posset
1019 1189 1134 1252 multas
1155 1188 1250 1252 istius
1273 1196 1305 1252 et
1322 1189 1426 1252 varias
1442 1189 1574 1253 iniurias
1590 1211 1686 1274 quam
1702 1209 1794 1273 aper·

466 1284 586 1350 tissime
607 1284 697 1348 vobis
719 1283 968 1367 planissimeque
991 1283 1162 1365 explicare.
1184 1283 1279 1346 bxv.
1293 1283 1451 1346 Dixerunt
1466 1282 1620 1359 Halesini,
1643 1282 1794 1347 Catinen-

467 1400 532 1456 ses,
561 1377 786 1464 Tyndaritani,
808 1377 1012 1453 Hennenses,
1034 1377 1259 1451 Herbitenses,
1280 1376 1510 1461 Agyrinenses,
1539 1379 1664 1454 Netini,
1696 1379 1793 1460 Sege-

466 1476 565 1539 stani:
596 1492 780 1538 enumerare
803 1492 913 1536 omnes
936 1491 1001 1536 non
1024 1482 1074 1537 est
1093 1492 1236 1536 necesse.
1277 1471 1390 1545 Scitis,
1412 1491 1509 1555 quam
1533 1471 1624 1535 multi
1644 1480 1677 1535 et
1695 1491 1792 1556 quam

429 1570 565 1633 tumultu
585 1567 692 1651 priore
713 1567 840 1632 actione
861 1568 1015 1631 dixerint:
1038 1588 1126 1632 nunc
1147 1575 1179 1631 et
1193 1566 1240 1630 illi
1256 1572 1289 1629 et
1302 1565 1418 1649 reliqui
1433 1565 1550 1629 dicent.
1585 1560 1657 1629 i57.
1673 1564 1792 1630 Omnes

467 1661 606 1746 denique
627 1661 689 1725 boo
711 1661 746 1724 in
765 1660 826 1725 bac
848 1681 942 1726 causa
964 1661 1151 1744 intelligent,
1175 1661 1238 1723 hoc
1261 1659 1368 1722 animo
1390 1677 1460 1722 esse
1483 1659 1619 1734 Siculos,
1642 1667 1688 1736 ut,
1710 1661 1736 1723 si
1759 1660 1793 1722 in

466 1756 563 1821 latum
585 1753 838 1819 animadversum
859 1774 924 1818 non
946 1755 1004 1829 sit,
1026 1755 1087 1818 sibi
1109 1752 1336 1838 relinquendas
1358 1752 1470 1815 domos
1491 1773 1529 1816 ac
1550 1754 1643 1817 sedes
1665 1760 1794 1819 suaset

467 1869 508 1915 ex
523 1850 632 1914 Sicilia
654 1848 871 1912 decedendum
893 1854 989 1932 atque
1011 1849 1092 1913 adeo
1114 1847 1301 1932 fugiendum
1324 1866 1393 1911 esse
1415 1848 1615 1911 arbitrentur.
1647 1849 1716 1913 Hos
1735 1848 1794 1912 bo·

466 1945 569 2008 mines
591 1948 626 2005 tu
647 1941 853 2026 persuadebis
875 1942 914 2005 ad
942 1942 1098 2005 honorem
1127 1949 1225 2026 atque
1253 1941 1496 2025 amplitudinem
1525 1949 1612 2006 tuam
1638 1942 1793 2027 pecunias

430 2051 458 2101 te
467 2040 619 2102 maximas
640 2037 804 2100 voluntate
827 2056 885 2099 sua
907 2037 1105 2100 contulisset
1150 2035 1267 2111 Credo,
1290 2035 1346 2119 qui
1369 2042 1400 2099 te
1423 2037 1456 2099 in
1478 2043 1533 2099 tua
1554 2036 1682 2101 civitate
1703 2036 1793 2099 inco·

466 2131 582 2195 lumem
606 2150 675 2194 esse
696 2131 829 2205 nollent,
850 2130 884 2193 bi
907 2138 1112 2193 monumenta
1134 2135 1207 2192 tuae
1222 2129 1345 2194 termae
1363 2150 1400 2194 ac
1417 2130 1558 2194 nominis
1577 2131 1611 2193 in
1630 2131 1697 2195 suis
1716 2130 1793 2194 civi·

467 2225 584 2288 tatibus
606 2243 676 2287 esse
699 2224 878 2310 cupiebant.
921 2225 984 2286 Hes
1007 2221 1189 2298 declarabit,
1211 2231 1248 2288 ut
1269 2225 1438 2308 cupierint.
1475 2226 1541 2288 lam
1563 2223 1686 2289 dudum
1707 2225 1791 2288 enim

465 2318 543 2381 mibi
565 2317 698 2380 nimium
720 2318 859 2381 tenuiter
880 2317 1059 2380 Siculorum
1087 2337 1161 2400 erga
1186 2324 1218 2382 tc
1239 2319 1415 2383 voluntatis
1436 2324 1621 2401 argumenta
1643 2318 1792 2400 colligere

465 2411 593 2486 videor,
624 2417 732 2475 utrum
760 2417 880 2475 statuas
910 2410 1071 2474 voluerint
1099 2412 1156 2475 tibi
1186 2418 1324 2475 statuere
1346 2431 1387 2474 an
1410 2413 1512 2475 coacti
1534 2412 1608 2475 sint.
1651 2406 1724 2472 ⁴58.
1745 2409 1793 2471 De

428 2520 531 2590 loquo
553 2505 683 2569 bomine
705 2506 848 2569 auditum
868 2511 917 2568 est
926 2524 1089 2589 umquam,
1112 2506 1200 2590 quod
1214 2507 1270 2569 tibi
1290 2505 1415 2581 accidit,
1437 2513 1474 2569 ut
1491 2506 1560 2569 eius
1578 2506 1612 2568 in
1628 2501 1794 2587 provincia

467 2607 600 2684 statuae,
622 2600 657 2662 in
674 2599 753 2662 locis
770 2600 906 2682 publicis
927 2600 1049 2682 positae
1067 2600 1184 2683 partim
1203 2602 1297 2663 etiam
1316 2599 1350 2662 in
1371 2600 1503 2662 aedibus
1522 2599 1630 2673 sacris,
1652 2618 1711 2682 per
1729 2598 1793 2661 vim

467 2702 500 2758 et
520 2714 578 2778 per
598 2694 778 2757 universam
800 2692 1035 2757 multitudinem
1059 2692 1294 2757 delicerenturt
1330 2694 1392 2757 Tot
1412 2693 1559 2757 bomines
1581 2693 1616 2756 in
1637 2693 1714 2755 Asia
1735 2709 1794 2755 no·

467 2795 585 2861 centes,
607 2793 655 2850 tot
675 2787 709 2849 in
723 2786 838 2861 Africa,
860 2794 909 2850 tot
929 2787 962 2849 in
976 2787 1141 2870 Hispania,
1164 2786 1275 2861 Gallia,
1298 2787 1454 2861 Sardinia,
1478 2794 1526 2851 tot
1544 2787 1579 2848 in
1596 2786 1668 2869 ipsa
1683 2784 1794 2848 Sicilia

465 2882 611 2946 fuerunt:
634 2899 737 2964 ecquo
759 2878 799 2942 de
820 2879 950 2943 bomine
971 2880 1034 2944 hoc
1048 2901 1201 2966 umquam
1215 2880 1404 2944 audivistis?
1431 2883 1557 2945 Novum
1572 2889 1631 2954 est,
1653 2878 1792 2942 iudices:

428 2977 501 3042 attin
517 2974 632 3039 Siculis
655 2973 785 3058 quidem
808 2979 840 3036 et
860 2973 893 3035 in
916 2973 1062 3037 omnibus
1085 2974 1213 3038 Graecis
1236 2975 1367 3038 monstri
1390 2975 1503 3039 simile.
1537 2976 1608 3037 Non
1631 2972 1792 3037 crederem

465 3071 528 3136 hoc
549 3069 590 3131 de
612 3067 734 3142 statuis,
756 3067 818 3130 nisi
839 3067 978 3130 iacentes
1000 3069 1208 3152 revulsasque
1225 3067 1387 3143 vidissem,
1410 3075 1580 3153 propterea
1600 3069 1688 3152 quod
1706 3066 1793 3151 apud

466 3182 578 3227 omnes
599 3160 736 3225 Graecos
757 3161 810 3224 bic
830 3180 899 3224 mos
922 3167 985 3236 est,
1012 3169 1048 3224 ut
1068 3161 1224 3226 bonorem
1250 3162 1433 3226 hominibus
1459 3162 1602 3226 habitum
1624 3163 1658 3225 in
1679 3181 1794 3225 monu-

466 3258 582 3323 mentis
603 3252 773 3319 eiusmodi
796 3254 950 3317 nonnulla
971 3255 1126 3338 religione
1148 3255 1282 3320 deorum
1296 3257 1473 3320 consecrari
1488 3257 1690 3320 arbitrentur.
1720 3251 1792 3318 459.

465 3354 576 3437 ltaque
590 3349 717 3423 Rhodii,
738 3348 794 3432 qui
817 3369 916 3433 prope
938 3351 998 3413 soli
1019 3349 1140 3414 bellum
1162 3348 1241 3415 illud
1263 3351 1410 3434 superius
1433 3371 1505 3413 cum
1519 3348 1704 3415 Mithridate
1718 3369 1793 3433 rege

428 3450 633 3530 sogesserunt
654 3462 830 3526 omnesque
852 3444 922 3506 eius
943 3444 1052 3527 copias
1074 3445 1327 3529 acerrimumque
1349 3446 1503 3528 impetum
1520 3446 1698 3521 moenibus,
1720 3445 1794 3509 lito·

465 3541 556 3604 ribus
578 3537 884 3620 classibusquesuis
907 3546 1119 3620 exceperunt,
1144 3548 1268 3614 mmen,
1291 3559 1362 3602 cum
1386 3539 1416 3602 ei
1437 3539 1504 3621 regi
1527 3538 1646 3604 inimici
1668 3546 1795 3622 praeter

466 3642 590 3698 ceteros
612 3637 728 3706 essent,
749 3638 887 3694 statuam
908 3633 988 3707 eius,
1010 3651 1093 3716 quae
1118 3641 1184 3696 erat
1205 3632 1292 3716 apud
1313 3634 1402 3717 ipsos
1423 3633 1457 3694 in
1479 3632 1686 3697 celeberrimo
1705 3632 1793 3694 urbis

465 3729 554 3804 loco,
576 3747 616 3790 ne
638 3734 706 3790 tum
727 3724 858 3809 quidem
878 3726 913 3787 in
934 3726 1013 3808 ipsis
1034 3726 1123 3790 urbis
1144 3726 1296 3810 periculis
1317 3727 1506 3810 attigerunt:
1529 3747 1566 3790 ac
1587 3725 1720 3790 forsitan
1738 3726 1794 3788 rix

466 3822 636 3888 convenire
657 3818 830 3894 rideretur,
852 3839 948 3903 quem
969 3819 1075 3903 ipsum
1096 3820 1259 3885 bominem
1280 3826 1432 3904 cuperent
1452 3829 1612 3897 evertere,
1634 3820 1703 3884 eius
1725 3819 1794 3881 etli-

531 3990 556 4040 4.
570 4001 620 4051 pro
637 3985 705 4051 LgiS
722 3985 760 4036 ev
771 4000 804 4046 φ.
823 3987 856 4036 At
872 3983 905 4035 ci.
919 3984 1003 4036 Hand.
1016 3987 1090 4037 lura.
1104 3987 1147 4037 lV.
1165 3999 1191 4051 p.
1205 3985 1262 4037 226.
1277 4012 1304 4022 -
1318 3986 1446 4036 ducemini
1462 3987 1540 4050 lagg.
1553 3986 1573 4037 n
1584 3986 1607 4035 V
1617 3999 1656 4048 cp:
1675 3983 1795 4034 2422222222

466 4064 492 4115 bi
502 4065 532 4115 A.
547 4088 575 4100 —-
593 4064 618 4113 2.
636 4063 755 4112 dicerunt
770 4062 849 4124 4233.
867 4061 886 4110 Β
898 4059 919 4109 V
931 4074 969 4121 m:
987 4061 1099 4111 (22222222
1115 4062 1140 4113 44
1150 4062 1180 4111 A.
1200 4062 1329 4121 Quattuor
1344 4060 1385 4111 bis
1402 4059 1466 4111 locis
1484 4074 1545 4112 cum
1561 4063 1675 4125 uterque
1697 4060 1793 4110 modus

466 4141 539 4191 recte
556 4138 657 4189 admitti
674 4137 771 4202 possit,
790 4135 912 4186 codicum
929 4136 1112 4186 auctoritatem
1124 4137 1255 4201 potiorem
1266 4136 1352 4187 secuti
1363 4148 1466 4186 sumus.
1484 4135 1607 4187 Similiter
1617 4136 1719 4186 variant
1729 4132 1793 4185 boni

466 4213 544 4265 oodd.
563 4212 629 4265 inira
646 4212 671 4277 5.
690 4211 809 4262 sternit.
830 4237 857 4247 —
884 4211 908 4260 3.
928 4211 957 4272 0.
976 4223 1029 4261 om.
1048 4209 1079 4261 V.
1094 4238 1122 4248 -
1140 4211 1166 4263 4.
1183 4211 1225 4260 ille
1239 4224 1297 4260 crea
1312 4209 1332 4261 B
1345 4211 1370 4262 H
1382 4211 1433 4261 ev:
1452 4225 1508 4262 esca
1524 4212 1565 4261 tlte
1581 4211 1662 4275 egam
1680 4209 1721 4261 itte
1737 4221 1792 4260 om.

465 4287 533 4350 rell..
552 4290 583 4338 ut
596 4287 711 4338 videtur.
731 4313 759 4322 —
778 4287 803 4336 7.
821 4284 890 4335 aab&
912 4285 989 4350 4342.
1010 4312 1037 4321 -
1059 4286 1082 4337 8.
1101 4288 1227 4337 Enaeases
1242 4287 1272 4336 0.
1293 4312 1320 4322 -·
1338 4287 1438 4337 Neitiai
1455 4287 1537 4351 Lgi2;
1554 4286 1698 4337 Netineuses
1713 4281 1792 4335 codd.

465 4362 522 4414 rell.
541 4364 569 4414 et
586 4363 647 4414 edd.
668 4389 695 4400 -
714 4362 740 4413 9.
761 4374 908 4412 aamaerare
928 4362 997 4411 coni.
1020 4363 1055 4411 L:
1080 4366 1104 4412 et
1124 4375 1258 4412 2222222222
1279 4362 1320 4422 ll3
1346 4375 1481 4412 2222222222
1497 4363 1543 4412 222.
1561 4362 1591 4412 0.
1611 4388 1639 4398 -
1657 4362 1708 4412 scta
1724 4359 1794 4424 bgli

464 4452 492 4505 p.
510 4452 564 4499 m.;
581 4439 628 4489 2242
644 4438 684 4498 ai;
702 4436 764 4486 satis
779 4436 827 4486 dit.
848 4462 875 4472 -
894 4447 972 4498 quam
987 4436 1059 4486 matti
1074 4442 1099 4488 et
1114 4451 1168 4489 om.
1187 4436 1256 4501 2342
1272 4449 1300 4502 p.
1316 4448 1352 4488 m.
1370 4437 1405 4487 ti.
1426 4461 1451 4474 -
1473 4434 1793 4498 remuneransis

464 4526 547 4581 pm.
567 4541 595 4550 -
623 4515 662 4564 43.
689 4513 753 4562 odeo
769 4524 824 4562 om.
843 4509 911 4574 4342
928 4525 955 4576 p.
974 4523 1011 4563 m.
1036 4539 1064 4549 -
1091 4509 1131 4563 44.
1149 4513 1268 4562 bonorem
1283 4510 1313 4573 4,
1340 4510 1400 4561 cod.
1423 4511 1499 4560 liet:
1521 4510 1626 4561 bonores
1646 4509 1694 4560 dtt.
1713 4508 1744 4559 0.
1764 4535 1791 4545 —

465 4588 700 4652 amplitudinemque
717 4585 793 4650 2329.
814 4612 842 4622 -
861 4587 902 4636 26.
920 4586 939 4635 is·
956 4585 1017 4636 edd.
1036 4589 1099 4638 ante
1116 4588 1189 4637 Grut.
1206 4586 1236 4635 0.
1254 4587 1288 4635 At
1304 4586 1337 4637 ct.
1356 4585 1380 4649 s.
1394 4587 1450 4636 tto.
1465 4612 1493 4622 -
1513 4586 1552 4636 it.
1571 4584 1708 4636 declarabit
1724 4581 1794 4647 ugia

464 4676 491 4727 p.
511 4676 547 4715 m.
568 4664 610 4714 bl:
637 4661 775 4713 2222222222
788 4662 833 4711 ctt.
850 4661 880 4712 0.
900 4687 928 4701 -
949 4665 978 4711 ut
993 4661 1115 4723 2222222222
1132 4661 1178 4709 rut
1194 4660 1372 4710 canusimum
1395 4659 1528 4723 glossema
1547 4658 1693 4711 delendum
1711 4661 1793 4722 puto·

465 4739 552 4788 Garat.
571 4738 601 4787 li.
622 4763 650 4775 -
674 4737 715 4787 20.
733 4737 779 4786 boe
795 4736 892 4786 bosniae
908 4734 977 4799 4342
993 4749 1020 4799 p.
1039 4748 1091 4796 m.;
1115 4735 1212 4785 bomtm
1232 4734 1279 4784 boe
1294 4735 1323 4785 i..
1341 4734 1406 4786 test
1429 4736 1471 4799 (ex
1488 4736 1533 4798 Fi]
1555 4735 1584 4785 0.
1605 4763 1633 4772 -
1651 4735 1693 4785 22.
1710 4738 1734 4784 et
1747 4745 1794 4796 per

464 4811 528 4875 4φε
548 4817 572 4862 22
587 4824 640 4862 om.
659 4811 707 4862 (222
726 4810 756 4862 0.
777 4837 804 4847 -
823 4811 969 4860 2222222222
983 4810 1054 4860 mut.
1075 4808 1144 4873 ugia
1162 4822 1190 4873 p.
1207 4820 1246 4860 m.
1266 4835 1295 4845 -
1313 4807 1354 4860 24.
1371 4809 1464 4873 terqua
1480 4808 1563 4874 4342ς
1588 4816 1611 4861 et
1627 4824 1677 4874 ouo
1693 4810 1742 4862 dtt.
1763 4836 1791 4846 -

464 4887 595 4937 2222222222
611 4885 679 4950 igit
696 4899 723 4950 p.
742 4898 794 4936 m.:
813 4886 940 4936 auditurus
956 4885 1069 4948 432944ς
1088 4883 1231 4934 meam
1247 4885 1293 4934 ott.
1311 4883 1341 4934 0.
1361 4909 1389 4921 -
1407 4883 1448 4934 28.
1466 4885 1586 4935 asamar·
1603 4885 1632 4937 l:
1652 4883 1793 4936 samam

465 4961 513 5012 dit.
532 4960 561 5011 0.
582 4988 610 4998 -
634 4961 675 5011 29.
695 4960 782 5011 nocais
808 4960 851 5023 pai
873 4957 942 5022 1.ng
954 4973 992 5020 m:
1016 4958 1104 5010 iibodti
1124 4972 1182 5009 2222
1201 4958 1347 5022 meam
1369 4972 1427 5008 msa
1442 4958 1530 5009 ilbodtt
1547 4959 1596 5011 dtt.
1615 4962 1644 5012 0.
1666 4988 1693 4997 -
1708 4975 1752 5024 pr.
1770 4973 1791 5010 s.

465 5034 488 5086 b.
506 5036 569 5085 illud
585 5034 651 5098 4φε
669 5033 693 5085 b.
712 5035 738 5084 ii.
754 5048 782 5097 p.
800 5046 821 5085 2.
840 5033 888 5084 dit.
907 5034 936 5083 0.
951 5061 980 5069 -
998 5032 1039 5083 30.
1057 5038 1185 5099 gessem
1200 5032 1283 5099 legit:
1300 5033 1420 5097 gesserint
1435 5049 1469 5097 φ,
1487 5036 1533 5086 ott.
1552 5036 1581 5085 0.
1598 5063 1625 5073 -
1637 5036 1698 5099 ieap.
1710 5049 1790 5087 moen.

464 5109 518 5163 su
529 5125 567 5172 m:
586 5112 638 5161 etus
653 5110 714 5173 imp.
727 5121 745 5158 a
759 5121 840 5158 22222.
855 5109 899 5158 ctt.
912 5134 940 5144 -
959 5107 1000 5158 34.
1018 5113 1169 5172 2222222222
1185 5108 1254 5160 conl.
1272 5108 1387 5173 Zumpt,
1405 5111 1547 5172 acceperint
1563 5109 1652 5171 codd,
1671 5111 1751 5161 etiam
1767 5125 1791 5173 φ

465 5185 494 5235 0.
514 5211 542 5220 -
561 5189 644 5235 tames
660 5182 725 5245 4φι
744 5195 798 5234 om.
817 5184 863 5233 cit.
881 5182 911 5232 0.
931 5181 1070 5249 -eirept
1086 5181 1151 5248 4φε
1169 5183 1336 5249 2222322222.
1355 5182 1384 5232 0.
1403 5198 1433 5222 ·-
1451 5183 1492 5235 32.
1509 5182 1789 5250 2222434222.-

465 5257 506 5309 33.
524 5271 556 5309 ac
571 5257 640 5322 ugia
656 5270 684 5325 p.
699 5271 751 5312 m.:
770 5269 825 5312 om.
843 5258 889 5311 ctt.
907 5256 938 5310 0.
