4367 6109
826 629 901 694 cu.
921 577 1080 695 v-vn.
1102 627 1159 713 ss.
1182 625 1329 694 u-la.
1684 622 1747 690 na

417 798 530 862 statuis
551 802 809 885 ornamentisque
831 800 966 883 publicis
988 800 1080 875 iecit,
1102 800 1159 863 sed
1181 801 1275 864 etiam
1290 799 1423 862 delubra
1445 801 1564 874 omnia,
1586 799 1748 862 sanctissi-

417 894 476 956 mis
496 893 704 976 relip'onibus
725 902 925 968 consecrata,
949 894 1161 978 depopulatus
1183 902 1248 958 est:
1271 894 1366 956 deum
1390 893 1528 976 denique
1549 893 1672 956 nullum
1698 891 1748 954 Si·

417 986 516 1062 culis,
538 987 594 1071 qui
617 988 647 1051 ei
669 987 766 1070 paulo
789 988 888 1070 magis
910 988 1028 1051 affabre
1049 996 1146 1071 atque
1165 989 1297 1070 antiquo
1312 985 1444 1048 artiticio
1458 985 1560 1049 iactus
1574 985 1746 1059 rideretur,

417 1080 556 1164 reliquit.
598 1081 635 1143 In
657 1083 775 1164 stupris
796 1101 872 1144 vero
895 1088 927 1143 et
948 1083 1072 1164 flagitiis
1095 1082 1231 1144 nefarias
1254 1081 1322 1143 eius
1336 1079 1484 1143 libidines
1499 1098 1746 1143 commemorare

417 1174 540 1258 pudore
561 1175 739 1250 deterreor;
761 1175 854 1238 simul
870 1174 996 1238 illorum
1012 1176 1223 1238 calamitatem
1239 1173 1515 1237 commemorando
1529 1192 1645 1256 augere
1659 1173 1747 1248 nolo,
1769 1176 1784 1224 ὅ

418 1267 535 1351 quihus
556 1267 674 1332 liberos
696 1269 912 1351 coniugesque
934 1288 1008 1331 suas
1029 1271 1168 1352 integras
1190 1268 1230 1332 ab
1251 1269 1343 1330 istius
1364 1268 1539 1350 petulantia
1559 1286 1746 1330 conservare

418 1379 481 1423 non
510 1360 633 1424 licitum
663 1370 721 1425 est.
765 1358 816 1425 15.
840 1364 881 1425 At
909 1364 993 1425 enim
1015 1363 1095 1426 haec
1117 1365 1160 1425 ita
1182 1364 1351 1426 commissa
1372 1363 1503 1424 suntab
1524 1364 1599 1437 isto,
1620 1370 1657 1425 ut
1681 1381 1746 1424 non

417 1456 543 1538 cognita
570 1457 635 1519 sint
663 1456 703 1520 ab
733 1456 892 1519 omnihus.
944 1456 1113 1520 Hominem
1142 1476 1212 1519 esse
1242 1456 1376 1518 arbitror
1402 1459 1577 1532 neminem,
1605 1457 1661 1540 qui
1689 1475 1747 1518 no-

416 1568 489 1613 man
510 1550 603 1613 istius
625 1550 775 1624 audierit,
798 1552 876 1633 quin
897 1550 980 1613 facta
995 1571 1126 1634 quoquc
1148 1553 1217 1614 eius
1234 1550 1355 1613 nefaria
1370 1570 1614 1613 commemorare
1629 1550 1746 1634 possit,

416 1651 452 1707 ut
472 1643 550 1707 milri
571 1645 671 1726 magis
693 1644 869 1707 timendum
891 1646 946 1719 sit,
968 1665 1009 1707 ne
1033 1645 1132 1708 multa
1154 1646 1286 1708 crimina
1306 1646 1573 1727 praetermittere,
1595 1663 1690 1727 quam
1706 1648 1784 1706 nell

416 1756 480 1821 qua
501 1739 535 1800 in
556 1739 652 1801 istum
674 1734 792 1821 lingere
813 1739 984 1802 existimer.
1016 1740 1128 1822 Neque
1143 1739 1228 1802 enim
1244 1738 1320 1801 mihi
1334 1737 1460 1800 videtur
1473 1738 1552 1801 haec
1567 1736 1746 1810 multitudo,

416 1850 499 1916 quae
529 1830 570 1894 ad
597 1831 791 1894 audiendum
814 1834 978 1906 convenit,
1006 1852 1199 1915 cognoscere
1221 1852 1261 1895 ex
1282 1851 1333 1895 me
1355 1851 1483 1895 cansam
1504 1832 1660 1905 voluisse,
1689 1828 1746 1892 sed

416 1944 560 2008 eaquae
583 1927 643 1989 scit
663 1945 787 1988 mecum
810 1945 1047 2008 recognoscere.

500 2018 553 2081 Vl.
576 2019 667 2095 Quae
697 2038 769 2081 cum
797 2020 841 2082 ita
869 2020 949 2094 sint,
978 2021 1038 2083 iste
1066 2021 1163 2083 homo
1185 2040 1294 2084 amens
1316 2041 1352 2084 ac
1374 2020 1518 2105 perditus
1539 2021 1602 2084 alia
1624 2038 1746 2082 mecum

413 2114 538 2177 ratione
560 2119 691 2197 pugnat
735 2114 805 2175 Non
833 2113 870 2176 id
900 2114 980 2196 agit,
1008 2121 1044 2177 ut
1073 2115 1208 2178 alicuius
1238 2115 1454 2199 eloquentiam
1483 2114 1559 2176 mihi
1588 2118 1785 2197 opponat3⁴t

414 2229 480 2272 non
507 2208 625 2291 gratia,
655 2227 720 2270 non
746 2209 934 2270 auctoritate
960 2208 1166 2291 cuiusquam,
1197 2229 1262 2272 non
1284 2210 1426 2293 potentia
1447 2208 1569 2271 nititur.
1614 2207 1748 2270 Simulat

413 2303 464 2367 his
485 2322 522 2366 aa
544 2302 640 2365 rebus
662 2298 838 2364 confidere:
870 2300 936 2384 (sed
959 2301 1067 2375 video,
1097 2303 1175 2385 quid
1197 2311 1286 2384 agat3
1319 2323 1425 2386 neque
1447 2303 1531 2365 enim
1553 2303 1620 2387 agit
1641 2300 1747 2365 occul·

414 2393 563 2479 tissimez)
586 2398 737 2480 pmponit
757 2397 865 2459 inania
884 2397 962 2460 mihi
977 2396 1168 2470 nobilitatis,
1189 2396 1330 2470 honest,
1351 2397 1515 2460 hominum
1531 2397 1746 2480 arrogantium

415 2494 557 2566 nomina,
580 2489 724 2575 quinon
746 2496 810 2552 tam
833 2510 883 2552 me
905 2489 1099 2573 impediunt,
1122 2490 1210 2573 quod
1225 2491 1347 2553 nobiles
1362 2499 1452 2566 sunt,
1475 2511 1569 2575 quam
1586 2491 1746 2562 adiuvant,

416 2587 503 2671 quod
524 2587 593 2649 noti
616 2593 699 2647 sunt.
733 2584 868 2647 Simulat
889 2604 923 2646 se
939 2604 1048 2647 eorum
1063 2583 1224 2668 praesidio
1240 2581 1415 2659 confidere,
1437 2606 1509 2647 cum
1523 2587 1644 2648 interea
1659 2581 1784 2646 aliudto

416 2680 569 2765 quiddam
591 2679 655 2742 iam
677 2677 732 2740 din
754 2678 961 2740 machinetur.
1006 2674 1056 2740 16.
1080 2678 1183 2753 Quam
1205 2699 1294 2760 spem
1317 2699 1402 2741 nunc
1423 2678 1586 2743 habeatin
1602 2676 1746 2740 manibus

416 2772 547 2857 etquid
569 2772 734 2847 moliatur,
756 2772 894 2834 breviter
915 2773 996 2845 iam,
1019 2772 1156 2845 iudices,
1179 2773 1269 2834 vobis
1292 2792 1460 2856 exponam.
1491 2771 1554 2833 Sed
1576 2772 1682 2854 prius,
1711 2777 1747 2833 ut

415 2867 454 2930 ab
482 2867 574 2931 initio
603 2885 654 2929 res
675 2867 714 2928 ab
737 2886 775 2928 eo
805 2868 976 2929 constituta
1007 2869 1063 2941 sit,
1095 2886 1232 2949 quaeso,
1262 2867 1454 2949 cognoscite.
1498 2867 1538 2927 Ut
1564 2867 1699 2948 primum
1727 2882 1745 2926 θ

415 2960 581 3045 pmvincia
607 2959 716 3035 rediit,
744 2959 922 3042 redemptio
952 2968 1001 3023 est
1027 2961 1123 3024 huius
1145 2960 1253 3023 iudicii
1276 2960 1358 3023 lacta
1379 2959 1490 3043 grandi
1513 2960 1656 3042 pecunia.
1699 2960 1746 3020 Ea

416 3056 531 3119 mansit
551 3056 585 3118 in
607 3054 796 3117 condicione
818 3062 915 3137 atque
939 3042 1157 3138 pactonsque
1178 3054 1220 3117 ad
1242 3075 1315 3117 eum
1337 3051 1447 3130 finem,
1470 3054 1545 3116 dum
1561 3052 1681 3116 iudices
1695 3063 1781 3114 reat

416 3149 489 3211 iccti
511 3156 595 3210 sunt.
631 3150 842 3233 Posteaquam
864 3150 993 3212 reiectio
1016 3148 1157 3211 iudicum
1178 3147 1261 3211 facta
1284 3156 1346 3222 est,
1369 3148 1456 3232 quod
1479 3156 1511 3210 et
1532 3149 1563 3210 in
1579 3148 1745 3210 sortitione

416 3243 506 3306 istius
535 3262 625 3325 spem
653 3241 782 3304 fortuna
803 3243 915 3325 populi
936 3243 1069 3306 Romani
1092 3244 1178 3304 etin
1200 3242 1380 3305 reiiciendis
1402 3241 1560 3305 iudicibus
1581 3259 1652 3303 mea
1674 3238 1746 3302 dili·

415 3337 522 3418 gentia
535 3336 668 3399 istorum
684 3335 912 3418 impudentiam
927 3339 1055 3409 vicerat,
1070 3339 1250 3399 renuntiata
1265 3344 1313 3398 est
1327 3344 1394 3399 tota
1409 3335 1564 3398 condicio.
1586 3328 1637 3395 17.
1653 3334 1746 3395 Prae·

415 3430 499 3492 clare
530 3449 565 3491 se
594 3450 645 3492 res
674 3429 821 3492 habebat.
864 3431 977 3493 Libelli
1000 3432 1163 3493 nominum
1186 3439 1363 3494 vestrorum
1386 3428 1574 3511 consiliique
1595 3428 1691 3490 huius
1712 3427 1744 3489 in

415 3524 560 3587 manibus
584 3531 673 3586 erant
695 3527 858 3587 omnium:
880 3524 969 3587 nulla
988 3532 1078 3597 nota,
1101 3525 1209 3587 nullus
1224 3525 1328 3598 color,
1349 3523 1457 3586 nullae
1472 3521 1582 3584 sordes
1596 3519 1782 3583 videbun-ao

415 3626 466 3681 tur
494 3618 545 3680 his
576 3619 740 3680 sententiis
766 3618 854 3681 allini
884 3637 996 3700 posse,
1027 3638 1099 3679 cum
1127 3619 1187 3679 iste
1209 3626 1341 3700 repente
1364 3637 1404 3680 ex
1425 3616 1521 3679 alacri
1543 3624 1639 3698 atquc
1661 3615 1745 3676 laeto

415 3714 460 3776 sic
488 3719 557 3775 erat
583 3711 712 3774 humilis
740 3719 836 3794 atque
866 3711 1039 3784 demissus,
1071 3718 1107 3773 ut
1135 3730 1200 3772 non
1228 3710 1323 3772 modo
1353 3711 1475 3794 populo
1502 3712 1661 3781 Romano,
1688 3706 1744 3769 sed

416 3807 511 3868 etiam
534 3805 593 3868 eibi
615 3806 684 3886 ipse
707 3804 934 3867 condemnatus
956 3804 1128 3867 videretur.
1170 3805 1254 3866 Ecce
1276 3813 1381 3866 autem
1409 3812 1539 3886 repente
1560 3801 1611 3864 his
1633 3801 1745 3864 diebus

415 3899 525 3982 paucis
557 3898 692 3960 comitiis
727 3898 947 3960 consularibus
976 3897 1068 3960 sactis
1099 3897 1209 3961 eadem
1238 3898 1292 3960 illa
1321 3906 1429 3961 vetera
1455 3896 1587 3961 consilia
1608 3895 1745 3978 pecunia

416 3993 536 4055 maiore
557 3998 744 4072 repetuntur
766 3990 960 4075 eaedemque
975 3999 1099 4054 vestrae
1120 3991 1224 4055 famae
1238 3991 1438 4076 fortunisque
1454 3992 1596 4055 omnium
1609 3989 1798 4052 insidiaeao·

416 4105 472 4169 pcr
501 4083 629 4147 cosdem
658 4083 804 4148 homines
827 4093 1059 4167 comparantur.
1098 4085 1188 4160 Quae
1210 4105 1260 4147 res
1282 4085 1401 4169 primo,
1431 4085 1569 4159 iudices,
1598 4085 1744 4167 pertenui

415 4178 506 4242 nobis
528 4184 714 4261 argumento
736 4177 919 4260 indicioque
937 4177 1095 4260 patefacta
1110 4187 1174 4241 est:
1196 4188 1269 4263 post
1283 4188 1394 4262 aperto
1409 4180 1599 4262 suspicionis
1613 4179 1744 4242 introitu

416 4271 455 4336 ad
470 4274 577 4335 omnia
590 4273 701 4335 intima
715 4271 848 4335 istorum
861 4272 995 4334 consilia
1005 4273 1074 4335 sine
1085 4272 1152 4335 ullo
1167 4292 1274 4336 errore
1288 4275 1500 4357 pervenimus.
1523 4275 1590 4336 Vll.
1603 4270 1654 4336 18.
1664 4275 1744 4336 Nam

477 4515 502 4564 2.
522 4513 736 4576 depopulatorem
752 4508 915 4573 GangC:
936 4513 1237 4574 depeculotcrertdtt.0.
1257 4513 1375 4578 clads.
1391 4517 1430 4565 tt.
1447 4542 1473 4553 -
1494 4516 1518 4567 3.
1537 4517 1568 4579 ct]
1586 4516 1741 4567 cirilli.-

414 4589 438 4640 d.
457 4589 489 4640 od
510 4589 732 4639 isttue--licitom
753 4592 787 4637 ort
813 4585 904 4637 Claud.
928 4587 1036 4637 Sacerd.
1062 4589 1088 4637 in
1110 4586 1184 4639 Anci.
1209 4601 1321 4651 gramm.
1347 4602 1373 4654 p.
1393 4590 1435 4640 lt.
1453 4616 1480 4627 ·-
1500 4593 1642 4653 petulantia
1664 4590 1742 4640 Prob.

413 4678 440 4729 p.
460 4663 516 4715 lli.
534 4662 608 4715 Lind.
630 4689 657 4699 -
678 4662 717 4714 tl.
736 4663 791 4712 otia
807 4664 905 4713 racione
920 4676 1017 4712 mecum
1033 4663 1085 4722 Ga,
1103 4675 1201 4712 macron
1217 4664 1271 4713 otio
1287 4665 1384 4714 ratione
1400 4667 1426 4714 S.
1442 4691 1469 4702 -
1490 4667 1530 4716 17.
1548 4668 1585 4717 tis
1602 4668 1634 4717 Gt
1656 4666 1704 4716 al:
1723 4668 1745 4716 tr

414 4740 458 4789 63,
477 4738 545 4789 alibi
561 4738 588 4789 in
605 4740 637 4788 Gt
651 4739 666 4787 2
689 4751 738 4803 pro
759 4740 790 4787 iis
812 4742 839 4787 et
855 4738 892 4786 tis
909 4750 1018 4801 semper
1034 4735 1242 4800 6311161113.-
1261 4752 1286 4789 aa
1302 4752 1355 4790 om.
1370 4741 1416 4789 Gt.
1433 4768 1460 4777 -
1479 4742 1520 4790 31.
1539 4742 1666 4807 quiddam]
1684 4743 1744 4804 quid

412 4817 443 4864 Α.
459 4839 486 4850 —-
505 4814 550 4862 dio
564 4814 724 4864 machinetur
741 4811 832 4863 claud.
846 4815 904 4863 sac.
918 4825 944 4876 p.
958 4812 999 4862 73.
1021 4839 1047 4848 —
1066 4814 1107 4863 22.
1125 4814 1194 4863 vodis
1210 4826 1263 4864 om.
1282 4813 1329 4864 dtt.
1341 4815 1370 4864 0.
1386 4841 1413 4851 -
1432 4816 1473 4865 23.
1492 4815 1523 4864 od
1539 4817 1611 4867 initio
1628 4830 1681 4866 om.
1696 4819 1742 4868 63.

415 4915 442 4924 -
456 4888 488 4938 no
504 4902 532 4939 oo
550 4901 603 4939 orn.
617 4890 649 4939 Gt
666 4890 768 4953 Zumpt.
796 4890 876 4938 ltccte
893 4885 963 4950 vulg.
977 4886 1098 4937 defendit
1114 4889 1207 4939 Kahat.
1226 4886 1243 4937 l.
1257 4887 1274 4938 l.
1292 4902 1319 4954 p.
1333 4891 1357 4940 5.
1370 4915 1399 4926 -
1418 4903 1451 4939 ac
1465 4904 1537 4953 prov.
1549 4893 1581 4941 Gt
1597 4892 1695 4941 Osann.
1708 4891 1743 4942 ad

413 4965 478 5028 ltep.
495 4976 522 5028 p.
536 4964 593 5015 439.
608 4991 635 5001 -
653 4959 1105 5026 al.paceaeont.rriuscn.l.1.-
1125 4964 1166 5013 Eo
1181 4965 1245 5014 AS:
1265 4977 1318 5014 om.
1332 4964 1411 5016 codd.
1424 4992 1451 5001 -
1469 4967 1510 5016 25.
1523 4966 1661 5016 conditione
1677 4968 1740 5017 AS:

413 5039 505 5089 ᾱῖῖῖοω
524 5052 547 5089 s.
572 5039 677 5088 dictione
693 5038 771 5089 codd.
793 5065 820 5074 -
839 5039 880 5088 t'l.
897 5038 958 5100 sort.
976 5037 1128 5099 reipublicae
1144 5036 1203 5087 cod.
1222 5039 1282 5088 llot.
1301 5041 1397 5090 Osann.
1418 5040 1451 5090 ed
1469 5042 1533 5104 ltep.
1552 5053 1578 5103 p.
1597 5039 1665 5101 366..
1681 5054 1741 5103 pop.

413 5113 483 5163 noro.
500 5113 560 5176 (ort.
573 5115 591 5163 s
605 5114 639 5177 (p.
654 5112 731 5175 398.l,
750 5114 795 5176 qni
812 5115 950 5177 praeterea
968 5110 1042 5162 addit
1055 5114 1227 5178 perfrepemt,
1245 5114 1318 5175 qnod
1334 5114 1458 5180 probavit
1474 5115 1596 5165 Garaton.
1615 5117 1648 5164 at
1664 5128 1743 5179 «spes

413 5187 575 5252 iapinpitm
602 5189 685 5250 (Orat.
711 5188 735 5251 ᾗ.
755 5189 804 5249 6.),
831 5202 885 5238 non
906 5188 1083 5252 perfringitur.
1106 5216 1133 5226 -
1157 5188 1198 5238 28.
1224 5189 1336 5238 condicto
1357 5190 1460 5239 Asconii
1483 5188 1544 5238 edd.
1564 5191 1627 5238 vett.
1646 5191 1673 5238 et
1690 5191 1741 5240 MS.

413 5261 486 5312 Leid.
511 5262 553 5325 (ci.
572 5264 637 5314 lton.
656 5265 675 5313 l.
694 5276 720 5327 p.
740 5264 816 5326 tta),
834 5265 975 5328 agroetius
990 5277 1017 5331 p.
1035 5264 1110 5314 227⁴.
1128 5264 1169 5314 P.:
1189 5263 1316 5323 dicioG43
1342 5263 1466 5313 conclusio
1485 5265 1522 5313 63
1534 5263 1589 5326 ld3
1614 5265 1744 5318 conductio

413 5335 492 5402 vulgo
508 5337 538 5389 0.
