4367 6109
658 591 728 659 nr..
750 593 789 658 v.
816 590 891 658 on.
913 590 1198 659 nxvnr-nrn
1226 589 1286 677 sa
1308 587 1497 661 art-rso.
1673 592 1738 661 aso

418 760 559 827 studium
579 767 669 824 tuum
692 760 860 826 defendere
882 760 1025 836 solebas,
1054 781 1163 846 earnm
1189 761 1309 828 hahere
1333 763 1367 828 in
1386 763 1449 828 hoo
1468 763 1598 829 homine
1618 765 1739 831 nnllam

417 861 521 941 potes.
564 853 656 930 Quae
676 856 735 919 ista
757 855 790 919 in
811 854 975 940 provincia
995 855 1099 939 palam
1121 855 1297 933 dictitabat,
1324 877 1396 921 oum
1419 876 1471 933 ea,
1494 878 1577 943 qnae
1596 858 1740 936 iaciebat,

417 955 475 1014 tua
494 968 531 1014 se
550 947 667 1014 liduoin
687 949 790 1013 lacera
813 949 948 1024 dicebat,
969 968 1007 1012 ea
1027 970 1067 1014 no
1089 969 1164 1013 vera
1184 958 1345 1033 putentur,
1366 951 1425 1015 tihi
1446 953 1581 1016 maxime
1603 958 1739 1037 estpro-

418 1041 603 1107 ridendum.
636 1042 750 1106 LXIX.
772 1037 843 1105 t77.
864 1043 931 1126 ligo
952 1043 1016 1106 mei
1036 1043 1190 1107 rationem
1210 1046 1273 1108 iam
1294 1044 1392 1108 offieii
1412 1045 1538 1109 oontido
1552 1065 1623 1110 assa
1638 1047 1740 1110 omni-

415 1134 483 1223 huq
501 1134 709 1220 iniquissimis
727 1136 807 1201 meio
821 1134 1030 1221 persolutam
1051 1156 1125 1200 nam
1138 1135 1233 1201 istum
1246 1138 1356 1221 paneis
1370 1138 1458 1204 horis
1471 1140 1592 1223 primae
1604 1140 1762 1205 aetioniss

417 1230 560 1293 omnium
582 1229 762 1295 mortalium
783 1228 949 1293 sententiis
970 1229 1194 1294 oondemnavi:
1223 1230 1383 1314 reliquum
1410 1231 1564 1299 iudicium
1590 1233 1655 1298 iam
1675 1255 1740 1299 non

417 1323 458 1388 da
480 1342 551 1388 mea
572 1323 654 1400 lide,
676 1343 759 1406 quaa
781 1331 945 1408 perspecta
967 1328 1030 1400 est,
1051 1343 1110 1388 neo
1132 1321 1171 1387 de
1193 1324 1285 1388 istius
1306 1325 1388 1401 vita,
1410 1344 1493 1410 qnae
1514 1326 1661 1392 damnata
1681 1335 1740 1404 ast,

418 1418 475 1483 sed
495 1418 534 1482 de
556 1418 713 1483 indicibus
733 1425 775 1492 at,
796 1423 927 1482 verant
948 1416 1060 1494 dicam,
1083 1418 1123 1481 de
1145 1424 1178 1481 te
1198 1417 1339 1482 intnrum
1361 1426 1419 1484 est.
1450 1420 1491 1484 lt
1512 1440 1578 1504 quo
1599 1428 1739 1506 tempore

415 1512 560 1577 futurum
581 1515 651 1576 est?
678 1510 762 1594 (nam
782 1510 816 1575 id
845 1510 982 1574 maxime
1009 1511 1242 1595 providendum
1271 1518 1335 1589 ast;
1363 1513 1480 1578 etenim
1500 1532 1572 1580 eum
1593 1515 1739 1578 omnilrus

416 1607 452 1670 in
469 1605 576 1683 rebus,
599 1613 667 1670 tum
689 1607 723 1670 in
743 1625 778 1668 re
799 1604 928 1688 publiea
947 1607 1112 1689 permagni
1132 1605 1284 1669 momenti
1305 1612 1355 1671 ert
1369 1607 1450 1670 ratio
1465 1613 1561 1690 atqua
1574 1606 1777 1677 inclinatiore

417 1697 624 1784 temporum)
655 1719 770 1783 nempe
800 1718 859 1774 eo,
888 1718 960 1764 eum
987 1700 1124 1785 populus
1152 1701 1312 1764 Romanus
1339 1701 1427 1766 alind
1454 1720 1554 1784 genus
1574 1700 1740 1767 hominnm

417 1803 514 1878 atque
536 1795 634 1859 alium
657 1793 802 1858 ordinem
824 1793 865 1858 ad
886 1812 938 1856 ras
959 1793 1145 1858 indicandas
1166 1794 1317 1878 requirit:
1338 1815 1453 1879 nempe
1473 1795 1545 1878 lege
1559 1795 1598 1859 de
1612 1794 1739 1860 iudiciis

416 1886 639 1973 iudicibusque
662 1889 754 1951 noris
774 1885 990 1971 promulgata,
1018 1907 1113 1971 quam
1134 1889 1247 1952 nonis
1269 1890 1495 1973 promulgavit,
1526 1906 1589 1971 quo
1610 1892 1739 1953 nomino

417 1983 624 2066 proscriptam
646 1981 770 2056 videtis,
793 1981 849 2045 sed
870 1980 923 2044 hie
944 2000 1028 2056 reus,
1048 1981 1119 2057 lrie,
1139 1983 1284 2065 inquam,
1305 2003 1363 2049 aua
1384 2004 1441 2068 spe
1463 1990 1557 2067 atque
1578 1983 1739 2067 opinione,

417 2095 513 2160 quam
535 2075 575 2138 de
596 2075 688 2139 vobis
708 2075 813 2150 habat,
835 2075 938 2158 legem
953 2075 1039 2140 illam
1053 2077 1252 2141 scribendam
1268 2077 1594 2161 promulgandamque
1608 2078 1777 2144 curavit-te

418 2165 490 2233 d78.
511 2170 622 2253 ltaque
644 2189 716 2232 eum
737 2169 838 2252 primo
860 2188 953 2252 agere
974 2170 1152 2252 coepimus,
1175 2170 1229 2235 lex
1248 2190 1314 2235 non
1335 2177 1403 2235 erat
1421 2170 1638 2256 promulgata:
1668 2189 1740 2234 enm

416 2267 479 2329 ista
499 2271 607 2328 vestra
627 2262 796 2328 severitate
808 2270 972 2347 permotus
987 2263 1085 2330 multa
1099 2264 1190 2348 signa
1204 2264 1344 2340 dederat,
1366 2283 1462 2349 quam
1476 2265 1517 2329 ol)
1530 2282 1597 2329 rem
1608 2282 1741 2348 respon·

416 2377 512 2422 surus
532 2376 597 2421 non
617 2355 795 2433 videretur,
823 2357 941 2421 mentio
969 2356 1009 2420 de
1029 2356 1101 2440 lege
1126 2359 1212 2423 nulla
1232 2360 1337 2425 fiebat
1379 2361 1589 2444 Posteaquam
1609 2359 1670 2422 iate
1690 2378 1740 2424 re·

419 2450 518 2516 meari
540 2460 573 2517 et
594 2450 771 2515 confirmari
792 2450 879 2515 visus
900 2458 964 2527 est,
986 2450 1039 2515 lex
1059 2455 1164 2518 statim
1185 2454 1383 2540 promulgata
1403 2461 1460 2518 est
1503 2452 1561 2516 Cui
1581 2453 1646 2536 legi
1666 2472 1739 2518 eum

418 2553 523 2613 sesua
545 2545 681 2629 dignitas
702 2544 906 2610 vehementer
925 2545 1118 2622 adversetur,
1139 2548 1229 2612 istius
1250 2567 1323 2631 spes
1343 2547 1424 2612 falsa
1443 2554 1476 2612 et
1491 2547 1626 2630 insignis
1639 2547 1776 2631 impu-ao

417 2642 527 2709 dentia
555 2641 691 2704 maxime
719 2640 917 2722 suffragatur.
967 2640 1081 2704 Hirri
1115 2642 1192 2725 quid
1219 2643 1279 2706 erit
1304 2643 1504 2707 commissum
1532 2662 1552 2707 a
1578 2661 1739 2726 quoquam

415 2743 576 2810 reanum,
606 2733 692 2820 qnod
721 2733 985 2818 reprehendatur,
1019 2743 1075 2799 aut
1099 2737 1236 2820 populus
1264 2739 1422 2801 Romanus
1450 2735 1602 2802 iudicabit
1629 2737 1671 2801 de
1699 2756 1738 2801 eo

415 2832 564 2905 homine,
593 2848 686 2914 quem
707 2830 769 2893 iam
790 2837 863 2893 ante
885 2827 1012 2894 iudiciis
1033 2829 1199 2914 indignum
1221 2832 1361 2916 putavit,
1393 2839 1449 2897 aut
1466 2833 1506 2907 ii,
1535 2832 1590 2912 qni
1610 2837 1740 2916 propter

416 2927 624 2994 offensionem
653 2922 839 2987 indiciorum
867 2922 907 2987 da
938 2925 1097 2989 veteribus
1126 2925 1281 2991 iudicibus
1310 2925 1379 3010 lege
1407 2944 1490 2992 nora
1517 2925 1593 2991 nori
1618 2925 1738 2990 indiees

419 3028 511 3088 amnt
533 3018 705 3084 consdtnti
737 3018 835 3081 lxx.
858 3013 930 3081 479.
952 3018 1030 3084 Mihi
1051 3039 1155 3103 porro,
1176 3028 1211 3084 nt
1224 3040 1283 3104 ego
1296 3040 1362 3085 non
1376 3021 1490 3098 diram,
1511 3023 1583 3107 quis
1597 3022 1775 3090 omniumr

416 3115 597 3183 mortalium
629 3132 696 3177 non
727 3111 890 3194 intelligit,
923 3133 1018 3197 qnam
1051 3114 1145 3197 longe
1176 3115 1324 3200 progredi
1353 3115 1396 3180 sit
1420 3118 1572 3183 neeesse?
1622 3116 1737 3180 Potero

416 3211 525 3285 silere,
556 3206 728 3272 Hortensii
758 3214 870 3290 potero
898 3207 1114 3283 dissimulare,
1141 3229 1213 3274 eum
1240 3218 1362 3274 tantum
1389 3232 1441 3276 res
1468 3211 1595 3297 publiea
1621 3210 1737 3275 vulnus

416 3303 590 3389 aeoeparit‚
623 3309 660 3365 nt
686 3300 826 3386 expilata
850 3303 1026 3385 provincia,
1058 3305 1164 3368 vexati
1190 3304 1286 3380 socii,
1305 3296 1358 3367 di'
1379 3305 1572 3371 immortales
1599 3304 1737 3391 spoliati,

415 3400 500 3464 eires
513 3396 647 3460 Romani
669 3396 800 3460 eruciati
822 3403 854 3457 et
873 3396 976 3459 necati
998 3397 1127 3480 impune
1144 3418 1196 3462 me
1209 3404 1316 3463 actore
1331 3419 1401 3464 essa
1414 3399 1603 3464 rideantnrt
1623 3404 1736 3483 potero

415 3512 476 3577 ogo
495 3491 558 3555 hoo
579 3510 660 3553 onus
681 3497 800 3553 tantum
823 3490 931 3553 autin
952 3489 1012 3552 hoe
1033 3491 1152 3556 iudicio
1175 3491 1332 3576 deponere
1354 3500 1410 3557 ant
1429 3495 1542 3559 tacitus
1559 3493 1773 3560 sustineretao

414 3590 485 3652 Non
506 3582 656 3668 agitanda
676 3603 728 3648 res
750 3584 830 3647 erit?
851 3603 915 3647 non
936 3585 969 3646 in
990 3584 1131 3648 medium
1150 3586 1362 3669 proferenda?
1383 3607 1449 3651 nen
1469 3582 1581 3671 populi
1602 3586 1736 3650 Romani

415 3679 494 3745 lidos
514 3678 733 3762 imploranda?
754 3697 820 3741 non
840 3697 961 3754 omnes,
982 3680 1037 3763 qui
1061 3685 1150 3743 tanto
1170 3700 1205 3744 se
1227 3681 1345 3745 scolere
1366 3680 1610 3757 obstrinxerant,
1630 3689 1667 3744 nt
1682 3687 1737 3745 aut

414 3773 511 3840 fldem
530 3790 621 3836 snam
643 3772 800 3857 eorrumpi
820 3779 1004 3856 paterentur
1017 3781 1071 3836 aut
1084 3772 1236 3838 iudieinm
1250 3783 1498 3860 corrumperent,
1518 3775 1553 3838 in
1566 3773 1735 3837 discrimen

415 3877 472 3935 aut
491 3867 638 3932 iudioium
662 3866 818 3931 vocandi?
861 3861 932 3928 t80.
961 3867 1099 3942 Quaeret
1124 3867 1242 3951 aliquis
1270 3869 1420 3933 lamae:
1451 3876 1615 3933 tantumno
1639 3867 1737 3950 igitur

414 3964 569 4038 laborem
598 3966 700 4026 tanus
726 3960 905 4026 inimicitias
931 3967 981 4024 tot
1006 3959 1171 4024 hominnm
1200 3973 1403 4046 suscepturus
1430 3966 1489 4027 est
1529 3966 1602 4026 Non
1630 3960 1773 4030 studiose

415 4055 544 4142 quidem
563 4054 691 4118 lrereule
712 4054 778 4118 ullo
800 4074 907 4138 neque
927 4053 1105 4118 voluntate:
1133 4054 1189 4119 sed
1218 4075 1282 4119 non
1310 4057 1394 4121 idem
1423 4057 1498 4121 lieet
1521 4057 1618 4131 mihi,
1647 4054 1734 4138 qnod

479 4243 686 4306 910999-
704 4240 729 4292 t.
749 4239 1020 4291 iomrottoaomdett.
1040 4239 1112 4289 0.-
1131 4240 1473 4305 e.psamasaccsoson.-
1492 4241 1516 4293 9.
1534 4238 1733 4292 aoatmdett

414 4321 444 4371 0.
459 4345 486 4356 -
500 4320 526 4369 t.
540 4317 654 4381 perfeeto
668 4316 744 4379 lgna.
760 4329 847 4366 -eoe
862 4314 952 4366 eona:
969 4316 1153 4379 mamae
1170 4329 1249 4377 aequa
1264 4318 1294 4368 de
1309 4315 1733 4380 0.-a.uaaatcaoas1g²t.-

414 4397 439 4446 9.
457 4393 522 4458 eran]
539 4398 592 4444 m
607 4393 686 4455 lagg.
704 4394 811 4456 praeter
827 4392 868 4441 99.
883 4418 911 4428 -
924 4393 964 4442 tn.
981 4403 1068 4453 rampe
1083 4404 1116 4442 ea
1131 4391 1183 4456 tege
1199 4393 1263 4444 dett.
1281 4394 1311 4444 0.
1325 4419 1353 4431 -
1367 4393 1407 4444 ta.
1419 4395 1490 4444 aeota
1500 4405 1554 4445 om.
1565 4392 1644 4458 9399.
1656 4391 1737 4457 {sotir

413 4468 471 4522 rell.
489 4469 580 4534 lagg.)
598 4491 626 4503 -
645 4480 693 4530 qao
710 4465 746 4518 99
765 4465 857 4529 (Madv.
875 4479 903 4531 p.
922 4465 1002 4529 mdlx
1020 4467 1091 4516 errare
1106 4466 1171 4518 dett.
1190 4469 1219 4519 0.
1239 4492 1266 4506 -
1284 4469 1380 4519 medat
1395 4469 1474 4534 rgso.
1489 4496 1517 4506 -
1535 4468 1576 4520 tt.
1590 4468 1736 4531 promr'mo

413 4547 443 4597 9.
458 4571 485 4584 -·
499 4545 542 4597 tr.
559 4542 720 4606 φνοηιοὸνοω
735 4541 781 4604 99,
800 4542 879 4606 tgna,
896 4539 952 4592 alit:
972 4542 1131 4605 quarem
1142 4542 1296 4606 mtoorrell.
1309 4546 1387 4608 lagg.
1407 4543 1455 4609 [Do
1466 4543 1536 4608 egra
1546 4541 1618 4606 apud
1629 4543 1733 4606 Zumpt.

413 4635 441 4686 p.
458 4620 515 4672 999.
534 4621 653 4671 erratum
669 4617 731 4680 est]
748 4642 778 4655 -
796 4617 838 4668 90.
855 4618 1032 4668 Moeram
1047 4615 1112 4668 dett.
1133 4643 1162 4654 -
1179 4617 1265 4680 irpad.
1283 4619 1313 4669 9.
1331 4644 1360 4656 -
1377 4619 1418 4670 99.
1438 4618 1607 4681 reprendatur
1621 4616 1651 4665 9.
1664 4639 1692 4651 -·
1705 4616 1736 4666 de

412 4693 785 4756 wtmmslteodddnmb..
798 4692 874 4745 dett:
892 4691 1414 4754 daeodentornioseodd.t.arnb.,(÷t2;
1431 4693 1462 4744 de
1478 4691 1670 4744 wemmam
1685 4689 1733 4741 ld

413 4770 498 4821 -99,
511 4775 587 4821 mm
598 4770 630 4829 0;
650 4774 726 4821 oeteo
739 4769 900 4832 991933.-
915 4771 1018 4830 proterat
1034 4769 1069 4829 9;
1086 4769 1149 4819 hino
1165 4769 1233 4820 coni.
1251 4769 1294 4819 Or.
1306 4770 1331 4819 9.
1345 4774 1462 4833 patos-at,
1481 4767 1569 4819 Halm:
1583 4765 1690 4830 putarit.
1704 4790 1732 4802 -

413 4851 459 4898 orat
473 4845 502 4911 a]
518 4850 564 4895 out
579 4850 603 4895 et
617 4845 643 4894 ta·
659 4844 740 4895 99-
758 4842 799 4894 st.
817 4843 1002 4907 iadteitrlagg.
1016 4842 1081 4894 dett
1096 4870 1124 4880 -
1142 4843 1184 4894 97.
1196 4844 1324 4895 uomit.
1339 4870 1366 4881 -
1378 4845 1421 4896 98.
1439 4844 1553 4908 aptato
1564 4855 1638 4906 prom
1655 4841 1692 4891 99
1703 4838 1733 4890 λι

414 4922 540 4985 empitotns
553 4921 699 4984 praedam
714 4919 779 4970 dett.
797 4919 827 4969 0.
846 4918 903 4983 (sed
920 4920 962 4969 est
977 4918 1074 4969 deinde
1090 4919 1118 4970 in
1133 4920 1155 4969 n
1169 4920 1287 4983 maroti.)
1306 4945 1334 4958 -
1352 4920 1379 4970 dt
1393 4921 1428 4971 n:
1446 4921 1483 4970 aa
1493 4919 1523 4969 0.
1542 4945 1571 4955 -
1587 4914 1736 4967 mortuas

415 4999 436 5048 9
451 5009 492 5062 pr.
505 5009 542 5048 m.
558 5022 587 5034 -
604 4997 645 5048 99.
663 4996 799 5058 tepuerit.
819 5018 847 5031 -
866 5006 906 5045 me
922 4999 1024 5046 aaran
1039 4994 1118 5059 Lagg.
1135 4997 1242 5061 praeter
1256 4995 1298 5047 99.
1313 5021 1341 5033 -
1358 4995 1399 5047 90.
1416 5008 1462 5060 ego
1477 4995 1523 5045 too
1537 4993 1574 5043 99
1591 4989 1673 5055 ιε99ι
1689 4989 1735 5038 too

413 5085 459 5136 ego
475 5071 539 5124 dett.
558 5072 588 5123 0.
603 5094 631 5108 -
645 5071 715 5136 osor]
731 5082 796 5121 rasta
812 5072 841 5121 9.
860 5070 907 5133 (sie
923 5083 1004 5135 snpra
1019 5069 1092 5120 idern
1108 5082 1136 5135 p.
1154 5070 1215 5134 999,
1233 5069 1273 5121 49.
1291 5069 1424 5134 obolatas.)
1436 5095 1466 5108 -
1478 5074 1524 5119 ost
1538 5067 1631 5117 &attur
1645 5064 1736 5116 uem

413 5148 493 5211 lagg
511 5147 541 5198 0.
559 5145 655 5211 (totilae
665 5147 706 5210 9.)
720 5172 746 5182 -
760 5145 801 5197 99.
819 5145 910 5209 inplor.
927 5147 957 5197 9.
973 5172 1000 5184 -
1013 5144 1199 5197 marim
1213 5145 1251 5196 99
1268 5145 1325 5208 (aad
1335 5146 1357 5196 9
1368 5144 1456 5210 obal:
1474 5140 1652 5195 epasmo
1667 5137 1733 5189 dett.

414 5221 541 5275 0.-99.
559 5221 737 5273 mmor
753 5220 817 5272 dett.
836 5220 961 5272 0.-³t.
980 5220 1066 5287 igitar]
1082 5220 1127 5271 titt
1142 5217 1311 5272 oet-ae.
1328 5232 1355 5272 aa
1371 5232 1424 5271 orn.
1442 5216 1617 5284 [git-³⁶.
1635 5220 1734 5285 wear

413 5298 532 5351 omne.
552 5299 725 5352 -srcuan
746 5296 1134 5365 -ttaatneggqttatgra
1153 5294 1412 5350 -sattttteetdett
1430 5295 1460 5346 0.
