<?xml version="1.0" encoding="UTF-8"?>
<!DOCTYPE html PUBLIC "-//W3C//DTD XHTML 1.0 Transitional//EN"
    "http://www.w3.org/TR/xhtml1/DTD/xhtml1-transitional.dtd">
<html xmlns="http://www.w3.org/1999/xhtml" xml:lang="en" lang="en">
 <head>
  <title>
</title>
<meta http-equiv="Content-Type" content="text/html;charset=utf-8" />
  <meta name='ocr-system' content='tesseract 3.04.00' />
  <meta name='ocr-capabilities' content='ocr_page ocr_carea ocr_par ocr_line ocrx_word'/>
</head>
<body>
  <div class='ocr_page' id='page_1' title='image "./operaquaesupers02halmgoog_0157.png"; bbox 0 0 4367 6109; ppageno 0'>
   <div class='ocr_carea' id='block_1_1' title="bbox 735 565 1755 656">
    <p class='ocr_par' dir='ltr' id='par_1_1' title="bbox 735 565 1755 656">
     <span class='ocr_line' id='line_1_1' title="bbox 735 565 1755 656; baseline -0.001 -21"><span class='ocrx_word' id='word_1_1' title='bbox 735 571 803 636; x_wconf 77' lang='lat' dir='ltr'><strong>m.</strong></span> <span class='ocrx_word' id='word_1_2' title='bbox 824 571 849 635; x_wconf 90' lang='lat'><strong>1.</strong></span> <span class='ocrx_word' id='word_1_3' title='bbox 881 569 956 636; x_wconf 76' lang='lat' dir='ltr'><strong>cn.</strong></span> <span class='ocrx_word' id='word_1_4' title='bbox 977 570 1180 637; x_wconf 77' lang='lat' dir='ltr'><strong>xrv-xu</strong></span> <span class='ocrx_word' id='word_1_5' title='bbox 1208 567 1265 656; x_wconf 72' lang='lat' dir='ltr'><strong>ss.</strong></span> <span class='ocrx_word' id='word_1_6' title='bbox 1281 566 1436 636; x_wconf 77' lang='lat' dir='ltr'><strong>ae-ru</strong></span> <span class='ocrx_word' id='word_1_7' title='bbox 1693 565 1755 635; x_wconf 84' lang='lat' dir='ltr'><strong>us</strong></span> 
     </span>
    </p>
   </div>
   <div class='ocr_carea' id='block_1_2' title="bbox 363 736 1839 3923">
    <p class='ocr_par' dir='ltr' id='par_1_2' title="bbox 363 736 1839 3923">
     <span class='ocr_line' id='line_1_2' title="bbox 428 736 1755 827; baseline 0 -25"><span class='ocrx_word' id='word_1_8' title='bbox 428 736 529 802; x_wconf 84' lang='lat' dir='ltr'><strong>Carbo</strong></span> <span class='ocrx_word' id='word_1_9' title='bbox 552 736 621 802; x_wconf 81' lang='lat' dir='ltr'><strong>tuit</strong></span> <span class='ocrx_word' id='word_1_10' title='bbox 643 772 685 786; x_wconf 92' lang='lat'>-</span> <span class='ocrx_word' id='word_1_11' title='bbox 713 739 822 803; x_wconf 82' lang='lat' dir='ltr'>Fuerit</span> <span class='ocrx_word' id='word_1_12' title='bbox 849 740 939 804; x_wconf 87' lang='lat' dir='ltr'><strong>aliis:</strong></span> <span class='ocrx_word' id='word_1_13' title='bbox 969 742 1026 807; x_wconf 89' lang='lat' dir='ltr'><strong>tibi</strong></span> <span class='ocrx_word' id='word_1_14' title='bbox 1057 741 1186 827; x_wconf 91' lang='lat' dir='ltr'><strong>quando</strong></span> <span class='ocrx_word' id='word_1_15' title='bbox 1210 761 1280 806; x_wconf 89' lang='lat' dir='ltr'><strong>esse</strong></span> <span class='ocrx_word' id='word_1_16' title='bbox 1304 742 1431 825; x_wconf 74' lang='lat' dir='ltr'><strong>coepit?</strong></span> <span class='ocrx_word' id='word_1_17' title='bbox 1464 742 1676 824; x_wconf 69' lang='lat' dir='ltr'><strong>Posteaquam</strong></span> <span class='ocrx_word' id='word_1_18' title='bbox 1697 739 1755 804; x_wconf 91' lang='lat' dir='ltr'><strong>tibi</strong></span> 
     </span>
     <span class='ocr_line' id='line_1_3' title="bbox 427 833 1755 919; baseline 0.002 -24"><span class='ocrx_word' id='word_1_19' title='bbox 427 834 611 916; x_wconf 85' lang='lat' dir='ltr'><strong>pecuniam,</strong></span> <span class='ocrx_word' id='word_1_20' title='bbox 640 855 706 898; x_wconf 92' lang='lat' dir='ltr'><strong>rem</strong></span> <span class='ocrx_word' id='word_1_21' title='bbox 728 833 984 910; x_wconf 78' lang='lat' dir='ltr'><strong>frumentariam,</strong></span> <span class='ocrx_word' id='word_1_22' title='bbox 1014 839 1156 902; x_wconf 90' lang='lat' dir='ltr'><strong>rationes</strong></span> <span class='ocrx_word' id='word_1_23' title='bbox 1178 856 1288 900; x_wconf 88' lang='lat' dir='ltr'><strong>omnes</strong></span> <span class='ocrx_word' id='word_1_24' title='bbox 1311 856 1385 899; x_wconf 90' lang='lat' dir='ltr'><strong>suas</strong></span> <span class='ocrx_word' id='word_1_25' title='bbox 1408 835 1648 919; x_wconf 87' lang='lat' dir='ltr'><strong>exercitumque</strong></span> <span class='ocrx_word' id='word_1_26' title='bbox 1669 855 1755 899; x_wconf 91' lang='lat' dir='ltr'><strong>com-</strong></span> 
     </span>
     <span class='ocr_line' id='line_1_4' title="bbox 427 927 1756 1013; baseline 0.001 -23"><span class='ocrx_word' id='word_1_27' title='bbox 427 927 523 991; x_wconf 80' lang='lat' dir='ltr'><strong>misit.</strong></span> <span class='ocrx_word' id='word_1_28' title='bbox 566 929 644 991; x_wconf 88' lang='lat' dir='ltr'><strong>Nam</strong></span> <span class='ocrx_word' id='word_1_29' title='bbox 674 929 702 992; x_wconf 89' lang='lat' dir='ltr'><strong>si</strong></span> <span class='ocrx_word' id='word_1_30' title='bbox 730 930 788 993; x_wconf 92' lang='lat' dir='ltr'><strong>tibi</strong></span> <span class='ocrx_word' id='word_1_31' title='bbox 810 939 904 995; x_wconf 86' lang='lat' dir='ltr'><strong>antea</strong></span> <span class='ocrx_word' id='word_1_32' title='bbox 927 931 1161 1013; x_wconf 85' lang='lat' dir='ltr'><strong>displicuisset,</strong></span> <span class='ocrx_word' id='word_1_33' title='bbox 1189 930 1273 992; x_wconf 91' lang='lat' dir='ltr'><strong>idem</strong></span> <span class='ocrx_word' id='word_1_34' title='bbox 1295 928 1441 1004; x_wconf 78' lang='lat' dir='ltr'><strong>fecisses,</strong></span> <span class='ocrx_word' id='word_1_35' title='bbox 1467 930 1555 1012; x_wconf 94' lang='lat' dir='ltr'><strong>quod</strong></span> <span class='ocrx_word' id='word_1_36' title='bbox 1575 948 1660 991; x_wconf 91' lang='lat' dir='ltr'><strong>anno</strong></span> <span class='ocrx_word' id='word_1_37' title='bbox 1682 935 1756 1011; x_wconf 92' lang='lat' dir='ltr'><strong>post</strong></span> 
     </span>
     <span class='ocr_line' id='line_1_5' title="bbox 427 1021 1839 1106; baseline 0.001 -21"><span class='ocrx_word' id='word_1_38' title='bbox 427 1023 468 1084; x_wconf 88' lang='grc' dir='ltr'><strong>Μ.</strong></span> <span class='ocrx_word' id='word_1_39' title='bbox 489 1021 573 1085; x_wconf 85' lang='lat' dir='ltr'><strong>Piso.</strong></span> <span class='ocrx_word' id='word_1_40' title='bbox 617 1022 777 1098; x_wconf 83' lang='lat' dir='ltr'><strong>Quaestor</strong></span> <span class='ocrx_word' id='word_1_41' title='bbox 798 1044 870 1087; x_wconf 90' lang='lat' dir='ltr'><strong>cum</strong></span> <span class='ocrx_word' id='word_1_42' title='bbox 892 1025 928 1085; x_wconf 93' lang='lat' dir='ltr'><strong>L.</strong></span> <span class='ocrx_word' id='word_1_43' title='bbox 950 1023 1092 1106; x_wconf 86' lang='lat' dir='ltr'><strong>Scipioni</strong></span> <span class='ocrx_word' id='word_1_44' title='bbox 1116 1023 1241 1087; x_wconf 91' lang='lat' dir='ltr'><strong>consuli</strong></span> <span class='ocrx_word' id='word_1_45' title='bbox 1257 1022 1437 1104; x_wconf 79' lang='lat' dir='ltr'><strong>obtigisset,</strong></span> <span class='ocrx_word' id='word_1_46' title='bbox 1459 1042 1525 1086; x_wconf 95' lang='lat' dir='ltr'><strong>non</strong></span> <span class='ocrx_word' id='word_1_47' title='bbox 1540 1022 1646 1105; x_wconf 80' lang='lat' dir='ltr'><strong>attigit</strong></span> <span class='ocrx_word' id='word_1_48' title='bbox 1659 1043 1755 1104; x_wconf 89' lang='lat' dir='ltr'><strong>pecu·</strong></span> <span class='ocrx_word' id='word_1_49' title='bbox 1837 1099 1839 1104; x_wconf 23' lang='grc' dir='ltr'>Ι</span> 
     </span>
     <span class='ocr_line' id='line_1_6' title="bbox 428 1115 1792 1207; baseline 0.001 -31"><span class='ocrx_word' id='word_1_50' title='bbox 428 1115 529 1189; x_wconf 92' lang='lat' dir='ltr'><strong>niam,</strong></span> <span class='ocrx_word' id='word_1_51' title='bbox 562 1135 626 1178; x_wconf 92' lang='lat' dir='ltr'><strong>non</strong></span> <span class='ocrx_word' id='word_1_52' title='bbox 652 1115 696 1207; x_wconf 81' lang='lat' dir='ltr'><strong>ad</strong></span> <span class='ocrx_word' id='word_1_53' title='bbox 719 1119 895 1180; x_wconf 86' lang='lat' dir='ltr'><strong>exercitum</strong></span> <span class='ocrx_word' id='word_1_54' title='bbox 916 1115 1079 1199; x_wconf 83' lang='lat' dir='ltr'><strong>profectus</strong></span> <span class='ocrx_word' id='word_1_55' title='bbox 1102 1124 1167 1180; x_wconf 87' lang='lat' dir='ltr'><strong>est:</strong></span> <span class='ocrx_word' id='word_1_56' title='bbox 1197 1116 1283 1200; x_wconf 94' lang='lat' dir='ltr'><strong>quod</strong></span> <span class='ocrx_word' id='word_1_57' title='bbox 1306 1116 1346 1179; x_wconf 95' lang='lat' dir='ltr'><strong>de</strong></span> <span class='ocrx_word' id='word_1_58' title='bbox 1368 1137 1402 1179; x_wconf 91' lang='lat' dir='ltr'><strong>re</strong></span> <span class='ocrx_word' id='word_1_59' title='bbox 1424 1117 1551 1199; x_wconf 90' lang='lat' dir='ltr'><strong>publica</strong></span> <span class='ocrx_word' id='word_1_60' title='bbox 1573 1118 1688 1191; x_wconf 89' lang='lat' dir='ltr'><strong>sensit,</strong></span> <span class='ocrx_word' id='word_1_61' title='bbox 1711 1117 1792 1180; x_wconf 78' lang='lat' dir='ltr'><strong>itas</strong></span> 
     </span>
     <span class='ocr_line' id='line_1_7' title="bbox 427 1206 1755 1283; baseline 0.004 -12"><span class='ocrx_word' id='word_1_62' title='bbox 427 1209 541 1283; x_wconf 89' lang='lat' dir='ltr'><strong>sensit,</strong></span> <span class='ocrx_word' id='word_1_63' title='bbox 564 1217 602 1272; x_wconf 93' lang='lat' dir='ltr'><strong>ut</strong></span> <span class='ocrx_word' id='word_1_64' title='bbox 622 1229 680 1272; x_wconf 89' lang='lat' dir='ltr'><strong>nec</strong></span> <span class='ocrx_word' id='word_1_65' title='bbox 703 1206 795 1273; x_wconf 85' lang='lat' dir='ltr'><strong>fidem</strong></span> <span class='ocrx_word' id='word_1_66' title='bbox 819 1230 907 1273; x_wconf 87' lang='lat' dir='ltr'><strong>suam</strong></span> <span class='ocrx_word' id='word_1_67' title='bbox 926 1229 984 1272; x_wconf 91' lang='lat' dir='ltr'><strong>nec</strong></span> <span class='ocrx_word' id='word_1_68' title='bbox 1001 1230 1121 1273; x_wconf 89' lang='lat' dir='ltr'><strong>morem</strong></span> <span class='ocrx_word' id='word_1_69' title='bbox 1136 1210 1291 1272; x_wconf 89' lang='lat' dir='ltr'><strong>maiorum</strong></span> <span class='ocrx_word' id='word_1_70' title='bbox 1306 1230 1365 1273; x_wconf 90' lang='lat' dir='ltr'><strong>nec</strong></span> <span class='ocrx_word' id='word_1_71' title='bbox 1380 1210 1646 1275; x_wconf 89' lang='lat' dir='ltr'><strong>necessitudinem</strong></span> <span class='ocrx_word' id='word_1_72' title='bbox 1661 1211 1755 1276; x_wconf 88' lang='lat' dir='ltr'><strong>sortis</strong></span> 
     </span>
     <span class='ocr_line' id='line_1_8' title="bbox 363 1302 1757 1387; baseline 0.004 -23"><span class='ocrx_word' id='word_1_73' title='bbox 363 1306 367 1313; x_wconf 89' lang='lat'>&#39;</span> <span class='ocrx_word' id='word_1_74' title='bbox 427 1302 576 1366; x_wconf 86' lang='lat' dir='ltr'><strong>laederet.</strong></span> <span class='ocrx_word' id='word_1_75' title='bbox 618 1305 688 1367; x_wconf 83' lang='lat' dir='ltr'><strong>XV.</strong></span> <span class='ocrx_word' id='word_1_76' title='bbox 717 1302 769 1366; x_wconf 87' lang='grc'><strong>38.</strong></span> <span class='ocrx_word' id='word_1_77' title='bbox 796 1305 922 1367; x_wconf 85' lang='lat' dir='ltr'><strong>Etenim</strong></span> <span class='ocrx_word' id='word_1_78' title='bbox 944 1305 971 1368; x_wconf 92' lang='lat' dir='ltr'><strong>si</strong></span> <span class='ocrx_word' id='word_1_79' title='bbox 993 1304 1072 1366; x_wconf 91' lang='lat' dir='ltr'><strong>baec</strong></span> <span class='ocrx_word' id='word_1_80' title='bbox 1095 1303 1280 1387; x_wconf 75' lang='lat' dir='ltr'><strong>perturbare</strong></span> <span class='ocrx_word' id='word_1_81' title='bbox 1302 1304 1408 1366; x_wconf 89' lang='lat' dir='ltr'><strong>omnia</strong></span> <span class='ocrx_word' id='word_1_82' title='bbox 1429 1323 1466 1365; x_wconf 89' lang='lat' dir='ltr'><strong>ac</strong></span> <span class='ocrx_word' id='word_1_83' title='bbox 1487 1305 1678 1385; x_wconf 90' lang='lat' dir='ltr'><strong>permiscere</strong></span> <span class='ocrx_word' id='word_1_84' title='bbox 1702 1326 1757 1370; x_wconf 89' lang='lat' dir='ltr'><strong>vo-</strong></span> 
     </span>
     <span class='ocr_line' id='line_1_9' title="bbox 428 1397 1756 1481; baseline 0.002 -21"><span class='ocrx_word' id='word_1_85' title='bbox 428 1397 547 1472; x_wconf 93' lang='lat' dir='ltr'><strong>lumus,</strong></span> <span class='ocrx_word' id='word_1_86' title='bbox 571 1406 669 1462; x_wconf 89' lang='lat' dir='ltr'><strong>totam</strong></span> <span class='ocrx_word' id='word_1_87' title='bbox 690 1401 788 1463; x_wconf 81' lang='lat' dir='ltr'><strong>vitam</strong></span> <span class='ocrx_word' id='word_1_88' title='bbox 810 1399 1038 1481; x_wconf 87' lang='lat' dir='ltr'><strong>periculosam,</strong></span> <span class='ocrx_word' id='word_1_89' title='bbox 1070 1397 1257 1461; x_wconf 91' lang='lat' dir='ltr'><strong>insidiosam</strong></span> <span class='ocrx_word' id='word_1_90' title='bbox 1281 1397 1491 1481; x_wconf 83' lang='lat' dir='ltr'><strong>infestamque</strong></span> <span class='ocrx_word' id='word_1_91' title='bbox 1513 1398 1698 1476; x_wconf 88' lang='lat' dir='ltr'><strong>reddemus,</strong></span> <span class='ocrx_word' id='word_1_92' title='bbox 1728 1399 1756 1464; x_wconf 81' lang='lat' dir='ltr'><strong>si</strong></span> 
     </span>
     <span class='ocr_line' id='line_1_10' title="bbox 427 1491 1756 1576; baseline 0.003 -22"><span class='ocrx_word' id='word_1_93' title='bbox 427 1491 546 1555; x_wconf 92' lang='lat' dir='ltr'><strong>nullam</strong></span> <span class='ocrx_word' id='word_1_94' title='bbox 569 1494 757 1576; x_wconf 82' lang='lat' dir='ltr'><strong>religionem</strong></span> <span class='ocrx_word' id='word_1_95' title='bbox 780 1513 850 1557; x_wconf 91' lang='lat' dir='ltr'><strong>sors</strong></span> <span class='ocrx_word' id='word_1_96' title='bbox 871 1492 1020 1566; x_wconf 87' lang='lat' dir='ltr'><strong>babebit,</strong></span> <span class='ocrx_word' id='word_1_97' title='bbox 1042 1492 1163 1554; x_wconf 92' lang='lat' dir='ltr'><strong>nullam</strong></span> <span class='ocrx_word' id='word_1_98' title='bbox 1186 1491 1369 1555; x_wconf 87' lang='lat' dir='ltr'><strong>societatem</strong></span> <span class='ocrx_word' id='word_1_99' title='bbox 1392 1491 1576 1556; x_wconf 89' lang='lat' dir='ltr'><strong>coniunctio</strong></span> <span class='ocrx_word' id='word_1_100' title='bbox 1598 1495 1756 1558; x_wconf 89' lang='lat' dir='ltr'><strong>secundae</strong></span> 
     </span>
     <span class='ocr_line' id='line_1_11' title="bbox 427 1585 1800 1671; baseline 0.001 -21"><span class='ocrx_word' id='word_1_101' title='bbox 427 1587 605 1671; x_wconf 74' lang='lat' dir='ltr'><strong>dubiaeque</strong></span> <span class='ocrx_word' id='word_1_102' title='bbox 627 1587 792 1662; x_wconf 83' lang='lat' dir='ltr'><strong>fortunae,</strong></span> <span class='ocrx_word' id='word_1_103' title='bbox 815 1586 934 1649; x_wconf 88' lang='lat' dir='ltr'><strong>nullam</strong></span> <span class='ocrx_word' id='word_1_104' title='bbox 956 1585 1177 1648; x_wconf 89' lang='lat' dir='ltr'><strong>auctoritatem</strong></span> <span class='ocrx_word' id='word_1_105' title='bbox 1193 1605 1297 1648; x_wconf 92' lang='lat' dir='ltr'><strong>mores</strong></span> <span class='ocrx_word' id='word_1_106' title='bbox 1320 1594 1417 1669; x_wconf 90' lang='lat' dir='ltr'><strong>atque</strong></span> <span class='ocrx_word' id='word_1_107' title='bbox 1432 1586 1578 1649; x_wconf 89' lang='lat' dir='ltr'><strong>instituta</strong></span> <span class='ocrx_word' id='word_1_108' title='bbox 1591 1590 1800 1664; x_wconf 80' lang='lat' dir='ltr'><strong>maiorumto</strong></span> 
     </span>
     <span class='ocr_line' id='line_1_12' title="bbox 427 1678 1757 1767; baseline 0.003 -23"><span class='ocrx_word' id='word_1_109' title='bbox 427 1679 577 1744; x_wconf 90' lang='lat' dir='ltr'><strong>Omnium</strong></span> <span class='ocrx_word' id='word_1_110' title='bbox 599 1689 649 1744; x_wconf 89' lang='lat' dir='ltr'><strong>est</strong></span> <span class='ocrx_word' id='word_1_111' title='bbox 669 1681 846 1744; x_wconf 92' lang='lat' dir='ltr'><strong>communis</strong></span> <span class='ocrx_word' id='word_1_112' title='bbox 865 1678 1032 1752; x_wconf 89' lang='lat' dir='ltr'><strong>inimicus,</strong></span> <span class='ocrx_word' id='word_1_113' title='bbox 1055 1678 1111 1762; x_wconf 93' lang='lat' dir='ltr'><strong>qui</strong></span> <span class='ocrx_word' id='word_1_114' title='bbox 1127 1678 1188 1740; x_wconf 85' lang='lat' dir='ltr'><strong>tuit</strong></span> <span class='ocrx_word' id='word_1_115' title='bbox 1203 1678 1305 1742; x_wconf 91' lang='lat' dir='ltr'><strong>hostis</strong></span> <span class='ocrx_word' id='word_1_116' title='bbox 1320 1699 1461 1742; x_wconf 90' lang='lat' dir='ltr'><strong>suorum.</strong></span> <span class='ocrx_word' id='word_1_117' title='bbox 1490 1682 1591 1744; x_wconf 88' lang='lat' dir='ltr'><strong>Nemo</strong></span> <span class='ocrx_word' id='word_1_118' title='bbox 1606 1703 1757 1767; x_wconf 84' lang='lat' dir='ltr'><strong>umquam</strong></span> 
     </span>
     <span class='ocr_line' id='line_1_13' title="bbox 427 1772 1758 1859; baseline 0.003 -23"><span class='ocrx_word' id='word_1_119' title='bbox 427 1775 554 1859; x_wconf 87' lang='lat' dir='ltr'><strong>sapiens</strong></span> <span class='ocrx_word' id='word_1_120' title='bbox 584 1775 740 1858; x_wconf 88' lang='lat' dir='ltr'><strong>proditori</strong></span> <span class='ocrx_word' id='word_1_121' title='bbox 772 1774 964 1838; x_wconf 89' lang='lat' dir='ltr'><strong>credendum</strong></span> <span class='ocrx_word' id='word_1_122' title='bbox 993 1772 1127 1854; x_wconf 89' lang='lat' dir='ltr'><strong>p&#39;utavit.</strong></span> <span class='ocrx_word' id='word_1_123' title='bbox 1172 1772 1381 1856; x_wconf 86' lang='lat' dir='ltr'><strong>lpse‘Sulla,</strong></span> <span class='ocrx_word' id='word_1_124' title='bbox 1411 1773 1462 1836; x_wconf 91' lang='lat' dir='ltr'><strong>oui</strong></span> <span class='ocrx_word' id='word_1_125' title='bbox 1488 1774 1644 1838; x_wconf 85' lang='lat' dir='ltr'><strong>adventus</strong></span> <span class='ocrx_word' id='word_1_126' title='bbox 1665 1776 1758 1841; x_wconf 88' lang='lat' dir='ltr'><strong>istius</strong></span> 
     </span>
     <span class='ocr_line' id='line_1_14' title="bbox 427 1865 1757 1951; baseline 0 -19"><span class='ocrx_word' id='word_1_127' title='bbox 427 1869 626 1951; x_wconf 84' lang='lat' dir='ltr'><strong>gratissimus</strong></span> <span class='ocrx_word' id='word_1_128' title='bbox 648 1889 719 1932; x_wconf 89' lang='lat' dir='ltr'><strong>esse</strong></span> <span class='ocrx_word' id='word_1_129' title='bbox 742 1868 867 1942; x_wconf 91' lang='lat' dir='ltr'><strong>debuit,</strong></span> <span class='ocrx_word' id='word_1_130' title='bbox 889 1867 929 1931; x_wconf 88' lang='lat' dir='ltr'><strong>ab</strong></span> <span class='ocrx_word' id='word_1_131' title='bbox 951 1887 986 1930; x_wconf 91' lang='lat' dir='ltr'><strong>se</strong></span> <span class='ocrx_word' id='word_1_132' title='bbox 1008 1866 1170 1928; x_wconf 90' lang='lat' dir='ltr'><strong>hominem</strong></span> <span class='ocrx_word' id='word_1_133' title='bbox 1192 1873 1289 1948; x_wconf 89' lang='lat' dir='ltr'><strong>atque</strong></span> <span class='ocrx_word' id='word_1_134' title='bbox 1311 1865 1350 1927; x_wconf 89' lang='lat' dir='ltr'><strong>ab</strong></span> <span class='ocrx_word' id='word_1_135' title='bbox 1373 1865 1515 1929; x_wconf 86' lang='lat' dir='ltr'><strong>exercitu</strong></span> <span class='ocrx_word' id='word_1_136' title='bbox 1532 1887 1590 1929; x_wconf 92' lang='lat' dir='ltr'><strong>suo</strong></span> <span class='ocrx_word' id='word_1_137' title='bbox 1608 1870 1757 1934; x_wconf 83' lang='lat' dir='ltr'><strong>removit:</strong></span> 
     </span>
     <span class='ocr_line' id='line_1_15' title="bbox 426 1962 1758 2046; baseline 0 -21"><span class='ocrx_word' id='word_1_138' title='bbox 426 1964 599 2027; x_wconf 77' lang='lat' dir='ltr'><strong>beneventi</strong></span> <span class='ocrx_word' id='word_1_139' title='bbox 623 1984 692 2027; x_wconf 88' lang='lat' dir='ltr'><strong>esse</strong></span> <span class='ocrx_word' id='word_1_140' title='bbox 714 1963 809 2027; x_wconf 90' lang='lat' dir='ltr'><strong>iussit</strong></span> <span class='ocrx_word' id='word_1_141' title='bbox 830 1964 916 2045; x_wconf 88' lang='lat' dir='ltr'><strong>apud</strong></span> <span class='ocrx_word' id='word_1_142' title='bbox 938 1983 1012 2038; x_wconf 86' lang='lat' dir='ltr'><strong>eos,</strong></span> <span class='ocrx_word' id='word_1_143' title='bbox 1036 1983 1118 2046; x_wconf 91' lang='lat' dir='ltr'><strong>quos</strong></span> <span class='ocrx_word' id='word_1_144' title='bbox 1141 1963 1209 2026; x_wconf 86' lang='lat' dir='ltr'><strong>suis</strong></span> <span class='ocrx_word' id='word_1_145' title='bbox 1230 1962 1374 2045; x_wconf 90' lang='lat' dir='ltr'><strong>partibus</strong></span> <span class='ocrx_word' id='word_1_146' title='bbox 1393 1962 1603 2026; x_wconf 89' lang='lat' dir='ltr'><strong>amicissimos</strong></span> <span class='ocrx_word' id='word_1_147' title='bbox 1618 1983 1688 2026; x_wconf 90' lang='lat' dir='ltr'><strong>csse</strong></span> <span class='ocrx_word' id='word_1_148' title='bbox 1710 1964 1758 2026; x_wconf 90' lang='lat' dir='ltr'><strong>in·</strong></span> 
     </span>
     <span class='ocr_line' id='line_1_16' title="bbox 427 2055 1795 2141; baseline 0 -23"><span class='ocrx_word' id='word_1_149' title='bbox 427 2056 607 2141; x_wconf 79' lang='lat' dir='ltr'><strong>telligebat,</strong></span> <span class='ocrx_word' id='word_1_150' title='bbox 629 2058 685 2121; x_wconf 91' lang='lat' dir='ltr'><strong>ubi</strong></span> <span class='ocrx_word' id='word_1_151' title='bbox 707 2058 767 2120; x_wconf 89' lang='lat' dir='ltr'><strong>iste</strong></span> <span class='ocrx_word' id='word_1_152' title='bbox 790 2076 931 2120; x_wconf 90' lang='lat' dir='ltr'><strong>summae</strong></span> <span class='ocrx_word' id='word_1_153' title='bbox 953 2057 1000 2119; x_wconf 90' lang='lat' dir='ltr'><strong>rei</strong></span> <span class='ocrx_word' id='word_1_154' title='bbox 1019 2076 1198 2140; x_wconf 79' lang='lat' dir='ltr'><strong>causaeque</strong></span> <span class='ocrx_word' id='word_1_155' title='bbox 1213 2074 1329 2119; x_wconf 90' lang='lat' dir='ltr'><strong>nocere</strong></span> <span class='ocrx_word' id='word_1_156' title='bbox 1345 2055 1426 2117; x_wconf 90' lang='lat' dir='ltr'><strong>nibil</strong></span> <span class='ocrx_word' id='word_1_157' title='bbox 1441 2063 1558 2137; x_wconf 87' lang='lat' dir='ltr'><strong>posset.</strong></span> <span class='ocrx_word' id='word_1_158' title='bbox 1590 2057 1628 2118; x_wconf 85' lang='lat' dir='ltr'><strong>Ei</strong></span> <span class='ocrx_word' id='word_1_159' title='bbox 1647 2064 1758 2140; x_wconf 89' lang='lat' dir='ltr'><strong>postea</strong></span> <span class='ocrx_word' id='word_1_160' title='bbox 1767 2072 1795 2120; x_wconf 79' lang='lat' dir='ltr'><strong>ts</strong></span> 
     </span>
     <span class='ocr_line' id='line_1_17' title="bbox 427 2149 1758 2233; baseline 0.002 -21"><span class='ocrx_word' id='word_1_161' title='bbox 427 2151 568 2232; x_wconf 87' lang='lat' dir='ltr'><strong>praemia</strong></span> <span class='ocrx_word' id='word_1_162' title='bbox 590 2159 696 2214; x_wconf 90' lang='lat' dir='ltr'><strong>tamen</strong></span> <span class='ocrx_word' id='word_1_163' title='bbox 718 2150 894 2214; x_wconf 84' lang='lat' dir='ltr'><strong>liberaliter</strong></span> <span class='ocrx_word' id='word_1_164' title='bbox 915 2150 1041 2223; x_wconf 87' lang='lat' dir='ltr'><strong>tribuit,</strong></span> <span class='ocrx_word' id='word_1_165' title='bbox 1066 2149 1152 2212; x_wconf 89' lang='lat' dir='ltr'><strong>bona</strong></span> <span class='ocrx_word' id='word_1_166' title='bbox 1174 2149 1331 2233; x_wconf 91' lang='lat' dir='ltr'><strong>quaedam</strong></span> <span class='ocrx_word' id='word_1_167' title='bbox 1353 2149 1605 2232; x_wconf 87' lang='lat' dir='ltr'><strong>proscriptorum</strong></span> <span class='ocrx_word' id='word_1_168' title='bbox 1627 2150 1658 2212; x_wconf 93' lang='lat' dir='ltr'><strong>in</strong></span> <span class='ocrx_word' id='word_1_169' title='bbox 1680 2171 1758 2233; x_wconf 85' lang='lat' dir='ltr'><strong>agro</strong></span> 
     </span>
     <span class='ocr_line' id='line_1_18' title="bbox 426 2243 1758 2327; baseline 0.002 -21"><span class='ocrx_word' id='word_1_170' title='bbox 426 2245 650 2307; x_wconf 85' lang='lat' dir='ltr'><strong>Beneventano</strong></span> <span class='ocrx_word' id='word_1_171' title='bbox 674 2244 855 2327; x_wconf 89' lang='lat' dir='ltr'><strong>diripienda</strong></span> <span class='ocrx_word' id='word_1_172' title='bbox 876 2245 1051 2319; x_wconf 89' lang='lat' dir='ltr'><strong>concessit,</strong></span> <span class='ocrx_word' id='word_1_173' title='bbox 1074 2243 1186 2305; x_wconf 88' lang='lat' dir='ltr'><strong>babuit</strong></span> <span class='ocrx_word' id='word_1_174' title='bbox 1207 2244 1362 2306; x_wconf 91' lang='lat' dir='ltr'><strong>bonorem</strong></span> <span class='ocrx_word' id='word_1_175' title='bbox 1384 2248 1419 2305; x_wconf 92' lang='lat' dir='ltr'><strong>ut</strong></span> <span class='ocrx_word' id='word_1_176' title='bbox 1440 2243 1612 2325; x_wconf 89' lang='lat' dir='ltr'><strong>proditori,</strong></span> <span class='ocrx_word' id='word_1_177' title='bbox 1634 2265 1699 2309; x_wconf 93' lang='lat' dir='ltr'><strong>non</strong></span> <span class='ocrx_word' id='word_1_178' title='bbox 1722 2251 1758 2309; x_wconf 94' lang='lat' dir='ltr'><strong>ut</strong></span> 
     </span>
     <span class='ocr_line' id='line_1_19' title="bbox 426 2333 1758 2421; baseline 0.005 -24"><span class='ocrx_word' id='word_1_179' title='bbox 426 2335 530 2399; x_wconf 88' lang='lat' dir='ltr'><strong>amico</strong></span> <span class='ocrx_word' id='word_1_180' title='bbox 552 2333 657 2400; x_wconf 89' lang='lat' dir='ltr'><strong>fidem.</strong></span> <span class='ocrx_word' id='word_1_181' title='bbox 701 2335 752 2400; x_wconf 89' lang='lat'><strong>39.</strong></span> <span class='ocrx_word' id='word_1_182' title='bbox 781 2339 874 2401; x_wconf 91' lang='lat' dir='ltr'><strong>Nunc</strong></span> <span class='ocrx_word' id='word_1_183' title='bbox 896 2338 1041 2421; x_wconf 83' lang='lat' dir='ltr'><strong>quamvis</strong></span> <span class='ocrx_word' id='word_1_184' title='bbox 1070 2337 1135 2399; x_wconf 91' lang='lat' dir='ltr'><strong>sint</strong></span> <span class='ocrx_word' id='word_1_185' title='bbox 1154 2335 1317 2410; x_wconf 91' lang='lat' dir='ltr'><strong>homines,</strong></span> <span class='ocrx_word' id='word_1_186' title='bbox 1345 2337 1401 2420; x_wconf 90' lang='lat' dir='ltr'><strong>qui</strong></span> <span class='ocrx_word' id='word_1_187' title='bbox 1424 2345 1583 2401; x_wconf 90' lang='lat' dir='ltr'><strong>mortuum</strong></span> <span class='ocrx_word' id='word_1_188' title='bbox 1606 2339 1662 2403; x_wconf 84' lang='lat' dir='ltr'><strong>Cu.</strong></span> <span class='ocrx_word' id='word_1_189' title='bbox 1684 2340 1758 2404; x_wconf 87' lang='lat' dir='ltr'><strong>Car-</strong></span> 
     </span>
     <span class='ocr_line' id='line_1_20' title="bbox 426 2428 1756 2513; baseline 0.006 -22"><span class='ocrx_word' id='word_1_190' title='bbox 426 2428 542 2493; x_wconf 89' lang='lat' dir='ltr'><strong>bonem</strong></span> <span class='ocrx_word' id='word_1_191' title='bbox 564 2431 707 2505; x_wconf 90' lang='lat' dir='ltr'><strong>oderint,</strong></span> <span class='ocrx_word' id='word_1_192' title='bbox 730 2439 835 2494; x_wconf 91' lang='lat' dir='ltr'><strong>tamen</strong></span> <span class='ocrx_word' id='word_1_193' title='bbox 859 2431 891 2492; x_wconf 93' lang='lat' dir='ltr'><strong>bi</strong></span> <span class='ocrx_word' id='word_1_194' title='bbox 915 2430 1033 2493; x_wconf 87' lang='lat' dir='ltr'><strong>debent</strong></span> <span class='ocrx_word' id='word_1_195' title='bbox 1055 2450 1137 2504; x_wconf 94' lang='lat' dir='ltr'><strong>non,</strong></span> <span class='ocrx_word' id='word_1_196' title='bbox 1163 2430 1242 2513; x_wconf 94' lang='lat' dir='ltr'><strong>quid</strong></span> <span class='ocrx_word' id='word_1_197' title='bbox 1264 2430 1312 2493; x_wconf 89' lang='lat' dir='ltr'><strong>illi</strong></span> <span class='ocrx_word' id='word_1_198' title='bbox 1334 2429 1478 2494; x_wconf 89' lang='lat' dir='ltr'><strong>accidere</strong></span> <span class='ocrx_word' id='word_1_199' title='bbox 1501 2432 1677 2509; x_wconf 87' lang='lat' dir='ltr'><strong>voluerint,</strong></span> <span class='ocrx_word' id='word_1_200' title='bbox 1699 2434 1756 2499; x_wconf 87' lang='lat' dir='ltr'><strong>sed</strong></span> 
     </span>
     <span class='ocr_line' id='line_1_21' title="bbox 427 2522 1793 2607; baseline 0.005 -22"><span class='ocrx_word' id='word_1_201' title='bbox 427 2522 505 2606; x_wconf 93' lang='lat' dir='ltr'><strong>quid</strong></span> <span class='ocrx_word' id='word_1_202' title='bbox 535 2524 614 2607; x_wconf 92' lang='lat' dir='ltr'><strong>ipsis</strong></span> <span class='ocrx_word' id='word_1_203' title='bbox 638 2525 671 2588; x_wconf 88' lang='lat' dir='ltr'><strong>in</strong></span> <span class='ocrx_word' id='word_1_204' title='bbox 694 2525 748 2588; x_wconf 89' lang='lat' dir='ltr'><strong>tali</strong></span> <span class='ocrx_word' id='word_1_205' title='bbox 771 2546 805 2588; x_wconf 91' lang='lat' dir='ltr'><strong>re</strong></span> <span class='ocrx_word' id='word_1_206' title='bbox 828 2524 1033 2588; x_wconf 91' lang='lat' dir='ltr'><strong>metuendum</strong></span> <span class='ocrx_word' id='word_1_207' title='bbox 1059 2525 1118 2598; x_wconf 89' lang='lat' dir='ltr'><strong>sit,</strong></span> <span class='ocrx_word' id='word_1_208' title='bbox 1148 2525 1298 2606; x_wconf 86' lang='lat' dir='ltr'><strong>cogitare.</strong></span> <span class='ocrx_word' id='word_1_209' title='bbox 1343 2524 1516 2587; x_wconf 88' lang='lat' dir='ltr'><strong>Commune</strong></span> <span class='ocrx_word' id='word_1_210' title='bbox 1538 2535 1587 2589; x_wconf 91' lang='lat' dir='ltr'><strong>est</strong></span> <span class='ocrx_word' id='word_1_211' title='bbox 1607 2526 1669 2591; x_wconf 93' lang='lat' dir='ltr'><strong>boc</strong></span> <span class='ocrx_word' id='word_1_212' title='bbox 1691 2544 1793 2592; x_wconf 66' lang='lat' dir='ltr'><strong>mano</strong></span> 
     </span>
     <span class='ocr_line' id='line_1_22' title="bbox 426 2615 1757 2700; baseline 0.006 -22"><span class='ocrx_word' id='word_1_213' title='bbox 426 2615 509 2692; x_wconf 88' lang='lat' dir='ltr'><strong>lum,</strong></span> <span class='ocrx_word' id='word_1_214' title='bbox 540 2619 719 2683; x_wconf 91' lang='lat' dir='ltr'><strong>communis</strong></span> <span class='ocrx_word' id='word_1_215' title='bbox 747 2627 867 2694; x_wconf 91' lang='lat' dir='ltr'><strong>metus,</strong></span> <span class='ocrx_word' id='word_1_216' title='bbox 896 2639 1065 2682; x_wconf 88' lang='lat' dir='ltr'><strong>commune</strong></span> <span class='ocrx_word' id='word_1_217' title='bbox 1096 2618 1285 2700; x_wconf 90' lang='lat' dir='ltr'><strong>periculum.</strong></span> <span class='ocrx_word' id='word_1_218' title='bbox 1328 2618 1442 2681; x_wconf 89' lang='lat' dir='ltr'><strong>Nullae</strong></span> <span class='ocrx_word' id='word_1_219' title='bbox 1470 2627 1544 2682; x_wconf 92' lang='lat' dir='ltr'><strong>sunt</strong></span> <span class='ocrx_word' id='word_1_220' title='bbox 1565 2622 1757 2686; x_wconf 88' lang='lat' dir='ltr'><strong>occultiores</strong></span> 
     </span>
     <span class='ocr_line' id='line_1_23' title="bbox 426 2709 1757 2797; baseline 0.003 -23"><span class='ocrx_word' id='word_1_221' title='bbox 426 2710 580 2787; x_wconf 87' lang='lat' dir='ltr'><strong>insidiae,</strong></span> <span class='ocrx_word' id='word_1_222' title='bbox 603 2734 699 2797; x_wconf 88' lang='lat' dir='ltr'><strong>quam</strong></span> <span class='ocrx_word' id='word_1_223' title='bbox 722 2734 792 2788; x_wconf 90' lang='lat' dir='ltr'><strong>eae,</strong></span> <span class='ocrx_word' id='word_1_224' title='bbox 816 2734 898 2797; x_wconf 91' lang='lat' dir='ltr'><strong>quac</strong></span> <span class='ocrx_word' id='word_1_225' title='bbox 921 2715 1020 2777; x_wconf 90' lang='lat' dir='ltr'><strong>latent</strong></span> <span class='ocrx_word' id='word_1_226' title='bbox 1042 2713 1076 2775; x_wconf 92' lang='lat' dir='ltr'><strong>in</strong></span> <span class='ocrx_word' id='word_1_227' title='bbox 1099 2712 1302 2775; x_wconf 90' lang='lat' dir='ltr'><strong>simulatione</strong></span> <span class='ocrx_word' id='word_1_228' title='bbox 1325 2709 1426 2774; x_wconf 85' lang='lat' dir='ltr'><strong>cilicii-</strong></span> <span class='ocrx_word' id='word_1_229' title='bbox 1444 2720 1500 2775; x_wconf 92' lang='lat' dir='ltr'><strong>aut</strong></span> <span class='ocrx_word' id='word_1_230' title='bbox 1520 2713 1554 2776; x_wconf 90' lang='lat' dir='ltr'><strong>in</strong></span> <span class='ocrx_word' id='word_1_231' title='bbox 1568 2714 1679 2797; x_wconf 89' lang='lat' dir='ltr'><strong>aliquo</strong></span> <span class='ocrx_word' id='word_1_232' title='bbox 1702 2735 1757 2778; x_wconf 90' lang='lat' dir='ltr'><strong>ne-</strong></span> 
     </span>
     <span class='ocr_line' id='line_1_24' title="bbox 428 2806 1756 2890; baseline 0.002 -21"><span class='ocrx_word' id='word_1_233' title='bbox 428 2806 632 2871; x_wconf 90' lang='lat' dir='ltr'><strong>cessitudinis</strong></span> <span class='ocrx_word' id='word_1_234' title='bbox 653 2808 792 2871; x_wconf 90' lang='lat' dir='ltr'><strong>nomine.</strong></span> <span class='ocrx_word' id='word_1_235' title='bbox 814 2810 893 2870; x_wconf 89' lang='lat' dir='ltr'><strong>Nam</strong></span> <span class='ocrx_word' id='word_1_236' title='bbox 909 2829 992 2882; x_wconf 90' lang='lat' dir='ltr'><strong>eum,</strong></span> <span class='ocrx_word' id='word_1_237' title='bbox 1015 2807 1069 2890; x_wconf 92' lang='lat' dir='ltr'><strong>qui</strong></span> <span class='ocrx_word' id='word_1_238' title='bbox 1086 2806 1191 2889; x_wconf 88' lang='lat' dir='ltr'><strong>palam</strong></span> <span class='ocrx_word' id='word_1_239' title='bbox 1207 2814 1256 2869; x_wconf 91' lang='lat' dir='ltr'><strong>est</strong></span> <span class='ocrx_word' id='word_1_240' title='bbox 1269 2807 1484 2880; x_wconf 88' lang='lat' dir='ltr'><strong>adversarius,</strong></span> <span class='ocrx_word' id='word_1_241' title='bbox 1506 2806 1599 2870; x_wconf 85' lang='lat' dir='ltr'><strong>facile</strong></span> <span class='ocrx_word' id='word_1_242' title='bbox 1615 2808 1756 2871; x_wconf 88' lang='lat' dir='ltr'><strong>cavendo</strong></span> 
     </span>
     <span class='ocr_line' id='line_1_25' title="bbox 427 2899 1756 2983; baseline 0.002 -22"><span class='ocrx_word' id='word_1_243' title='bbox 427 2899 527 2962; x_wconf 79' lang='lat' dir='ltr'><strong>uitare</strong></span> <span class='ocrx_word' id='word_1_244' title='bbox 548 2903 670 2983; x_wconf 89' lang='lat' dir='ltr'><strong>possis;</strong></span> <span class='ocrx_word' id='word_1_245' title='bbox 692 2901 753 2966; x_wconf 91' lang='lat' dir='ltr'><strong>boo</strong></span> <span class='ocrx_word' id='word_1_246' title='bbox 776 2923 852 2965; x_wconf 84' lang='lat' dir='ltr'><strong>vero</strong></span> <span class='ocrx_word' id='word_1_247' title='bbox 875 2902 1050 2974; x_wconf 89' lang='lat' dir='ltr'><strong>occultum,</strong></span> <span class='ocrx_word' id='word_1_248' title='bbox 1074 2900 1260 2962; x_wconf 90' lang='lat' dir='ltr'><strong>intestinum</strong></span> <span class='ocrx_word' id='word_1_249' title='bbox 1281 2920 1319 2963; x_wconf 87' lang='lat' dir='ltr'><strong>ac</strong></span> <span class='ocrx_word' id='word_1_250' title='bbox 1335 2901 1543 2964; x_wconf 88' lang='lat' dir='ltr'><strong>domesticum</strong></span> <span class='ocrx_word' id='word_1_251' title='bbox 1559 2903 1676 2965; x_wconf 89' lang='lat' dir='ltr'><strong>malum</strong></span> <span class='ocrx_word' id='word_1_252' title='bbox 1690 2922 1756 2966; x_wconf 91' lang='lat' dir='ltr'><strong>non</strong></span> 
     </span>
     <span class='ocr_line' id='line_1_26' title="bbox 427 2993 1794 3080; baseline 0.004 -25"><span class='ocrx_word' id='word_1_253' title='bbox 427 2993 523 3058; x_wconf 91' lang='lat' dir='ltr'><strong>modo</strong></span> <span class='ocrx_word' id='word_1_254' title='bbox 546 2994 689 3070; x_wconf 82' lang='lat' dir='ltr'><strong>exsistit,</strong></span> <span class='ocrx_word' id='word_1_255' title='bbox 723 3015 834 3058; x_wconf 83' lang='lat' dir='ltr'><strong>verum</strong></span> <span class='ocrx_word' id='word_1_256' title='bbox 865 2996 960 3058; x_wconf 88' lang='lat' dir='ltr'><strong>etiam</strong></span> <span class='ocrx_word' id='word_1_257' title='bbox 982 2995 1153 3078; x_wconf 89' lang='lat' dir='ltr'><strong>opprimit,</strong></span> <span class='ocrx_word' id='word_1_258' title='bbox 1183 3003 1355 3080; x_wconf 91' lang='lat' dir='ltr'><strong>antequam</strong></span> <span class='ocrx_word' id='word_1_259' title='bbox 1377 2996 1559 3078; x_wconf 88' lang='lat' dir='ltr'><strong>prospicere</strong></span> <span class='ocrx_word' id='word_1_260' title='bbox 1581 3004 1678 3080; x_wconf 90' lang='lat' dir='ltr'><strong>atque</strong></span> <span class='ocrx_word' id='word_1_261' title='bbox 1701 3013 1794 3061; x_wconf 73' lang='lat' dir='ltr'><strong>ema</strong></span> 
     </span>
     <span class='ocr_line' id='line_1_27' title="bbox 427 3085 1756 3172; baseline 0.005 -23"><span class='ocrx_word' id='word_1_262' title='bbox 427 3088 553 3170; x_wconf 85' lang='lat' dir='ltr'><strong>plorare</strong></span> <span class='ocrx_word' id='word_1_263' title='bbox 575 3089 729 3172; x_wconf 90' lang='lat' dir='ltr'><strong>potueris.</strong></span> <span class='ocrx_word' id='word_1_264' title='bbox 763 3085 814 3150; x_wconf 80' lang='lat' dir='ltr'><strong>lt).</strong></span> <span class='ocrx_word' id='word_1_265' title='bbox 836 3091 925 3152; x_wconf 90' lang='lat' dir='ltr'><strong>Itane</strong></span> <span class='ocrx_word' id='word_1_266' title='bbox 939 3092 1039 3153; x_wconf 81' lang='lat' dir='ltr'><strong>vorot</strong></span> <span class='ocrx_word' id='word_1_267' title='bbox 1071 3091 1119 3151; x_wconf 87' lang='lat' dir='ltr'><strong>Tu</strong></span> <span class='ocrx_word' id='word_1_268' title='bbox 1138 3108 1209 3151; x_wconf 93' lang='lat' dir='ltr'><strong>cum</strong></span> <span class='ocrx_word' id='word_1_269' title='bbox 1226 3096 1378 3171; x_wconf 90' lang='lat' dir='ltr'><strong>quaestor</strong></span> <span class='ocrx_word' id='word_1_270' title='bbox 1392 3089 1433 3152; x_wconf 88' lang='lat' dir='ltr'><strong>ad</strong></span> <span class='ocrx_word' id='word_1_271' title='bbox 1448 3090 1624 3153; x_wconf 81' lang='lat' dir='ltr'><strong>exercitum</strong></span> <span class='ocrx_word' id='word_1_272' title='bbox 1640 3091 1756 3155; x_wconf 90' lang='lat' dir='ltr'><strong>missus</strong></span> 
     </span>
     <span class='ocr_line' id='line_1_28' title="bbox 428 3182 1756 3266; baseline 0.003 -22"><span class='ocrx_word' id='word_1_273' title='bbox 428 3183 489 3257; x_wconf 90' lang='lat' dir='ltr'><strong>sis,</strong></span> <span class='ocrx_word' id='word_1_274' title='bbox 511 3190 618 3247; x_wconf 91' lang='lat' dir='ltr'><strong>custos</strong></span> <span class='ocrx_word' id='word_1_275' title='bbox 641 3202 706 3245; x_wconf 93' lang='lat' dir='ltr'><strong>non</strong></span> <span class='ocrx_word' id='word_1_276' title='bbox 727 3182 832 3246; x_wconf 91' lang='lat' dir='ltr'><strong>solum</strong></span> <span class='ocrx_word' id='word_1_277' title='bbox 853 3183 1025 3265; x_wconf 89' lang='lat' dir='ltr'><strong>pecuniae,</strong></span> <span class='ocrx_word' id='word_1_278' title='bbox 1054 3183 1110 3246; x_wconf 89' lang='lat' dir='ltr'><strong>sed</strong></span> <span class='ocrx_word' id='word_1_279' title='bbox 1133 3182 1229 3246; x_wconf 91' lang='lat' dir='ltr'><strong>etiam</strong></span> <span class='ocrx_word' id='word_1_280' title='bbox 1251 3183 1410 3258; x_wconf 89' lang='lat' dir='ltr'><strong>consulis,</strong></span> <span class='ocrx_word' id='word_1_281' title='bbox 1432 3184 1591 3266; x_wconf 88' lang='lat' dir='ltr'><strong>particeps</strong></span> <span class='ocrx_word' id='word_1_282' title='bbox 1613 3186 1756 3248; x_wconf 91' lang='lat' dir='ltr'><strong>omnium</strong></span> 
     </span>
     <span class='ocr_line' id='line_1_29' title="bbox 430 3275 1785 3360; baseline 0.002 -21"><span class='ocrx_word' id='word_1_283' title='bbox 430 3297 536 3339; x_wconf 88' lang='lat' dir='ltr'><strong>rerum</strong></span> <span class='ocrx_word' id='word_1_284' title='bbox 569 3275 842 3360; x_wconf 89' lang='lat' dir='ltr'><strong>consiliorumque</strong></span> <span class='ocrx_word' id='word_1_285' title='bbox 875 3276 991 3350; x_wconf 87' lang='lat' dir='ltr'><strong>iueris,</strong></span> <span class='ocrx_word' id='word_1_286' title='bbox 1023 3276 1152 3339; x_wconf 89' lang='lat' dir='ltr'><strong>babitus</strong></span> <span class='ocrx_word' id='word_1_287' title='bbox 1181 3277 1225 3339; x_wconf 88' lang='lat' dir='ltr'><strong>sis</strong></span> <span class='ocrx_word' id='word_1_288' title='bbox 1248 3275 1282 3339; x_wconf 91' lang='lat' dir='ltr'><strong>in</strong></span> <span class='ocrx_word' id='word_1_289' title='bbox 1303 3276 1439 3339; x_wconf 89' lang='lat' dir='ltr'><strong>liberum</strong></span> <span class='ocrx_word' id='word_1_290' title='bbox 1460 3276 1550 3352; x_wconf 88' lang='lat' dir='ltr'><strong>ioco,</strong></span> <span class='ocrx_word' id='word_1_291' title='bbox 1582 3277 1665 3342; x_wconf 86' lang='lat' dir='ltr'><strong>siout</strong></span> <span class='ocrx_word' id='word_1_292' title='bbox 1687 3299 1755 3342; x_wconf 85' lang='lat' dir='ltr'><strong>mos</strong></span> <span class='ocrx_word' id='word_1_293' title='bbox 1783 3305 1785 3311; x_wconf 95' lang='lat'>·</span> 
     </span>
     <span class='ocr_line' id='line_1_30' title="bbox 426 3369 1756 3453; baseline 0.002 -20"><span class='ocrx_word' id='word_1_294' title='bbox 426 3370 584 3433; x_wconf 89' lang='lat' dir='ltr'><strong>maiorum</strong></span> <span class='ocrx_word' id='word_1_295' title='bbox 605 3369 741 3442; x_wconf 80' lang='lat' dir='ltr'><strong>ferebat,</strong></span> <span class='ocrx_word' id='word_1_296' title='bbox 770 3378 901 3451; x_wconf 89' lang='lat' dir='ltr'><strong>repente</strong></span> <span class='ocrx_word' id='word_1_297' title='bbox 923 3370 1105 3453; x_wconf 89' lang='lat' dir='ltr'><strong>relinquas,</strong></span> <span class='ocrx_word' id='word_1_298' title='bbox 1134 3369 1278 3442; x_wconf 90' lang='lat' dir='ltr'><strong>deseras,</strong></span> <span class='ocrx_word' id='word_1_299' title='bbox 1308 3370 1348 3431; x_wconf 91' lang='lat' dir='ltr'><strong>ad</strong></span> <span class='ocrx_word' id='word_1_300' title='bbox 1370 3370 1569 3433; x_wconf 85' lang='lat' dir='ltr'><strong>adversarios</strong></span> <span class='ocrx_word' id='word_1_301' title='bbox 1591 3374 1756 3435; x_wconf 72' lang='lat' dir='ltr'><strong>transeas?</strong></span> 
     </span>
     <span class='ocr_line' id='line_1_31' title="bbox 427 3461 1793 3547; baseline 0.003 -21"><span class='ocrx_word' id='word_1_302' title='bbox 427 3462 455 3526; x_wconf 91' lang='grc' dir='ltr'>Ο</span> <span class='ocrx_word' id='word_1_303' title='bbox 479 3463 600 3527; x_wconf 88' lang='lat' dir='ltr'><strong>scelusl</strong></span> <span class='ocrx_word' id='word_1_304' title='bbox 623 3483 643 3526; x_wconf 93' lang='lat' dir='ltr'><strong>o</strong></span> <span class='ocrx_word' id='word_1_305' title='bbox 664 3471 848 3546; x_wconf 88' lang='lat' dir='ltr'><strong>portentum</strong></span> <span class='ocrx_word' id='word_1_306' title='bbox 870 3464 903 3526; x_wconf 94' lang='lat' dir='ltr'><strong>in</strong></span> <span class='ocrx_word' id='word_1_307' title='bbox 924 3465 1053 3526; x_wconf 88' lang='lat' dir='ltr'><strong>ultimas</strong></span> <span class='ocrx_word' id='word_1_308' title='bbox 1077 3470 1176 3526; x_wconf 90' lang='lat' dir='ltr'><strong>terras</strong></span> <span class='ocrx_word' id='word_1_309' title='bbox 1192 3461 1444 3544; x_wconf 79' lang='lat' dir='ltr'><strong>exportandum!</strong></span> <span class='ocrx_word' id='word_1_310' title='bbox 1465 3464 1537 3525; x_wconf 91' lang='lat' dir='ltr'><strong>Non</strong></span> <span class='ocrx_word' id='word_1_311' title='bbox 1551 3465 1636 3527; x_wconf 92' lang='lat' dir='ltr'><strong>enim</strong></span> <span class='ocrx_word' id='word_1_312' title='bbox 1650 3471 1793 3547; x_wconf 81' lang='lat' dir='ltr'><strong>potcstso</strong></span> 
     </span>
     <span class='ocr_line' id='line_1_32' title="bbox 427 3555 1757 3641; baseline 0.001 -20"><span class='ocrx_word' id='word_1_313' title='bbox 427 3577 464 3621; x_wconf 86' lang='lat' dir='ltr'><strong>ea</strong></span> <span class='ocrx_word' id='word_1_314' title='bbox 486 3565 614 3632; x_wconf 87' lang='lat' dir='ltr'><strong>natura,</strong></span> <span class='ocrx_word' id='word_1_315' title='bbox 637 3577 720 3641; x_wconf 88' lang='lat' dir='ltr'><strong>quae</strong></span> <span class='ocrx_word' id='word_1_316' title='bbox 743 3564 865 3621; x_wconf 90' lang='lat' dir='ltr'><strong>tantum</strong></span> <span class='ocrx_word' id='word_1_317' title='bbox 887 3557 1011 3620; x_wconf 80' lang='lat' dir='ltr'><strong>facinus</strong></span> <span class='ocrx_word' id='word_1_318' title='bbox 1034 3555 1245 3630; x_wconf 87' lang='lat' dir='ltr'><strong>commiserit,</strong></span> <span class='ocrx_word' id='word_1_319' title='bbox 1274 3555 1336 3618; x_wconf 89' lang='lat' dir='ltr'><strong>boc</strong></span> <span class='ocrx_word' id='word_1_320' title='bbox 1357 3576 1423 3618; x_wconf 93' lang='lat' dir='ltr'><strong>uno</strong></span> <span class='ocrx_word' id='word_1_321' title='bbox 1445 3555 1566 3621; x_wconf 90' lang='lat' dir='ltr'><strong>sceiere</strong></span> <span class='ocrx_word' id='word_1_322' title='bbox 1588 3578 1659 3622; x_wconf 91' lang='lat' dir='ltr'><strong>esse</strong></span> <span class='ocrx_word' id='word_1_323' title='bbox 1680 3579 1757 3623; x_wconf 91' lang='lat' dir='ltr'><strong>con·</strong></span> 
     </span>
     <span class='ocr_line' id='line_1_33' title="bbox 426 3649 1757 3736; baseline 0 -21"><span class='ocrx_word' id='word_1_324' title='bbox 426 3660 529 3716; x_wconf 85' lang='lat' dir='ltr'><strong>tenta:</strong></span> <span class='ocrx_word' id='word_1_325' title='bbox 551 3671 684 3715; x_wconf 86' lang='lat' dir='ltr'><strong>necesse</strong></span> <span class='ocrx_word' id='word_1_326' title='bbox 707 3658 757 3715; x_wconf 93' lang='lat' dir='ltr'><strong>est</strong></span> <span class='ocrx_word' id='word_1_327' title='bbox 777 3671 904 3735; x_wconf 89' lang='lat' dir='ltr'><strong>semper</strong></span> <span class='ocrx_word' id='word_1_328' title='bbox 925 3651 1047 3736; x_wconf 88' lang='lat' dir='ltr'><strong>aliquid</strong></span> <span class='ocrx_word' id='word_1_329' title='bbox 1069 3649 1228 3714; x_wconf 90' lang='lat' dir='ltr'><strong>eiusmodi</strong></span> <span class='ocrx_word' id='word_1_330' title='bbox 1251 3649 1413 3725; x_wconf 89' lang='lat' dir='ltr'><strong>moliatur,</strong></span> <span class='ocrx_word' id='word_1_331' title='bbox 1435 3669 1567 3714; x_wconf 89' lang='lat' dir='ltr'><strong>necesse</strong></span> <span class='ocrx_word' id='word_1_332' title='bbox 1589 3653 1691 3716; x_wconf 89' lang='lat' dir='ltr'><strong>estin</strong></span> <span class='ocrx_word' id='word_1_333' title='bbox 1713 3652 1757 3717; x_wconf 91' lang='lat' dir='ltr'><strong>si·</strong></span> 
     </span>
     <span class='ocr_line' id='line_1_34' title="bbox 426 3740 1757 3830; baseline 0.002 -22"><span class='ocrx_word' id='word_1_334' title='bbox 426 3746 494 3810; x_wconf 90' lang='lat' dir='ltr'><strong>mili</strong></span> <span class='ocrx_word' id='word_1_335' title='bbox 517 3744 651 3809; x_wconf 88' lang='lat' dir='ltr'><strong>audacia</strong></span> <span class='ocrx_word' id='word_1_336' title='bbox 672 3741 868 3830; x_wconf 87' lang='lat' dir='ltr'><strong>perfidiaque</strong></span> <span class='ocrx_word' id='word_1_337' title='bbox 891 3754 1044 3810; x_wconf 82' lang='lat' dir='ltr'><strong>versetur.</strong></span> <span class='ocrx_word' id='word_1_338' title='bbox 1088 3740 1140 3807; x_wconf 78' lang='lat' dir='ltr'><strong>tl.</strong></span> <span class='ocrx_word' id='word_1_339' title='bbox 1162 3745 1274 3827; x_wconf 91' lang='lat' dir='ltr'><strong>ltaque</strong></span> <span class='ocrx_word' id='word_1_340' title='bbox 1295 3743 1381 3806; x_wconf 89' lang='lat' dir='ltr'><strong>idem</strong></span> <span class='ocrx_word' id='word_1_341' title='bbox 1403 3745 1481 3818; x_wconf 89' lang='lat' dir='ltr'><strong>iste,</strong></span> <span class='ocrx_word' id='word_1_342' title='bbox 1503 3764 1600 3828; x_wconf 90' lang='lat' dir='ltr'><strong>quem</strong></span> <span class='ocrx_word' id='word_1_343' title='bbox 1622 3747 1678 3811; x_wconf 89' lang='lat' dir='ltr'><strong>Cn.</strong></span> <span class='ocrx_word' id='word_1_344' title='bbox 1692 3748 1757 3810; x_wconf 86' lang='lat' dir='ltr'><strong>Ilo-</strong></span> 
     </span>
     <span class='ocr_line' id='line_1_35' title="bbox 426 3837 1757 3923; baseline 0 -21"><span class='ocrx_word' id='word_1_345' title='bbox 426 3838 541 3903; x_wconf 87' lang='lat' dir='ltr'><strong>labelia</strong></span> <span class='ocrx_word' id='word_1_346' title='bbox 566 3846 678 3922; x_wconf 86' lang='lat' dir='ltr'><strong>postea</strong></span> <span class='ocrx_word' id='word_1_347' title='bbox 709 3839 743 3903; x_wconf 78' lang='lat' dir='ltr'><strong>(l.</strong></span> <span class='ocrx_word' id='word_1_348' title='bbox 762 3840 914 3905; x_wconf 84' lang='lat' dir='ltr'><strong>Malleolo</strong></span> <span class='ocrx_word' id='word_1_349' title='bbox 945 3840 1051 3905; x_wconf 91' lang='lat' dir='ltr'><strong>occiso</strong></span> <span class='ocrx_word' id='word_1_350' title='bbox 1073 3859 1133 3922; x_wconf 94' lang='lat' dir='ltr'><strong>pro</strong></span> <span class='ocrx_word' id='word_1_351' title='bbox 1165 3844 1334 3923; x_wconf 86' lang='lat' dir='ltr'><strong>quaestore</strong></span> <span class='ocrx_word' id='word_1_352' title='bbox 1363 3838 1476 3902; x_wconf 89' lang='lat' dir='ltr'><strong>babuit</strong></span> <span class='ocrx_word' id='word_1_353' title='bbox 1508 3837 1603 3921; x_wconf 87' lang='lat' dir='ltr'><strong>(baud</strong></span> <span class='ocrx_word' id='word_1_354' title='bbox 1621 3841 1693 3904; x_wconf 84' lang='lat' dir='ltr'><strong>scio</strong></span> <span class='ocrx_word' id='word_1_355' title='bbox 1714 3859 1757 3903; x_wconf 92' lang='lat' dir='ltr'><strong>an</strong></span> 
     </span>
    </p>
   </div>
   <div class='ocr_carea' id='block_1_3' title="bbox 400 4143 1866 5336">
    <p class='ocr_par' dir='ltr' id='par_1_3' title="bbox 400 4143 1866 5336">
     <span class='ocr_line' id='line_1_36' title="bbox 490 4143 1754 4213; baseline 0 -15"><span class='ocrx_word' id='word_1_356' title='bbox 490 4147 515 4200; x_wconf 66' lang='grc' dir='ltr'><strong>ἱ.</strong></span> <span class='ocrx_word' id='word_1_357' title='bbox 533 4160 593 4197; x_wconf 82' lang='lat' dir='ltr'><strong>ruas</strong></span> <span class='ocrx_word' id='word_1_358' title='bbox 609 4160 692 4197; x_wconf 74' lang='lat' dir='ltr'><strong>omaso</strong></span> <span class='ocrx_word' id='word_1_359' title='bbox 705 4161 732 4209; x_wconf 77' lang='grc' dir='ltr'><strong>ς.</strong></span> <span class='ocrx_word' id='word_1_360' title='bbox 753 4173 780 4184; x_wconf 93' lang='grc'>-</span> <span class='ocrx_word' id='word_1_361' title='bbox 800 4147 824 4198; x_wconf 82' lang='grc'><strong>3.</strong></span> <span class='ocrx_word' id='word_1_362' title='bbox 842 4147 946 4213; x_wconf 67' lang='lat' dir='ltr'><strong>[xum]</strong></span> <span class='ocrx_word' id='word_1_363' title='bbox 963 4148 1061 4212; x_wconf 79' lang='lat' dir='ltr'><strong>iepirssr</strong></span> <span class='ocrx_word' id='word_1_364' title='bbox 1073 4143 1156 4210; x_wconf 60' lang='lat' dir='ltr'><strong>arg,</strong></span> <span class='ocrx_word' id='word_1_365' title='bbox 1180 4149 1220 4199; x_wconf 91' lang='lat' dir='ltr'><strong>sic</strong></span> <span class='ocrx_word' id='word_1_366' title='bbox 1242 4146 1378 4199; x_wconf 86' lang='lat' dir='ltr'><strong>turbatum</strong></span> <span class='ocrx_word' id='word_1_367' title='bbox 1396 4147 1420 4211; x_wconf 71' lang='lat'><strong>5.</strong></span> <span class='ocrx_word' id='word_1_368' title='bbox 1439 4147 1480 4200; x_wconf 81' lang='grc'><strong>60.</strong></span> <span class='ocrx_word' id='word_1_369' title='bbox 1500 4174 1528 4184; x_wconf 98' lang='grc'>-</span> <span class='ocrx_word' id='word_1_370' title='bbox 1546 4145 1571 4198; x_wconf 83' lang='lat' dir='ltr'><strong>l.</strong></span> <span class='ocrx_word' id='word_1_371' title='bbox 1589 4147 1684 4197; x_wconf 69' lang='lat' dir='ltr'><strong>canuti</strong></span> <span class='ocrx_word' id='word_1_372' title='bbox 1699 4159 1754 4199; x_wconf 89' lang='lat' dir='ltr'><strong>om.</strong></span> 
     </span>
     <span class='ocr_line' id='line_1_37' title="bbox 427 4221 1754 4288; baseline -0.002 -14"><span class='ocrx_word' id='word_1_373' title='bbox 427 4222 496 4274; x_wconf 78' lang='lat' dir='ltr'><strong>ott.</strong></span> <span class='ocrx_word' id='word_1_374' title='bbox 518 4249 545 4259; x_wconf 94' lang='lat'><em>—</em></span> <span class='ocrx_word' id='word_1_375' title='bbox 565 4222 589 4271; x_wconf 88' lang='grc'><strong>6.</strong></span> <span class='ocrx_word' id='word_1_376' title='bbox 608 4223 868 4288; x_wconf 84' lang='lat' dir='ltr'><strong>aec--nsc·-aac]</strong></span> <span class='ocrx_word' id='word_1_377' title='bbox 888 4223 933 4273; x_wconf 84' lang='lat' dir='ltr'><strong>bd.</strong></span> <span class='ocrx_word' id='word_1_378' title='bbox 952 4222 1002 4282; x_wconf 88' lang='lat' dir='ltr'><strong>bis,</strong></span> <span class='ocrx_word' id='word_1_379' title='bbox 1022 4225 1059 4274; x_wconf 71' lang='lat' dir='ltr'><strong>Ga</strong></span> <span class='ocrx_word' id='word_1_380' title='bbox 1076 4226 1118 4273; x_wconf 89' lang='lat' dir='ltr'><strong>ter</strong></span> <span class='ocrx_word' id='word_1_381' title='bbox 1134 4235 1221 4283; x_wconf 79' lang='lat' dir='ltr'><strong>aeque.</strong></span> <span class='ocrx_word' id='word_1_382' title='bbox 1236 4251 1263 4259; x_wconf 89' lang='grc'>-</span> <span class='ocrx_word' id='word_1_383' title='bbox 1283 4223 1306 4272; x_wconf 81' lang='lat'><strong>7.</strong></span> <span class='ocrx_word' id='word_1_384' title='bbox 1326 4223 1446 4283; x_wconf 62' lang='lat' dir='ltr'><strong>acarf:</strong></span> <span class='ocrx_word' id='word_1_385' title='bbox 1465 4226 1493 4272; x_wconf 85' lang='lat' dir='ltr'><strong>at</strong></span> <span class='ocrx_word' id='word_1_386' title='bbox 1510 4222 1542 4272; x_wconf 84' lang='lat' dir='ltr'><strong>Gt</strong></span> <span class='ocrx_word' id='word_1_387' title='bbox 1558 4236 1564 4276; x_wconf 87' lang='lat'>;</span> <span class='ocrx_word' id='word_1_388' title='bbox 1582 4226 1605 4271; x_wconf 86' lang='lat' dir='ltr'><strong>st</strong></span> <span class='ocrx_word' id='word_1_389' title='bbox 1621 4221 1754 4272; x_wconf 79' lang='lat' dir='ltr'><strong>dito.-</strong></span> 
     </span>
     <span class='ocr_line' id='line_1_38' title="bbox 400 4295 1758 4358; baseline 0.002 -14"><span class='ocrx_word' id='word_1_390' title='bbox 400 4331 406 4344; x_wconf 87' lang='lat'><strong>.</strong></span> <span class='ocrx_word' id='word_1_391' title='bbox 426 4297 450 4348; x_wconf 85' lang='lat'><strong>8.</strong></span> <span class='ocrx_word' id='word_1_392' title='bbox 467 4297 613 4347; x_wconf 82' lang='lat' dir='ltr'><strong>insidiosam</strong></span> <span class='ocrx_word' id='word_1_393' title='bbox 630 4297 698 4347; x_wconf 87' lang='lat' dir='ltr'><strong>coni.</strong></span> <span class='ocrx_word' id='word_1_394' title='bbox 713 4295 816 4347; x_wconf 80' lang='lat' dir='ltr'><strong>bamb:</strong></span> <span class='ocrx_word' id='word_1_395' title='bbox 834 4297 982 4347; x_wconf 83' lang='lat' dir='ltr'><strong>inuidiosam</strong></span> <span class='ocrx_word' id='word_1_396' title='bbox 1000 4298 1089 4358; x_wconf 92' lang='lat' dir='ltr'><strong>codd.;</strong></span> <span class='ocrx_word' id='word_1_397' title='bbox 1109 4312 1162 4349; x_wconf 89' lang='lat' dir='ltr'><strong>om.</strong></span> <span class='ocrx_word' id='word_1_398' title='bbox 1177 4300 1245 4348; x_wconf 83' lang='lat' dir='ltr'><strong>blan.</strong></span> <span class='ocrx_word' id='word_1_399' title='bbox 1260 4325 1287 4333; x_wconf 99' lang='lat'>-</span> <span class='ocrx_word' id='word_1_400' title='bbox 1307 4298 1330 4348; x_wconf 85' lang='grc'><strong>9.</strong></span> <span class='ocrx_word' id='word_1_401' title='bbox 1348 4299 1488 4347; x_wconf 79' lang='lat' dir='ltr'><strong>soeietatem</strong></span> <span class='ocrx_word' id='word_1_402' title='bbox 1499 4296 1588 4347; x_wconf 86' lang='lat' dir='ltr'><strong>codd:</strong></span> <span class='ocrx_word' id='word_1_403' title='bbox 1601 4299 1758 4348; x_wconf 81' lang='lat' dir='ltr'><strong>sanctitatem</strong></span> 
     </span>
     <span class='ocr_line' id='line_1_39' title="bbox 426 4372 1756 4438; baseline 0.001 -15"><span class='ocrx_word' id='word_1_404' title='bbox 426 4375 494 4425; x_wconf 88' lang='lat' dir='ltr'><strong>conl.</strong></span> <span class='ocrx_word' id='word_1_405' title='bbox 512 4373 535 4424; x_wconf 86' lang='lat' dir='ltr'><strong>J.</strong></span> <span class='ocrx_word' id='word_1_406' title='bbox 555 4374 595 4422; x_wconf 85' lang='lat' dir='ltr'><strong>Fr.</strong></span> <span class='ocrx_word' id='word_1_407' title='bbox 615 4374 728 4422; x_wconf 84' lang='lat' dir='ltr'><strong>Gronov.</strong></span> <span class='ocrx_word' id='word_1_408' title='bbox 757 4372 830 4422; x_wconf 75' lang='lat' dir='ltr'><strong>«Sed</strong></span> <span class='ocrx_word' id='word_1_409' title='bbox 857 4386 889 4422; x_wconf 82' lang='lat' dir='ltr'><strong>ex</strong></span> <span class='ocrx_word' id='word_1_410' title='bbox 913 4375 1092 4424; x_wconf 82' lang='lat' dir='ltr'><strong>Rornanorum</strong></span> <span class='ocrx_word' id='word_1_411' title='bbox 1114 4373 1224 4438; x_wconf 86' lang='lat' dir='ltr'><strong>quidem</strong></span> <span class='ocrx_word' id='word_1_412' title='bbox 1246 4373 1377 4424; x_wconf 85' lang='lat' dir='ltr'><strong>sentiendi</strong></span> <span class='ocrx_word' id='word_1_413' title='bbox 1399 4373 1583 4437; x_wconf 87' lang='lat' dir='ltr'><strong>cogitandique</strong></span> <span class='ocrx_word' id='word_1_414' title='bbox 1605 4375 1706 4424; x_wconf 85' lang='lat' dir='ltr'><strong>ratione</strong></span> <span class='ocrx_word' id='word_1_415' title='bbox 1730 4375 1756 4424; x_wconf 89' lang='lat' dir='ltr'><strong>ia</strong></span> 
     </span>
     <span class='ocr_line' id='line_1_40' title="bbox 426 4446 1758 4513; baseline 0.002 -15"><span class='ocrx_word' id='word_1_416' title='bbox 426 4449 611 4498; x_wconf 87' lang='lat' dir='ltr'><strong>coniunctione</strong></span> <span class='ocrx_word' id='word_1_417' title='bbox 630 4446 764 4498; x_wconf 85' lang='lat' dir='ltr'><strong>secundae</strong></span> <span class='ocrx_word' id='word_1_418' title='bbox 782 4450 809 4496; x_wconf 87' lang='lat' dir='ltr'><strong>et</strong></span> <span class='ocrx_word' id='word_1_419' title='bbox 826 4447 954 4498; x_wconf 83' lang='lat' dir='ltr'><strong>adversae</strong></span> <span class='ocrx_word' id='word_1_420' title='bbox 972 4449 1092 4499; x_wconf 79' lang='lat' dir='ltr'><strong>fortunae</strong></span> <span class='ocrx_word' id='word_1_421' title='bbox 1110 4451 1214 4499; x_wconf 78' lang='lat' dir='ltr'><strong>sociems</strong></span> <span class='ocrx_word' id='word_1_422' title='bbox 1230 4447 1283 4498; x_wconf 86' lang='lat' dir='ltr'><strong>ilde</strong></span> <span class='ocrx_word' id='word_1_423' title='bbox 1301 4449 1424 4498; x_wconf 88' lang='lat' dir='ltr'><strong>nimirum</strong></span> <span class='ocrx_word' id='word_1_424' title='bbox 1443 4450 1470 4497; x_wconf 91' lang='lat' dir='ltr'><strong>et</strong></span> <span class='ocrx_word' id='word_1_425' title='bbox 1486 4448 1597 4498; x_wconf 85' lang='lat' dir='ltr'><strong>honesta</strong></span> <span class='ocrx_word' id='word_1_426' title='bbox 1614 4450 1703 4513; x_wconf 90' lang='lat' dir='ltr'><strong>potest</strong></span> <span class='ocrx_word' id='word_1_427' title='bbox 1716 4449 1758 4500; x_wconf 88' lang='lat' dir='ltr'><strong>iu·</strong></span> 
     </span>
     <span class='ocr_line' id='line_1_41' title="bbox 426 4521 1757 4586; baseline 0.001 -13"><span class='ocrx_word' id='word_1_428' title='bbox 426 4536 501 4584; x_wconf 88' lang='lat' dir='ltr'><strong>esse,</strong></span> <span class='ocrx_word' id='word_1_429' title='bbox 519 4526 673 4586; x_wconf 84' lang='lat' dir='ltr'><strong>neutiquam</strong></span> <span class='ocrx_word' id='word_1_430' title='bbox 691 4535 755 4570; x_wconf 81' lang='lat' dir='ltr'><strong>vero</strong></span> <span class='ocrx_word' id='word_1_431' title='bbox 771 4522 917 4571; x_wconf 77' lang='lat' dir='ltr'><strong>sauctitas.»</strong></span> <span class='ocrx_word' id='word_1_432' title='bbox 936 4523 980 4572; x_wconf 83' lang='lat' dir='ltr'><strong>ou.</strong></span> <span class='ocrx_word' id='word_1_433' title='bbox 993 4524 1013 4571; x_wconf 90' lang='lat' dir='ltr'><strong>l.</strong></span> <span class='ocrx_word' id='word_1_434' title='bbox 1029 4550 1056 4558; x_wconf 96' lang='lat'>-</span> <span class='ocrx_word' id='word_1_435' title='bbox 1077 4524 1116 4572; x_wconf 90' lang='grc'><strong>44.</strong></span> <span class='ocrx_word' id='word_1_436' title='bbox 1134 4537 1212 4584; x_wconf 77' lang='lat' dir='ltr'><strong>aeque</strong></span> <span class='ocrx_word' id='word_1_437' title='bbox 1228 4537 1349 4586; x_wconf 85' lang='lat' dir='ltr'><strong>umquam</strong></span> <span class='ocrx_word' id='word_1_438' title='bbox 1360 4525 1406 4573; x_wconf 85' lang='lat' dir='ltr'><strong>Gt.</strong></span> <span class='ocrx_word' id='word_1_439' title='bbox 1423 4521 1562 4586; x_wconf 79' lang='lat' dir='ltr'><strong>vulgatam</strong></span> <span class='ocrx_word' id='word_1_440' title='bbox 1578 4526 1666 4574; x_wconf 86' lang='lat' dir='ltr'><strong>tuetur</strong></span> <span class='ocrx_word' id='word_1_441' title='bbox 1677 4525 1757 4575; x_wconf 85' lang='lat' dir='ltr'><strong>etiem</strong></span> 
     </span>
     <span class='ocr_line' id='line_1_42' title="bbox 426 4596 1755 4664; baseline 0.001 -17"><span class='ocrx_word' id='word_1_442' title='bbox 426 4598 499 4648; x_wconf 84' lang='lat' dir='ltr'><strong>Serv.</strong></span> <span class='ocrx_word' id='word_1_443' title='bbox 515 4596 784 4648; x_wconf 44' lang='grc'><strong>4446411454.-</strong></span> <span class='ocrx_word' id='word_1_444' title='bbox 804 4596 845 4645; x_wconf 88' lang='grc'><strong>49.</strong></span> <span class='ocrx_word' id='word_1_445' title='bbox 864 4597 979 4647; x_wconf 71' lang='lat' dir='ltr'><strong>accedas</strong></span> <span class='ocrx_word' id='word_1_446' title='bbox 997 4598 1029 4646; x_wconf 78' lang='lat' dir='ltr'><strong>at</strong></span> <span class='ocrx_word' id='word_1_447' title='bbox 1042 4598 1145 4660; x_wconf 70' lang='lat' dir='ltr'><strong>clgttl.</strong></span> <span class='ocrx_word' id='word_1_448' title='bbox 1165 4598 1198 4648; x_wconf 85' lang='lat' dir='ltr'><strong>ct.</strong></span> <span class='ocrx_word' id='word_1_449' title='bbox 1212 4597 1247 4648; x_wconf 88' lang='lat' dir='ltr'><strong>ed</strong></span> <span class='ocrx_word' id='word_1_450' title='bbox 1264 4598 1288 4661; x_wconf 74' lang='grc'><strong>5.</strong></span> <span class='ocrx_word' id='word_1_451' title='bbox 1302 4596 1326 4648; x_wconf 83' lang='lat' dir='ltr'><strong>i.</strong></span> <span class='ocrx_word' id='word_1_452' title='bbox 1342 4625 1368 4634; x_wconf 93' lang='lat'><em>-</em></span> <span class='ocrx_word' id='word_1_453' title='bbox 1388 4598 1429 4648; x_wconf 77' lang='lat'><strong>20.</strong></span> <span class='ocrx_word' id='word_1_454' title='bbox 1447 4598 1515 4664; x_wconf 81' lang='lat' dir='ltr'><strong>ipsis]</strong></span> <span class='ocrx_word' id='word_1_455' title='bbox 1533 4599 1650 4660; x_wconf 84' lang='lat' dir='ltr'><strong>temporis</strong></span> <span class='ocrx_word' id='word_1_456' title='bbox 1661 4598 1755 4648; x_wconf 74' lang='lat' dir='ltr'><strong>utto.</strong></span> 
     </span>
     <span class='ocr_line' id='line_1_43' title="bbox 428 4671 1758 4737; baseline -0.002 -13"><span class='ocrx_word' id='word_1_457' title='bbox 428 4699 455 4710; x_wconf 93' lang='lat'>-</span> <span class='ocrx_word' id='word_1_458' title='bbox 474 4675 517 4727; x_wconf 74' lang='lat'><strong>22.</strong></span> <span class='ocrx_word' id='word_1_459' title='bbox 533 4674 591 4734; x_wconf 83' lang='lat' dir='ltr'><strong>bae,</strong></span> <span class='ocrx_word' id='word_1_460' title='bbox 611 4685 676 4733; x_wconf 84' lang='lat' dir='ltr'><strong>quae</strong></span> <span class='ocrx_word' id='word_1_461' title='bbox 692 4673 742 4731; x_wconf 82' lang='lat' dir='ltr'><strong>Gt,</strong></span> <span class='ocrx_word' id='word_1_462' title='bbox 767 4675 831 4735; x_wconf 80' lang='lat' dir='ltr'><strong>Aug.</strong></span> <span class='ocrx_word' id='word_1_463' title='bbox 852 4673 908 4722; x_wconf 81' lang='lat' dir='ltr'><strong>civ.</strong></span> <span class='ocrx_word' id='word_1_464' title='bbox 927 4674 957 4722; x_wconf 87' lang='lat' dir='ltr'><strong>D.</strong></span> <span class='ocrx_word' id='word_1_465' title='bbox 978 4673 1017 4722; x_wconf 81' lang='lat' dir='ltr'><strong>lo.</strong></span> <span class='ocrx_word' id='word_1_466' title='bbox 1037 4687 1065 4733; x_wconf 75' lang='grc' dir='ltr'><strong>ςς</strong></span> <span class='ocrx_word' id='word_1_467' title='bbox 1093 4674 1168 4734; x_wconf 81' lang='lat' dir='ltr'><strong>baec,</strong></span> <span class='ocrx_word' id='word_1_468' title='bbox 1187 4686 1251 4737; x_wconf 83' lang='lat' dir='ltr'><strong>quae</strong></span> <span class='ocrx_word' id='word_1_469' title='bbox 1268 4674 1313 4722; x_wconf 71' lang='lat' dir='ltr'><strong>Gt.</strong></span> <span class='ocrx_word' id='word_1_470' title='bbox 1335 4700 1362 4708; x_wconf 96' lang='lat'><em>-</em></span> <span class='ocrx_word' id='word_1_471' title='bbox 1382 4672 1638 4722; x_wconf 66' lang='lat' dir='ltr'><strong>dissimulationem.</strong></span> <span class='ocrx_word' id='word_1_472' title='bbox 1666 4671 1758 4721; x_wconf 72' lang='lat' dir='ltr'><strong>uNulla</strong></span> 
     </span>
     <span class='ocr_line' id='line_1_44' title="bbox 425 4745 1755 4810; baseline -0.002 -11"><span class='ocrx_word' id='word_1_473' title='bbox 425 4755 460 4799; x_wconf 82' lang='lat' dir='ltr'><strong>est</strong></span> <span class='ocrx_word' id='word_1_474' title='bbox 480 4749 600 4799; x_wconf 80' lang='lat' dir='ltr'><strong>occultior</strong></span> <span class='ocrx_word' id='word_1_475' title='bbox 623 4762 663 4798; x_wconf 84' lang='lat' dir='ltr'><strong>res</strong></span> <span class='ocrx_word' id='word_1_476' title='bbox 683 4749 793 4808; x_wconf 65' lang='lat' dir='ltr'><strong>inuidiis,</strong></span> <span class='ocrx_word' id='word_1_477' title='bbox 820 4761 885 4810; x_wconf 85' lang='lat' dir='ltr'><strong>quae</strong></span> <span class='ocrx_word' id='word_1_478' title='bbox 905 4747 982 4798; x_wconf 73' lang='lat' dir='ltr'><strong>tatem</strong></span> <span class='ocrx_word' id='word_1_479' title='bbox 1003 4749 1029 4796; x_wconf 86' lang='lat' dir='ltr'><strong>iu</strong></span> <span class='ocrx_word' id='word_1_480' title='bbox 1047 4749 1204 4798; x_wconf 72' lang='lat' dir='ltr'><strong>simulatione</strong></span> <span class='ocrx_word' id='word_1_481' title='bbox 1221 4746 1322 4810; x_wconf 72' lang='lat' dir='ltr'><strong>officit·</strong></span> <span class='ocrx_word' id='word_1_482' title='bbox 1350 4745 1437 4797; x_wconf 86' lang='lat' dir='ltr'><strong>Sobol.</strong></span> <span class='ocrx_word' id='word_1_483' title='bbox 1456 4745 1491 4796; x_wconf 88' lang='lat' dir='ltr'><strong>ad</strong></span> <span class='ocrx_word' id='word_1_484' title='bbox 1508 4745 1623 4796; x_wconf 84' lang='lat' dir='ltr'><strong>inrenel.</strong></span> <span class='ocrx_word' id='word_1_485' title='bbox 1642 4746 1684 4796; x_wconf 86' lang='lat' dir='ltr'><strong>lv.</strong></span> <span class='ocrx_word' id='word_1_486' title='bbox 1703 4746 1755 4807; x_wconf 75' lang='lat'><strong>75..</strong></span> 
     </span>
     <span class='ocr_line' id='line_1_45' title="bbox 426 4821 1866 4893; baseline -0.001 -19"><span class='ocrx_word' id='word_1_487' title='bbox 426 4837 494 4888; x_wconf 88' lang='lat' dir='ltr'><strong>quae</strong></span> <span class='ocrx_word' id='word_1_488' title='bbox 512 4826 599 4873; x_wconf 85' lang='lat' dir='ltr'><strong>Garat.</strong></span> <span class='ocrx_word' id='word_1_489' title='bbox 612 4824 642 4872; x_wconf 87' lang='lat' dir='ltr'><strong>ll.</strong></span> <span class='ocrx_word' id='word_1_490' title='bbox 661 4823 701 4872; x_wconf 86' lang='lat' dir='ltr'><strong>sic</strong></span> <span class='ocrx_word' id='word_1_491' title='bbox 717 4822 860 4873; x_wconf 87' lang='lat' dir='ltr'><strong>emendet:</strong></span> <span class='ocrx_word' id='word_1_492' title='bbox 878 4823 964 4872; x_wconf 83' lang='lat' dir='ltr'><strong>notice</strong></span> <span class='ocrx_word' id='word_1_493' title='bbox 976 4823 1015 4885; x_wconf 85' lang='lat' dir='ltr'><strong>(st)</strong></span> <span class='ocrx_word' id='word_1_494' title='bbox 1033 4827 1090 4872; x_wconf 75' lang='lat' dir='ltr'><strong>aaut</strong></span> <span class='ocrx_word' id='word_1_495' title='bbox 1101 4822 1361 4873; x_wconf 69' lang='lat' dir='ltr'><strong>occuuwmiaridias</strong></span> <span class='ocrx_word' id='word_1_496' title='bbox 1372 4823 1417 4883; x_wconf 84' lang='lat' dir='ltr'><strong>iis,</strong></span> <span class='ocrx_word' id='word_1_497' title='bbox 1436 4835 1501 4885; x_wconf 83' lang='lat' dir='ltr'><strong>quas</strong></span> <span class='ocrx_word' id='word_1_498' title='bbox 1515 4834 1576 4886; x_wconf 87' lang='lat' dir='ltr'><strong>sqq.</strong></span> <span class='ocrx_word' id='word_1_499' title='bbox 1593 4850 1620 4859; x_wconf 92' lang='lat'>-</span> <span class='ocrx_word' id='word_1_500' title='bbox 1638 4821 1679 4872; x_wconf 75' lang='lat'><strong>2³.</strong></span> <span class='ocrx_word' id='word_1_501' title='bbox 1696 4835 1757 4872; x_wconf 84' lang='lat' dir='ltr'><strong>uam</strong></span> <span class='ocrx_word' id='word_1_502' title='bbox 1863 4888 1866 4893; x_wconf 23' lang='grc' dir='ltr'>Ι</span> 
     </span>
     <span class='ocr_line' id='line_1_46' title="bbox 426 4895 1758 4962; baseline -0.001 -16"><span class='ocrx_word' id='word_1_503' title='bbox 426 4899 468 4960; x_wconf 84' lang='lat' dir='ltr'><strong>qui</strong></span> <span class='ocrx_word' id='word_1_504' title='bbox 485 4899 530 4961; x_wconf 82' lang='lat' dir='ltr'><strong>Lg.</strong></span> <span class='ocrx_word' id='word_1_505' title='bbox 543 4898 589 4956; x_wconf 74' lang='lat'><strong>29;</strong></span> <span class='ocrx_word' id='word_1_506' title='bbox 611 4911 672 4946; x_wconf 83' lang='lat' dir='ltr'><strong>nam</strong></span> <span class='ocrx_word' id='word_1_507' title='bbox 688 4910 744 4946; x_wconf 75' lang='lat' dir='ltr'><strong>cuca</strong></span> <span class='ocrx_word' id='word_1_508' title='bbox 762 4899 823 4957; x_wconf 83' lang='lat' dir='ltr'><strong>(orn.</strong></span> <span class='ocrx_word' id='word_1_509' title='bbox 842 4898 893 4959; x_wconf 80' lang='lat' dir='ltr'><strong>qui)</strong></span> <span class='ocrx_word' id='word_1_510' title='bbox 911 4899 963 4957; x_wconf 57' lang='grc' dir='ltr'><strong>(ἰὴ</strong></span> <span class='ocrx_word' id='word_1_511' title='bbox 985 4912 1045 4946; x_wconf 74' lang='lat' dir='ltr'><strong>rrcm</strong></span> <span class='ocrx_word' id='word_1_512' title='bbox 1067 4912 1124 4948; x_wconf 77' lang='lat' dir='ltr'><strong>uun</strong></span> <span class='ocrx_word' id='word_1_513' title='bbox 1140 4899 1183 4960; x_wconf 90' lang='lat' dir='ltr'><strong>qui</strong></span> <span class='ocrx_word' id='word_1_514' title='bbox 1200 4899 1335 4962; x_wconf 65' lang='lat' dir='ltr'><strong>augustin.</strong></span> <span class='ocrx_word' id='word_1_515' title='bbox 1356 4898 1373 4951; x_wconf 95' lang='lat' dir='ltr'><strong>l.</strong></span> <span class='ocrx_word' id='word_1_516' title='bbox 1392 4895 1421 4958; x_wconf 91' lang='lat' dir='ltr'><strong>l.,</strong></span> <span class='ocrx_word' id='word_1_517' title='bbox 1439 4896 1488 4948; x_wconf 88' lang='lat' dir='ltr'><strong>sed</strong></span> <span class='ocrx_word' id='word_1_518' title='bbox 1505 4896 1531 4947; x_wconf 89' lang='lat' dir='ltr'><strong>ln</strong></span> <span class='ocrx_word' id='word_1_519' title='bbox 1549 4895 1641 4946; x_wconf 85' lang='lat' dir='ltr'><strong>codice</strong></span> <span class='ocrx_word' id='word_1_520' title='bbox 1658 4895 1758 4946; x_wconf 85' lang='lat' dir='ltr'><strong>Barbe-</strong></span> 
     </span>
     <span class='ocr_line' id='line_1_47' title="bbox 426 4969 1754 5036; baseline 0.002 -16"><span class='ocrx_word' id='word_1_521' title='bbox 426 4972 483 5021; x_wconf 91' lang='lat' dir='ltr'><strong>rino</strong></span> <span class='ocrx_word' id='word_1_522' title='bbox 498 4973 636 5035; x_wconf 78' lang='lat' dir='ltr'><strong>Augustini</strong></span> <span class='ocrx_word' id='word_1_523' title='bbox 654 4985 714 5020; x_wconf 87' lang='lat' dir='ltr'><strong>uam</strong></span> <span class='ocrx_word' id='word_1_524' title='bbox 731 4985 788 5021; x_wconf 84' lang='lat' dir='ltr'><strong>cum</strong></span> <span class='ocrx_word' id='word_1_525' title='bbox 804 4973 859 5034; x_wconf 82' lang='lat' dir='ltr'><strong>quis</strong></span> <span class='ocrx_word' id='word_1_526' title='bbox 875 4970 926 5034; x_wconf 85' lang='lat' dir='ltr'><strong>legi</strong></span> <span class='ocrx_word' id='word_1_527' title='bbox 943 4975 1055 5023; x_wconf 88' lang='lat' dir='ltr'><strong>testatur</strong></span> <span class='ocrx_word' id='word_1_528' title='bbox 1066 4974 1153 5022; x_wconf 84' lang='lat' dir='ltr'><strong>Garat.</strong></span> <span class='ocrx_word' id='word_1_529' title='bbox 1167 4974 1209 5030; x_wconf 83' lang='lat'><strong>11..</strong></span> <span class='ocrx_word' id='word_1_530' title='bbox 1228 4973 1272 5036; x_wconf 90' lang='lat' dir='ltr'><strong>qui</strong></span> <span class='ocrx_word' id='word_1_531' title='bbox 1290 4972 1316 5022; x_wconf 91' lang='lat' dir='ltr'><strong>id</strong></span> <span class='ocrx_word' id='word_1_532' title='bbox 1335 4970 1470 5036; x_wconf 81' lang='lat' dir='ltr'><strong>eleganter</strong></span> <span class='ocrx_word' id='word_1_533' title='bbox 1486 4973 1587 5023; x_wconf 88' lang='lat' dir='ltr'><strong>dictum</strong></span> <span class='ocrx_word' id='word_1_534' title='bbox 1603 4969 1754 5022; x_wconf 84' lang='lat' dir='ltr'><strong>arbitratur.</strong></span> 
     </span>
     <span class='ocr_line' id='line_1_48' title="bbox 428 5045 1755 5110; baseline 0 -13"><span class='ocrx_word' id='word_1_535' title='bbox 428 5073 455 5084; x_wconf 91' lang='lat'>-</span> <span class='ocrx_word' id='word_1_536' title='bbox 468 5045 509 5098; x_wconf 69' lang='lat' dir='ltr'><strong>ii.</strong></span> <span class='ocrx_word' id='word_1_537' title='bbox 527 5063 578 5098; x_wconf 87' lang='lat' dir='ltr'><strong>aaa</strong></span> <span class='ocrx_word' id='word_1_538' title='bbox 593 5049 667 5099; x_wconf 85' lang='lat' dir='ltr'><strong>modo</strong></span> <span class='ocrx_word' id='word_1_539' title='bbox 683 5047 779 5097; x_wconf 69' lang='lat' dir='ltr'><strong>mutii</strong></span> <span class='ocrx_word' id='word_1_540' title='bbox 795 5049 825 5097; x_wconf 79' lang='grc' dir='ltr'><strong>Α.</strong></span> <span class='ocrx_word' id='word_1_541' title='bbox 844 5050 931 5096; x_wconf 87' lang='lat' dir='ltr'><strong>Garat.</strong></span> <span class='ocrx_word' id='word_1_542' title='bbox 951 5048 981 5096; x_wconf 93' lang='lat' dir='ltr'><strong>ll.</strong></span> <span class='ocrx_word' id='word_1_543' title='bbox 1005 5050 1050 5110; x_wconf 82' lang='lat' dir='ltr'><strong>(ex</strong></span> <span class='ocrx_word' id='word_1_544' title='bbox 1067 5049 1176 5110; x_wconf 81' lang='lat' dir='ltr'><strong>August.</strong></span> <span class='ocrx_word' id='word_1_545' title='bbox 1195 5046 1212 5098; x_wconf 90' lang='lat' dir='ltr'><strong>l.</strong></span> <span class='ocrx_word' id='word_1_546' title='bbox 1231 5047 1259 5106; x_wconf 89' lang='lat' dir='ltr'><strong>l.,</strong></span> <span class='ocrx_word' id='word_1_547' title='bbox 1286 5046 1330 5097; x_wconf 87' lang='lat' dir='ltr'><strong>ubi</strong></span> <span class='ocrx_word' id='word_1_548' title='bbox 1348 5062 1397 5097; x_wconf 83' lang='lat' dir='ltr'><strong>aaa</strong></span> <span class='ocrx_word' id='word_1_549' title='bbox 1414 5047 1493 5096; x_wconf 84' lang='lat' dir='ltr'><strong>solum</strong></span> <span class='ocrx_word' id='word_1_550' title='bbox 1510 5045 1611 5108; x_wconf 81' lang='lat' dir='ltr'><strong>legitur)</strong></span> <span class='ocrx_word' id='word_1_551' title='bbox 1629 5045 1715 5095; x_wconf 83' lang='lat' dir='ltr'><strong>lindv.</strong></span> <span class='ocrx_word' id='word_1_552' title='bbox 1735 5046 1755 5097; x_wconf 91' lang='lat' dir='ltr'><strong>l.</strong></span> 
     </span>
     <span class='ocr_line' id='line_1_49' title="bbox 427 5117 1755 5186; baseline -0.001 -14"><span class='ocrx_word' id='word_1_553' title='bbox 427 5135 453 5186; x_wconf 92' lang='lat' dir='ltr'><strong>p.</strong></span> <span class='ocrx_word' id='word_1_554' title='bbox 471 5122 527 5172; x_wconf 76' lang='lat'><strong>326.</strong></span> <span class='ocrx_word' id='word_1_555' title='bbox 556 5121 635 5185; x_wconf 86' lang='lat' dir='ltr'><strong>Scyll.</strong></span> <span class='ocrx_word' id='word_1_556' title='bbox 656 5122 736 5185; x_wconf 84' lang='lat' dir='ltr'><strong>Epist.</strong></span> <span class='ocrx_word' id='word_1_557' title='bbox 756 5122 813 5171; x_wconf 89' lang='lat' dir='ltr'><strong>orit.</strong></span> <span class='ocrx_word' id='word_1_558' title='bbox 832 5121 866 5172; x_wconf 89' lang='lat' dir='ltr'><strong>ed</strong></span> <span class='ocrx_word' id='word_1_559' title='bbox 884 5124 943 5173; x_wconf 87' lang='lat' dir='ltr'><strong>Cur.</strong></span> <span class='ocrx_word' id='word_1_560' title='bbox 963 5120 1047 5172; x_wconf 83' lang='lat' dir='ltr'><strong>Helm.</strong></span> <span class='ocrx_word' id='word_1_561' title='bbox 1067 5135 1092 5185; x_wconf 91' lang='lat' dir='ltr'><strong>p.</strong></span> <span class='ocrx_word' id='word_1_562' title='bbox 1112 5121 1152 5172; x_wconf 82' lang='grc'><strong>49.</strong></span> <span class='ocrx_word' id='word_1_563' title='bbox 1172 5120 1231 5177; x_wconf 80' lang='lat' dir='ltr'><strong>coll.</strong></span> <span class='ocrx_word' id='word_1_564' title='bbox 1251 5119 1335 5172; x_wconf 86' lang='lat' dir='ltr'><strong>Halm.</strong></span> <span class='ocrx_word' id='word_1_565' title='bbox 1355 5121 1380 5171; x_wconf 89' lang='lat' dir='ltr'><strong>iu</strong></span> <span class='ocrx_word' id='word_1_566' title='bbox 1399 5122 1471 5171; x_wconf 87' lang='lat' dir='ltr'><strong>lehn.</strong></span> <span class='ocrx_word' id='word_1_567' title='bbox 1488 5118 1588 5171; x_wconf 77' lang='lat' dir='ltr'><strong>Annali.</strong></span> <span class='ocrx_word' id='word_1_568' title='bbox 1606 5119 1679 5170; x_wconf 82' lang='grc'><strong>4850.</strong></span> <span class='ocrx_word' id='word_1_569' title='bbox 1697 5117 1755 5171; x_wconf 86' lang='lat' dir='ltr'><strong>Vol.</strong></span> 
     </span>
     <span class='ocr_line' id='line_1_50' title="bbox 427 5193 1754 5261; baseline -0.001 -14"><span class='ocrx_word' id='word_1_570' title='bbox 427 5197 466 5247; x_wconf 81' lang='lat' dir='ltr'><strong>ta.</strong></span> <span class='ocrx_word' id='word_1_571' title='bbox 485 5210 511 5261; x_wconf 92' lang='lat' dir='ltr'><strong>p.</strong></span> <span class='ocrx_word' id='word_1_572' title='bbox 531 5197 562 5249; x_wconf 81' lang='lat'><strong>38</strong></span> <span class='ocrx_word' id='word_1_573' title='bbox 580 5210 658 5261; x_wconf 81' lang='lat' dir='ltr'><strong>sqq:</strong></span> <span class='ocrx_word' id='word_1_574' title='bbox 677 5212 727 5246; x_wconf 82' lang='lat' dir='ltr'><strong>aon</strong></span> <span class='ocrx_word' id='word_1_575' title='bbox 743 5198 816 5247; x_wconf 83' lang='lat' dir='ltr'><strong>modo</strong></span> <span class='ocrx_word' id='word_1_576' title='bbox 831 5211 882 5247; x_wconf 85' lang='lat' dir='ltr'><strong>aaa</strong></span> <span class='ocrx_word' id='word_1_577' title='bbox 899 5198 994 5248; x_wconf 72' lang='lat' dir='ltr'><strong>erasm</strong></span> <span class='ocrx_word' id='word_1_578' title='bbox 1011 5196 1089 5247; x_wconf 90' lang='lat' dir='ltr'><strong>codd.</strong></span> <span class='ocrx_word' id='word_1_579' title='bbox 1109 5198 1138 5247; x_wconf 89' lang='lat'><strong>0.</strong></span> <span class='ocrx_word' id='word_1_580' title='bbox 1159 5225 1186 5233; x_wconf 88' lang='lat'>-</span> <span class='ocrx_word' id='word_1_581' title='bbox 1205 5198 1246 5247; x_wconf 72' lang='lat'><strong>26.</strong></span> <span class='ocrx_word' id='word_1_582' title='bbox 1266 5203 1332 5257; x_wconf 77' lang='lat' dir='ltr'><strong>trun,</strong></span> <span class='ocrx_word' id='word_1_583' title='bbox 1349 5211 1407 5246; x_wconf 85' lang='lat' dir='ltr'><strong>cum</strong></span> <span class='ocrx_word' id='word_1_584' title='bbox 1424 5197 1457 5246; x_wconf 86' lang='lat' dir='ltr'><strong>Gt</strong></span> <span class='ocrx_word' id='word_1_585' title='bbox 1470 5210 1503 5257; x_wconf 78' lang='grc' dir='ltr'><strong>ς,</strong></span> <span class='ocrx_word' id='word_1_586' title='bbox 1522 5201 1575 5245; x_wconf 86' lang='lat' dir='ltr'><strong>tum</strong></span> <span class='ocrx_word' id='word_1_587' title='bbox 1591 5207 1644 5244; x_wconf 89' lang='lat' dir='ltr'><strong>om.</strong></span> <span class='ocrx_word' id='word_1_588' title='bbox 1658 5195 1695 5245; x_wconf 73' lang='lat' dir='ltr'><strong>Gi</strong></span> <span class='ocrx_word' id='word_1_589' title='bbox 1707 5193 1754 5246; x_wconf 82' lang='lat' dir='ltr'><strong>bd.</strong></span> 
     </span>
     <span class='ocr_line' id='line_1_51' title="bbox 430 5269 1646 5336; baseline -0.002 -13"><span class='ocrx_word' id='word_1_590' title='bbox 430 5299 456 5310; x_wconf 90' lang='lat'>-</span> <span class='ocrx_word' id='word_1_591' title='bbox 475 5272 515 5324; x_wconf 79' lang='lat'><strong>30.</strong></span> <span class='ocrx_word' id='word_1_592' title='bbox 533 5273 715 5336; x_wconf 75' lang='lat' dir='ltr'><strong>deportandum</strong></span> <span class='ocrx_word' id='word_1_593' title='bbox 732 5274 800 5323; x_wconf 88' lang='lat' dir='ltr'><strong>conl.</strong></span> <span class='ocrx_word' id='word_1_594' title='bbox 819 5273 880 5323; x_wconf 80' lang='lat' dir='ltr'><strong>Era.</strong></span> <span class='ocrx_word' id='word_1_595' title='bbox 908 5271 1047 5336; x_wconf 76' lang='lat' dir='ltr'><strong>vulgatam</strong></span> <span class='ocrx_word' id='word_1_596' title='bbox 1064 5274 1172 5336; x_wconf 85' lang='lat' dir='ltr'><strong>praeter</strong></span> <span class='ocrx_word' id='word_1_597' title='bbox 1188 5272 1267 5323; x_wconf 88' lang='lat' dir='ltr'><strong>codd.</strong></span> <span class='ocrx_word' id='word_1_598' title='bbox 1286 5273 1376 5322; x_wconf 76' lang='lat' dir='ltr'><strong>taetm</strong></span> <span class='ocrx_word' id='word_1_599' title='bbox 1392 5269 1545 5325; x_wconf 78' lang='lat' dir='ltr'><strong>Rufinianus</strong></span> <span class='ocrx_word' id='word_1_600' title='bbox 1563 5271 1587 5333; x_wconf 89' lang='grc' dir='ltr'><strong>Ι,</strong></span> <span class='ocrx_word' id='word_1_601' title='bbox 1606 5269 1646 5320; x_wconf 80' lang='lat' dir='ltr'><strong>tt.</strong></span> 
     </span>
    </p>
   </div>
   <div class='ocr_carea' id='block_1_4' title="bbox 0 0 2188 6101">
    <p class='ocr_par' dir='ltr' id='par_1_4' title="bbox 0 0 2188 6101">
     <span class='ocr_line' id='line_1_52' title="bbox 0 0 2188 6101; baseline 0 0"><span class='ocrx_word' id='word_1_602' title='bbox 0 0 2188 6101; x_wconf 95' lang='lat' dir='ltr'><strong> </strong></span> 
     </span>
    </p>
   </div>
  </div>
 </body>
</html>
