4367 6109
451 593 513 668 idi
823 605 865 667 IN
886 604 1053 667 VERREM
1074 600 1197 666 Actio
1220 598 1405 665 SECUNDA

392 825 397 833 .
449 784 501 838 tus
523 776 564 838 sit
586 776 628 849 is,
662 774 717 857 qui
739 774 850 837 adesse
872 773 1028 847 noluerit,
1052 773 1132 836 etsi
1154 770 1397 835 fortesiueritis
1419 769 1530 844 ineo,
1563 789 1660 852 quem
1681 788 1776 832 nemo

450 870 492 932 sit
521 890 617 933 ausus
648 867 828 931 defendere.
871 869 970 931 lmmo
1003 887 1078 930 vero
1109 866 1207 940 adsit,
1240 864 1449 948 respondeat3
1482 861 1614 926 summis
1645 862 1777 946 opibus,

450 983 573 1026 summo
602 962 707 1026 studio
738 962 1031 1044 potentissimorum
1057 961 1223 1023 bominum
1252 958 1459 1032 defendatur3
1489 962 1588 1019 certet
1612 976 1684 1020 mea
1706 957 1779 1020 dili-

449 1056 557 1138 gentia
586 1076 657 1118 cum
680 1056 808 1118 illorum
830 1056 971 1117 omnium
994 1056 1183 1138 cupiditate,
1205 1061 1311 1116 vestra
1332 1052 1496 1134 integritas
1519 1071 1592 1115 cum
1613 1048 1701 1113 illius
1722 1071 1779 1134 pe·

425 1150 559 1223 aeonia,
588 1150 715 1213 testium
745 1150 924 1212 constantia
945 1170 1017 1211 cum
1039 1148 1125 1211 illius
1147 1156 1354 1232 patronorum
1377 1145 1472 1208 minis
1493 1153 1591 1229 atque
1613 1144 1777 1227 potentia:

449 1250 515 1305 tum
538 1243 665 1306 demum
686 1242 742 1305 illa
764 1244 870 1305 omnia
889 1242 972 1305 victa
987 1242 1194 1317 videbuntur,
1216 1261 1288 1303 cum
1303 1240 1335 1302 in
1351 1240 1590 1302 contentionem
1604 1244 1779 1302 certamen·

449 1356 512 1419 que
534 1338 689 1399 venerint.
733 1333 763 1399 l.
793 1336 915 1399 Absens
945 1337 970 1398 si
1003 1336 1063 1398 istc
1085 1343 1169 1398 esset
1191 1335 1373 1407 damnatus,
1400 1346 1465 1396 non
1490 1341 1555 1395 tam
1578 1332 1639 1396 sibi
1663 1352 1779 1396 consu·

449 1428 566 1502 luisse,
599 1449 694 1513 quam
727 1430 880 1492 invidisse
911 1438 1034 1493 vestrae
1056 1429 1143 1491 laudi
1166 1428 1338 1491 videretur.
1382 1429 1421 1490 ll.
1447 1429 1560 1511 Neque
1584 1428 1668 1491 enim
1692 1427 1778 1491 salus

448 1522 514 1584 ulla
535 1524 580 1586 rei
602 1523 747 1606 publicae
769 1524 872 1585 maior
891 1523 953 1585 boc
975 1530 1117 1606 tempore
1140 1523 1272 1605 reperiri
1292 1529 1411 1606 potest,
1435 1543 1531 1606 quam
1546 1521 1702 1606 populum
1716 1523 1779 1585 Ro·

411 1636 439 1682 to
449 1636 576 1678 manum
591 1616 768 1699 intelligere
783 1617 951 1700 diligenter
965 1617 1091 1680 reiectis
1106 1618 1145 1680 ab
1160 1613 1344 1679 accusatore
1362 1616 1521 1679 iudicibus
1536 1615 1658 1689 socios,
1681 1614 1777 1696 leges,

448 1729 514 1772 rem
537 1709 696 1791 publicam
719 1712 878 1773 senatorio
902 1711 1037 1773 consilio
1053 1711 1189 1773 maxime
1210 1729 1306 1793 posse
1322 1709 1468 1784 defendi3
1490 1728 1596 1793 neque
1610 1716 1699 1773 tanta
1713 1709 1779 1773 ior·

448 1804 534 1867 tunis
556 1804 696 1865 omnium
718 1805 876 1886 pernicies
898 1811 1004 1888 potest
1024 1805 1186 1878 accidere,
1214 1824 1310 1886 quam
1333 1804 1486 1886 opinione
1507 1804 1620 1888 populi
1643 1804 1777 1867 Romani

448 1898 603 1960 rationem
624 1898 782 1974 veritatis,
804 1899 1013 1982 integritatis,
1036 1895 1126 1971 fidei,
1149 1897 1312 1980 religionis
1330 1897 1370 1961 ab
1386 1897 1449 1960 boc
1463 1898 1576 1960 ordine
1590 1897 1776 1962 abiudicari.

448 1988 478 2051 5.
508 1991 619 2073 ltaque
649 1991 726 2053 mibi
755 1992 880 2066 videor,
913 1993 1054 2066 iudices,
1086 2012 1230 2074 magnam
1260 1991 1451 2055 etmaxime
1474 2011 1600 2074 aegram
1623 1998 1655 2054 et
1675 2011 1777 2074 propa

410 2104 438 2149 io
448 2083 625 2166 depositam
646 2086 693 2148 rei
715 2085 863 2170 publicae
882 2094 1003 2171 partem
1019 2087 1214 2168 suscepisse,
1237 2104 1343 2168 neque
1358 2085 1392 2146 in
1408 2104 1446 2146 eo
1461 2085 1561 2168 magis
1577 2104 1666 2148 meae
1681 2104 1778 2168 quam

447 2186 570 2240 vestrae
591 2178 678 2241 laudi
701 2179 994 2264 existimationique
1017 2179 1163 2242 servisse.
1199 2178 1326 2241 Accessi
1350 2178 1434 2241 enim
1457 2178 1498 2241 ad
1521 2178 1672 2243 invidiam
1694 2177 1778 2241 iudi·

447 2270 569 2334 ciorum
597 2271 764 2335 levandam
785 2273 1116 2357 vituperationemque
1145 2273 1337 2347 tollendam,
1369 2280 1421 2347 ut,
1453 2294 1524 2334 cum
1545 2273 1625 2336 baec
1645 2293 1697 2337 res
1718 2291 1778 2355 pro

448 2365 611 2428 voluntate
633 2366 745 2449 populi
767 2368 902 2430 Romani
925 2376 1010 2431 esset
1030 2367 1186 2440 iudicata,
1216 2366 1325 2449 aliquo
1348 2374 1499 2450 exparte
1520 2385 1591 2430 mea
1614 2363 1779 2449 diligentia

449 2460 621 2523 constituta
641 2461 813 2523 auctoritas
834 2461 1025 2524 iudiciorum
1046 2462 1223 2535 videretur3
1245 2467 1423 2544 postremo,
1445 2467 1517 2524 utut
1540 2469 1625 2525 esset
1646 2460 1708 2524 boc
1730 2461 1780 2524 in-

409 2571 438 2617 ao
449 2554 597 2630 dicatum,
614 2564 649 2618 ut
665 2551 736 2617 linis
751 2554 925 2638 aliquando
940 2555 1123 2619 iudiciariae
1136 2554 1373 2616 controversiae
1389 2555 1643 2618 constitueretur.
1660 2552 1690 2616 6.
1704 2553 1779 2616 Ete-

448 2650 513 2712 nim
543 2650 612 2713 sine
644 2649 758 2724 dubio,
789 2649 927 2723 iudices,
960 2650 993 2711 in
1018 2649 1077 2711 bac
1100 2654 1255 2709 causa'ea
1277 2666 1328 2709 res
1350 2648 1383 2708 in
1407 2646 1578 2711 discrimen
1599 2647 1778 2711 adducitur.

447 2744 532 2806 Reus
555 2750 603 2807 est
625 2743 711 2806 enim
732 2743 995 2818 nocentissimus3
1018 2742 1074 2825 qui
1097 2742 1123 2803 si
1140 2740 1384 2816 condemnatur,
1407 2741 1555 2804 desinent
1568 2742 1715 2805 homines
1731 2741 1780 2804 di·

447 2856 520 2900 cere
547 2837 598 2900 bis
626 2836 753 2900 iudiciis
782 2837 950 2918 pecuniam
971 2836 1144 2919 plurimum
1166 2833 1276 2918 posse3
1305 2836 1355 2897 sin
1377 2835 1568 2910 absolvitur,
1596 2835 1778 2899 desinemus

448 2952 507 2995 nos
541 2930 581 2995 de
612 2930 740 2994 iudiciis
774 2930 999 2994 transferendis
1028 2949 1186 2992 recusare.
1230 2930 1368 2992 Tametsi
1398 2930 1438 2991 de
1460 2929 1662 2992 absolutione
1684 2928 1777 2991 istius

410 3038 553 3111 aoneque
574 3027 644 3110 ipse
666 3025 729 3087 iam
751 3031 859 3107 sperat
879 3045 938 3087 nec
960 3023 1100 3107 populus
1115 3025 1275 3086 Romanus
1291 3024 1419 3087 metuit:
1444 3022 1483 3085 de
1499 3021 1697 3107 impudentia
1712 3020 1778 3084 sin·

447 3121 566 3204 gulari,
589 3120 675 3205 quod
697 3117 804 3195 adest,
828 3121 913 3204 quod
935 3118 1124 3202 respondet,
1146 3124 1220 3180 sunt
1235 3117 1291 3199 qui
1311 3117 1482 3191 mirentur;
1505 3116 1583 3179 mibi
1597 3135 1656 3200 pro
1672 3122 1778 3180 cetera

447 3216 516 3277 eius
545 3214 678 3278 audacia
705 3222 802 3298 atque
830 3214 969 3277 amentia
999 3235 1038 3276 ne
1060 3212 1122 3274 boc
1145 3212 1275 3295 quidem
1298 3211 1476 3274 mirandum
1498 3210 1633 3274 videtur.
1676 3208 1777 3271 Multa

447 3306 532 3370 enim
554 3308 639 3370 etin
662 3306 738 3371 deos
761 3315 793 3370 et
814 3309 848 3370 in
869 3307 1015 3369 homines
1038 3306 1135 3389 impie
1158 3305 1344 3389 nefarieque
1359 3305 1533 3380 commisit,
1556 3323 1693 3388 quorum
1709 3322 1777 3366 sce-

446 3402 548 3464 lerum
578 3403 691 3485 poenis
714 3402 851 3484 agitatur
874 3410 906 3464 et
931 3422 949 3464 a
973 3408 1076 3463 mente
1100 3399 1299 3483 consilioque
1322 3400 1499 3462 deducitur.
1538 3398 1597 3461 111.
1619 3396 1649 3459 7.
1670 3399 1778 3481 Agunt

408 3511 519 3557 soeum
547 3496 751 3578 praecipitem
782 3517 906 3579 poenae
932 3496 1047 3559 civium
1080 3496 1309 3568 Romanorum,
1338 3513 1420 3576 quos
1442 3492 1557 3576 partim
1580 3491 1682 3554 securi
1705 3511 1777 3574 per·

447 3589 561 3662 cussit,
591 3589 707 3671 partim
729 3590 763 3651 in
785 3590 919 3652 vinculis
942 3590 1082 3661 necavit,
1105 3588 1219 3671 partim
1242 3588 1450 3669 implorantes
1473 3586 1542 3648 iura
1565 3586 1721 3649 libertatis
1745 3592 1777 3648 et

446 3680 583 3743 civitatis
605 3681 638 3741 in
660 3701 786 3744 crucem
808 3682 944 3745 sustulit.
980 3684 1119 3765 Rapiunt
1135 3702 1207 3744 eum
1223 3681 1262 3743 ad
1283 3681 1476 3767 supplicium
1499 3680 1531 3743 di
1553 3680 1663 3766 patrii,
1687 3677 1775 3763 quod

446 3774 505 3836 iste
528 3795 611 3837 unus
633 3775 779 3837 inventus
802 3784 865 3851 est,
888 3776 943 3859 qui
967 3799 984 3838 e
1007 3776 1176 3858 complexu
1199 3783 1366 3858 parentum
1389 3775 1538 3858 abreptos
1560 3773 1644 3838 filios
1659 3775 1699 3839 ad
1719 3793 1776 3837 ne·

415 3955 417 3960 ¹
447 3888 515 3929 cem
538 3866 669 3930 duceret
690 3876 722 3930 et
742 3876 889 3951 parentes
912 3870 1048 3951 pretium
1071 3889 1130 3951 pro
1152 3872 1316 3954 sepultura
1337 3870 1472 3933 liberum
1493 3878 1649 3953 posceret.
1690 3866 1775 3931 Reli·

510 4177 535 4226 2.
560 4176 621 4225 assit
640 4171 664 4225 λ.
685 4203 713 4211 -
741 4173 764 4225 l.
782 4174 909 4223 bominum
926 4175 970 4225 Ga.
994 4201 1013 4211 -
1048 4175 1114 4224 illias
1135 4178 1238 4239 Gttg:
1266 4177 1336 4228 istius
1357 4178 1382 4226 S.
1402 4175 1449 4227 dtt.
1470 4178 1499 4228 0.
1520 4205 1547 4214 -
1574 4179 1598 4229 li.
1617 4178 1688 4230 istim
1701 4184 1773 4243 patr.

447 4254 473 4302 l..
495 4279 522 4288 -
550 4252 574 4302 6.
601 4251 685 4301 omnia
710 4249 796 4311 orig
813 4249 891 4312 Lgli.
910 4247 961 4298 al:
988 4263 1041 4299 om.
1066 4250 1114 4300 dit..
1134 4254 1162 4301 0.
1190 4279 1215 4289 -
1240 4254 1265 4302 i.
1289 4257 1349 4303 esset
1371 4254 1415 4302 istc
1432 4253 1467 4302 Gt
1487 4252 1554 4315 Lgii
1572 4255 1600 4305 L.
1621 4281 1648 4290 -
1675 4254 1722 4304 sibi
1738 4253 1774 4304 63

445 4329 507 4390 ng.
526 4328 632 4390 praeter
649 4323 697 4374 lt:
715 4324 766 4385 ipse
781 4325 827 4373 sibi
844 4323 892 4373 dit.
912 4325 940 4374 0.
963 4352 988 4360 —
1008 4324 1031 4374 8.
1051 4327 1116 4375 enim
1134 4340 1187 4376 om.
1206 4328 1251 4377 63.
1273 4356 1299 4364 -
1320 4330 1360 4380 lt.
1375 4334 1456 4391 potest
1469 4342 1542 4391 pera.
1562 4330 1614 4388 Gi3
1631 4344 1704 4393 pern.
1721 4330 1776 4381 aa

432 4408 521 4464 :potest
537 4404 563 4451 S.
584 4421 611 4436 -
630 4401 742 4450 occidam
759 4401 827 4451 coni.
842 4402 926 4450 blan:
946 4402 1061 4450 accedere
1073 4400 1151 4451 codd.
1171 4402 1295 4453 Similiter
1308 4407 1449 4468 peccatum
1462 4403 1528 4454 intro
1540 4402 1564 4466 g.
1575 4403 1616 4453 39.
1632 4431 1660 4440 -
1679 4405 1719 4455 43.
1731 4405 1776 4455 ab

419 4524 420 4528 ,
444 4480 557 4528 ιἰιάίοανο
574 4478 669 4536 Glig.
690 4502 717 4512 -
742 4475 781 4525 tl.
806 4476 898 4526 iudices
921 4478 986 4526 Non
1006 4490 1032 4539 p.
1051 4477 1116 4526 279:
1144 4490 1198 4527 om.
1217 4478 1296 4529 codd.
1317 4506 1344 4516 -
1364 4484 1479 4541 etprope
1496 4477 1574 4528 codd.
1593 4480 1619 4529 S.
1646 4478 1722 4531 Serv.
1740 4479 1775 4532 ad

445 4557 510 4604 Aeo.
529 4554 582 4604 xii.
601 4551 658 4603 395.
678 4551 743 4600 Νοη.
761 4549 778 4600 l.
792 4549 825 4601 l.:
849 4565 881 4600 ac
897 4565 976 4613 prope
993 4551 1065 4601 Klotz
1083 4565 1115 4601 cx
1133 4556 1193 4602 Asc.
1215 4580 1241 4588 —
1263 4555 1301 4604 til.
1319 4560 1375 4604 aim
1390 4559 1451 4604 esset
1467 4555 1536 4605 coni.
1555 4555 1648 4605 bluret.
1668 4559 1695 4605 ct
1712 4558 1775 4608 Gui-

444 4624 524 4677 lielm.
544 4627 661 4687 Quaestt.
676 4624 768 4675 Plauti.
786 4628 811 4676 in
830 4629 909 4677 Poen.
929 4641 952 4676 c.
972 4628 1003 4676 2:
1025 4634 1053 4676 ot
1069 4633 1129 4677 esset
1146 4628 1224 4678 codd.
1238 4629 1272 4688 03
1297 4629 1339 4677 abi
1355 4634 1415 4678 esset
1431 4629 1522 4679 nescio
1540 4628 1615 4678 cuius
1633 4630 1718 4688 coni.;
1736 4632 1775 4681 ita

444 4707 504 4752 essct
519 4702 587 4752 coni.
607 4701 681 4759 Ern.;
700 4702 823 4761 iudicata,
840 4703 897 4764 finis
914 4702 974 4763 aliq.
994 4704 1045 4752 iad.
1064 4709 1144 4753 contr.
1158 4706 1362 4764 constituentem
1377 4709 1518 4765 postremo,
1536 4708 1564 4753 ut
1579 4716 1636 4753 com
1652 4708 1712 4754 asset
1729 4705 1775 4756 boc

444 4778 591 4835 indicatam,
603 4776 691 4836 atiquo
702 4790 735 4825 aa
742 4790 769 4838 p.
779 4803 793 4813 -
801 4804 814 4813 -
822 4778 949 4826 videretur
960 4780 987 4827 L.
1007 4780 1099 4841 Neque
1111 4781 1200 4829 tamen
1213 4779 1256 4828 bic
1268 4777 1342 4827 locus
1354 4778 1447 4828 Mureti
1461 4777 1612 4827 coniectura
1624 4791 1736 4842 prorsus
1748 4780 1774 4829 in

444 4854 575 4915 integrum
594 4854 730 4902 restitutus
747 4852 860 4902 videtur.
882 4854 995 4903 Ollcndit
1012 4855 1082 4902 enini
1099 4860 1222 4915 postremo
1240 4856 1264 4904 in
1283 4853 1365 4903 altero
1380 4852 1503 4903 membro
1515 4851 1682 4914 collocatum,
1702 4854 1774 4917 quod

444 4928 516 4979 baud
537 4929 593 4979 scio
610 4940 643 4977 on
662 4940 792 4990 nusquam
810 4926 870 4977 alibi
890 4929 1045 4992 reperiatur.
1070 4930 1160 4991 ltaque
1173 4931 1234 4979 ante
1249 4934 1373 4991 portiano
1384 4924 1508 4977 lacunam
1521 4939 1581 4977 esse
1593 4929 1723 4992 suspicor.
1744 4957 1771 4967 -

443 5001 497 5067 boc]
514 5002 609 5051 bicdi.
625 5029 652 5039 -
671 5002 711 5051 ii.
729 5002 923 5064 rcus1iiomod:
941 5007 1044 5051 rcosest
1061 5005 1208 5053 enioibomo
1221 5006 1248 5054 L.
1264 5030 1291 5039 -
1310 5001 1350 5052 Sl.
1364 5002 1471 5060 etsiGi;
1490 5014 1545 5051 om.
1558 5002 1605 5053 Ld.
1621 5005 1775 5069 -26.pro-

440 5082 498 5136 pter
514 5078 566 5125 cius
583 5077 718 5125 audactam
734 5082 808 5138 atque
824 5077 960 5126 amentiam
972 5079 1032 5140 ng.
1052 5091 1124 5129 omo.
1144 5083 1170 5129 et
1187 5078 1221 5128 al.
1240 5079 1288 5128 dtt.
1309 5105 1336 5115 -
1356 5078 1396 5128 33.
1415 5090 1480 5126 saus
1496 5077 1578 5128 Prisc.
1592 5079 1612 5127 l.
1625 5091 1651 5143 p.
1665 5079 1721 5131 307.
1740 5082 1771 5131 ll.

444 5162 471 5211 p.
491 5151 552 5199 ⁴60:
575 5164 628 5201 om.
648 5151 727 5201 codd.
747 5178 774 5188 -
797 5164 830 5200 ea
845 5152 935 5212 campi.
954 5153 1034 5202 Prisc.
1053 5155 1071 5202 l.
1091 5168 1117 5218 p.
1137 5156 1198 5213 307;
1221 5160 1244 5204 et
1266 5168 1283 5203 a
1305 5154 1392 5217 coinpl.
1418 5153 1499 5204 Prisc.
1517 5154 1548 5202 ll.
1572 5165 1599 5216 p.
1620 5154 1692 5214 ioca
1718 5161 1773 5208 ets

444 5226 531 5286 cmnpt.
550 5228 619 5276 coni.
638 5230 726 5278 Garat.
744 5226 889 5277 admodum
907 5226 1087 5290 probabiliter.
1114 5230 1156 5279 Sic
1174 5227 1239 5278 intra
1258 5229 1281 5292 s.
1296 5229 1336 5278 li.
1356 5229 1395 5279 li.
1413 5229 1514 5278 stante
1531 5226 1607 5277 cain
1624 5227 1703 5279 codd.
1715 5243 1770 5283 om.

447 5324 474 5334 -
499 5298 539 5351 ll.
559 5299 664 5351 liberum
681 5301 762 5354 Prisc.
779 5299 805 5352 ll.
824 5299 851 5352 ll.
869 5302 935 5352 Non.
955 5314 980 5365 p.
999 5302 1055 5352 363.
1075 5301 1138 5353 dit:
1157 5315 1210 5354 om.
1230 5304 1291 5354 642
1307 5302 1340 5355 al.
