4367 6109
450 565 513 634 Sld
819 572 863 637 IN
883 572 1049 638 VERREM
1068 571 1193 638 ACTIO
1214 572 1398 639 SECUNDA

450 740 601 816 familias,
623 741 658 803 4..
673 738 776 816 Titio,
799 740 859 804 civi
882 743 1041 817 Romano,
1062 742 1177 805 anulus
1200 741 1239 805 de
1254 743 1350 825 digito
1367 742 1525 808 detractus
1540 749 1597 807 est.
1618 742 1679 806 Illa
1692 761 1772 807 vero

452 835 520 899 eius
542 832 699 917 cupiditas
721 833 916 898 incredibilis
939 843 996 898 est.
1039 838 1118 899 Nam
1139 835 1230 899 utin
1251 836 1376 918 singula
1398 835 1575 912 conclavia,
1606 838 1773 919 quasiste

451 947 517 993 non
538 927 632 992 modo
654 929 789 1002 Romae,
819 929 874 991 sed
906 930 939 991 in
961 929 1108 992 omnihus
1128 928 1213 992 villis
1233 929 1342 1002 hahet,
1372 930 1508 993 tricenos
1529 929 1627 993 lectos
1649 929 1772 1012 optime

452 1030 565 1087 stratos
588 1042 660 1086 cum
682 1021 796 1085 ceteris
818 1023 1011 1086 ornamentis
1038 1023 1174 1086 convivii
1197 1030 1378 1106 quaereret,
1409 1023 1543 1087 nimium
1564 1023 1663 1087 multa
1685 1043 1773 1087 com·

427 1125 561 1199 sparare
590 1114 760 1179 videretur.
802 1115 896 1179 Nulla
924 1115 1037 1180 domus
1065 1117 1098 1180 in
1122 1115 1229 1180 Sicilia
1258 1115 1400 1199 locuples
1429 1114 1506 1190 tuit,
1535 1117 1590 1179 uhi
1618 1117 1678 1181 iste
1704 1136 1772 1180 non

451 1207 624 1271 textrinum
645 1210 829 1273 instituerit.
864 1207 914 1272 59.
936 1210 1050 1273 Mulier
1072 1217 1120 1273 est
1142 1210 1331 1293 Segestana,
1353 1209 1499 1293 perdives
1514 1217 1545 1273 et
1559 1211 1690 1287 nohilis,
1713 1213 1773 1275 La-

450 1302 515 1365 mia
536 1302 683 1366 nomine:
713 1322 772 1386 per
800 1303 971 1365 triennium
991 1305 1044 1366 isti
1069 1303 1163 1386 plena
1185 1304 1280 1366 domo
1302 1304 1437 1369 telarum
1459 1304 1628 1386 stragulam
1650 1313 1773 1369 vestem

450 1395 604 1472 confecit,
627 1396 708 1461 nihil
729 1395 791 1459 nisi
813 1395 977 1479 conchylio
998 1397 1150 1473 tinctum:
1182 1398 1322 1472 Attalns,
1343 1398 1439 1460 homo
1460 1397 1664 1481 pecuniosus,
1684 1399 1772 1475 Νοῦς

449 1491 533 1574 Lyso
555 1489 715 1574 Lilybaei:
739 1489 896 1553 Critolaus
917 1492 1055 1566 Aetnae:
1082 1491 1245 1574 Syracusis
1270 1491 1439 1566 Aeschrio,
1463 1490 1664 1567 Cleomenes,
1688 1489 1773 1556 The·

414 1590 631 1659 toomnastus3
652 1583 761 1647 llelori
783 1584 990 1647 Archonidas.
1032 1584 1107 1648 Dies
1129 1605 1179 1647 me
1201 1586 1294 1649 citius
1317 1583 1485 1659 deiecerit,
1516 1605 1611 1669 quam
1632 1589 1772 1650 nomina.

450 1677 522 1762 lpse
544 1678 638 1740 dabat
657 1698 840 1761 purpuram,
862 1684 984 1741 tantum
1005 1698 1133 1761 operam
1154 1679 1257 1742 amici.
1295 1676 1415 1742 Credo:
1437 1678 1498 1740 iam
1516 1678 1600 1742 enim
1615 1699 1679 1744 non
1693 1679 1774 1743 libet

452 1771 559 1836 omnia
579 1771 756 1834 cnminari:
779 1773 871 1855 quasi
892 1792 967 1835 vero
989 1771 1049 1836 hoc
1073 1773 1150 1835 mihi
1173 1792 1238 1835 non
1260 1773 1336 1835 satis
1355 1772 1395 1835 sit
1409 1771 1448 1834 ad
1464 1772 1599 1846 odmen,
1618 1771 1773 1837 hahuisse

450 1871 515 1929 tam
541 1864 676 1927 multum
704 1866 791 1949 quod
817 1866 921 1940 daret,
956 1866 1095 1930 voluisse
1118 1867 1283 1950 deportare
1310 1873 1373 1930 tam
1396 1866 1510 1940 multa,
1538 1866 1599 1929 hoc
1620 1866 1773 1951 denique,

451 1959 538 2040 qnod
553 1958 708 2033 concedit,
722 1960 896 2023 amicorum
909 1961 1013 2044 operis
1028 1980 1097 2024 esse
1112 1962 1145 2025 in
1157 1961 1290 2024 huiusce
1304 1960 1390 2024 modi
1405 1961 1500 2024 rebus
1511 1981 1614 2024 usum.
1636 1957 1688 2024 60.
1704 1962 1773 2026 lam

414 2062 442 2111 44
452 2072 526 2117 vero
549 2052 646 2117 lectos
669 2059 793 2117 aeratos
814 2060 846 2116 et
867 2054 1055 2118 candelabra
1076 2074 1177 2119 aenea
1198 2076 1272 2117 num
1289 2055 1341 2117 cui
1355 2061 1480 2136 praeter
1494 2055 1589 2117 istum
1605 2054 1774 2137 Syracusis

451 2167 510 2232 per
530 2147 700 2211 triennium
722 2146 805 2212 iacta
827 2167 897 2211 esse
919 2148 1133 2212 existimatis?
1166 2149 1307 2212 Emehat
1349 2146 1469 2211 Credo:
1491 2147 1547 2210 scd
1569 2154 1691 2211 tantum
1714 2168 1774 2213 vos

451 2241 619 2314 certiores,
648 2242 785 2317 iudices,
812 2240 911 2317 facio,
940 2240 1018 2325 quid
1047 2243 1106 2306 iste
1127 2243 1162 2305 in
1183 2242 1344 2327 provincia
1365 2249 1493 2325 praetor
1513 2240 1627 2325 egerit,
1656 2261 1697 2305 ne
1720 2242 1774 2306 cui

450 2334 533 2399 forte
555 2334 719 2418 negligens
739 2335 872 2398 nimium
893 2334 992 2400 fuisse
1013 2337 1159 2402 videatur
1180 2356 1284 2420 neque
1307 2356 1341 2398 se
1363 2335 1457 2410 satis,
1489 2357 1559 2400 cum
1581 2342 1774 2420 potestatem

451 2429 615 2505 hahuerit,
638 2430 828 2493 instruxisse
851 2437 883 2493 et
904 2448 1050 2494 omassc.

413 2534 441 2585 44
536 2524 666 2589 XXVII.
688 2525 787 2588 Venio
810 2545 895 2589 nunc
915 2545 980 2588 non
1002 2527 1064 2589 iam
1086 2526 1126 2587 ad
1147 2524 1281 2600 furtum,
1304 2545 1368 2589 non
1391 2522 1430 2588 ad
1449 2524 1628 2598 avaritiam,
1650 2544 1717 2589 non
1731 2524 1774 2588 ad

450 2617 672 2701 cupiditatem,
696 2616 751 2682 sed
773 2617 813 2681 ad
836 2620 904 2682 eius
926 2619 1012 2682 modi
1032 2618 1174 2693 facinus,
1202 2619 1235 2682 in
1257 2639 1321 2702 quo
1344 2619 1452 2681 omnia
1472 2616 1593 2681 nefaria
1613 2619 1774 2682 contineri

450 2712 528 2778 mihi
557 2721 653 2797 atque
674 2713 780 2775 inesse
801 2712 984 2788 videantur:
1014 2713 1046 2774 in
1069 2733 1133 2797 quo
1156 2714 1188 2776 di
1212 2713 1403 2776 immortales
1424 2711 1547 2783 violati,
1576 2712 1773 2776 existimatio

451 2813 548 2890 atque
570 2807 740 2870 auctoritas
761 2807 899 2869 nominis
921 2806 1032 2891 populi
1051 2807 1184 2870 Romani
1205 2807 1385 2881 imminuta,
1406 2805 1579 2887 hospitium
1601 2806 1774 2888 spoliatum

450 2920 487 2965 ac
516 2901 693 2985 proditum,
723 2900 891 2965 abalienati
920 2901 1038 2965 scelere
1068 2900 1162 2963 istius
1191 2900 1322 2964 anobis
1344 2920 1455 2963 omues
1476 2918 1566 2981 reges
1588 2897 1773 2962 amicissimi

411 2998 677 3079 unaooncsque,
700 3015 783 3079 quae
804 2996 838 3058 in
860 3015 968 3058 eorum
989 3014 1087 3079 regno
1109 3014 1147 3058 ac
1169 2994 1290 3058 ditione
1313 3001 1395 3057 sunt.
1435 2988 1486 3056 64.
1508 2995 1587 3055 Nam
1608 3013 1699 3077 reges
1714 2995 1774 3078 Sy·

450 3091 531 3164 riae,
553 3088 637 3172 regis
658 3089 806 3153 Antiochi
826 3089 911 3152 filios
933 3109 1067 3170 pueros,
1090 3087 1178 3152 scitis
1199 3089 1315 3151 Romae
1337 3107 1439 3170 nuper
1458 3086 1576 3162 fuisse3
1599 3089 1655 3171 qui
1675 3108 1774 3152 vene·

448 3191 520 3247 rant
547 3203 612 3247 non
632 3191 764 3267 propter
786 3183 897 3266 Syriae
926 3201 1072 3264 regnum:
1101 3201 1173 3245 nam
1196 3179 1229 3244 id
1252 3183 1320 3244 sine
1343 3181 1556 3245 controversia
1577 3181 1773 3256 obtinebant,

448 3286 524 3342 uta
545 3285 634 3360 patre
656 3284 688 3340 ct
709 3297 728 3340 a
749 3277 920 3342 maioribus
942 3285 1143 3360 acceperant:
1173 3277 1228 3340 sed
1251 3295 1381 3358 regnum
1402 3275 1537 3358 Aegypti
1560 3273 1600 3337 ad
1622 3295 1657 3338 se
1679 3276 1772 3339 etad

451 3371 602 3447 Selenen,
624 3378 754 3435 matrem
770 3391 876 3447 suam,
898 3372 1056 3453 pertinere
1071 3370 1313 3436 arbitrabantur.
1339 3369 1380 3431 lli
1395 3369 1456 3449 ipsi
1471 3377 1678 3452 posteaquam
1695 3376 1773 3432 tem·

515 3653 538 3701 4.
559 3652 619 3701 Titio
636 3649 672 3701 443
688 3648 772 3715 (prob.
786 3650 873 3703 Madv.
885 3663 911 3716 p.
921 3651 961 3702 49.
976 3652 1031 3703 Rau
1043 3651 1073 3701 44.
1087 3650 1204 3715 ploti:
1225 3649 1285 3700 litio
1296 3648 1396 3698 aridam
1407 3646 1540 3697 detto·
1550 3648 1575 3697 4.
1591 3647 1618 3697 ia
1629 3661 1682 3698 om.
1692 3649 1771 3712 4433.

447 3727 605 3794 praeterii.
622 3752 648 3763 -
661 3727 736 3790 ringo
751 3727 881 3777 4444444444
898 3727 952 3791 (sic)
971 3728 999 3776 li.
1012 3753 1039 3761 -
1058 3725 1082 3775 3.
1102 3725 1214 3775 omnmo:
1228 3725 1256 3773 ia
1270 3723 1335 3773 444444
1351 3723 1415 3772 dett.
1429 3721 1458 3771 0.
1471 3747 1498 3757 -
1516 3726 1599 3771 ternos
1614 3721 1687 3772 444444
1702 3723 1771 3773 coni.

449 3801 534 3854 llalm.
548 3829 575 3838 -
594 3801 618 3853 4.
631 3803 811 3864 cooperanti.
828 3828 854 3838 -
874 3801 899 3851 6.
916 3802 1055 3851 textrinam
1067 3801 1095 3850 L.
1115 3801 1163 3850 «st
1179 3798 1211 3849 oi.
1224 3798 1354 3848 Ammian.
1366 3795 1430 3846 XIV.
1444 3794 1467 3844 6.
1481 3795 1579 3845 Ennius
1596 3808 1638 3861 ap.
1650 3796 1724 3847 Serv.
1737 3795 1773 3847 ad

449 3883 513 3930 Aen.
526 3878 569 3928 XI.
583 3878 640 3929 343.
658 3879 731 3928 Serv.
750 3877 785 3927 ad
801 3880 866 3928 Aen.
880 3878 910 3927 44,
925 3879 963 3928 44.
984 3876 1096 3926 textrina
1107 3878 1148 3926 est
1159 3887 1202 3925 ars
1214 3873 1332 3932 textoria,
1351 3872 1487 3921 4444444444
1502 3869 1585 3932 locus,
1603 3871 1630 3921 in
1647 3884 1700 3935 quo
1717 3874 1774 3922 444·

449 3955 561 4004 ciaon.»
580 3954 672 4003 (isaar.
691 3953 721 4003 ll.
743 3977 769 3988 -
789 3953 813 4002 7.
831 3952 896 4002 trior
912 3952 945 4012 44,
964 3951 1013 4000 teto
1031 3952 1062 4001 Gt
1078 3948 1130 4000 44.
1151 3976 1178 3985 -
1196 3948 1220 3999 8.
1238 3950 1286 3998 nisi
1302 3962 1355 3998 om.
1369 3949 1446 4010 4433.
1465 3946 1634 4012 praeterii:
1652 3948 1774 3998 44444444

451 4028 518 4079 coni.
537 4027 677 4077 Victorius.
698 4054 725 4064 —-
751 4027 878 4088 concipite
895 4027 924 4076 R.
953 4051 980 4061 -
1007 4025 1063 4075 Noti
1078 4026 1143 4086 Lyso
1159 4026 1196 4075 lt:
1221 4024 1315 4073 44444444
1332 4023 1378 4082 Gt,
1404 4021 1506 4083 44434444
1523 4022 1575 4084 Gt,
1594 4022 1652 4084 44.,
1671 4020 1703 4080 λς
1728 4037 1774 4074 aec

448 4103 522 4166 volgo
539 4102 604 4153 dett.
630 4102 670 4153 (44.
688 4102 803 4153 Turnebi
820 4101 929 4153 Advers.
948 4101 1015 4150 Vlll.
1032 4101 1071 4150 40.
1093 4127 1119 4138 -
1140 4101 1164 4151 9.
1181 4101 1274 4151 Aetnae
1290 4100 1327 4149 R:
1345 4097 1414 4147 etiae
1429 4099 1475 4156 Gt,
1494 4102 1517 4147 44
1531 4110 1563 4147 nc
1580 4100 1629 4159 Gt,
1647 4098 1709 4157 hd:
1726 4100 1775 4150 Et-

449 4191 498 4228 444
515 4179 593 4240 4433.
613 4189 721 4237 omnes;
739 4178 827 4227 Eaaoe
844 4176 873 4226 0.
894 4203 920 4212 -
939 4175 1025 4225 Ererio
1042 4177 1071 4225 44.
1092 4202 1120 4211 -
1139 4176 1179 4224 40.
1197 4175 1281 4224 Helori
1298 4174 1422 4226 Ursinus:
1443 4174 1523 4223 Pelori
1541 4173 1618 4224 codd.
1634 4200 1660 4211 -
1679 4174 1776 4224 Arcio-

448 4255 523 4305 44444
538 4254 590 4304 4434
608 4254 756 4303 Archontes:
772 4253 889 4317 Megistos
907 4253 1027 4313 [mecistao
1043 4249 1119 4313 4349)
1139 4248 1203 4299 dett.
1217 4251 1246 4300 0.
1262 4278 1290 4287 —
1308 4251 1359 4299 dies
1374 4262 1414 4299 me
1430 4249 1480 4309 443,
1493 4246 1525 4297 A:
1543 4261 1595 4297 4444
1610 4261 1650 4298 me
1666 4246 1731 4298 dett.
1744 4249 1773 4298 0.

452 4356 480 4366 -
500 4330 540 4377 44.
559 4340 662 4389 operam
678 4329 754 4377 amici
771 4327 824 4378 ns:
852 4328 927 4376 amici
943 4338 1045 4390 operm
1061 4326 1135 4387 344),
1161 4324 1230 4388 4344
1242 4325 1282 4375 49.
1303 4323 1365 4388 [om.
1383 4325 1435 4389 Z.];
1461 4325 1537 4373 amici
1553 4337 1643 4386 operas
1658 4323 1723 4373 dett.
1743 4324 1773 4374 0.

451 4401 489 4453 (44.
509 4401 594 4454 Madv.
613 4414 640 4465 p.
659 4402 700 4453 st.
721 4430 747 4441 -
768 4403 809 4458 44.
826 4415 885 4451 vero
903 4414 956 4451 om.
975 4403 1011 4450 st.
1031 4401 1059 4451 et
1076 4400 1152 4465 4344.
1167 4427 1194 4436 -
1214 4400 1254 4450 43.
1273 4402 1334 4450 darc
1350 4401 1378 4450 li.
1395 4427 1421 4436 -
1441 4398 1481 4450 44.
1499 4400 1637 4449 4444444οά4
1653 4396 1773 4461 egesta

454 4505 480 4516 -
494 4480 535 4529 ve.
553 4491 619 4527 aare
635 4478 675 4526 coi
692 4477 737 4528 443.
753 4502 781 4514 -
801 4479 840 4529 48.
853 4478 958 4527 nimiam
973 4477 1038 4540 negt.
1052 4475 1117 4526 dett.
1130 4476 1150 4525 0
1168 4476 1304 4539 (neglegens
1315 4477 1353 4538 44).
1369 4503 1396 4511 -
1414 4476 1456 4525 40.
1474 4477 1527 4524 iam
1543 4488 1597 4530 om.
1609 4475 1646 4524 St.
1659 4474 1687 4523 4..
1699 4470 1772 4523 isal.

453 4578 478 4590 -
499 4553 541 4602 44.
560 4553 594 4601 od
610 4553 728 4602 4444444444
745 4553 823 4616 lagg.
842 4564 952 4602 omnes:
972 4552 1006 4600 ad
1023 4564 1075 4601 cm.
1088 4547 1168 4610 nat
1186 4551 1331 4612 (huiusmodi
1343 4549 1409 4612 hd).
1428 4551 1556 4613 Repetitio
1573 4546 1775 4614 praepositionis

451 4630 513 4692 post
528 4624 684 4692 particulam
701 4627 895 4678 adversativam
913 4626 983 4691 apud
1001 4627 1157 4678 Ciceronem
1175 4624 1236 4676 alibi
1258 4627 1426 4676 usitatissima
1444 4628 1501 4685 est:
1525 4626 1551 4675 h.
1566 4624 1583 4675 l.
1602 4626 1712 4688 propter
1732 4624 1776 4673 sed

449 4701 525 4754 tacite
551 4704 586 4752 ad
611 4704 694 4753 omitti
720 4704 804 4767 potuit
825 4704 851 4753 in
876 4706 940 4767 optt.
960 4702 1037 4754 codd,
1065 4703 1104 4754 (44.
1122 4703 1181 4752 Otto
1198 4701 1232 4751 ad
1249 4702 1304 4752 Cic.
1323 4701 1356 4751 de
1374 4702 1446 4751 Finn.
1465 4715 1492 4766 p.
1510 4700 1567 4752 403.
1587 4727 1615 4736 —
1633 4701 1659 4749 in
1676 4712 1775 4760 qao·-

451 4779 584 4829 oidocotur
600 4791 653 4829 om.
673 4780 751 4841 4433.
770 4781 876 4841 praeter
892 4778 932 4827 49.
954 4802 980 4814 -
1002 4779 1042 4829 it.
1061 4779 1087 4828 di
1103 4777 1252 4827 immortalis
1269 4777 1340 4840 (isin
1357 4790 1382 4826 es
1398 4776 1476 4839 corr.)
1495 4777 1524 4826 44.
1545 4803 1572 4811 -
1590 4775 1631 4825 43.
1650 4774 1776 4823 inminuto

451 4854 587 4916 4444444444
603 4855 632 4905 44.
647 4880 675 4891 -
688 4852 729 4904 44.
748 4854 827 4903 onais
843 4856 864 4904 44
880 4866 921 4917 pr.
940 4867 975 4903 m.
991 4880 1017 4890 -
1036 4854 1076 4903 43.
1096 4853 1190 4902 dicione
1207 4853 1235 4902 44.
1256 4879 1284 4888 -
1305 4852 1345 4902 26.
1365 4852 1505 4900 4444444444
1520 4850 1575 4900 ilios
1587 4861 1679 4912 pucros
1694 4850 1723 4898 44.
1745 4875 1773 4885 -

451 4928 492 4980 49.
511 4929 628 5044 ἒοὶοπωη
651 4931 687 4990 44,
713 4928 760 4979 Ld.
788 4929 860 4992 (item
885 4930 964 4992 4433.
990 4928 1102 4991 omnes.)
1131 4955 1158 4965 -
1184 4928 1233 4990 ipsi
1257 4940 1309 4977 om.
1334 4926 1398 4976 dett.
1426 4926 1455 4976 In
1472 4927 1491 4976 44
1515 4926 1554 4976 444
1570 4925 1698 4988 scriptum
1715 4924 1773 4972 est:

565 4999 633 5044 osten

450 4995 681 5123 Hilllmsl’eoqoom:
700 5061 720 5111 E
738 5062 827 5111 eutem
844 5059 943 5110 habet:
969 5060 995 5109 hi
1010 5060 1070 5123 ipsis
1086 5059 1235 5122 temperiem
1247 5063 1380 5122 pedorum
1396 5060 1447 5108 cet.
1467 5056 1523 5120 [ipsi
1536 5061 1624 5120 posteo
1640 5057 1666 5105 in
1683 5054 1702 5103 44
1719 5066 1774 5104 non

452 5135 548 5187 eadem
564 5148 659 5198 manu,
677 5135 726 5186 sed
744 5134 827 5185 multo
843 5135 991 5186 recentiore
1009 5132 1104 5196 seculi,
1126 5138 1155 5184 ut
1171 5134 1287 5192 videtur,
1311 5133 1365 5183 llll.
1384 5133 1593 5197 superscriptum
1610 5132 1661 5191 est,
1681 5130 1711 5178 ut
1726 5140 1774 5177 ae·

452 5214 545 5262 curate
561 5211 704 5262 Bursianus
720 5211 827 5261 notavit.
850 5211 896 5260 Est
911 5212 1001 5261 autem
1018 5207 1082 5260 levis
1099 5209 1197 5260 erroris
1212 5210 1328 5273 pessima
1345 5208 1474 5259 correctio
1491 5206 1563 5271 (qnid
1580 5206 1650 5257 enim
1666 5203 1714 5267 ipsi
1728 5203 1774 5254 hic

451 5284 502 5340 sihi
519 5283 616 5350 vulti),
640 5298 708 5356 quae
724 5285 752 5341 in
769 5283 847 5339 codd.
865 5281 947 5337 Guelt.
966 5283 1092 5346 etheid..
1119 5297 1187 5350 quos
1204 5297 1238 5336 ex
1252 5283 1311 5351 ipso
1326 5284 1407 5350 444344
1424 5281 1573 5350 descriptos
1590 5291 1649 5332 esse
1665 5278 1706 5330 tot
1720 5274 1773 5329 loci
