4367 6109
883 825 1059 886 oculosus
1080 827 1276 888 securibus

1061 978 1095 1028 444

722 1120 1432 1200 &VERREM

945 1295 1055 1347 LIBER
1077 1296 1220 1349 PRIMUS

1061 1433 1101 1480 DE

837 1569 1091 1634 sasantina
1123 1568 1321 1634 URMNA.

480 1884 553 1934 ttaeo
573 1881 658 1932 oratio
674 1879 783 1942 iisdem,
810 1879 908 1944 quibus
925 1881 1059 1945 superior,
1078 1879 1228 1930 continetur
1244 1875 1391 1928 codicibus.
1420 1878 1452 1927 Gt
1475 1877 1571 1929 desinit
1587 1877 1612 1942 4.
1631 1878 1688 1930 404.
1707 1881 1745 1931 (tt

414 1959 461 2011 44.
480 1973 506 2021 ς.
525 1957 550 2021 S.
568 1956 626 2007 444.
650 1954 690 2006 dd
708 1966 767 2019 cap.
785 1954 862 2005 xilll.
881 1957 1109 2006 commemoratur
1125 1954 1302 2018 fragmentum
1319 1953 1474 2015 Palimpsesti
1492 1953 1650 2004 laurinensis
1665 1953 1744 2017 (ΡΤ),

413 2032 487 2100 qnod
508 2030 600 2095 incipit
620 2042 635 2079 a
652 2028 744 2080 verbis
762 2067 768 2079 .
784 2067 790 2078 .
806 2065 812 2078 .
831 2041 878 2091 qne
894 2030 942 2079 4444
956 2030 1031 2092 serit,
1058 2029 1155 2079 desinit
1176 2030 1203 2078 in
1219 2028 1326 2079 verbis:
1353 2043 1404 2079 4444
1416 2030 1570 2092 participem
1586 2029 1613 2080 G.
1629 2030 1683 2081 Ver.
1710 2029 1744 2081 ct.

413 2112 529 2173 Peyron.
547 2105 670 2170 tragmm.
688 2118 715 2170 p.
733 2104 791 2154 ata.
818 2130 845 2140 -
871 2104 938 2168 Ag.
957 2105 1013 2154 4044.
1040 2105 1168 2168 incipiunt
1191 2103 1336 2165 fragmenta
1359 2103 1512 2165 Palimpsesti
1530 2104 1644 2155 Vaticani
1660 2104 1746 2169 (444

412 2180 579 2234 1444444444.
606 2181 744 2243 (ductores
761 2176 838 2229 class.
857 2192 872 2228 e
889 2178 958 2229 Vott.
977 2177 1056 2229 codd.
1074 2180 1150 2229 Tom.
1168 2178 1199 2228 lt.
1219 2190 1245 2242 p.
1264 2176 1312 2228 390
1324 2190 1385 2243 sqq.
1403 2179 1503 2229 Romae
1515 2178 1598 2242 ⁴8²8.)
1624 2179 1690 2229 Sunt
1701 2192 1747 2229 an-

412 2260 470 2308 tem
486 2257 571 2307 baec:
589 2256 614 2319 4)
630 2254 655 2319 3.
668 2254 724 2306 tos.
744 2255 815 2304 docet
829 2254 951 2304 bominem
969 2280 997 2289 -
1017 2254 1041 2317 g.
1056 2252 1113 2304 444.
1130 2253 1226 2303 44444444
1241 2253 1309 2302 44444.
1344 2253 1368 2314 t)
1386 2252 1410 2315 5.
1430 2253 1486 2302 449.
1504 2252 1662 2313 4444444444,
1680 2253 1747 2315 quod

415 2356 443 2369 -
463 2330 487 2394 3.
507 2330 564 2381 430.
591 2330 727 2381 4444444444.
761 2327 785 2391 3)
808 2327 832 2392 3.
851 2329 908 2379 434.
930 2329 1107 2380 4444444044.
1127 2355 1155 2365 -
1180 2326 1203 2389 fi.
1224 2327 1280 2378 439.
1305 2340 1356 2378 4444
1377 2326 1482 2390 deferre.
1517 2326 1541 2390 4)
1558 2326 1583 2390 ,4.
1602 2325 1659 2378 tta.
1678 2327 1747 2378 444444

410 2405 547 2470 praeditae
565 2431 594 2442 -
620 2404 646 2469 fi.
665 2403 722 2455 448.
747 2403 957 2453 4444444ηωί44444
978 2416 1044 2453 ooo.
1060 2440 1088 2453 ..
1131 2403 1535 2467 515.t50.tobutaeproodcm
1554 2428 1581 2439 -
1600 2402 1624 2467 3.
1643 2402 1701 2453 toa.
1718 2407 1748 2452 444

413 2483 524 2533 illum
559 2481 583 2544 0)
607 2482 637 2544 Q.
656 2480 771 2532 Cartima
788 2504 816 2514 -
835 2478 1038 2529 absorbebatur.
1074 2477 1121 2531 [tbi
1142 2479 1225 2529 Maius
1249 2478 1371 2529 editionis
1396 2478 1543 2543 scripturae
1561 2477 1746 2527 auctoritatem

413 2555 515 2610 4444444
532 2568 586 2605 444
603 2554 701 2606 diserte
719 2553 870 2619 adscripsit,
892 2555 967 2618 signo
984 2555 1021 2604 eV
1037 2554 1061 2616 [i.
1081 2566 1106 2603 e.
1126 2552 1205 2604 editio
1222 2553 1356 2615 Vaticana)
1374 2553 1416 2604 usi
1433 2565 1535 2605 sumus.
1570 2553 1636 2602 Nam
1653 2564 1746 2615 qnam·

413 2642 495 2696 44444
516 2630 600 2680 Maius
622 2643 683 2681 4444
706 2642 765 2680 rern
786 2629 924 2693 diligenter
945 2630 1031 2693 egisse
1051 2632 1232 2692 cunctumque
1249 2628 1370 2679 codicem
1387 2630 1414 2678 tn
1438 2628 1591 2679 adversaria
1612 2625 1746 2678 rettulisse

414 2706 539 2771 typisque
557 2704 693 2756 edendum
706 2717 815 2755 curasse
827 2704 908 2766 dicit,
926 2707 1014 2755 444444
1032 2702 1166 2754 interdum
1184 2704 1240 2754 inre
1252 2703 1366 2754 dubitari
1378 2702 1493 2765 videtur,
1511 2704 1609 2754 satisne
1621 2704 1746 2754 accuratu

413 2780 514 2835 oodids
524 2780 724 2847 scripturamjn
736 2780 852 2832 editione
869 2780 1038 2845 expresserit.
1060 2806 1085 2816 -
1107 2779 1246 2830 Scholiasta
1262 2780 1438 2830 Groaooioaus
1454 2779 1552 2831 desinit
1568 2778 1593 2843 5.
1606 2778 1647 2830 44.

498 3029 523 3091 1.
546 3022 576 3090 l.
597 3026 763 3089 Neminem
784 3031 923 3089 vestrum
946 3024 1092 3107 ignorare
1115 3025 1267 3102 arbitror,
1299 3027 1441 3103 iudicas,
1462 3026 1547 3091 hunc
1570 3044 1628 3108 per
1647 3023 1745 3088 hosce

414 3126 485 3191 dies
516 3140 697 3187 sermonem
725 3120 811 3204 vulgi
840 3128 936 3203 atque
957 3120 1040 3183 hanc
1063 3120 1248 3205 opinionem
1270 3120 1382 3204 populi
1404 3121 1540 3184 Romani
1561 3118 1679 3195 inisse,
1712 3119 1746 3183 C.

413 3221 545 3284 Verrem
566 3216 667 3279 altera
688 3216 813 3278 actione
836 3234 1062 3298 responsurum
1084 3234 1150 3277 non
1172 3234 1243 3277 esse
1265 3234 1371 3299 neque
1392 3215 1433 3278 ad
1451 3214 1606 3278 iudicium
1619 3213 1747 3277 444444-

414 3337 495 3379 4444.
540 3313 632 3389 Quae
653 3309 737 3373 fama
757 3330 823 3372 non
844 3310 962 3372 idcirco
985 3309 1089 3372 solum
1113 3318 1287 3384 emanarat,
1310 3309 1397 3393 quod
1420 3310 1480 3374 iste
1495 3317 1580 3373 certe
1594 3314 1748 3373 statuerat

413 3430 451 3473 ac
481 3406 711 3471 deliberaverat
738 3423 803 3467 non
832 3405 960 3478 adesse,
989 3423 1101 3465 verum
1124 3403 1219 3466 etiam
1242 3404 1329 3486 quod
1351 3424 1445 3466 nemo
1468 3422 1661 3489 quemquam
1683 3412 1785 3476 tama

414 3504 587 3576 audacem,
621 3507 685 3563 tam
714 3506 886 3572 amentem,
920 3505 983 3561 tam
1013 3499 1230 3581 impudentem
1250 3497 1320 3561 iore
1342 3500 1570 3573 arbitrabatur,
1604 3498 1660 3582 qni
1682 3504 1746 3560 tam

414 3595 545 3660 nefariis
567 3592 769 3667 criminibus,
792 3600 856 3655 tarn
879 3592 986 3655 multis
1010 3593 1144 3655 testibus
1169 3593 1334 3656 convietus
1357 3613 1412 3656 ora
1427 3594 1568 3657 iudicum
1583 3591 1747 3675 adspicere

414 3698 469 3755 aut
497 3709 534 3752 os
563 3707 656 3750 suum
684 3686 806 3772 populo
835 3689 977 3750 Romano
1009 3686 1178 3750 ostendere
1200 3686 1341 3750 auderet.
1384 3684 1415 3749 2.
1435 3687 1493 3750 Est
1513 3685 1600 3749 idem
1621 3685 1748 3761 Verres,

415 3786 471 3871 qui
493 3783 555 3847 fuit
576 3801 719 3864 semper,
741 3788 777 3845 ut
798 3782 837 3844 ad
859 3781 1042 3845 audendum
1063 3782 1244 3865 proiectus,
1266 3781 1312 3844 sic
1333 3789 1461 3865 paratus
1483 3781 1524 3844 ad
1542 3779 1747 3843 audiendum.

413 3882 546 3944 Ptaesto
569 3886 633 3951 est,
657 3877 844 3958 respondet,
867 3876 1058 3941 defenditur.
1091 3877 1139 3939 Ne
1159 3875 1221 3939 boo
1245 3876 1375 3959 quidem
1390 3877 1451 3939 sibi
1465 3875 1582 3960 reliqui
1595 3873 1681 3949 facit,
1702 3881 1748 3949 ut,
1756 3895 1786 3943 40

415 3975 450 4038 in
471 3972 566 4035 rebus
588 3970 782 4053 turpissimis
805 3992 876 4034 oum
899 3971 1067 4035 manifesto
1088 3978 1250 4045 teneatur,
1273 3971 1300 4034 si
1322 3973 1455 4036 reticeat
1476 3979 1509 4035 et
1521 3971 1621 4047 absit,
1641 3978 1749 4034 tamen

414 4065 634 4152 impudentiae
655 4085 731 4127 suae
754 4066 927 4149 pudentem
950 4066 1072 4128 exitum
1097 4065 1260 4149 quaesisse
1282 4065 1437 4129 videatur.
1469 4065 1593 4140 Patior,
1614 4064 1747 4139 iudices,

417 4170 450 4227 et
477 4180 542 4225 non
572 4159 706 4222 moleste
735 4158 804 4223 iero
828 4179 877 4222 me
899 4160 1018 4223 laboris
1040 4160 1120 4234 mei,
1148 4180 1205 4222 vos
1227 4158 1352 4223 44444444
1374 4169 1497 4224 vestrae
1518 4159 1656 4223 fructum
1678 4178 1748 4222 esso

418 4256 550 4320 laturos.
593 4254 673 4316 Nam
696 4253 723 4315 si
745 4253 805 4317 iste
828 4253 860 4315 id
882 4253 1025 4329 fecisset,
1058 4254 1145 4338 quod
1167 4255 1256 4338 prius
1279 4261 1448 4331 statuerat,
1469 4260 1592 4317 utnon
1613 4254 1748 4328 adesset,

417 4351 523 4413 minus
546 4348 731 4431 aliquanto,
755 4368 850 4432 quam
866 4348 943 4411 mihi
959 4369 1040 4432 opus
1057 4357 1159 4424 esset,
1182 4356 1444 4432 cognosceretur,
1468 4348 1548 4433 quid
1562 4367 1621 4432 ego
1640 4348 1674 4410 in
1688 4346 1786 4414 bactu

418 4442 620 4507 accusatione
651 4441 862 4525 comparanda
885 4442 1170 4526 constituendaque
1197 4443 1427 4506 elaborassem:
1455 4449 1560 4507 vestra
1581 4462 1656 4507 vero
1678 4442 1748 4505 laus

419 4537 523 4602 tenuis
545 4536 641 4620 plane
662 4543 759 4621 atque
782 4536 932 4611 obscura,
961 4536 1102 4610 iudices,
1133 4544 1225 4599 esset
1269 4533 1299 4597 3.
1321 4538 1432 4621 Neque
1453 4535 1516 4599 boe
1538 4556 1557 4598 a
1578 4536 1668 4600 vobis
1691 4554 1749 4618 po·

419 4632 515 4715 pulus
535 4631 699 4694 Romanus
721 4635 886 4715 exspectat
907 4649 1012 4713 neque
1035 4648 1074 4691 eo
1096 4636 1203 4712 potest
1223 4649 1292 4693 esse
1307 4637 1493 4705 contentus,
1515 4629 1543 4694 si
1558 4628 1750 4694 condemna·

483 4893 507 4942 t.
525 4892 787 4955 4444444444--4444444
808 4889 913 4952 Quintil.
932 4891 974 4941 444.
993 4889 1022 4948 4,
1047 4889 1105 4940 449.
1129 4917 1156 4927 -
1181 4889 1206 4941 4.
1224 4896 1290 4942 corte
1310 4890 1389 4941 codd.
1408 4891 1441 4941 S:
1465 4896 1532 4941 certo
1549 4889 1617 4941 cont.
1635 4890 1698 4940 Ε44.
1718 4915 1747 4927 -

418 4969 442 5018 4.
462 4966 568 5032 44444444]
585 4966 707 5016 iudicibus
724 4969 756 5016 Gt
769 4967 793 5017 2.
816 4994 843 5002 -
861 4967 987 5016 4444444444
1003 4967 1036 5017 ot
1048 4964 1090 5016 at
1106 4968 1194 5030 [aas.
1214 4969 1239 5017 S.
1259 4969 1341 5018 Prisc.
1355 4969 1385 5018 11.
1404 4980 1430 5032 p.
1444 4967 1509 5017 459:
1527 4965 1620 5016 44444444
1635 4962 1746 5026 ς(4)444.

421 5072 448 5080 -
466 5045 491 5095 8.
510 5048 545 5094 444
560 5042 626 5094 eain
642 5042 707 5091 444444
724 5042 792 5105 ngas
807 5041 854 5093 dtt.
870 5067 897 5078 -
918 5042 942 5091 9.
957 5047 1068 5105 paratus
1083 5054 1138 5092 om.
1153 5042 1216 5103 Gdf
1227 5044 1257 5094 C.
1284 5045 1318 5092 at
1333 5045 1442 5093 tuentur
1458 5041 1506 5091 444.
1525 5037 1636 5090 Prisci.
1650 5036 1746 5090 ts.-

419 5119 458 5168 40.
474 5123 576 5182 praesto
592 5144 606 5155 ·
618 5143 632 5154 -
649 5115 788 5178 4444444444
803 5118 881 5167 trus.
899 5117 933 5167 ot.
952 5130 979 5181 p.
991 5116 1049 5166 953.
1068 5117 1096 5166 L.
1116 5143 1143 5152 -
1161 5118 1224 5180 [4444
1239 5117 1294 5169 Gt:
1311 5118 1369 5180 44444
1384 5117 1439 5180 gli)
1449 5115 1496 5165 dtt.
1512 5143 1540 5151 -
1560 5114 1600 5164 ta.
1615 5114 1749 5177 4444444444

418 5219 433 5230 -
445 5219 460 5231 -
474 5193 590 5244 44444444
615 5190 707 5243 Claud.
732 5191 839 5241 Sacerd.
865 5204 892 5255 p.
910 5191 951 5241 43.
972 5217 999 5226 -
1020 5191 1108 5253 potior
1123 5216 1163 5229 ··
1180 5192 1276 5242 44444444
1300 5196 1377 5242 Aras.
1396 5191 1430 5240 u.
1448 5202 1476 5254 p.
1493 5187 1552 5240 sot.
1573 5213 1601 5226 -
1620 5187 1660 5240 44.
1677 5189 1749 5252 prist

420 5267 525 5331 otas:
540 5268 639 5334 44444444
654 5266 718 5328 Ld.;
735 5268 820 5334 primo
837 5267 885 5321 dtt.
904 5268 933 5320 0.
955 5294 981 5303 -
1000 5268 1041 5318 47.
1059 5264 1256 5332 mencildis:
1277 5278 1357 5330 4444444
1372 5266 1439 5318 enisu
1454 5265 1502 5316 444.
1521 5265 1551 5317 0.
