4367 6109
494 566 556 634 244
881 568 924 634 IN
944 568 1112 635 VERREM
1132 565 1255 632 ACTIO
1279 566 1462 633 SECUNDA

492 740 636 804 facienti
657 760 730 802 cum
750 736 895 801 dederint
914 738 1056 821 Apronio
1086 738 1174 822 quod
1203 738 1405 822 poposcerit,
1431 736 1616 820 relinquent
1635 737 1817 803 arafioness

492 834 675 918 relinquent
701 834 813 897 Larem
840 831 1029 895 familiarem
1050 836 1166 896 suum?
1195 833 1324 897 venient
1346 835 1533 918 Syracusas,
1562 838 1600 894 ut
1619 839 1818 916 tepraetore
1856 903 1864 916 ,

492 928 641 991 videlicet
660 946 766 1011 aequo
788 925 857 989 iure
878 926 1072 1010 Apronium,
1096 926 1226 990 delicias
1248 946 1284 991 ao
1298 927 1395 990 vitam
1419 933 1524 1000 tuam,
1546 924 1666 989 iudicio
1686 945 1819 1011 reeupe-

490 1020 608 1084 ratorio
629 1022 883 1104 persequantur?
926 1017 978 1082 28.
999 1021 1117 1083 Verum
1140 1027 1224 1084 esto:
1246 1020 1423 1103 reperietur
1436 1019 1538 1103 aliqui
1559 1017 1651 1083 fortis
1675 1025 1708 1081 et
1721 1039 1819 1103 expe-

468 1114 576 1178 lriens
598 1120 717 1189 arator,
746 1114 819 1198 qui,
848 1135 919 1177 cum
941 1121 1063 1177 tantum
1086 1113 1210 1177 dederit
1232 1115 1425 1188 decumano,
1455 1119 1610 1198 quantum
1631 1111 1687 1175 ille
1710 1109 1818 1177 deberi

491 1207 621 1283 dixerit,
650 1207 768 1271 iudicio
797 1216 920 1291 repetat
949 1215 981 1270 et
1009 1228 1146 1291 poenam
1169 1207 1289 1290 octupli
1311 1214 1530 1292 persequatur.
1573 1208 1734 1289 Exspecto
1755 1208 1817 1270 vim

490 1301 602 1378 edicti,
623 1301 821 1366 severitatem
843 1302 1016 1385 praetoris:
1038 1301 1131 1365 faveo
1153 1303 1285 1375 aratori,
1308 1303 1402 1383 cupio
1424 1300 1546 1383 octupli
1560 1298 1704 1364 damnari
1717 1299 1820 1382 Apro·

488 1396 587 1459 nium.
625 1393 711 1471 Quid
741 1397 869 1458 tandem
898 1394 1040 1479 postulat
1061 1396 1192 1458 aratori
1232 1393 1317 1457 Nihil
1339 1394 1402 1457 nisi
1423 1414 1465 1457 ex
1486 1392 1590 1458 edicto
1610 1392 1765 1457 iudicium
1785 1393 1818 1456 in

488 1489 661 1572 octuplum.
694 1487 778 1565 Quid
799 1489 982 1572 Apronius‘l
1014 1490 1085 1551 Non
1108 1495 1242 1552 recusat.
1279 1487 1364 1563 Quid
1386 1489 1536 1571 praetori
1574 1485 1665 1553 lubet
1685 1507 1818 1570 recupe-

450 1587 607 1646 ⁴⁰ratores
628 1582 769 1646 reiicere.
811 1583 962 1646 Decurias
985 1583 1169 1647 scribamus.
1213 1583 1301 1658 Quas
1324 1581 1491 1646 decurias?
1523 1583 1571 1646 De
1592 1582 1725 1647 cohorte
1746 1602 1817 1647 mea

486 1676 627 1751 reiicies,
649 1676 764 1760 inquit.
808 1675 916 1752 Quid:
946 1678 1008 1740 ista
1028 1676 1143 1739 cohors
1165 1696 1301 1760 quorum
1321 1676 1488 1739 hominum
1510 1677 1582 1741 esti
1614 1675 1739 1741 Volusii
1759 1675 1816 1740 ha·

485 1772 620 1855 ruspicis
644 1775 676 1832 et
697 1769 836 1833 Cornelii
857 1770 970 1835 medici
993 1769 1160 1834 ethorum
1182 1790 1311 1845 canum,
1334 1789 1416 1853 quos
1437 1769 1577 1834 tribunal
1598 1788 1706 1833 meum
1725 1768 1815 1833 vides

485 1864 633 1929 lambere.
664 1865 744 1927 Nam
767 1863 807 1926 de
829 1873 986 1927 conventu
1008 1864 1131 1929 nullum
1153 1883 1305 1948 umquam
1326 1862 1465 1928 iudicem
1486 1883 1546 1929 nec
1559 1869 1815 1947 recuperatorem

486 1957 590 2022 dedit:
623 1957 753 2041 iniquos
782 1957 966 2022 decumanis
999 1959 1102 2022 aiebat
1124 1979 1235 2023 omnes
1264 1978 1351 2036 esse,
1384 1960 1440 2044 qui
1466 1959 1565 2023 ullam
1597 1957 1664 2041 agri
1690 1956 1816 2040 glebam

449 2051 694 2136 scpoesiderenc
737 2051 937 2114 Veniendum
971 2061 1038 2116 erat
1070 2052 1111 2115 ad
1144 2073 1199 2116 eos
1230 2061 1341 2116 contra
1369 2052 1563 2136 Apronium,
1594 2050 1651 2137 qui
1671 2049 1815 2114 nondum

483 2146 659 2230 Aproniani
682 2145 820 2209 convivii
843 2145 1004 2230 crapulam
1027 2146 1240 2210 exhalassent.
1272 2147 1343 2209 XII.
1367 2147 1393 2210 0
1416 2146 1615 2231 praeclarum
1631 2152 1816 2210 etcomme-

484 2239 671 2303 morandum
694 2238 864 2304 iudiciuml
887 2260 907 2304 o
930 2261 1075 2303 severum
1091 2240 1247 2304 edictum!
1272 2261 1290 2303 o
1314 2247 1415 2304 tutum
1438 2239 1619 2324 perfugium
1636 2238 1814 2305 aratorum!

568 2331 620 2398 29.
642 2336 746 2418 Atque
767 2342 804 2397 ut
824 2334 1018 2417 intelligatis,
1041 2333 1233 2399 cuiusmodi
1254 2335 1316 2398 ista
1337 2333 1455 2398 iudicia
1472 2336 1505 2398 in
1520 2334 1702 2419 octuplum,
1724 2334 1814 2399 cuius

483 2428 569 2492 modi
602 2428 695 2492 istius
728 2428 767 2491 de
802 2427 930 2491 cohorte
963 2437 1203 2511 recuperatores
1238 2428 1409 2492 existimati
1442 2429 1526 2505 sint,
1566 2428 1612 2492 sic
1648 2426 1813 2491 attendite.

445 2523 623 2607 ”Ecquem
645 2523 764 2607 putatis
780 2520 990 2585 decumanum
1011 2521 1072 2585 hac
1094 2521 1223 2586 licentia
1244 2522 1414 2605 permissa,
1436 2530 1473 2586 ut
1494 2529 1618 2586 tantum
1634 2521 1675 2584 uh
1689 2528 1814 2586 aratore

483 2624 636 2700 quantum
659 2617 859 2700 poposcisset
881 2615 1036 2690 auferret,
1059 2616 1132 2700 plus
1155 2637 1250 2701 quam
1269 2616 1439 2680 deberetur
1459 2617 1669 2700 poposcisset
1704 2612 1815 2679 Consi·

483 2708 591 2773 derate
613 2729 685 2771 cum
706 2710 818 2774 vestris
840 2710 954 2772 animis
976 2716 1100 2773 vosmet
1120 2710 1182 2793 ipsi
1205 2731 1339 2794 ecquem
1360 2711 1496 2795 putetis,
1525 2709 1713 2795 praesertim
1740 2727 1813 2772 cum

482 2801 515 2864 id
537 2822 603 2865 non
624 2802 728 2866 solum
750 2803 900 2878 avaritia,
924 2802 979 2866 sed
1002 2803 1097 2866 etiam
1119 2803 1333 2887 imprudentia
1353 2805 1497 2868 accidere
1511 2805 1661 2888 potuerit.
1693 2801 1813 2867 Multos

481 2915 613 2959 necesse
634 2903 692 2959 est.
727 2896 769 2959 At
790 2917 849 2980 ego
873 2915 982 2959 omnes
1005 2897 1076 2960 dico
1100 2896 1172 2981 plus
1193 2918 1230 2960 ac
1252 2898 1352 2961 multo
1373 2898 1559 2982 plusquam
1577 2894 1814 2961 decumsmah-

442 2990 618 3054 tistulisse.
652 2989 737 3053 Cedo
761 2990 839 3053 mihi
860 3010 959 3053 unum
981 3009 1021 3052 ex
1043 2991 1182 3054 triennio
1205 2998 1372 3075 praeturae
1388 3001 1460 3055 tuae
1476 2994 1531 3076 qui
1547 2989 1670 3074 octupli
1683 2989 1814 3054 mna·

481 3093 532 3149 tus
554 3087 605 3149 sit.
647 3088 848 3149 Damnatus?
881 3087 976 3149 immo
999 3106 1074 3149 vero
1097 3086 1129 3148 in
1153 3106 1249 3169 quem
1271 3085 1425 3148 iudicium
1448 3107 1489 3149 ex
1504 3086 1607 3149 edicto
1623 3092 1680 3148 tuo
1701 3089 1813 3166 postu·

480 3179 579 3243 latum
602 3178 653 3242 sit.
689 3181 789 3243 Nemo
812 3187 880 3243 erat
900 3180 1050 3243 videlicet
1071 3187 1248 3254 aratorum,
1273 3180 1328 3264 qui
1349 3179 1497 3242 iniuriam
1512 3179 1573 3243 sibi
1587 3177 1704 3242 factam
1719 3173 1811 3260 queri

479 3280 605 3356 posset:
628 3292 720 3336 nemo
742 3273 999 3348 decumanorum,
1022 3273 1078 3357 qui
1101 3293 1199 3357 grano
1221 3273 1358 3356 amplius
1380 3272 1441 3336 sibi
1456 3292 1552 3356 quam
1568 3271 1738 3335 deberetur
1755 3268 1813 3331 de·

479 3368 547 3431 beri
569 3368 732 3451 professus
755 3374 849 3430 esset.
893 3368 993 3430 lmmo
1014 3387 1090 3431 vero
1113 3375 1223 3430 contra
1244 3367 1386 3451 rapiebat
1408 3375 1440 3430 et
1458 3366 1642 3450 asportabat
1655 3369 1812 3449 quantum

442 3464 500 3524 ³⁰11
521 3482 651 3546 quoque
677 3460 804 3524 volebat
829 3461 1008 3545 Apronius,
1041 3461 1189 3524 omnibus
1218 3469 1324 3524 autem
1353 3461 1432 3525 locis
1461 3467 1602 3524 aratores
1624 3457 1753 3541 spoliati
1772 3474 1811 3518 ac

479 3556 586 3619 vexati
609 3554 838 3639 querebantur,
866 3575 973 3640 neque
994 3562 1100 3617 tamen
1122 3554 1224 3617 ullum
1246 3553 1399 3617 iudicium
1420 3555 1605 3636 reperietur.
1648 3548 1701 3613 30.
1724 3545 1810 3624 Quid

481 3655 529 3713 est
549 3648 634 3712 hocf
668 3650 729 3710 Tot
749 3647 807 3711 viri
829 3647 942 3724 fortes,
971 3648 1117 3722 honesti,
1147 3647 1293 3731 gratiosi,
1323 3654 1370 3711 tot
1393 3648 1509 3722 Siculi,
1532 3655 1580 3711 tot
1602 3645 1725 3730 equites
1747 3644 1811 3706 llo·

479 3744 565 3805 mani
585 3742 625 3804 ab
646 3742 775 3805 homine
798 3743 991 3825 nequissimo
1014 3762 1050 3805 ao
1073 3741 1258 3824 turpissimo
1274 3740 1352 3804 laesi
1374 3761 1510 3825 poenam
1524 3739 1646 3823 octupli
1661 3740 1729 3802 sine
1744 3735 1812 3799 ulla

480 3834 678 3900 dubitatione
699 3837 899 3899 commissam
914 3854 978 3899 uon
993 3835 1289 3919 persequebantur?
1317 3835 1407 3910 Quae
1423 3855 1528 3911 causa,
1550 3853 1633 3918 quae
1646 3831 1727 3896 ratio
1742 3832 1810 3895 esti

546 4154 571 4203 4.
589 4158 704 4204 aratores
720 4151 838 4217 agatis.
860 4180 886 4188 -
905 4151 929 4203 4.
947 4152 1072 4216 reperitur
1089 4153 1188 4216 Lgtilss
1206 4151 1269 4210 dcc:
1287 4149 1481 4215 repperietarv
1498 4163 1568 4201 corr.
1587 4161 1624 4201 m.
1643 4152 1668 4201 4.
1688 4160 1722 4201 ex
1736 4160 1811 4213 repe·

478 4227 568 4277 rietur.
588 4254 616 4264 —
635 4227 714 4290 aliqui
729 4226 799 4292 igis
811 4227 847 4276 V:
869 4227 961 4290 aliquia
978 4230 1024 4278 ott.
1043 4228 1071 4278 0.
1094 4255 1120 4264 -
1140 4234 1164 4278 et
1181 4243 1234 4280 om.
1254 4228 1301 4279 dtt.
1322 4255 1349 4265 -
1374 4228 1398 4277 6.
1413 4239 1496 4290 poene
1513 4225 1591 4289 Lgls.
1613 4251 1639 4261 -
1658 4227 1761 4287 sapeco
1777 4223 1809 4275 V.

482 4327 509 4337 -
529 4301 553 4351 8.
571 4302 620 4351 aiei
636 4314 769 4366 superscr.
789 4303 814 4351 in
832 4300 862 4349 V.
881 4327 908 4337 -
928 4303 967 4351 40.
986 4302 1158 4352 exscribamus
1174 4302 1318 4366 agrame.
1333 4330 1360 4339 -
1378 4303 1489 4352 reticere.
1508 4301 1582 4350 «Dec.
1601 4298 1765 4349 :sribamne-
1780 4324 1807 4338 -

480 4377 549 4439 Quas
565 4374 697 4426 decurias?
714 4403 741 4412 -
761 4377 799 4426 De
814 4375 913 4425 cohorte
928 4389 992 4426 osea.
1019 4377 1134 4439 liciicics,
1155 4378 1244 4441 iuquit.
1270 4380 1313 4428 Sic
1331 4376 1448 4428 distinxit
1465 4377 1494 4427 0.
1516 4372 1809 4438 praenecessariis,

479 4455 509 4502 ut
525 4452 651 4514 semper.)
671 4478 699 4487 -
719 4453 759 4501 tt.
777 4451 864 4500 cohors
880 4452 928 4500 ista
940 4451 971 4500 V.
987 4479 1014 4488 —
1036 4450 1118 4501 Volusi
1135 4453 1153 4502 B
1164 4453 1193 4514 V,
1212 4454 1291 4517 lagg.
1304 4451 1440 4517 plerique:
1461 4450 1551 4501 Vobisii
1566 4448 1651 4514 Lgl23
1668 4446 1768 4499 caluisti
1777 4447 1808 4498 A.

479 4522 518 4574 Cl.
538 4523 562 4586 S.
580 4523 621 4574 44.
642 4552 669 4561 —
690 4526 729 4577 44.
748 4526 845 4577 concii
860 4526 891 4575 V.
912 4554 940 4562 —
965 4527 1005 4577 43.
1023 4527 1217 4589 reciperatorem
1234 4528 1346 4592 Lgssss.
1371 4530 1398 4578 et
1414 4528 1452 4577 sic
1469 4538 1587 4589 semper.
1613 4551 1641 4561 -
1668 4521 1709 4575 44.
1728 4521 1812 4574 aeta

479 4611 562 4647 mnae:
577 4611 627 4648 esre
642 4598 711 4662 Lgts
724 4601 745 4649 V
762 4599 819 4663 (sed
835 4598 858 4647 V
875 4598 979 4659 omraisl:
1002 4613 1051 4649 esse
1068 4600 1151 4650 aiebat
1168 4615 1250 4651 mnne:
1266 4603 1363 4663 ΑΒφς
1386 4614 1469 4652 omues
1484 4600 1580 4650 dicebat
1595 4611 1647 4649 esse
1662 4597 1710 4648 dit.
1729 4599 1759 4650 0.
1780 4625 1808 4637 -

477 4672 634 4736 udaaslgtb
645 4675 695 4724 AB
706 4674 772 4735 ch:
790 4673 886 4723 audam
897 4673 980 4736 Lm:
998 4687 1076 4724 unam
1088 4675 1136 4725 dtt.
1147 4675 1208 4726 0.-
1223 4678 1263 4726 45.
1276 4677 1427 4726 υωιίαηαιιηι
1442 4672 1553 4736 cgra-
1572 4669 1763 4734 maculata
1773 4669 1809 4720 V:

478 4749 589 4798 nondum
605 4748 681 4798 stiam
698 4746 755 4800 rell.
773 4751 801 4799 0.
817 4777 844 4786 —
864 4749 903 4798 46.
922 4749 1063 4799 aasumensi
1078 4750 1108 4800 V.
1123 4778 1150 4786 —
1168 4751 1210 4809 44.
1226 4755 1305 4800 totam
1320 4750 1403 4801 Maius
1420 4762 1511 4799 errore
1529 4750 1648 4812 typogr.;
1666 4745 1808 4796 tuasaAB.

481 4849 509 4859 -
523 4824 563 4874 48.
581 4823 729 4887 inteitspatis
738 4823 769 4885 V,
787 4824 817 4872 ut
832 4835 948 4887 semper.
967 4851 994 4860 -
1013 4826 1084 4873 caius
1100 4825 1171 4875 cuius
1184 4830 1188 4885 Ι
1202 4825 1269 4875 modi
1286 4825 1356 4874 istius
1365 4824 1396 4873 V.
1412 4852 1440 4861 -
1461 4825 1501 4874 49.
1521 4822 1561 4873 isti
1576 4820 1656 4885 Lgts.
1676 4819 1710 4872 cf.
1729 4819 1754 4886 5.
1767 4818 1808 4870 34.

481 4923 509 4934 -
527 4897 569 4948 22.
588 4903 611 4947 et
627 4910 699 4960 quem
715 4897 746 4948 V.
761 4924 788 4934 -
804 4898 900 4960 putatis
916 4898 993 4960 agae.
1008 4925 1036 4934 -
1054 4899 1096 4952 43,
1114 4914 1164 4949 aon
1180 4900 1259 4950 solam
1274 4900 1387 4949 coemtio
1402 4901 1454 4963 Lgb
1466 4900 1499 4950 st
1510 4897 1542 4949 44
1559 4897 1616 4949 hlV
1631 4897 1742 4947 Frena:
1758 4907 1811 4945 nos

477 4969 558 5020 solam
572 4971 625 5022 sisse
641 4973 753 5023 ovantia
769 4976 813 5024 ott.
833 5001 861 5009 -
879 4974 1040 5036 issprudentia
1057 4975 1087 5024 V.
1112 5003 1139 5012 -
1165 4976 1207 5027 44,
1225 4975 1305 5026 omnis
1320 4974 1351 5023 V.
1378 5001 1404 5009 -
1432 4986 1463 5023 ac
1484 4972 1562 5022 mutto
1574 4970 1633 5034 pter
1648 4969 1698 5033 ngr
1713 4966 1746 5020 l2
1756 4967 1810 5019 llll

479 5044 545 5094 NV:
565 5057 617 5098 om.
638 5048 683 5097 cli.
699 5074 726 5084 -
745 5048 874 5098 dammam
890 5047 992 5111 Lgtsv
1010 5047 1051 5110 (cf.
1069 5049 1092 5112 S.
1106 5051 1146 5099 25.
1160 5051 1226 5113 tuq:
1244 5051 1361 5100 &menas
1377 5046 1434 5100 rell.
1452 5049 1480 5099 0.
1499 5073 1527 5084 -
1551 5045 1593 5097 43.
1612 5044 1809 5095 emmeant·-

475 5124 540 5183 port.
557 5122 590 5170 stt
606 5134 660 5172 om.
673 5122 720 5173 dtt.
737 5151 763 5160 -
782 5125 857 5174 immo
871 5123 939 5188 vero]
956 5124 1033 5174 nimio
1050 5137 1095 5173 aec
1112 5124 1188 5187 Lgli.
1204 5151 1231 5161 -
1249 5124 1291 5176 28.
1309 5123 1394 5188 quam]
1412 5134 1490 5183 quam
1505 5119 1551 5171 sibi
1566 5116 1644 5183 Lglf.
1658 5143 1688 5156 -
1707 5118 1748 5169 34.
1765 5129 1809 5167 re·

475 5195 575 5257 paritor
590 5195 669 5260 Lgls.
684 5224 712 5233 -
731 5196 771 5247 32.
790 5200 884 5247 totoiri
894 5198 963 5262 ngr:
974 5211 1010 5260 cp:
1029 5211 1083 5249 ons.
1101 5203 1136 5248 tot
1152 5197 1209 5250 rell.
1223 5225 1251 5237 -
1270 5198 1312 5251 33.
1327 5198 1360 5249 ab
1375 5212 1426 5250 uae
1441 5197 1539 5250 bomine
1549 5196 1578 5249 4.
1592 5193 1699 5250 seclo
1716 5195 1808 5246 contra

480 5267 558 5321 codd.
578 5295 606 5309 ··
625 5282 656 5322 ac
672 5276 740 5336 trop.
758 5283 812 5323 om.
830 5272 913 5336 Lm,
932 5279 1032 5338 uturp.
1050 5275 1128 5338 ngas.
