4367 6109
753 577 827 642 cn.
849 575 1098 641 amr-nxnr.
1125 573 1182 660 ii·
1204 570 1260 638 iri
1273 571 1394 638 ..un
1672 571 1734 640 aaa

416 749 568 813 baberet:
591 745 617 809 si
640 753 724 809 esset
745 745 971 829 suspiciosum,
993 755 1097 810 tamen
1118 746 1223 830 potius
1245 745 1285 809 ad
1307 745 1386 809 alios
1408 763 1504 829 quam
1525 744 1565 807 ad
1586 744 1734 809 Habitum

416 843 598 926 pertineret.
637 841 754 902 Verum
782 838 817 900 in
838 858 876 902 eo
899 841 968 922 ipso
990 838 1134 903 homines
1155 840 1428 923 impudentissime
1450 838 1656 902 mentiuntur.
1699 840 1733 903 ld

416 945 451 1000 ut
472 934 671 1016 intelligatis,
694 939 725 995 et
747 940 880 995 mortem
901 933 970 996 eius
992 940 1039 1007 et,
1062 953 1156 1016 quem
1178 935 1218 996 ad
1241 934 1368 997 modum
1386 941 1459 1018 post
1476 940 1608 997 mortem
1623 934 1656 997 in
1671 935 1735 997 lla-

414 1030 515 1094 bitum
537 1028 579 1091 sit
600 1027 718 1090 crimen
740 1046 759 1089 a
781 1032 878 1089 matre
900 1026 1095 1109 quaesitum,
1117 1028 1305 1110 cognoscite.

498 1120 571 1185 tii.
594 1121 672 1185 Cum
693 1139 792 1201 vagus
814 1126 846 1182 et
867 1119 958 1182 exsul
978 1125 1098 1182 emmet
1112 1128 1206 1202 atque
1220 1120 1361 1204 undique
1376 1121 1525 1185 exclusus
1540 1121 1757 1207 Oppianicusa

415 1219 446 1281 in
474 1216 642 1280 Falernum
671 1232 705 1276 se
733 1213 773 1275 ad
804 1214 838 1275 L.
862 1212 1044 1287 Quinctium
1073 1214 1274 1288 contulisset,
1304 1215 1347 1276 ibi
1376 1215 1512 1298 primum
1534 1216 1568 1278 in
1592 1218 1734 1280 morbum

414 1310 526 1374 incidit
546 1328 583 1373 ac
605 1307 681 1370 satis
703 1304 906 1371 vehementer
927 1306 1045 1388 diuque
1067 1307 1248 1388 aegrotavit.
1282 1307 1361 1371 Cum
1382 1318 1466 1371 esset
1486 1329 1550 1373 una
1565 1312 1670 1375 Sassia
1684 1332 1737 1375 ea·

415 1424 477 1488 que
500 1403 573 1466 Sex.
595 1401 687 1464 sinin
710 1397 848 1484 quodam
870 1399 999 1473 colono,
1020 1399 1149 1464 bomine
1164 1400 1296 1475 valenti,
1319 1401 1373 1485 qui
1395 1403 1490 1465 simul
1512 1424 1582 1467 esse
1604 1406 1736 1482 solebat,

414 1496 597 1560 familiarius
618 1503 776 1568 uteretur,
798 1514 893 1578 quam
909 1493 959 1556 vir
975 1493 1239 1556 dissolutissimus
1260 1494 1411 1557 incolumi
1432 1494 1559 1559 fortuna
1580 1501 1644 1581 pati
1664 1520 1738 1584 pos·

416 1598 479 1665 set,
501 1599 533 1654 et
553 1591 603 1652 ius
625 1589 704 1652 illud
725 1587 917 1651 matrimonii
940 1595 1060 1650 castum
1075 1594 1169 1670 atque
1183 1587 1357 1670 legitimum
1373 1588 1574 1653 damnatione
1589 1593 1648 1655 viri
1664 1594 1773 1656 sub-to

416 1684 514 1747 iatum
536 1683 755 1757 arbitraretur,
784 1682 978 1744 Nicostratus
999 1681 1145 1764 quidam,
1166 1680 1271 1744 tidelis
1293 1679 1461 1764 Oppianici
1484 1686 1642 1761 servulus,
1665 1709 1737 1770 per·

417 1779 558 1841 curiosus
580 1777 755 1840 etminime
770 1776 921 1848 mendax,
944 1774 1042 1838 multa
1055 1774 1173 1838 dicitur
1189 1773 1317 1838 domino
1332 1776 1512 1839 renuntiare
1529 1778 1641 1842 solitus
1656 1801 1736 1844 esse.

418 1872 538 1934 Interea
560 1870 756 1953 Oppianicus
778 1890 849 1932 curn
871 1869 934 1931 iam
957 1868 1190 1932 convalesceret
1211 1888 1315 1952 neque
1336 1869 1569 1953 improbitatem
1583 1873 1687 1936 coloni
1703 1876 1737 1937 in

416 1965 549 2028 Falerno
572 1965 692 2027 diutius
713 1963 796 2027 forre
818 1971 927 2046 posset
950 1970 982 2026 et
1002 1963 1065 2026 huc
1086 1964 1126 2027 ad
1149 1964 1259 2026 urbem
1279 1962 1440 2047 protectus
1462 1974 1601 2028 esset-
1615 1967 1738 2031 solebat

416 2061 499 2122 enim
522 2067 610 2123 extra
632 2065 753 2142 portam
775 2057 896 2139 aliquid
918 2055 1033 2119 babere
1055 2056 1201 2121 conducti
1216 2089 1274 2132 -,
1296 2055 1449 2120 cecidisse
1464 2057 1504 2121 de
1524 2079 1607 2144 equo
1622 2061 1774 2125 diciturts

416 2163 448 2218 et
468 2154 565 2217 bomo
586 2154 710 2216 infirma
730 2150 911 2215 valetudine
934 2150 1015 2213 latus
1037 2150 1209 2214 otl'endisse
1230 2151 1434 2214 vehementer
1455 2159 1503 2227 et,
1531 2161 1737 2239 posteaquam

415 2248 456 2311 ad
477 2248 588 2312 urbem
609 2267 680 2310 cum
701 2245 782 2308 febri
803 2245 939 2318 venerit,
970 2245 1080 2328 paucis
1102 2245 1214 2308 diebus
1236 2264 1306 2308 esse
1328 2252 1480 2308 mortuus.
1514 2248 1624 2312 Mortis
1644 2251 1738 2326 ratio,

415 2343 553 2416 iudices,
575 2341 644 2404 eius
666 2339 753 2403 modi
776 2344 843 2412 est,
864 2345 899 2401 ut
920 2347 974 2402 ant
994 2338 1074 2401 nibil
1096 2337 1211 2402 babeat
1232 2338 1421 2421 suspicionis
1443 2347 1515 2416 aut,
1537 2342 1660 2426 siquid
1682 2343 1738 2407 ba·

415 2436 483 2511 bet,
512 2436 546 2499 id
572 2435 654 2497 intra
680 2433 816 2518 parietes
841 2433 875 2494 in
904 2432 1078 2495 domestico
1100 2432 1219 2496 scolere
1240 2441 1393 2496 versetur.
1436 2434 1547 2498 LXIII.
1569 2430 1641 2498 tio.
1663 2438 1738 2501 Post

415 2538 548 2593 mortem
580 2528 649 2590 eius
680 2520 809 2611 [Sassia]
841 2525 943 2589 moliri
966 2527 1071 2589 statim
1092 2526 1213 2589 nefaria
1234 2526 1349 2590 mulier
1369 2529 1475 2611 coepit
1495 2529 1627 2594 insidias
1649 2526 1715 2594 lilio
1728 2543 1775 2594 :ro

416 2623 637 2708 quaestionem
658 2621 775 2683 babere
796 2618 837 2684 de
859 2620 919 2683 viri
939 2628 1040 2684 morte
1062 2622 1234 2684 constituit.
1274 2621 1359 2684 limit
1379 2622 1418 2684 de
1440 2623 1476 2684 Α.
1498 2624 1642 2707 Rupilio,
1672 2646 1736 2710 qno

416 2724 483 2780 erat
503 2736 581 2779 usus
603 2714 796 2797 Oppianicus
818 2713 956 2789 medico,
980 2715 1160 2778 Stratonem
1182 2714 1357 2799 quendam,
1380 2717 1470 2799 quasi
1492 2725 1529 2780 ut
1549 2717 1632 2781 idem
1653 2718 1738 2784 lacc-

415 2820 480 2887 ret,
509 2810 596 2894 quod
625 2809 758 2871 Habitus
786 2809 820 2871 in
842 2809 977 2872 emendo
999 2811 1141 2892 Diogene
1162 2809 1290 2873 fecerat.
1325 2811 1372 2872 De
1393 2810 1453 2873 boc
1476 2811 1622 2877 Stratone
1644 2815 1736 2879 etde

415 2905 508 2968 Ascla
530 2903 667 2987 quodam
689 2921 781 2965 servo
803 2922 860 2965 suo
883 2902 1096 2986 quaesituram
1118 2923 1188 2966 esse
1206 2904 1297 2967 dixit
1329 2904 1496 2969 Praeterea
1511 2925 1635 2971 servum
1648 2909 1737 2973 illum

415 3001 643 3072 Nicostratum,
671 3016 765 3080 quem
787 2997 919 3058 nimium
942 2997 1106 3079 loquacem
1126 2997 1226 3062 inisse
1248 3018 1285 3061 ac
1306 2998 1438 3061 nimium
1462 2999 1591 3064 domino
1612 2999 1774 3066 fidelemti

415 3094 638 3165 arbitrabatur,
666 3090 706 3153 ab
737 3088 799 3152 boc
824 3089 1026 3153 adolescente
1053 3090 1229 3176 Oppianico
1257 3091 1291 3154 in
1313 3093 1532 3175 quaestionem
1556 3097 1737 3180 postulavit.

415 3188 473 3251 llic
496 3208 565 3251 cum
588 3193 672 3249 esset
693 3183 748 3247 illo
771 3192 911 3268 tempore
933 3204 1012 3266 puer
1030 3192 1062 3248 et
1082 3185 1138 3249 illa
1153 3186 1298 3270 quaestio
1313 3186 1353 3249 de
1367 3187 1465 3271 patris
1479 3189 1528 3252 sui
1543 3199 1644 3255 morie
1661 3212 1737 3255 con-

415 3285 502 3347 stitui
526 3281 699 3354 diceretur,
721 3276 780 3341 etsi
802 3277 892 3340 illum
914 3297 1040 3342 servum
1063 3286 1095 3342 ct
1115 3279 1176 3343 sibi
1198 3279 1388 3344 benevolum
1404 3299 1473 3344 esse
1488 3289 1520 3345 et
1539 3285 1622 3366 patri
1640 3285 1737 3350 tuisse

415 3376 639 3448 arbitrabatur,
669 3370 750 3435 nibil
779 3378 883 3434 umen
913 3379 963 3435 est
983 3391 1077 3436 ansus
1098 3393 1256 3437 recusare.
1291 3373 1494 3437 advocantur
1513 3378 1606 3442 amici
1628 3389 1661 3444 et
1681 3380 1737 3446 bo-

414 3470 512 3554 spites
534 3464 701 3552 Oppianici
725 3471 757 3528 et
777 3465 877 3548 ipsius
891 3466 1032 3530 mulieris
1050 3467 1159 3542 multi,
1179 3467 1325 3531 homines
1339 3468 1466 3531 bonesti
1478 3477 1575 3552 atque
1591 3475 1775 3541 omnibns³⁰

414 3564 509 3627 rebus
531 3562 643 3625 ornati.
676 3560 854 3622 Tormentis
876 3560 1024 3623 omnibus
1039 3561 1315 3626 vehementissime
1330 3563 1512 3646 quaeritur..
1539 3563 1618 3629 Cum
1633 3579 1738 3634 essent

413 3657 510 3721 animi
540 3674 704 3720 servorum
734 3662 766 3718 et
794 3674 850 3736 spe
873 3661 905 3719 et
924 3663 1010 3718 metu
1033 3657 1177 3729 tentati,
1191 3663 1228 3719 ut
1248 3654 1370 3741 aliquid
1391 3657 1425 3718 in
1446 3659 1631 3740 quaestione
1653 3662 1738 3726 dice-

415 3759 504 3826 rent,
525 3758 649 3823 tamen,
670 3755 708 3811 ut
728 3747 877 3823 arbitror,
898 3747 1083 3812 auctoritate
1105 3747 1328 3813 advocatorum
1342 3757 1374 3813 et
1388 3751 1420 3813 vi
1442 3757 1668 3818 tormentorum
1683 3757 1738 3820 ad·

415 3845 502 3908 ducti
517 3845 551 3908 in
565 3843 698 3908 veritate
714 3849 897 3905 manserunt
913 3861 1017 3927 neque
1033 3863 1066 3906 se
1081 3843 1256 3926 quidquam
1271 3844 1351 3907 scire
1365 3842 1523 3908 dixerunt
1546 3841 1618 3910 i77.
1634 3848 1738 3925 Quae·

414 3940 476 4004 stio
505 3939 560 4003 illo
589 3938 641 4001 die
672 3936 712 4001 de
733 3937 904 4000 amicorum
926 3937 1084 4001 sententia
1105 3936 1236 4001 dimissa
1256 3944 1313 4001 est
1350 3937 1434 4002 Satis
1455 3939 1552 4024 longo
1573 3942 1775 4008 intervallo&

479 4157 504 4208 i.
521 4154 551 4221 a]
563 4152 651 4216 quodsi
662 4151 716 4202 ST.
731 4177 758 4187 -
774 4151 858 4214 potius
872 4151 907 4201 od
923 4151 987 4202 otios
1002 4153 1058 4204 ST:
1079 4153 1114 4204 od
1130 4152 1194 4203 aiios
1206 4149 1481 4214 pertonanto-
1499 4155 1523 4208 2.
1534 4155 1738 4220 ίοοριοάοοοίοοίοηο·

414 4232 466 4283 si.
480 4256 509 4269 ··
527 4231 551 4282 6.
564 4228 594 4280 i..
607 4228 735 4292 omnim
751 4228 809 4278 ST:
828 4226 855 4278 0.
869 4227 1031 4290 Quinctilium
1042 4228 1133 4279 ceteri.
1147 4254 1175 4265 -
1196 4227 1336 4278 commiti
1352 4229 1377 4278 S.
1391 4254 1418 4265 -
1437 4230 1553 4294 neuqua
1563 4230 1623 4283 Sec.
1636 4234 1695 4284 ST:
1714 4239 1737 4285 et

413 4300 647 4357 Statioltlbio.
661 4329 689 4338 -
702 4302 1120 4355 tabiosum-catenosi:
1137 4300 1420 4354 cuinullum·-
1434 4303 1617 4366 sponiu-
1632 4308 1673 4359 ti.
1686 4321 1737 4359 οοο-

412 4380 483 4431 cotos
497 4382 581 4431 ST.-
600 4378 640 4429 ti.
654 4377 753 4428 domim
763 4377 908 4428 renuntiare
919 4378 976 4428 S'l’:
993 4379 1141 4428 renuntiare
1156 4377 1255 4427 domino
1272 4374 1447 4429 aanio-
1466 4378 1506 4429 ⁴3.
1519 4380 1701 4443 improbitates
1712 4397 1735 4433 c.

412 4455 440 4504 in
453 4455 561 4508 Fciam
576 4455 634 4507 Si:
652 4454 679 4503 in
697 4453 724 4504 Ρ.
742 4454 818 4516 impr.
830 4452 911 4504 coloni
927 4449 1069 4504 RALSO.
1084 4478 1112 4487 -
1129 4450 1170 4502 tt.
1185 4453 1299 4516 perime
1315 4453 1373 4504 Η..
1387 4478 1414 4488 -
1433 4454 1473 4504 ts.
1486 4454 1517 4504 dc
1532 4455 1592 4505 ST:
1610 4470 1643 4507 cc
1659 4457 1737 4507 ΒΑΕ

413 4526 468 4581 tio.
483 4531 705 4594 tumescitis„
721 4542 754 4582 cc
770 4544 832 4594 equo
844 4530 883 4591 Ι..)
897 4557 923 4567 -
943 4530 984 4580 io.
995 4531 1148 4581 eamcam
1159 4528 1286 4593 offendisse
1302 4529 1363 4578 l..-
1383 4534 1515 4592 postquam
1531 4530 1559 4580 l..
1575 4559 1602 4569 -
1620 4532 1661 4582 20.
1679 4532 1738 4581 Sua-

412 4607 452 4656 aic
468 4608 623 4672 suspectum
639 4607 743 4657 Bscirio.
758 4633 784 4643 -
803 4606 888 4657 mciii
903 4605 1056 4656 smmsr:
1074 4605 1160 4655 atatim
1174 4601 1412 4655 motiinstto
1427 4630 1454 4639 -
1473 4604 1514 4654 si.
1527 4603 1627 4665 liupitio
1638 4606 1670 4664 Τ;
1690 4607 1738 4655 Ru-

412 4682 466 4732 iiiio
482 4683 508 4732 S.
529 4707 556 4717 -
582 4681 623 4732 ἥ.
641 4679 773 4745 quaedum]
790 4681 855 4732 ilinc
872 4693 957 4745 nsque
975 4679 1010 4731 ad
1025 4693 1069 4730 vv.
1086 4684 1109 4730 et
1125 4684 1263 4730 caeremon
1277 4678 1501 4730 ἢοοοοοὶοοίοιοηοοι
1518 4676 1550 4742 (ὅ.
1564 4678 1632 4743 iii.)
1649 4678 1738 4731 deficit

413 4755 449 4806 M.
464 4781 491 4792 -
509 4753 551 4808 Sl.
568 4754 642 4805 Ascla
652 4756 684 4805 T:
702 4755 775 4805 Arcto
792 4755 980 4820 (superscripta
996 4755 1017 4818 c)
1035 4756 1064 4814 S;
1083 4754 1179 4805 camin
1198 4749 1337 4806 ratio.
1356 4753 1395 4805 ci.
1413 4755 1494 4804 lnscr.
1513 4754 1596 4819 Neap.
1613 4755 1686 4807 2995.
1707 4782 1734 4792 —

413 4843 440 4881 se
455 4842 506 4881 οοοο
521 4830 550 4879 L.
575 4829 614 4880 Ci.
633 4828 735 4893 iladvig
754 4828 788 4879 ad
806 4828 861 4880 Cic.
880 4828 914 4879 de
931 4828 1004 4879 Finn.
1025 4841 1052 4894 p.
1070 4829 1129 4880 67⁰.
1154 4829 1181 4879 Si
1197 4828 1258 4892 quis
1274 4840 1421 4893 pronomen
1438 4825 1586 4891 desiderat,
1609 4830 1637 4881 id
1657 4830 1738 4882 addat

411 4906 474 4969 post
490 4903 647 4956 infinitivum
663 4903 706 4955 vel
723 4917 772 4969 pro
788 4917 814 4954 v.
832 4916 882 4955 csse
898 4901 998 4954 scribet
1013 4915 1071 4954 sere.
1090 4928 1117 4939 -
1136 4902 1177 4955 28.
1194 4915 1246 4953 οοοο
1262 4914 1316 4953 om.
1330 4903 1387 4954 ra.
1403 4929 1431 4939 -
1449 4902 1533 4965 patris
1548 4904 1574 4953 S.
1589 4930 1616 4942 —
1636 4904 1677 4956 34.
1694 4918 1739 4956 vc-

412 4980 658 5032 ammianum:
675 4977 888 5030 οοοοοοοοοίοοοοῑο
903 4971 1044 5029 RALSO.
1064 5003 1091 5015 -
1111 4977 1151 5028 33.
1169 4981 1193 5028 ct
1207 4978 1234 5027 oi
1249 4982 1268 5028 t.
1280 4977 1390 5044 addicti]
1405 4991 1425 5029 c
1436 4979 1462 5028 oi
1478 4982 1495 5028 t.
1508 4978 1608 5029 cbdmti
1623 4979 1738 5032 Klotzius

413 5054 456 5105 ed.
470 5053 528 5116 alt.;
546 5068 589 5106 vv.
608 5060 632 5107 et
645 5055 672 5105 ui
688 5059 866 5105 tmmmmarm
881 5052 992 5105 insiticia
1008 5050 1134 5102 videntur
1150 5051 1259 5104 llalmio.
1287 5054 1329 5104 usi
1345 5053 1422 5106 lectio
1441 5068 1493 5106 non
1509 5056 1616 5118 vitiosa,
1642 5069 1738 5108 sensus

414 5132 466 5180 est:
490 5128 533 5181 ilia
550 5131 607 5196 ipsa
622 5130 649 5181 vi
665 5132 871 5194 tormentorum,
894 5129 992 5194 quibus
1014 5129 1072 5180 sine
1089 5126 1141 5180 ulla
1163 5141 1244 5181 causa
1269 5131 1451 5182 cruciarentur
1469 5130 1506 5182 ab
1528 5131 1609 5196 impia
1629 5130 1737 5192 lomina,

412 5206 441 5254 et
462 5203 615 5269 indignitate
634 5206 674 5257 rei
696 5208 843 5258 commotos
866 5203 1024 5257 obfirmasse
1045 5204 1175 5258 adversus
1195 5203 1316 5257 dolorem
1331 5206 1435 5258 animos
1452 5209 1479 5259 et
1494 5208 1522 5258 in
1537 5206 1647 5258 venato
1664 5218 1738 5256 man-

411 5281 506 5333 sisse.»
523 5281 584 5333 Era.
597 5305 628 5321 -·
646 5281 686 5335 it.
704 5282 735 5336 de
750 5295 805 5336 om.
822 5282 879 5335 FA.
897 5307 925 5321 ·
943 5280 1050 5334 ‹10on
1064 5280 1118 5332 SF.

453 5371 621 5423 aaronis
1474 5372 1516 5440 33
