4367 6109
874 567 947 632 cn.
970 569 1022 633 vr.
1050 566 1107 653 33.
1131 565 1278 632 43-43.
1683 567 1745 636 aas

414 741 482 803 iure
512 738 697 814 laudantur;
725 746 820 821 atque
851 739 943 800 etiam
973 739 1152 816 vitatorii,
1182 740 1322 824 collegae
1351 761 1438 816 meo,
1469 741 1537 804 laus
1559 743 1747 825 impertitur,

414 833 507 915 quod
530 851 604 905 eos,
632 832 687 915 qui
710 832 803 894 buius
826 833 1048 896 coniurationis
1077 835 1248 916 participes
1270 833 1421 909 fuissent,
1451 836 1612 898 3334334
1636 831 1677 918 [a]
1701 837 1747 899 rei

416 926 561 1009 publicae
592 925 732 988 consiliis
760 926 956 989 removisset.
1007 929 1112 1010 Atque
1144 928 1187 989 ita
1217 937 1426 1002 censuerunt,
1457 937 1492 991 ui
1520 930 1553 990 P.
1583 929 1747 1004 Lentulus,
1852 944 1857 952 ’

414 1040 485 1082 cum
508 1040 542 1083 se
572 1025 720 1102 praetura
750 1019 941 1094 abdicasset,
975 1020 1007 1082 iu
1039 1020 1212 1082 custodiam
1243 1020 1436 1096 traderetur,
1468 1022 1608 1105 itemque
1636 1022 1682 1084 uti
1713 1022 1746 1085 C.

416 1113 590 1195 Cethegus,
619 1113 654 1174 L.
686 1113 842 1186 Statilius,
877 1114 909 1175 P.
939 1114 1108 1186 Gabinius,
1142 1114 1197 1197 qui
1228 1134 1336 1176 omnes
1365 1123 1548 1197 praesentes
1576 1122 1683 1188 erant,
1712 1114 1771 1177 ina

414 1205 590 1271 custodiam
614 1207 828 1279 traderentur;
851 1215 944 1289 atque
967 1208 1051 1269 idem
1072 1206 1134 1269 boc
1158 1206 1317 1270 decretum
1340 1217 1388 1270 est
1407 1210 1440 1270 in
1456 1210 1490 1270 L.
1508 1208 1668 1282 Cassium,
1691 1209 1746 1291 qui

416 1300 475 1364 sibi
496 1301 748 1382 procurationem
770 1298 989 1363 incendendae
1012 1300 1099 1362 urbis
1115 1300 1360 1382 depoposcerat,
1383 1303 1416 1365 in
1430 1303 1471 1364 Μ.
1489 1302 1674 1385 Ceparium,
1696 1303 1747 1365 cui

414 1395 453 1458 ad
476 1394 695 1458 sollicitandos
718 1402 862 1475 pastores
884 1393 1030 1476 Apuliam
1054 1394 1233 1457 attributam
1257 1414 1327 1457 esse
1351 1403 1417 1457 erat
1439 1396 1628 1470 indicatum,
1657 1397 1691 1458 in
1712 1397 1745 1457 P.

414 1490 560 1563 Furium,
584 1489 639 1571 qui
663 1495 774 1550 estex
797 1488 836 1550 iis
858 1486 996 1562 colonis,
1026 1508 1108 1571 quos
1130 1486 1279 1549 Faesulas
1301 1488 1338 1551 L.
1361 1487 1449 1550 Sulla
1471 1488 1621 1564 deduxit,
1651 1490 1684 1551 in
1707 1488 1746 1564 Q.

414 1585 551 1646 Annium
576 1580 756 1657 Chilonem,
780 1583 834 1665 qui
858 1602 1013 1644 unacum
1037 1581 1098 1643 hoc
1122 1582 1215 1642 Furio
1238 1600 1364 1663 semper
1385 1588 1452 1644 erat
1474 1584 1506 1644 in
1528 1581 1587 1644 bac
1602 1581 1747 1645 Allobro·
1757 1596 1784 1644 43

415 1696 488 1758 qum
510 1675 733 1738 sollicitatione
761 1683 922 1749 versatus,
951 1675 983 1736 iu
1014 1676 1047 1737 P.
1071 1673 1279 1747 Umbrenum,
1311 1674 1489 1738 libertinum
1519 1675 1698 1748 bominem,
1728 1694 1747 1737 a

414 1790 477 1853 quo
499 1770 632 1852 primum
655 1769 762 1831 Gallos
789 1768 827 1830 ad
851 1768 1016 1831 Gabinium
1047 1767 1215 1850 perductos
1243 1788 1313 1830 esse
1344 1768 1517 1831 constabat.
1562 1763 1612 1829 t5.
1641 1769 1745 1854 Atque

414 1885 452 1928 33
472 1864 602 1928 43344343
625 1870 753 1925 senatus
777 1870 824 1924 est
845 1883 935 1935 usus,
959 1863 1113 1937 Quirites,
1137 1870 1172 1923 ut
1193 1882 1233 1923 ex
1257 1870 1341 1924 tanta
1362 1862 1580 1925 coniuratione
1597 1871 1745 1946 mutaque

414 1959 472 2021 hac
494 1956 695 2020 multitudine
719 1955 960 2018 domesticorum
982 1955 1120 2019 hostium
1143 1976 1256 2018 novem
1280 1954 1442 2019 hominum
1463 1955 1745 2040 perditissimorum

413 2070 516 2133 poena
543 2070 577 2112 re
606 2049 733 2132 publica
756 2059 939 2113 conservata
968 2049 1162 2133 reliquorum
1191 2058 1313 2112 mentes
1336 2049 1439 2111 sanari
1463 2070 1558 2131 posse
1580 2050 1783 2113 arbitrare-rs

415 2154 472 2208 tur.
523 2147 627 2227 Atque
657 2144 750 2206 etiam
784 2143 970 2226 supplicatio
1004 2145 1051 2205 dis
1091 2143 1320 2205 immortalibus
1353 2163 1408 2225 pro
1446 2142 1597 2225 singulari
1636 2163 1747 2206 eorum

414 2239 525 2303 merito
549 2257 619 2300 meo
644 2239 769 2300 nomine
793 2236 918 2299 decreta
941 2245 1004 2311 cst,
1039 2237 1124 2320 quod
1158 2236 1234 2298 mihi
1266 2238 1399 2320 primum
1430 2245 1504 2319 post
1530 2237 1612 2299 hanc
1634 2238 1746 2301 urbem

415 2330 572 2394 conditam
597 2338 702 2412 togato
726 2332 871 2412 contigit,
895 2331 989 2393 ethis
1006 2330 1134 2394 decreta
1149 2331 1253 2391 verbis
1269 2339 1332 2392 est:
1355 2332 1442 2413 quod
1457 2330 1564 2393 urbem
1580 2331 1746 2406 incendiis,

414 2424 509 2486 caede
535 2425 635 2497 cives,
663 2422 786 2486 ltaliam
816 2423 899 2486 bello
929 2425 1122 2487 liberassem.
1168 2425 1257 2499 Quae
1280 2424 1468 2507 supplicatio
1491 2425 1517 2486 si
1540 2445 1610 2488 cum
1633 2427 1747 2489 ceteris

414 2517 611 2592 conferatur,
634 2517 694 2579 hoc
718 2518 864 2591 interest,
886 2520 971 2600 quod
995 2527 1119 2580 ceterae
1142 2519 1223 2580 bene
1246 2526 1351 2600 gesta,
1374 2518 1452 2580 baec
1474 2538 1538 2580 una
1560 2528 1783 2586 conservatam

415 2612 598 2696 republica
627 2612 795 2675 constituta
827 2620 883 2674 est.
927 2614 1033 2696 Atque
1063 2613 1160 2687 illud,
1189 2613 1274 2696 quod
1304 2610 1484 2674 iaciendum
1514 2613 1649 2695 primum
1676 2613 1746 2691 luit,

413 2705 530 2769 iactum
552 2713 648 2790 atque
678 2712 869 2768 bansactum
900 2715 957 2770 est.
1001 2709 1080 2770 Nam
1103 2708 1136 2769 P.
1159 2706 1331 2780 Lentulus,
1363 2725 1554 2789 quamquam
1583 2705 1746 2790 patefactis

488 3035 511 3082 4.
530 3032 606 3082 etiam
622 3043 676 3082 om.
695 3045 718 3080 z.
738 3059 766 3068 -
790 3032 897 3097 33443333
913 3033 975 3098 meo]
998 3033 1103 3083 Antorria
1120 3033 1176 3082 coit.
1193 3045 1247 3081 meo
1267 3045 1298 3095 q;
1324 3032 1380 3081 coti.
1397 3044 1452 3081 enea
1467 3031 1574 3081 Antonia
1591 3032 1648 3093 Ca,
1672 3031 1747 3083 43444

414 3113 508 3173 4.333.;
528 3108 630 3157 antonia
646 3120 700 3157 meo
718 3120 750 3165 u;
769 3108 823 3157 coit.
841 3122 910 3169 meo,
929 3109 953 3157 C.
974 3107 1079 3157 Antonio
1097 3109 1125 3157 L.
1146 3133 1172 3141 -
1191 3106 1339 3168 impartitur
1355 3103 1399 3156 444.
1419 3132 1446 3140 -
1466 3107 1491 3157 3.
1508 3106 1582 3156 buius
1598 3119 1651 3158 om.
1670 3108 1701 3156 V.
1716 3135 1742 3143 -

414 3184 565 3244 etareip.
588 3180 822 3247 Bchcdipqu
838 3184 883 3245 Lg.
902 3183 926 3232 9.
945 3184 986 3232 50.
1005 3182 1045 3232 57.
1065 3183 1110 3243 66,
1137 3180 1228 3232 lolii:
1255 3187 1279 3232 et
1294 3183 1373 3244 reip.
1392 3182 1450 3232 44[.
1477 3208 1504 3218 -
1529 3181 1555 3232 4.
1575 3188 1700 3246 praetura
1721 3198 1747 3235 ee

414 3272 469 3323 pz,
491 3258 506 3307 6
523 3255 566 3306 3444
583 3257 662 3319 [333.
685 3255 720 3319 (se
733 3262 817 3319 praet.
835 3260 912 3307 Aras.
931 3270 958 3320 p.
977 3256 1045 3318 344.)
1064 3283 1093 3293 -
1113 3257 1139 3305 in
1156 3256 1276 3320 plerique
1299 3258 1388 3319 (etiam
1404 3257 1430 3320 p)
1453 3258 1480 3305 et
1497 3256 1598 3308 schot:
1626 3263 1679 3309 trun
1696 3258 1746 3322 (vel

414 3332 479 3394 4333)
498 3332 524 3380 in
542 3331 695 3392 Cdirux,
714 3331 730 3381 8
748 3329 790 3380 alii
808 3330 873 3381 dett.
892 3331 986 3394 [333.,
1006 3333 1063 3382 [0.
1079 3359 1106 3367 -
1120 3333 1262 3382 traderetur
1278 3345 1332 3381 om.
1352 3332 1377 3381 lr.
1392 3356 1419 3366 -
1433 3332 1470 3381 ati
1487 3343 1540 3382 om.
1560 3332 1586 3382 (4.
1602 3360 1629 3370 -
1643 3333 1670 3384 0.
1689 3347 1745 3385 om.

415 3405 618 3467 (4444434444,
637 3405 679 3455 3444
696 3408 776 3468 [333.
791 3434 818 3442 -
832 3408 856 3455 t.
874 3406 902 3454 t.
921 3407 1035 3455 Statilius
1051 3408 1090 3458 sic
1109 3421 1141 3456 ex
1159 3408 1225 3456 meis
1243 3406 1388 3468 dgbirs:
1407 3407 1436 3456 l..
1455 3406 1517 3466 (om.
1535 3408 1611 3471 Stat.)
1628 3412 1745 3470 miuw3

413 3486 443 3534 1..
460 3482 547 3533 statius
564 3480 597 3540 b;
614 3481 691 3544 satias
708 3479 724 3530 l.
749 3508 773 3516 -
792 3481 915 3530 Ganiniaa
932 3480 987 3539 bs;
1006 3481 1117 3532 0344333
1134 3496 1161 3532 m
1172 3486 1189 3531 t.
1205 3510 1232 3518 -
1251 3483 1295 3544 qni
1311 3495 1363 3530 om.
1383 3480 1432 3530 bs.
1450 3508 1475 3515 —
1491 3482 1515 3529 6.
1533 3483 1656 3532 darentur
1671 3486 1699 3534 L.
1715 3511 1742 3522 -

414 3559 439 3606 7.
457 3556 628 3606 incendendae
644 3555 713 3605 bis.
733 3581 759 3590 -
779 3557 922 3617 deposceret
938 3556 1010 3606 bsw
1027 3558 1072 3620 [3.
1090 3556 1131 3608 46.
1151 3558 1191 3607 65.
1212 3557 1268 3620 (sed
1286 3558 1311 3606 in
1330 3569 1391 3618 spo
1408 3557 1552 3619 superscr.)
1565 3582 1593 3593 -
1614 3557 1748 3620 0433443444

414 3630 492 3681 codd.
511 3631 603 3693 optimi
621 3634 648 3680 et
664 3629 796 3695 plerique:
816 3631 965 3692 Taaparinni
982 3646 1013 3696 p;
1033 3634 1183 3696 Caeparium
1195 3635 1213 3683 L
1223 3634 1253 3682 0.
1268 3657 1295 3667 -
1309 3632 1333 3682 3.
1345 3632 1479 3694 Appaiiaen
1491 3631 1543 3680 du.
1559 3659 1586 3668 -
1599 3633 1748 3682 attributam

414 3719 464 3759 esse
475 3719 490 3755 a
500 3706 518 3756 b
528 3705 642 3764 cdisz,
655 3706 670 3755 7
682 3702 823 3768 3444[333.;
842 3706 962 3756 tributam
972 3719 1022 3757 essa
1033 3708 1049 3756 k
1061 3710 1088 3757 et
1099 3707 1196 3770 Lg.53;
1209 3721 1259 3758 esse
1272 3707 1444 3770 tribghrw,
1459 3706 1665 3756 apenninum
1673 3708 1744 3758 44[0.

416 3810 442 3819 -
463 3781 526 3846 nat]
544 3785 600 3830 erat
614 3781 679 3830 4443444
696 3779 722 3828 d.
738 3807 764 3814 -
784 3781 922 3831 indication
938 3780 1020 3840 due.
1041 3809 1068 3818 -
1088 3782 1112 3831 a.
1130 3783 1161 3831 iis
1178 3782 1209 3832 ir:
1228 3782 1275 3831 biis
1292 3781 1333 3832 vel
1350 3782 1388 3830 iris
1404 3783 1434 3830 44.
1457 3809 1483 3817 -
1502 3780 1643 3840 cannah,
1661 3782 1707 3843 Lg.
1720 3781 1745 3831 7.

415 3860 455 3910 46.
474 3858 520 3918 53,
539 3858 602 3907 item
620 3856 644 3904 3.
664 3856 691 3904 et
707 3855 731 3904 6.
750 3869 786 3905 m.
806 3869 878 3918 sec,
898 3858 978 3906 Paris.
998 3859 1108 3918 quartus
1126 3857 1197 3920 apud
1214 3858 1342 3906 Staium:
1360 3856 1462 3905 coloniis
1478 3857 1536 3905 liL.
1554 3854 1666 3918 (33433443
1681 3854 1745 3918 bu.)

415 3934 454 3985 Ci.
473 3931 593 3995 Madvigii
611 3931 707 3994 Opasc.
727 3932 757 3980 44.
777 3944 803 3995 p.
822 3931 870 3981 335
887 3935 942 3981 not.
960 3956 988 3967 -
1010 3944 1071 3992 qaas
1087 3944 1119 3991 u,
1139 3933 1183 3994 [3.
1202 3933 1232 3992 9,
1251 3934 1310 3981 Ρ34.
1328 3929 1359 3981 4;
1378 3944 1441 3993 qaas
1456 3931 1514 3980 44[.
1535 3957 1561 3965 -
1579 3930 1699 3980 Faesulas
1714 3943 1743 3980 a:

415 4006 515 4058 Feruias
531 4005 599 4069 ([0)
616 4003 659 4055 vel
675 4007 788 4057 Ferratus
804 4009 833 4057 44.
850 4035 876 4043 -
890 4009 1028 4057 amoenat
1044 4006 1100 4056 Bd.
1117 4034 1143 4042 —
1159 4008 1187 4069 Q.
1206 4019 1260 4057 our.
1279 4021 1293 4055 z
1311 4008 1338 4055 34
1354 4005 1369 4054 8
1387 4003 1428 4054 alii
1444 4006 1522 4067 [333.
1539 4031 1565 4039 -
1579 4005 1619 4055 40.
1638 4006 1747 4056 Anniana

415 4081 510 4145 scripsi
527 4094 560 4131 ex
577 4077 698 4132 Sallustio
722 4096 746 4132 c.
765 4083 796 4132 50
820 4082 891 4145 (odd.
911 4097 935 4133 c.
955 4083 985 4131 47
1004 4085 1031 4132 34
1048 4084 1077 4142 Q.
1098 4084 1152 4132 Cic.
1172 4083 1206 4132 de
1223 4083 1296 4146 petit.
1317 4078 1418 4130 consul.
1438 4081 1462 4143 5.
1482 4080 1536 4142 ro):
1563 4081 1688 4131 4433444443
1703 4081 1746 4132 vel

413 4156 530 4207 4434444344
546 4154 624 4205 codd.
644 4157 671 4204 et
688 4156 721 4215 0;
741 4157 855 4220 Mapiurn
871 4159 890 4207 L
908 4171 940 4207 ex
957 4156 1037 4220 Sylvii
1055 4158 1123 4207 coni.
1142 4159 1245 4207 Nomen
1256 4156 1387 4219 trequenti
1398 4153 1485 4206 4433444
1497 4156 1658 4205 centurionis
1670 4169 1746 4206 conr-

414 4231 607 4282 memoratione
625 4232 782 4294 corruptum
798 4245 857 4281 esse
875 4235 994 4296 apparet.
1014 4259 1041 4267 -
1060 4233 1106 4282 boc
1122 4246 1175 4282 om.
1194 4246 1219 4291 ς.
1240 4259 1267 4267 -
1287 4233 1327 4279 44.
1345 4230 1508 4280 milicitudine
1525 4244 1554 4290 a,
1573 4228 1648 4280 63444
1665 4232 1744 4295 [333.

417 4332 445 4341 -
465 4305 623 4355 unnrmtan
639 4306 672 4366 b,
696 4307 712 4355 3
730 4308 807 4369 [333.
827 4333 854 4341 -
879 4308 1002 4356 bominem
1018 4307 1097 4358 libert.
1116 4309 1145 4357 L.
1171 4333 1197 4342 —
1222 4307 1262 4355 43.
1281 4307 1401 4355 adductos
1417 4318 1466 4369 pa.
1492 4304 1550 4368 (esee
1564 4306 1636 4368 perd.
1654 4307 1690 4369 3.)
1713 4334 1741 4343 -

416 4380 456 4429 43.
474 4384 510 4430 est
525 4391 585 4428 aeas
601 4377 679 4428 dilu
697 4382 723 4429 34
740 4382 818 4443 [333.
832 4384 939 4445 praeter
955 4385 1029 4431 octo:
1048 4397 1108 4432 3333
1123 4389 1158 4433 est
1174 4381 1230 4432 rell.
1244 4383 1312 4442 mei,
1330 4383 1409 4445 [333.
1429 4381 1505 4443 cqu,
1518 4381 1542 4430 7.
1556 4381 1580 4430 9.
1593 4379 1634 4430 50.
1647 4381 1689 4431 53.
1701 4381 1743 4432 57.

416 4483 442 4492 -
460 4455 500 4506 44.
518 4455 566 4504 bac
583 4454 672 4505 abes
689 4456 842 4518 [3.34.50.
856 4458 901 4506 574
920 4458 978 4507 inac
995 4463 1019 4515 t;
1037 4458 1064 4507 in
1080 4460 1127 4509 bac
1144 4460 1189 4521 [3.
1202 4459 1234 4507 30
1247 4458 1274 4508 34
1291 4459 1301 4508 4
1318 4471 1402 4519 3344.)
1420 4457 1446 4506 34
1463 4469 1494 4505 33
1511 4455 1597 4506 44[0.
1613 4455 1742 4516 -perdit

415 4545 469 4583 our.
489 4544 513 4594 3.
535 4557 561 4566 -
581 4531 621 4580 45.
639 4542 719 4592 resp.
738 4545 761 4581 r.
782 4557 808 4567 -
823 4545 895 4595 posse
911 4533 998 4582 sanari
1015 4547 1029 4581 z
1046 4535 1074 4582 et
1091 4533 1136 4595 [3.
1150 4531 1190 4583 46.
1204 4533 1244 4582 65.
1265 4534 1364 4594 (sonare
1376 4545 1405 4594 p.
1423 4530 1498 4592 443.)
1512 4558 1540 4568 -
1558 4529 1745 4580 arbitrarentur

414 4604 569 4670 qetlalii
586 4607 665 4668 [333.
691 4631 717 4640 -
743 4606 783 4655 46.
801 4606 839 4656 dis
855 4606 907 4657 bs:
931 4608 978 4656 diis
994 4609 1023 4658 0.
1050 4635 1077 4644 -
1101 4608 1141 4657 47.
1160 4609 1226 4668 qaod
1247 4608 1442 4672 abcipqsa,
1465 4604 1541 4656 63444
1557 4606 1651 4668 [333.;
1677 4604 1744 4667 qaod
1829 4601 1833 4609 '

415 4680 523 4744 Quirites
540 4679 570 4739 d;
594 4680 701 4741 Quirites
717 4682 783 4740 qaod
799 4682 886 4731 RLO.
907 4709 934 4716 -
950 4682 1062 4745 prinmo
1077 4683 1138 4732 344444
1154 4683 1188 4741 44;
1209 4684 1322 4745 primam
1338 4696 1392 4733 om.
1410 4696 1433 4733 3.
1454 4709 1481 4717 -
1499 4681 1564 4729 banc
1581 4692 1634 4729 om.
1653 4679 1742 4731 CVm

415 4760 514 4816 rtux,
533 4754 548 4803 3
566 4754 697 4818 3444[333.
710 4755 788 4805 -48,
807 4757 932 4805 3334443444
949 4770 1002 4807 om.
1023 4759 1039 4806 i.
1053 4758 1132 4806 -l9.
1151 4759 1238 4807 3343443
1254 4772 1306 4807 ax:
1324 4759 1411 4808 3343443
1426 4754 1740 4819 supplicationibueRLO.

415 4859 443 4868 -
462 4831 504 4881 30.
523 4830 669 4893 conseratur
685 4831 756 4880 Bab
767 4832 858 4891 cisa,
878 4833 923 4895 [3.
937 4833 977 4882 30.
992 4831 1032 4882 46.
1045 4833 1085 4881 50.
1100 4833 1140 4882 57.
1155 4833 1199 4882 65ε
1218 4834 1362 4896 conseratur
1379 4832 1487 4895 Quirites
1503 4829 1590 4879 liLO.
1602 4855 1629 4866 -
1643 4830 1744 4881 itrtered

415 4907 596 4970 bdmpstv
619 4909 646 4956 et
663 4908 741 4970 [333.
759 4910 866 4971 praeter
882 4908 990 4958 decem:
1017 4909 1114 4958 intersit
1130 4907 1302 4970 Cilqrux,
1329 4908 1343 4956 7
1366 4906 1409 4957 3444
1425 4907 1503 4968 [333.
1523 4903 1602 4963 dett..
1627 4902 1685 4953 [0,
1711 4932 1738 4940 -

416 4985 475 5034 53443
490 4986 573 5046 petiae
589 4982 698 5044 Baqz,
717 4984 761 5045 [3.
775 4983 820 5043 66,
839 4983 897 5033 bane
912 4990 982 5047 qesta
998 4996 1020 5033 r.
1034 4996 1063 5045 p.
1083 4985 1107 5041 t;
1126 4984 1152 5032 in
1170 4997 1187 5031 u
1204 4984 1232 5031 44.
1251 4984 1277 5033 Ρ.
1295 4986 1357 5046 post
1371 4987 1441 5046 qesta
1456 4993 1515 5043 sup.
1534 4978 1578 5029 liu.
1597 4980 1649 5038 est;
1668 4979 1698 5028 de
1713 4992 1743 5030 re

411 5075 440 5123 p.
459 5059 519 5108 bene
534 5063 603 5121 qesta
620 5058 635 5106 5
654 5059 730 5121 [333.
750 5057 815 5108 dett.
835 5085 861 5093 -
880 5059 941 5120 ana]
959 5073 1011 5108 4343
1027 5059 1147 5122 supplicio
1165 5058 1220 5121 (343)
1238 5060 1256 5107 t.
1277 5085 1303 5093 —
1323 5059 1364 5107 34.
1386 5057 1532 5122 faciundam
1547 5051 1605 5102 bis
1621 5051 1742 5115 (34444343

415 5134 558 5198 [menum
569 5134 588 5182 B
598 5131 629 5193 4).
645 5160 671 5169 -
685 5135 726 5183 33.
745 5133 787 5198 est]
803 5135 852 5197 4344
869 5135 894 5185 (4.
912 5161 936 5168 -
948 5135 1088 5199 patefactis]
1107 5135 1146 5184 sic
1162 5146 1256 5184 omnes
1275 5137 1380 5198 praeter
1397 5147 1427 5194 3,
1445 5131 1490 5195 qui
1506 5128 1588 5181 habet
1602 5128 1738 5190 patefacta,

417 5210 477 5261 345
495 5209 573 5272 [333.
593 5209 625 5271 ti.
644 5209 669 5260 8.
687 5209 727 5261 34.
747 5209 787 5259 ts.
805 5211 850 5269 33,
869 5211 933 5260 item
949 5209 964 5259 3
983 5211 1010 5258 34
1026 5209 1041 5258 6
1058 5221 1094 5258 m.
1114 5210 1179 5272 pn),
1198 5207 1337 5272 inquibus
1355 5212 1396 5258 est
1409 5207 1561 5271 patefactus,
1580 5207 1607 5256 et
1625 5208 1663 5258 sic
1679 5210 1737 5261 [0.

418 5286 464 5349 (Fu
480 5283 593 5337 lectione
610 5284 708 5338 codicis
724 5286 880 5351 aruspicari
897 5286 996 5351 possis:
1012 5284 1184 5349 patefactura
1199 5283 1315 5345 indiciis.)
