4367 6109
648 583 719 650 nn.
739 584 794 650 rv.
822 580 897 649 cn.
916 581 1126 648 xrrx-u.
1153 578 1211 667 sp.
1233 578 1424 649 ros-ua.
1657 580 1721 648 ecc

404 751 666 838 antiquissimum.
709 753 746 816 ld
767 753 908 828 sustulit,
929 774 966 817 ac
984 762 1090 818 tamen
1112 773 1150 819 eo
1172 760 1337 819 contentus
1359 773 1424 818 non
1444 751 1513 816 fuit.
1547 748 1618 816 tto.
1639 756 1721 818 Ante

404 847 516 912 aedem
533 847 654 910 Cereris
676 848 709 910 in
731 856 840 932 aperto
862 868 899 911 ac
919 849 1085 932 propatulo
1106 849 1176 913 loco
1190 849 1279 931 signa
1294 847 1357 913 duo
1372 856 1456 922 sunt,
1479 847 1599 910 Cereris
1614 868 1721 923 unum,

405 940 536 1004 alterum
568 941 767 1024 Triptolemi,
799 941 1010 1025 pulcherrima
1041 963 1078 1006 oc
1111 943 1282 1026 perampla.
1339 941 1539 1005 Pulchritudo
1571 942 1721 1025 periculo,

405 1033 577 1116 amplitudo
599 1034 691 1099 saluti
713 1034 782 1111 luit,
805 1036 892 1119 quod
914 1057 1023 1101 eorum
1045 1035 1206 1101 demolitio
1227 1045 1323 1120 atque
1344 1038 1514 1117 asportatio
1530 1032 1722 1118 perdifficilis

405 1128 579 1192 ridebatur.
612 1128 779 1192 lusistebat
800 1130 832 1191 in
855 1150 948 1193 manu
971 1130 1093 1193 Cereris
1109 1129 1218 1193 dextm
1233 1130 1350 1211 grande
1365 1129 1563 1193 simulacrum
1577 1126 1746 1213 pulcher-⁶

404 1222 483 1286 rime
508 1221 625 1285 lactum
653 1223 819 1285 Victoriae.
862 1224 929 1287 Hoc
952 1224 1011 1286 istc
1033 1244 1050 1286 e
1072 1225 1162 1306 signo
1185 1223 1306 1287 Cereris
1334 1222 1532 1287 avellendum
1561 1230 1724 1305 asportan-

405 1316 543 1400 dumque
566 1316 695 1380 curavit.
731 1316 766 1379 l..
788 1317 851 1393 Qui
873 1315 1000 1379 tandem
1021 1317 1112 1379 istius
1133 1317 1254 1379 animus
1276 1323 1325 1379 est
1345 1337 1429 1380 nunc
1450 1318 1484 1379 in
1504 1316 1723 1380 recordatione

406 1409 559 1472 scelerum
580 1428 724 1484 suorum,
753 1430 824 1474 curu
846 1430 905 1494 ego
927 1411 996 1494 ipse
1018 1410 1051 1472 in
1073 1412 1366 1473 commemoratione
1396 1429 1505 1473 eorum
1534 1431 1598 1473 non
1620 1412 1723 1474 solum

405 1502 510 1566 animo
533 1523 740 1577 commovear,
761 1523 870 1567 verum
892 1504 986 1567 etiam
1008 1523 1140 1586 corpore
1154 1502 1411 1588 perhorrescam?
1442 1505 1537 1567 Venit
1550 1506 1632 1568 enim
1647 1505 1725 1568 mibi

404 1596 479 1669 lani,
501 1597 573 1673 loci,
594 1598 756 1680 religionis
777 1598 863 1660 illius
885 1599 919 1660 in
941 1604 1096 1661 mentem:
1118 1605 1282 1661 versantur
1302 1606 1375 1662 ante
1390 1598 1500 1661 oculos
1514 1600 1635 1662 omnia:
1657 1599 1762 1663 diesao

404 1690 475 1764 ille,
505 1711 587 1775 quo,
616 1712 674 1775 ego
696 1692 841 1755 Hennam
864 1713 935 1755 cum
956 1693 1132 1767 venissem,
1159 1701 1285 1776 praesto
1306 1693 1383 1756 mibi
1405 1692 1580 1757 sacerdotes
1603 1693 1725 1757 Cereris

406 1804 477 1847 cum
498 1785 607 1848 infulis
635 1804 672 1848 ac
698 1786 843 1849 verbenis
869 1786 1014 1849 luerunt:
1046 1787 1151 1849 contio
1180 1795 1416 1870 conventusque
1442 1787 1573 1860 civium,
1599 1787 1632 1848 in
1662 1806 1725 1871 quo

406 1896 465 1959 ego
489 1899 558 1941 cum
579 1879 744 1962 loquerer,
774 1880 853 1943 tanti
877 1880 1009 1963 gemitus
1031 1881 1190 1963 lletusque
1212 1877 1345 1956 fiebant,
1366 1887 1401 1943 ut
1422 1879 1638 1943 acerbissimus
1660 1886 1727 1942 tota

406 1971 482 2034 mbo
503 1972 607 2035 luctus
627 1974 747 2036 versari
769 1974 938 2038 videretur.
982 1968 1055 2035 lll.
1084 1976 1154 2037 Non
1181 1973 1227 2037 illi
1255 1973 1456 2037 decumarum
1485 1974 1630 2058 imperia,
1661 1993 1726 2037 non

405 2066 559 2130 bonorum
581 2066 785 2150 direptiones,
807 2087 870 2130 non
892 2069 1003 2152 iniqua
1023 2068 1147 2142 iudicia,
1169 2087 1233 2131 non
1253 2069 1449 2150 importunas
1463 2067 1554 2130 istius
1568 2067 1726 2143 libidines,
1735 2077 1764 2126 ta

406 2180 470 2223 non
490 2161 572 2235 vim,
594 2180 660 2223 non
681 2161 907 2236 contumelias,
931 2162 1045 2245 quibus
1067 2161 1171 2225 vexati
1193 2162 1398 2246 oppressique
1419 2169 1523 2235 erant,
1552 2179 1727 2244 conquere-

405 2254 534 2317 bantur:
574 2253 696 2318 Cereris
731 2275 866 2329 numen,
897 2275 1056 2319 sacrorum
1086 2262 1291 2329 vetustatem,
1326 2255 1392 2320 lani
1423 2255 1608 2338 religionem
1635 2254 1726 2318 istius

406 2346 637 2411 sceleratissimi
672 2355 768 2433 atque
804 2347 1002 2413 audacissimi
1029 2348 1184 2433 supplicio
1213 2350 1334 2432 expiari
1359 2348 1524 2413 volebant:
1558 2349 1665 2414 omnia
1691 2368 1726 2413 se

405 2449 509 2506 cetera
530 2441 596 2524 pati
617 2461 655 2504 ac
677 2442 838 2525 negligere
860 2441 1015 2506 dicebant.
1046 2443 1105 2506 llic
1128 2443 1220 2506 dolor
1240 2451 1306 2507 erat
1326 2450 1442 2519 tentus,
1463 2450 1499 2506 ut
1512 2444 1626 2506 Verres
1648 2443 1728 2506 alter

406 2533 505 2598 Orcus
527 2535 652 2599 venisse
673 2536 819 2599 Hennam
840 2544 872 2599 et
892 2556 956 2599 non
978 2537 1198 2619 Proserpinam
1219 2545 1412 2619 asportasse,
1443 2536 1500 2600 sed
1521 2536 1622 2620 ipsam
1644 2536 1763 2600 auri-u

404 2630 511 2712 puisse
535 2629 679 2693 Cererem
700 2631 868 2693 videretur.
898 2631 1023 2693 Etenim
1044 2630 1119 2694 urbs
1141 2630 1197 2693 illa
1217 2651 1282 2694 non
1303 2631 1378 2694 urbs
1393 2630 1526 2706 videtur,
1548 2630 1604 2692 sed
1617 2629 1725 2694 lanum

406 2723 528 2787 Cereris
549 2742 636 2787 esse:
657 2722 799 2786 babitare
820 2724 903 2807 apud
925 2744 995 2788 sese
1011 2725 1156 2788 Cererem
1170 2725 1358 2788 Hennenses
1378 2725 1578 2797 arbitrantur,
1599 2730 1635 2786 ut
1648 2722 1725 2786 mibi

404 2837 469 2881 nou
491 2818 576 2881 cives
605 2816 692 2880 illius
718 2817 867 2891 civitatis,
897 2819 952 2880 sed
980 2838 1089 2882 omnes
1119 2818 1313 2893 sacerdotes,
1342 2838 1451 2882 omnes
1476 2819 1602 2881 accolae
1630 2825 1725 2903 atque

405 2911 560 2974 antistites
590 2910 711 2973 Cereris
741 2930 810 2974 esse
839 2910 1013 2975 videantur.
1064 2907 1136 2974 lli.
1168 2913 1281 2975 Henna
1311 2921 1345 2975 tu
1372 2911 1574 2976 simulacrum
1604 2911 1726 2976 Cereris

405 3005 516 3068 tollere
538 3003 696 3067 audebas‘l
733 3004 846 3068 Henna
867 3013 901 3068 tu
922 3006 961 3069 de
983 3026 1077 3069 manu
1102 3005 1225 3068 Cereris
1246 3007 1417 3069 Victoriam
1439 3006 1559 3090 eripere
1582 3014 1614 3070 et
1635 3006 1764 3070 deamat

405 3099 484 3162 deae
506 3097 672 3161 detrahere
694 3105 824 3162 conatus
846 3103 902 3162 est
938 3121 1073 3183 quorum
1104 3099 1184 3162 nibil
1209 3100 1343 3175 violare,
1370 3099 1450 3163 nihil
1477 3101 1630 3183 attingere
1657 3099 1727 3163 ausi

405 3200 488 3268 sunt,
511 3193 544 3254 in
568 3192 680 3275 quibus
704 3199 792 3255 erant
812 3193 930 3267 omnia,
953 3213 1034 3277 quae
1056 3193 1167 3256 sceleri
1189 3194 1337 3278 propiora
1357 3200 1431 3257 sunt
1452 3214 1546 3278 quam
1568 3194 1728 3278 religioni.

405 3289 588 3350 Terruerunt
617 3286 701 3348 enim
728 3287 762 3348 P.
792 3287 924 3371 Popillio
952 3289 986 3350 P.
1014 3287 1140 3369 Rupilio
1170 3286 1352 3351 consulibus
1384 3288 1474 3352 illum
1501 3288 1605 3351 locum
1634 3287 1727 3362 servi,

404 3381 543 3464 fugitivi,
564 3379 705 3455 barbari,
727 3380 854 3455 bostes;
876 3381 932 3444 sed
954 3402 1059 3466 neque
1082 3388 1145 3444 tem
1167 3383 1249 3444 servi
1270 3381 1317 3444 illi
1340 3381 1554 3457 dominorum,
1576 3401 1671 3465 quam
1692 3389 1727 3445 tn

405 3474 589 3550 libidinum3
611 3493 717 3559 neque
738 3481 802 3537 tam
822 3474 946 3557 fugitivi
968 3474 1015 3538 illi
1029 3474 1069 3538 ab
1084 3474 1231 3548 dominis,
1253 3495 1348 3559 quam
1369 3484 1404 3540 tu
1424 3476 1464 3538 ab
1485 3477 1554 3540 iure
1576 3483 1608 3539 et
1628 3476 1668 3538 ab
1681 3474 1765 3540 leat

405 3570 514 3653 gibus;
534 3588 640 3653 neque
661 3577 725 3631 tam
746 3568 870 3631 barberi
891 3568 1000 3651 lingua
1021 3576 1053 3632 et
1066 3569 1193 3632 natione
1214 3568 1273 3643 illi,
1295 3590 1390 3653 quam
1411 3577 1445 3634 tu
1459 3577 1572 3634 natura
1587 3577 1619 3634 et
1632 3570 1728 3633 mori·

405 3664 481 3740 bus3
503 3682 608 3747 neque
629 3669 693 3726 tam
715 3662 762 3725 illi
782 3661 890 3726 bostea
911 3662 1103 3738 bominibus,
1125 3682 1221 3748 quam
1242 3669 1278 3727 tu
1299 3663 1348 3727 dia
1364 3664 1604 3729 immortalibus.
1638 3664 1727 3741 Quae

406 3758 585 3843 deprecatio
607 3762 656 3821 est
676 3756 771 3839 igitur
793 3756 823 3820 ei
844 3756 977 3839 reliqua,
999 3756 1056 3840 qui
1077 3755 1264 3839 indignitate
1285 3777 1405 3832 servos,
1427 3760 1601 3823 temeritate
1621 3758 1728 3842 lugiti-

405 3872 471 3927 vos,
493 3851 612 3916 scelere
632 3850 793 3926 barbaros,
815 3850 1000 3915 crudelitate
1013 3851 1122 3914 hostes
1136 3851 1266 3915 vicerit?
1301 3853 1351 3916 Ll.
1375 3848 1446 3916 tte.
1468 3853 1609 3918 Audistis
1624 3854 1729 3918 Theo·

353 4022 357 4030 Ι
406 3944 518 4010 dorum
539 3952 572 4009 et
591 3943 782 4008 Numenium
811 3950 842 4008 et
861 3944 1078 4020 Nicasionem,
1100 3944 1222 4028 legatos
1243 3946 1446 4023 Hennenses,
1474 3946 1600 4032 publice
1621 3948 1765 4012 dicereae

473 4236 497 4286 t.
514 4248 546 4284 ec
561 4234 689 4295 torneell,
708 4232 754 4294 Gi,
772 4231 820 4293 Ld,
839 4232 854 4283 3
871 4235 965 4298 lagg:
983 4239 1105 4286 ettamen
1121 4235 1173 4294 ΕΗ
1191 4239 1302 4285 attamen
1318 4233 1464 4286 ‹tert-a.
1483 4238 1728 4302 etproputulcbgl'l

406 4309 447 4361 2⁹.
459 4337 487 4348 ·-
501 4310 525 4362 3.
543 4313 567 4360 et
578 4308 662 4372 putcb.
676 4313 699 4358 et
707 4308 841 4371 perempte
851 4307 915 4359 dett.
930 4310 992 4359 0.-
1002 4311 1162 4373 pulchritudo
1173 4310 1224 4361 ne:
1241 4310 1279 4360 uu
1285 4310 1445 4373 pulchritudo
1455 4309 1521 4362 dett.
1533 4312 1595 4363 0.-
1608 4313 1633 4363 d.
1645 4313 1730 4363 dam

406 4385 424 4436 ll
444 4398 485 4451 pr.
502 4398 540 4436 m.
555 4412 582 4420 —
595 4383 691 4448 praede
706 4395 760 4433 om.
780 4382 844 4433 dett.
863 4384 892 4435 0.
909 4410 936 4420 -
949 4384 974 4434 7.
991 4387 1165 4436 recordatione
1180 4385 1217 4435 ne
1234 4385 1263 4447 E,
1281 4387 1297 4436 2
1315 4385 1392 4436 codd.
1407 4385 1467 4436 Lbi:
1484 4386 1727 4452 recoputtr'oeedett.

406 4461 435 4512 0.
451 4486 477 4498 -
492 4461 532 4510 tt.
549 4459 599 4521 itte,
617 4471 674 4508 cren
690 4470 735 4522 epo
750 4458 781 4509 Η.
799 4472 825 4508 u.
843 4458 895 4518 e3;
914 4459 955 4509 tlte
971 4472 1019 4522 mco
1036 4473 1093 4509 mem
1109 4473 1154 4524 epo
1169 4458 1200 4509 H.
1217 4472 1243 4508 u.
1261 4457 1294 4511 al.
1314 4460 1340 4510 in
1357 4473 1440 4523 marg.
1459 4459 1533 4512 ⁴585.
1551 4464 1579 4512 et
1594 4463 1634 4513 sic
1645 4460 1727 4512 Klotz.

408 4559 435 4570 -·
453 4535 505 4585 dier
519 4533 701 4584 tltencoutr'o
717 4546 770 4584 om.
789 4535 818 4584 E.
839 4558 867 4570 -
888 4535 927 4584 ⁴2.
950 4537 1031 4585 corrue
1048 4537 1082 4585 u:
1109 4536 1194 4584 cosmo
1210 4536 1240 4585 0.
1261 4563 1288 4571 -
1308 4535 1347 4585 43.
1370 4549 1435 4601 penu
1457 4539 1577 4601 fidusque
1593 4539 1638 4599 R3,
1657 4538 1677 4588 ll
1694 4534 1727 4588 l:

404 4613 476 4676 Μαι
491 4610 643 4673 perumque
660 4608 724 4659 dett.
743 4610 819 4661 liert.
839 4611 902 4673 Cap.
921 4622 946 4674 p.
965 4612 1023 4661 etl.
1039 4613 1082 4660 Gr.
1103 4609 1159 4671 (lli
1176 4609 1269 4674 llopp.)
1287 4610 1315 4661 0.
1335 4611 1398 4660 ‹llic
1416 4611 1509 4662 Cicero
1526 4613 1655 4663 Catonem
1672 4612 1730 4662 imi-

405 4688 476 4736 tator
491 4698 534 4750 ap.
548 4682 611 4734 Gell.
624 4684 655 4734 ll.
668 4683 709 4734 ³.»
728 4685 820 4735 Gamr.
837 4685 868 4735 ll.
890 4708 917 4720 -
937 4686 977 4735 td.
996 4686 1153 4747 importunos
1163 4684 1208 4742 R3,
1226 4681 1242 4732 λ
1259 4685 1434 4748 (importunes
1444 4686 1487 4750 ltl:
1505 4686 1731 4750 importunissimos

406 4760 470 4811 dett.
489 4760 518 4811 0.
538 4782 566 4796 -
585 4759 625 4809 to.
642 4759 729 4808 cnuti
744 4758 781 4810 lte
797 4757 824 4808 l:
849 4760 928 4822 operti
945 4757 1009 4809 dett.
1028 4761 1058 4810 0.
1079 4786 1107 4796 -
1126 4758 1166 4809 49.
1184 4759 1312 4823 neplepere
1327 4760 1357 4810 lt.
1380 4787 1407 4797 -
1428 4761 1515 4812 Verres
1531 4775 1585 4813 om.
1602 4763 1676 4812 Serv.
1694 4758 1730 4810 ad

405 4838 470 4886 Aen.
488 4835 531 4885 Vl.
549 4835 605 4885 27³.
624 4832 696 4885 unde
712 4834 860 4899 suspicetur
876 4831 992 4898 glossam
1003 4847 1063 4885 esse
1082 4836 1169 4884 Garat.
1187 4835 1218 4884 ll.
1238 4859 1266 4870 —
1279 4834 1320 4884 22.
1337 4836 1406 4897 opud
1421 4848 1447 4886 ae
1462 4837 1540 4900 Lg‘it.
1556 4861 1582 4873 -
1596 4835 1638 4886 23.
1651 4834 1731 4884 mesu

406 4913 426 4962 R
443 4925 469 4977 p.
487 4924 524 4961 m.
544 4936 572 4946 -
595 4909 636 4961 dl.
655 4910 779 4959 muuuu
795 4910 815 4960 lt
832 4921 858 4974 p.
877 4923 914 4960 m.
933 4922 1001 4959 corr.
1020 4908 1126 4960 eadem.
1149 4934 1176 4943 -
1199 4908 1288 4959 Herm
1303 4909 1349 4971 lte,
1368 4908 1398 4959 l:
1420 4912 1509 4961 Busae
1525 4910 1589 4961 dett.
1609 4908 1728 4973 lamecu,

406 4988 436 5036 ut
451 4985 576 5052 ridetur]
589 5012 617 5021 -
631 4987 672 5036 25.
690 4985 786 5048 cupere
801 4984 846 5045 es,
865 4984 943 5036 codd.
957 4983 1018 5034 Lbi:
1037 4985 1150 5046 deripere
1160 4984 1237 5047 lagg.
1256 4987 1362 5049 praeter
1377 4983 1419 5046 le,
1438 4986 1472 5045 03
1490 4985 1598 5048 diripere
1609 4982 1686 5046 epto.
1700 5007 1728 5020 -

405 5061 447 5112 28.
465 5061 531 5111 euim
547 5073 600 5111 cm.
619 5061 697 5125 Lgdtl.
717 5086 745 5098 -
762 5061 790 5110 P.
807 5059 902 5122 spuo
918 5060 944 5110 Ρ.
962 5059 1053 5111 buddo
1070 5060 1104 5118 R,
1122 5059 1148 5108 Ρ.
1165 5059 1262 5121 Pupttlo
1278 5059 1304 5109 Ρ.
1321 5059 1411 5122 ltuptto
1427 5060 1505 5123 egee.
1519 5086 1546 5096 -
1559 5059 1601 5109 30.
1619 5057 1729 5107 ebdom.

407 5135 441 5183 lt:
459 5135 553 5184 edom
567 5131 635 5195 rell..
653 5136 730 5185 Arne.
744 5135 777 5184 ll.
791 5146 818 5199 p.
830 5133 899 5196 232,
912 5135 940 5183 0.
956 5160 983 5173 -
997 5133 1152 5194 meusne,
1164 5131 1319 5198 l,61.agg.,
1331 5137 1421 5184 Aras:
1439 5132 1686 5197 emnguteeo.
1699 5156 1728 5168 -

406 5209 439 5259 eb
453 5210 547 5275 ἱορίὸω
561 5210 599 5261 11³
615 5206 645 5259 l:
662 5223 681 5259 u
696 5209 743 5274 lep.
759 5211 836 5260 trus.
855 5211 888 5260 ll.
907 5207 1013 5262 detto.
1027 5237 1055 5247 -
1072 5209 1114 5261 ³2.
1132 5209 1170 5259 uu
1184 5210 1326 5273 mugg.
1339 5208 1416 5271 dett,
1433 5209 1463 5260 0.
1483 5233 1510 5245 -
1530 5208 1568 5257 dte
1583 5209 1618 5259 n:
1635 5207 1684 5256 dita
1697 5206 1727 5256 0.

410 5309 438 5323 -
448 5283 489 5336 ³3.
501 5286 606 5339 mett.
615 5285 690 5352 W·
702 5297 756 5338 om.
769 5284 848 5350 lagg.
859 5286 967 5353 praeter
976 5283 1050 5338 22-
1062 5283 1105 5337 3⁶¹.
1116 5285 1264 5338 mm
1273 5285 1352 5350 breg.
1362 5283 1460 5336 dett.-
1471 5282 1608 5336 dmm
1616 5282 1639 5336 a
1647 5294 1677 5348 p.
1687 5293 1725 5335 m.
