<?xml version="1.0" encoding="UTF-8"?>
<!DOCTYPE html PUBLIC "-//W3C//DTD XHTML 1.0 Transitional//EN"
    "http://www.w3.org/TR/xhtml1/DTD/xhtml1-transitional.dtd">
<html xmlns="http://www.w3.org/1999/xhtml" xml:lang="en" lang="en">
 <head>
  <title>
</title>
<meta http-equiv="Content-Type" content="text/html;charset=utf-8" />
  <meta name='ocr-system' content='tesseract 3.04.00' />
  <meta name='ocr-capabilities' content='ocr_page ocr_carea ocr_par ocr_line ocrx_word'/>
</head>
<body>
  <div class='ocr_page' id='page_1' title='image "./operaquaesupers02halmgoog_0497.png"; bbox 0 0 4367 6109; ppageno 0'>
   <div class='ocr_carea' id='block_1_1' title="bbox 844 586 1737 676">
    <p class='ocr_par' dir='ltr' id='par_1_1' title="bbox 844 586 1737 676">
     <span class='ocr_line' id='line_1_1' title="bbox 844 586 1737 676; baseline -0.002 -19"><span class='ocrx_word' id='word_1_1' title='bbox 844 592 918 657; x_wconf 75' lang='lat' dir='ltr'>Car.</span> <span class='ocrx_word' id='word_1_2' title='bbox 939 593 1077 658; x_wconf 85' lang='lat' dir='ltr'>m-v.</span> <span class='ocrx_word' id='word_1_3' title='bbox 1104 589 1161 676; x_wconf 66' lang='grc'>33.</span> <span class='ocrx_word' id='word_1_4' title='bbox 1183 588 1311 657; x_wconf 83' lang='lat' dir='ltr'>7-la.</span> <span class='ocrx_word' id='word_1_5' title='bbox 1674 586 1737 656; x_wconf 78' lang='lat' dir='ltr'>lea</span> 
     </span>
    </p>
   </div>
   <div class='ocr_carea' id='block_1_2' title="bbox 416 761 1837 4050">
    <p class='ocr_par' dir='ltr' id='par_1_2' title="bbox 417 761 1778 1977">
     <span class='ocr_line' id='line_1_2' title="bbox 419 761 1738 848; baseline 0 -22"><span class='ocrx_word' id='word_1_6' title='bbox 419 763 557 826; x_wconf 77' lang='lat' dir='ltr'>minibus</span> <span class='ocrx_word' id='word_1_7' title='bbox 585 763 713 826; x_wconf 84' lang='lat' dir='ltr'>armatis</span> <span class='ocrx_word' id='word_1_8' title='bbox 742 761 857 825; x_wconf 85' lang='lat' dir='ltr'>iactam</span> <span class='ocrx_word' id='word_1_9' title='bbox 883 763 1022 848; x_wconf 80' lang='lat' dir='ltr'>relinqui</span> <span class='ocrx_word' id='word_1_10' title='bbox 1053 770 1145 848; x_wconf 89' lang='lat' dir='ltr'>putet</span> <span class='ocrx_word' id='word_1_11' title='bbox 1172 770 1321 847; x_wconf 76' lang='lat' dir='ltr'>oportere</span> <span class='ocrx_word' id='word_1_12' title='bbox 1350 768 1405 826; x_wconf 92' lang='lat' dir='ltr'>aut</span> <span class='ocrx_word' id='word_1_13' title='bbox 1426 763 1494 826; x_wconf 92' lang='lat' dir='ltr'>eius</span> <span class='ocrx_word' id='word_1_14' title='bbox 1515 762 1562 826; x_wconf 90' lang='lat' dir='ltr'>rei</span> <span class='ocrx_word' id='word_1_15' title='bbox 1583 761 1738 826; x_wconf 91' lang='lat' dir='ltr'>leniorem</span> 
     </span>
     <span class='ocr_line' id='line_1_3' title="bbox 417 855 1739 942; baseline -0.002 -20"><span class='ocrx_word' id='word_1_16' title='bbox 417 858 574 922; x_wconf 83' lang='lat' dir='ltr'><strong>actionem</strong></span> <span class='ocrx_word' id='word_1_17' title='bbox 594 856 686 920; x_wconf 91' lang='lat' dir='ltr'>nobis</span> <span class='ocrx_word' id='word_1_18' title='bbox 706 855 845 941; x_wconf 90' lang='lat' dir='ltr'>aliquam</span> <span class='ocrx_word' id='word_1_19' title='bbox 867 858 1083 923; x_wconf 90' lang='lat' dir='ltr'>demonstrare</span> <span class='ocrx_word' id='word_1_20' title='bbox 1104 858 1231 941; x_wconf 76' lang='lat' dir='ltr'>possiti</span> <span class='ocrx_word' id='word_1_21' title='bbox 1259 860 1308 921; x_wconf 82' lang='lat' dir='ltr'>Ex</span> <span class='ocrx_word' id='word_1_22' title='bbox 1330 878 1394 942; x_wconf 91' lang='lat' dir='ltr'>quo</span> <span class='ocrx_word' id='word_1_23' title='bbox 1410 877 1526 941; x_wconf 78' lang='lat' dir='ltr'>genere</span> <span class='ocrx_word' id='word_1_24' title='bbox 1543 858 1681 941; x_wconf 89' lang='lat' dir='ltr'>peccati,</span> <span class='ocrx_word' id='word_1_25' title='bbox 1703 865 1739 920; x_wconf 93' lang='lat' dir='ltr'>ut</span> 
     </span>
     <span class='ocr_line' id='line_1_4' title="bbox 417 950 1738 1036; baseline 0 -22"><span class='ocrx_word' id='word_1_26' title='bbox 417 952 465 1014; x_wconf 91' lang='lat' dir='ltr'>illi</span> <span class='ocrx_word' id='word_1_27' title='bbox 494 950 670 1026; x_wconf 88' lang='lat' dir='ltr'>clamitant,</span> <span class='ocrx_word' id='word_1_28' title='bbox 700 951 751 1015; x_wconf 81' lang='lat' dir='ltr'>rel</span> <span class='ocrx_word' id='word_1_29' title='bbox 779 952 964 1016; x_wconf 89' lang='lat' dir='ltr'>iniuriarum</span> <span class='ocrx_word' id='word_1_30' title='bbox 985 955 1037 1017; x_wconf 85' lang='lat' dir='ltr'>vel</span> <span class='ocrx_word' id='word_1_31' title='bbox 1061 954 1173 1036; x_wconf 91' lang='lat' dir='ltr'>capitis</span> <span class='ocrx_word' id='word_1_32' title='bbox 1194 952 1311 1016; x_wconf 88' lang='lat' dir='ltr'>iudicia</span> <span class='ocrx_word' id='word_1_33' title='bbox 1333 954 1504 1015; x_wconf 88' lang='lat' dir='ltr'>constituta</span> <span class='ocrx_word' id='word_1_34' title='bbox 1525 959 1615 1027; x_wconf 90' lang='lat' dir='ltr'>sunt,</span> <span class='ocrx_word' id='word_1_35' title='bbox 1643 953 1677 1015; x_wconf 94' lang='lat' dir='ltr'>in</span> <span class='ocrx_word' id='word_1_36' title='bbox 1698 970 1738 1014; x_wconf 91' lang='lat' dir='ltr'>eo</span> 
     </span>
     <span class='ocr_line' id='line_1_5' title="bbox 417 1046 1737 1130; baseline 0 -22"><span class='ocrx_word' id='word_1_37' title='bbox 417 1047 552 1128; x_wconf 91' lang='lat' dir='ltr'>potestis</span> <span class='ocrx_word' id='word_1_38' title='bbox 565 1046 760 1110; x_wconf 71' lang='lat' dir='ltr'>atrocitatem</span> <span class='ocrx_word' id='word_1_39' title='bbox 775 1053 914 1109; x_wconf 90' lang='lat' dir='ltr'>nostram</span> <span class='ocrx_word' id='word_1_40' title='bbox 928 1048 1172 1130; x_wconf 87' lang='lat' dir='ltr'>reprehendere,</span> <span class='ocrx_word' id='word_1_41' title='bbox 1187 1068 1259 1110; x_wconf 88' lang='lat' dir='ltr'>eum</span> <span class='ocrx_word' id='word_1_42' title='bbox 1273 1046 1409 1111; x_wconf 82' lang='lat' dir='ltr'>rideatis</span> <span class='ocrx_word' id='word_1_43' title='bbox 1425 1047 1504 1108; x_wconf 91' lang='lat' dir='ltr'>nibil</span> <span class='ocrx_word' id='word_1_44' title='bbox 1520 1046 1607 1109; x_wconf 93' lang='lat' dir='ltr'>aliud</span> <span class='ocrx_word' id='word_1_45' title='bbox 1623 1054 1737 1120; x_wconf 90' lang='lat' dir='ltr'>actum,</span> 
     </span>
     <span class='ocr_line' id='line_1_6' title="bbox 418 1139 1763 1224; baseline 0 -22"><span class='ocrx_word' id='word_1_46' title='bbox 418 1140 479 1203; x_wconf 90' lang='lat' dir='ltr'>nisi</span> <span class='ocrx_word' id='word_1_47' title='bbox 501 1139 736 1223; x_wconf 88' lang='lat' dir='ltr'>possessionem</span> <span class='ocrx_word' id='word_1_48' title='bbox 757 1158 815 1223; x_wconf 90' lang='lat' dir='ltr'>per</span> <span class='ocrx_word' id='word_1_49' title='bbox 834 1139 1036 1203; x_wconf 85' lang='lat' dir='ltr'>interdictum</span> <span class='ocrx_word' id='word_1_50' title='bbox 1058 1160 1128 1204; x_wconf 88' lang='lat' dir='ltr'>esse</span> <span class='ocrx_word' id='word_1_51' title='bbox 1150 1142 1340 1224; x_wconf 73' lang='lat' dir='ltr'>repetitam?</span> <span class='ocrx_word' id='word_1_52' title='bbox 1379 1142 1432 1205; x_wconf 82' lang='lat' dir='ltr'>lv.</span> <span class='ocrx_word' id='word_1_53' title='bbox 1453 1141 1570 1203; x_wconf 85' lang='lat' dir='ltr'>Verum</span> <span class='ocrx_word' id='word_1_54' title='bbox 1593 1141 1659 1204; x_wconf 83' lang='lat' dir='ltr'>sive</span> <span class='ocrx_word' id='word_1_55' title='bbox 1681 1157 1763 1204; x_wconf 83' lang='lat' dir='ltr'>vose</span> 
     </span>
     <span class='ocr_line' id='line_1_7' title="bbox 418 1233 1739 1318; baseline -0.001 -21"><span class='ocrx_word' id='word_1_56' title='bbox 418 1235 660 1299; x_wconf 79' lang='lat' dir='ltr'>existimationis</span> <span class='ocrx_word' id='word_1_57' title='bbox 689 1235 774 1297; x_wconf 91' lang='lat' dir='ltr'>illius</span> <span class='ocrx_word' id='word_1_58' title='bbox 799 1236 975 1318; x_wconf 88' lang='lat' dir='ltr'>periculum</span> <span class='ocrx_word' id='word_1_59' title='bbox 998 1236 1065 1298; x_wconf 90' lang='lat' dir='ltr'>sive</span> <span class='ocrx_word' id='word_1_60' title='bbox 1085 1235 1165 1297; x_wconf 91' lang='lat' dir='ltr'>iuris</span> <span class='ocrx_word' id='word_1_61' title='bbox 1187 1234 1342 1298; x_wconf 82' lang='lat' dir='ltr'>dubitatio</span> <span class='ocrx_word' id='word_1_62' title='bbox 1364 1234 1518 1298; x_wconf 74' lang='lat' dir='ltr'>tardiores</span> <span class='ocrx_word' id='word_1_63' title='bbox 1539 1233 1615 1298; x_wconf 85' lang='lat' dir='ltr'>iecit</span> <span class='ocrx_word' id='word_1_64' title='bbox 1636 1233 1739 1298; x_wconf 91' lang='lat' dir='ltr'>adbuc</span> 
     </span>
     <span class='ocr_line' id='line_1_8' title="bbox 417 1328 1740 1412; baseline 0.001 -20"><span class='ocrx_word' id='word_1_65' title='bbox 417 1328 700 1404; x_wconf 89' lang='lat' dir='ltr'>adiudicandum,</span> <span class='ocrx_word' id='word_1_66' title='bbox 731 1329 860 1392; x_wconf 89' lang='lat' dir='ltr'>alterius</span> <span class='ocrx_word' id='word_1_67' title='bbox 882 1331 928 1392; x_wconf 90' lang='lat' dir='ltr'>rei</span> <span class='ocrx_word' id='word_1_68' title='bbox 951 1349 1077 1393; x_wconf 89' lang='lat' dir='ltr'>causam</span> <span class='ocrx_word' id='word_1_69' title='bbox 1099 1336 1222 1393; x_wconf 80' lang='lat' dir='ltr'>vosmet</span> <span class='ocrx_word' id='word_1_70' title='bbox 1241 1329 1303 1411; x_wconf 93' lang='lat' dir='ltr'>ipsi</span> <span class='ocrx_word' id='word_1_71' title='bbox 1325 1329 1388 1391; x_wconf 85' lang='lat' dir='ltr'>iam</span> <span class='ocrx_word' id='word_1_72' title='bbox 1408 1329 1498 1393; x_wconf 85' lang='lat' dir='ltr'>vobis</span> <span class='ocrx_word' id='word_1_73' title='bbox 1520 1329 1647 1412; x_wconf 89' lang='lat' dir='ltr'>saepius</span> <span class='ocrx_word' id='word_1_74' title='bbox 1668 1349 1740 1412; x_wconf 88' lang='lat' dir='ltr'>pro-</span> 
     </span>
     <span class='ocr_line' id='line_1_9' title="bbox 418 1422 1739 1507; baseline 0 -21"><span class='ocrx_word' id='word_1_75' title='bbox 418 1425 482 1489; x_wconf 89' lang='lat' dir='ltr'>lato</span> <span class='ocrx_word' id='word_1_76' title='bbox 503 1424 622 1488; x_wconf 88' lang='lat' dir='ltr'>iudicio</span> <span class='ocrx_word' id='word_1_77' title='bbox 645 1423 834 1498; x_wconf 85' lang='lat' dir='ltr'>sustulistis,</span> <span class='ocrx_word' id='word_1_78' title='bbox 858 1425 986 1488; x_wconf 88' lang='lat' dir='ltr'>alterius</span> <span class='ocrx_word' id='word_1_79' title='bbox 1008 1443 1067 1507; x_wconf 78' lang='lat' dir='ltr'>ego</span> <span class='ocrx_word' id='word_1_80' title='bbox 1089 1424 1181 1487; x_wconf 80' lang='lat' dir='ltr'>robis</span> <span class='ocrx_word' id='word_1_81' title='bbox 1202 1422 1358 1486; x_wconf 91' lang='lat' dir='ltr'>hodierno</span> <span class='ocrx_word' id='word_1_82' title='bbox 1381 1423 1434 1485; x_wconf 90' lang='lat' dir='ltr'>die</span> <span class='ocrx_word' id='word_1_83' title='bbox 1448 1442 1574 1486; x_wconf 89' lang='lat' dir='ltr'>causam</span> <span class='ocrx_word' id='word_1_84' title='bbox 1597 1423 1739 1506; x_wconf 87' lang='lat' dir='ltr'>prolecto</span> 
     </span>
     <span class='ocr_line' id='line_1_10' title="bbox 418 1516 1739 1594; baseline -0.001 -13"><span class='ocrx_word' id='word_1_85' title='bbox 418 1516 574 1594; x_wconf 79' lang='lat' dir='ltr'>auferam,</span> <span class='ocrx_word' id='word_1_86' title='bbox 595 1537 636 1581; x_wconf 90' lang='lat' dir='ltr'>ne</span> <span class='ocrx_word' id='word_1_87' title='bbox 657 1516 776 1581; x_wconf 89' lang='lat' dir='ltr'>diutius</span> <span class='ocrx_word' id='word_1_88' title='bbox 797 1518 838 1581; x_wconf 92' lang='lat' dir='ltr'>de</span> <span class='ocrx_word' id='word_1_89' title='bbox 860 1519 1073 1582; x_wconf 89' lang='lat' dir='ltr'>controversia</span> <span class='ocrx_word' id='word_1_90' title='bbox 1088 1525 1196 1582; x_wconf 90' lang='lat' dir='ltr'>nostra</span> <span class='ocrx_word' id='word_1_91' title='bbox 1211 1536 1248 1581; x_wconf 89' lang='lat' dir='ltr'>ac</span> <span class='ocrx_word' id='word_1_92' title='bbox 1263 1516 1304 1581; x_wconf 92' lang='lat' dir='ltr'>de</span> <span class='ocrx_word' id='word_1_93' title='bbox 1318 1517 1478 1580; x_wconf 86' lang='lat' dir='ltr'>communi</span> <span class='ocrx_word' id='word_1_94' title='bbox 1493 1518 1563 1580; x_wconf 90' lang='lat' dir='ltr'>iure</span> <span class='ocrx_word' id='word_1_95' title='bbox 1577 1516 1739 1580; x_wconf 90' lang='lat' dir='ltr'>dubitetis.</span> 
     </span>
     <span class='ocr_line' id='line_1_11' title="bbox 419 1607 1778 1694; baseline 0.002 -22"><span class='ocrx_word' id='word_1_96' title='bbox 419 1607 469 1673; x_wconf 80' lang='lat' dir='ltr'>ll).</span> <span class='ocrx_word' id='word_1_97' title='bbox 491 1613 531 1675; x_wconf 85' lang='lat' dir='ltr'>Et</span> <span class='ocrx_word' id='word_1_98' title='bbox 557 1612 585 1675; x_wconf 90' lang='lat' dir='ltr'>si</span> <span class='ocrx_word' id='word_1_99' title='bbox 611 1611 693 1675; x_wconf 80' lang='lat' dir='ltr'>forte</span> <span class='ocrx_word' id='word_1_100' title='bbox 721 1610 854 1675; x_wconf 75' lang='lat' dir='ltr'>videbor</span> <span class='ocrx_word' id='word_1_101' title='bbox 875 1612 968 1675; x_wconf 89' lang='lat' dir='ltr'>altius</span> <span class='ocrx_word' id='word_1_102' title='bbox 990 1612 1115 1675; x_wconf 89' lang='lat' dir='ltr'>initium</span> <span class='ocrx_word' id='word_1_103' title='bbox 1138 1611 1184 1674; x_wconf 90' lang='lat' dir='ltr'>rei</span> <span class='ocrx_word' id='word_1_104' title='bbox 1207 1609 1471 1675; x_wconf 85' lang='lat' dir='ltr'>demonstrandae</span> <span class='ocrx_word' id='word_1_105' title='bbox 1487 1611 1621 1694; x_wconf 87' lang='lat' dir='ltr'>petisse,</span> <span class='ocrx_word' id='word_1_106' title='bbox 1644 1627 1778 1692; x_wconf 80' lang='lat' dir='ltr'>quamlo</span> 
     </span>
     <span class='ocr_line' id='line_1_12' title="bbox 418 1703 1740 1790; baseline -0.002 -21"><span class='ocrx_word' id='word_1_107' title='bbox 418 1725 468 1769; x_wconf 90' lang='lat' dir='ltr'>me</span> <span class='ocrx_word' id='word_1_108' title='bbox 496 1707 576 1770; x_wconf 89' lang='lat' dir='ltr'>ratio</span> <span class='ocrx_word' id='word_1_109' title='bbox 607 1706 685 1769; x_wconf 90' lang='lat' dir='ltr'>iuris</span> <span class='ocrx_word' id='word_1_110' title='bbox 712 1706 795 1781; x_wconf 89' lang='lat' dir='ltr'>eius,</span> <span class='ocrx_word' id='word_1_111' title='bbox 823 1706 863 1769; x_wconf 94' lang='lat' dir='ltr'>de</span> <span class='ocrx_word' id='word_1_112' title='bbox 891 1725 955 1790; x_wconf 92' lang='lat' dir='ltr'>quo</span> <span class='ocrx_word' id='word_1_113' title='bbox 987 1703 1139 1768; x_wconf 88' lang='lat' dir='ltr'>iudicium</span> <span class='ocrx_word' id='word_1_114' title='bbox 1168 1712 1231 1781; x_wconf 90' lang='lat' dir='ltr'>est,</span> <span class='ocrx_word' id='word_1_115' title='bbox 1261 1712 1293 1769; x_wconf 90' lang='lat' dir='ltr'>et</span> <span class='ocrx_word' id='word_1_116' title='bbox 1321 1711 1434 1770; x_wconf 86' lang='lat' dir='ltr'>natura</span> <span class='ocrx_word' id='word_1_117' title='bbox 1454 1724 1569 1768; x_wconf 87' lang='lat' dir='ltr'>causae</span> <span class='ocrx_word' id='word_1_118' title='bbox 1590 1705 1740 1786; x_wconf 68' lang='lat' dir='ltr'>coegerit,</span> 
     </span>
     <span class='ocr_line' id='line_1_13' title="bbox 418 1799 1739 1883; baseline 0.001 -21"><span class='ocrx_word' id='word_1_119' title='bbox 418 1818 537 1883; x_wconf 90' lang='lat' dir='ltr'>quaeso</span> <span class='ocrx_word' id='word_1_120' title='bbox 559 1805 594 1862; x_wconf 92' lang='lat' dir='ltr'>ut</span> <span class='ocrx_word' id='word_1_121' title='bbox 616 1801 797 1883; x_wconf 75' lang='lat' dir='ltr'>ignoscatis.</span> <span class='ocrx_word' id='word_1_122' title='bbox 840 1803 911 1863; x_wconf 91' lang='lat' dir='ltr'>Non</span> <span class='ocrx_word' id='word_1_123' title='bbox 933 1800 1017 1864; x_wconf 92' lang='lat' dir='ltr'>enim</span> <span class='ocrx_word' id='word_1_124' title='bbox 1038 1802 1143 1862; x_wconf 91' lang='lat' dir='ltr'>minus</span> <span class='ocrx_word' id='word_1_125' title='bbox 1166 1799 1288 1864; x_wconf 89' lang='lat' dir='ltr'>laborat</span> <span class='ocrx_word' id='word_1_126' title='bbox 1308 1802 1345 1863; x_wconf 84' lang='grc' dir='ltr'><strong>Α.</strong></span> <span class='ocrx_word' id='word_1_127' title='bbox 1368 1801 1517 1873; x_wconf 87' lang='lat' dir='ltr'>Caecina,</span> <span class='ocrx_word' id='word_1_128' title='bbox 1550 1819 1590 1863; x_wconf 92' lang='lat' dir='ltr'>ne</span> <span class='ocrx_word' id='word_1_129' title='bbox 1615 1818 1739 1863; x_wconf 91' lang='lat' dir='ltr'>summo</span> 
     </span>
     <span class='ocr_line' id='line_1_14' title="bbox 418 1893 1487 1977; baseline 0.002 -22"><span class='ocrx_word' id='word_1_130' title='bbox 418 1893 486 1956; x_wconf 90' lang='lat' dir='ltr'>iure</span> <span class='ocrx_word' id='word_1_131' title='bbox 508 1894 628 1976; x_wconf 77' lang='lat' dir='ltr'>egisse,</span> <span class='ocrx_word' id='word_1_132' title='bbox 656 1913 751 1977; x_wconf 89' lang='lat' dir='ltr'>qnam</span> <span class='ocrx_word' id='word_1_133' title='bbox 772 1913 814 1956; x_wconf 94' lang='lat' dir='ltr'>ne</span> <span class='ocrx_word' id='word_1_134' title='bbox 836 1902 956 1957; x_wconf 89' lang='lat' dir='ltr'>certum</span> <span class='ocrx_word' id='word_1_135' title='bbox 978 1896 1028 1957; x_wconf 93' lang='lat' dir='ltr'>ius</span> <span class='ocrx_word' id='word_1_136' title='bbox 1048 1914 1114 1957; x_wconf 93' lang='lat' dir='ltr'>non</span> <span class='ocrx_word' id='word_1_137' title='bbox 1136 1895 1313 1958; x_wconf 87' lang='lat' dir='ltr'>obtinuisse</span> <span class='ocrx_word' id='word_1_138' title='bbox 1333 1895 1487 1958; x_wconf 81' lang='lat' dir='ltr'>videatur.</span> 
     </span>
    </p>

    <p class='ocr_par' dir='ltr' id='par_1_3' title="bbox 416 1987 1837 3769">
     <span class='ocr_line' id='line_1_15' title="bbox 502 1987 1741 2072; baseline -0.002 -20"><span class='ocrx_word' id='word_1_139' title='bbox 502 1990 544 2052; x_wconf 79' lang='lat' dir='ltr'>ll.</span> <span class='ocrx_word' id='word_1_140' title='bbox 565 1987 728 2050; x_wconf 83' lang='lat' dir='ltr'>Fulcinius</span> <span class='ocrx_word' id='word_1_141' title='bbox 750 1987 826 2061; x_wconf 85' lang='lat' dir='ltr'>luit,</span> <span class='ocrx_word' id='word_1_142' title='bbox 856 1997 1110 2071; x_wconf 85' lang='lat' dir='ltr'>recuperatores,</span> <span class='ocrx_word' id='word_1_143' title='bbox 1136 2009 1154 2050; x_wconf 92' lang='lat' dir='ltr'>e</span> <span class='ocrx_word' id='word_1_144' title='bbox 1176 1990 1348 2072; x_wconf 89' lang='lat' dir='ltr'>municipio</span> <span class='ocrx_word' id='word_1_145' title='bbox 1370 1989 1607 2071; x_wconf 86' lang='lat' dir='ltr'>Tarquiniensi,</span> <span class='ocrx_word' id='word_1_146' title='bbox 1630 1987 1686 2071; x_wconf 92' lang='lat' dir='ltr'>qui</span> <span class='ocrx_word' id='word_1_147' title='bbox 1709 1993 1741 2049; x_wconf 89' lang='lat' dir='ltr'>et</span> 
     </span>
     <span class='ocr_line' id='line_1_16' title="bbox 418 2081 1778 2166; baseline -0.001 -21"><span class='ocrx_word' id='word_1_148' title='bbox 418 2084 504 2146; x_wconf 90' lang='lat' dir='ltr'>dorni</span> <span class='ocrx_word' id='word_1_149' title='bbox 534 2102 610 2146; x_wconf 89' lang='lat' dir='ltr'>suae</span> <span class='ocrx_word' id='word_1_150' title='bbox 637 2102 708 2145; x_wconf 88' lang='lat' dir='ltr'>cum</span> <span class='ocrx_word' id='word_1_151' title='bbox 733 2082 844 2163; x_wconf 90' lang='lat' dir='ltr'>primis</span> <span class='ocrx_word' id='word_1_152' title='bbox 872 2081 1026 2147; x_wconf 89' lang='lat' dir='ltr'>honestus</span> <span class='ocrx_word' id='word_1_153' title='bbox 1048 2084 1247 2147; x_wconf 81' lang='lat' dir='ltr'>existimatus</span> <span class='ocrx_word' id='word_1_154' title='bbox 1269 2091 1318 2147; x_wconf 91' lang='lat' dir='ltr'>est</span> <span class='ocrx_word' id='word_1_155' title='bbox 1339 2090 1371 2147; x_wconf 90' lang='lat' dir='ltr'>et</span> <span class='ocrx_word' id='word_1_156' title='bbox 1392 2085 1509 2148; x_wconf 83' lang='lat' dir='ltr'>Romae</span> <span class='ocrx_word' id='word_1_157' title='bbox 1531 2083 1778 2166; x_wconf 77' lang='lat' dir='ltr'>argentariense</span> 
     </span>
     <span class='ocr_line' id='line_1_17' title="bbox 418 2173 1743 2258; baseline 0.002 -20"><span class='ocrx_word' id='word_1_158' title='bbox 418 2196 483 2238; x_wconf 93' lang='lat' dir='ltr'>non</span> <span class='ocrx_word' id='word_1_159' title='bbox 504 2174 676 2258; x_wconf 79' lang='lat' dir='ltr'>ignobilem</span> <span class='ocrx_word' id='word_1_160' title='bbox 697 2173 781 2238; x_wconf 83' lang='lat' dir='ltr'>iecit.</span> <span class='ocrx_word' id='word_1_161' title='bbox 817 2178 848 2239; x_wconf 91' lang='lat' dir='ltr'>Is</span> <span class='ocrx_word' id='word_1_162' title='bbox 869 2175 979 2239; x_wconf 88' lang='lat' dir='ltr'>habuit</span> <span class='ocrx_word' id='word_1_163' title='bbox 1000 2177 1033 2240; x_wconf 92' lang='lat' dir='ltr'>in</span> <span class='ocrx_word' id='word_1_164' title='bbox 1052 2177 1253 2241; x_wconf 87' lang='lat' dir='ltr'>matrimonio</span> <span class='ocrx_word' id='word_1_165' title='bbox 1269 2177 1491 2255; x_wconf 81' lang='lat' dir='ltr'>Caesenniam,</span> <span class='ocrx_word' id='word_1_166' title='bbox 1513 2178 1625 2242; x_wconf 90' lang='lat' dir='ltr'>eodem</span> <span class='ocrx_word' id='word_1_167' title='bbox 1640 2197 1659 2240; x_wconf 90' lang='lat' dir='ltr'>e</span> <span class='ocrx_word' id='word_1_168' title='bbox 1672 2198 1743 2241; x_wconf 89' lang='lat' dir='ltr'>mn·</span> 
     </span>
     <span class='ocr_line' id='line_1_18' title="bbox 419 2269 1741 2354; baseline 0.002 -20"><span class='ocrx_word' id='word_1_169' title='bbox 419 2270 553 2353; x_wconf 88' lang='lat' dir='ltr'>nicipin,</span> <span class='ocrx_word' id='word_1_170' title='bbox 581 2289 704 2333; x_wconf 90' lang='lat' dir='ltr'>summo</span> <span class='ocrx_word' id='word_1_171' title='bbox 734 2269 805 2333; x_wconf 90' lang='lat' dir='ltr'>loco</span> <span class='ocrx_word' id='word_1_172' title='bbox 834 2278 939 2334; x_wconf 88' lang='lat' dir='ltr'>natam</span> <span class='ocrx_word' id='word_1_173' title='bbox 968 2279 1000 2334; x_wconf 90' lang='lat' dir='ltr'>et</span> <span class='ocrx_word' id='word_1_174' title='bbox 1025 2272 1279 2354; x_wconf 88' lang='lat' dir='ltr'>probatissimam</span> <span class='ocrx_word' id='word_1_175' title='bbox 1301 2273 1465 2347; x_wconf 81' lang='lat' dir='ltr'>seminam,</span> <span class='ocrx_word' id='word_1_176' title='bbox 1496 2274 1578 2336; x_wconf 90' lang='lat' dir='ltr'>sicut</span> <span class='ocrx_word' id='word_1_177' title='bbox 1599 2272 1741 2336; x_wconf 75' lang='lat' dir='ltr'>otuinus</span> 
     </span>
     <span class='ocr_line' id='line_1_19' title="bbox 417 2361 1837 2447; baseline 0.001 -21"><span class='ocrx_word' id='word_1_178' title='bbox 417 2366 488 2447; x_wconf 90' lang='lat' dir='ltr'>ipse</span> <span class='ocrx_word' id='word_1_179' title='bbox 507 2362 614 2427; x_wconf 89' lang='lat' dir='ltr'>multis</span> <span class='ocrx_word' id='word_1_180' title='bbox 635 2362 730 2426; x_wconf 89' lang='lat' dir='ltr'>rebus</span> <span class='ocrx_word' id='word_1_181' title='bbox 748 2364 887 2427; x_wconf 90' lang='lat' dir='ltr'>ostendit</span> <span class='ocrx_word' id='word_1_182' title='bbox 901 2371 933 2427; x_wconf 91' lang='lat' dir='ltr'>et</span> <span class='ocrx_word' id='word_1_183' title='bbox 947 2365 982 2426; x_wconf 91' lang='lat' dir='ltr'>in</span> <span class='ocrx_word' id='word_1_184' title='bbox 997 2371 1098 2428; x_wconf 90' lang='lat' dir='ltr'>morte</span> <span class='ocrx_word' id='word_1_185' title='bbox 1112 2384 1170 2427; x_wconf 91' lang='lat' dir='ltr'>sua</span> <span class='ocrx_word' id='word_1_186' title='bbox 1185 2372 1373 2429; x_wconf 89' lang='lat' dir='ltr'>testamento</span> <span class='ocrx_word' id='word_1_187' title='bbox 1390 2366 1571 2431; x_wconf 81' lang='lat' dir='ltr'>declaravit</span> <span class='ocrx_word' id='word_1_188' title='bbox 1593 2361 1644 2428; x_wconf 86' lang='lat' dir='ltr'>ll.</span> <span class='ocrx_word' id='word_1_189' title='bbox 1659 2365 1742 2429; x_wconf 89' lang='lat' dir='ltr'>Huic</span> <span class='ocrx_word' id='word_1_190' title='bbox 1832 2378 1837 2391; x_wconf 91' lang='grc'>·</span> 
     </span>
     <span class='ocr_line' id='line_1_20' title="bbox 419 2456 1742 2545; baseline 0 -23"><span class='ocrx_word' id='word_1_191' title='bbox 419 2457 612 2522; x_wconf 84' lang='lat' dir='ltr'>Caesenniae</span> <span class='ocrx_word' id='word_1_192' title='bbox 633 2456 766 2520; x_wconf 82' lang='lat' dir='ltr'>fundum</span> <span class='ocrx_word' id='word_1_193' title='bbox 789 2459 821 2521; x_wconf 95' lang='lat' dir='ltr'>in</span> <span class='ocrx_word' id='word_1_194' title='bbox 844 2477 919 2541; x_wconf 76' lang='lat' dir='ltr'>agro</span> <span class='ocrx_word' id='word_1_195' title='bbox 945 2457 1169 2541; x_wconf 89' lang='lat' dir='ltr'>Tarquiniensi</span> <span class='ocrx_word' id='word_1_196' title='bbox 1191 2459 1335 2523; x_wconf 89' lang='lat' dir='ltr'>vendidit</span> <span class='ocrx_word' id='word_1_197' title='bbox 1355 2462 1552 2545; x_wconf 89' lang='lat' dir='ltr'>temporibus</span> <span class='ocrx_word' id='word_1_198' title='bbox 1572 2460 1637 2526; x_wconf 89' lang='lat' dir='ltr'>illis</span> <span class='ocrx_word' id='word_1_199' title='bbox 1660 2456 1742 2535; x_wconf 87' lang='lat' dir='ltr'>dilli-</span> 
     </span>
     <span class='ocr_line' id='line_1_21' title="bbox 417 2536 1779 2640; baseline 0.004 -25"><span class='ocrx_word' id='word_1_200' title='bbox 417 2536 542 2615; x_wconf 76' lang='lat' dir='ltr'>cillr&#39;mis</span> <span class='ocrx_word' id='word_1_201' title='bbox 563 2552 742 2616; x_wconf 86' lang='lat' dir='ltr'>solutionis.</span> <span class='ocrx_word' id='word_1_202' title='bbox 777 2553 854 2615; x_wconf 87' lang='lat' dir='ltr'>Cum</span> <span class='ocrx_word' id='word_1_203' title='bbox 876 2559 1018 2616; x_wconf 89' lang='lat' dir='ltr'>uteretur</span> <span class='ocrx_word' id='word_1_204' title='bbox 1037 2553 1147 2615; x_wconf 84' lang='lat' dir='ltr'>uxoris</span> <span class='ocrx_word' id='word_1_205' title='bbox 1167 2552 1242 2616; x_wconf 89' lang='lat' dir='ltr'>dote</span> <span class='ocrx_word' id='word_1_206' title='bbox 1264 2562 1444 2631; x_wconf 87' lang='lat' dir='ltr'>numerata,</span> <span class='ocrx_word' id='word_1_207' title='bbox 1466 2576 1531 2640; x_wconf 94' lang='lat' dir='ltr'>quo</span> <span class='ocrx_word' id='word_1_208' title='bbox 1546 2554 1670 2618; x_wconf 91' lang='lat' dir='ltr'>mulieri</span> <span class='ocrx_word' id='word_1_209' title='bbox 1689 2570 1779 2621; x_wconf 75' lang='lat' dir='ltr'>reste</span> 
     </span>
     <span class='ocr_line' id='line_1_22' title="bbox 418 2644 1741 2733; baseline 0.002 -24"><span class='ocrx_word' id='word_1_210' title='bbox 418 2654 501 2710; x_wconf 89' lang='lat' dir='ltr'>esset</span> <span class='ocrx_word' id='word_1_211' title='bbox 532 2647 670 2721; x_wconf 88' lang='lat' dir='ltr'>cautior,</span> <span class='ocrx_word' id='word_1_212' title='bbox 700 2647 820 2711; x_wconf 84' lang='lat' dir='ltr'>curavit</span> <span class='ocrx_word' id='word_1_213' title='bbox 840 2652 876 2708; x_wconf 90' lang='lat' dir='ltr'>nt</span> <span class='ocrx_word' id='word_1_214' title='bbox 896 2647 930 2708; x_wconf 91' lang='lat' dir='ltr'>in</span> <span class='ocrx_word' id='word_1_215' title='bbox 953 2665 991 2708; x_wconf 91' lang='lat' dir='ltr'>eo</span> <span class='ocrx_word' id='word_1_216' title='bbox 1012 2644 1112 2708; x_wconf 82' lang='lat' dir='ltr'>fundo</span> <span class='ocrx_word' id='word_1_217' title='bbox 1133 2644 1191 2709; x_wconf 89' lang='lat' dir='ltr'>dos</span> <span class='ocrx_word' id='word_1_218' title='bbox 1214 2647 1430 2711; x_wconf 87' lang='lat' dir='ltr'>collocaretur.</span> <span class='ocrx_word' id='word_1_219' title='bbox 1463 2650 1637 2733; x_wconf 79' lang='lat' dir='ltr'>Aliquanto</span> <span class='ocrx_word' id='word_1_220' title='bbox 1657 2657 1741 2732; x_wconf 88' lang='lat' dir='ltr'>post,</span> 
     </span>
     <span class='ocr_line' id='line_1_23' title="bbox 418 2737 1742 2826; baseline 0.004 -24"><span class='ocrx_word' id='word_1_221' title='bbox 418 2741 479 2805; x_wconf 90' lang='lat' dir='ltr'>iam</span> <span class='ocrx_word' id='word_1_222' title='bbox 501 2741 677 2823; x_wconf 77' lang='lat' dir='ltr'>argentaria</span> <span class='ocrx_word' id='word_1_223' title='bbox 698 2738 870 2814; x_wconf 90' lang='lat' dir='ltr'>dissoluta,</span> <span class='ocrx_word' id='word_1_224' title='bbox 895 2738 1058 2802; x_wconf 80' lang='lat' dir='ltr'>Fulcinius</span> <span class='ocrx_word' id='word_1_225' title='bbox 1079 2737 1154 2803; x_wconf 91' lang='lat' dir='ltr'>huic</span> <span class='ocrx_word' id='word_1_226' title='bbox 1175 2738 1275 2803; x_wconf 85' lang='lat' dir='ltr'>iundn</span> <span class='ocrx_word' id='word_1_227' title='bbox 1297 2742 1407 2805; x_wconf 81' lang='lat' dir='ltr'>uxoris</span> <span class='ocrx_word' id='word_1_228' title='bbox 1428 2744 1624 2807; x_wconf 86' lang='lat' dir='ltr'>continentia</span> <span class='ocrx_word' id='word_1_229' title='bbox 1644 2762 1742 2826; x_wconf 85' lang='lat' dir='ltr'>quae-</span> 
     </span>
     <span class='ocr_line' id='line_1_24' title="bbox 418 2834 1741 2919; baseline 0.002 -21"><span class='ocrx_word' id='word_1_230' title='bbox 418 2837 491 2900; x_wconf 90' lang='lat' dir='ltr'>dam</span> <span class='ocrx_word' id='word_1_231' title='bbox 518 2835 648 2919; x_wconf 86' lang='lat' dir='ltr'>praedia</span> <span class='ocrx_word' id='word_1_232' title='bbox 676 2840 771 2917; x_wconf 90' lang='lat' dir='ltr'>atque</span> <span class='ocrx_word' id='word_1_233' title='bbox 799 2834 947 2897; x_wconf 90' lang='lat' dir='ltr'>adiuncta</span> <span class='ocrx_word' id='word_1_234' title='bbox 968 2840 1133 2896; x_wconf 89' lang='lat' dir='ltr'>mercatur.</span> <span class='ocrx_word' id='word_1_235' title='bbox 1176 2836 1311 2899; x_wconf 86' lang='lat' dir='ltr'>bloritur</span> <span class='ocrx_word' id='word_1_236' title='bbox 1330 2837 1493 2900; x_wconf 80' lang='lat' dir='ltr'>Fulcinius</span> <span class='ocrx_word' id='word_1_237' title='bbox 1517 2835 1626 2918; x_wconf 82' lang='lat' dir='ltr'>(multa</span> <span class='ocrx_word' id='word_1_238' title='bbox 1647 2840 1741 2913; x_wconf 91' lang='lat' dir='ltr'>enim,</span> 
     </span>
     <span class='ocr_line' id='line_1_25' title="bbox 419 2928 1741 3015; baseline 0.002 -22"><span class='ocrx_word' id='word_1_239' title='bbox 419 2950 501 3014; x_wconf 86' lang='lat' dir='ltr'>quae</span> <span class='ocrx_word' id='word_1_240' title='bbox 523 2936 598 2994; x_wconf 91' lang='lat' dir='ltr'>sunt</span> <span class='ocrx_word' id='word_1_241' title='bbox 617 2929 651 2990; x_wconf 96' lang='lat' dir='ltr'>in</span> <span class='ocrx_word' id='word_1_242' title='bbox 671 2948 723 3001; x_wconf 90' lang='lat' dir='ltr'>re,</span> <span class='ocrx_word' id='word_1_243' title='bbox 747 2928 822 3011; x_wconf 94' lang='lat' dir='ltr'>quia</span> <span class='ocrx_word' id='word_1_244' title='bbox 841 2935 961 2991; x_wconf 86' lang='lat' dir='ltr'>remota</span> <span class='ocrx_word' id='word_1_245' title='bbox 983 2935 1058 2991; x_wconf 92' lang='lat' dir='ltr'>sunt</span> <span class='ocrx_word' id='word_1_246' title='bbox 1078 2947 1099 2991; x_wconf 92' lang='lat' dir='ltr'>a</span> <span class='ocrx_word' id='word_1_247' title='bbox 1119 2948 1228 3005; x_wconf 89' lang='lat' dir='ltr'>causa,</span> <span class='ocrx_word' id='word_1_248' title='bbox 1250 2929 1522 3015; x_wconf 73' lang='lat' dir='ltr'>praetermittamlz</span> <span class='ocrx_word' id='word_1_249' title='bbox 1553 2941 1741 2996; x_wconf 89' lang='lat' dir='ltr'>testamento</span> 
     </span>
     <span class='ocr_line' id='line_1_26' title="bbox 418 3021 1780 3107; baseline 0 -21"><span class='ocrx_word' id='word_1_250' title='bbox 418 3024 493 3090; x_wconf 86' lang='lat' dir='ltr'>lacit</span> <span class='ocrx_word' id='word_1_251' title='bbox 505 3022 655 3087; x_wconf 88' lang='lat' dir='ltr'>heredem</span> <span class='ocrx_word' id='word_1_252' title='bbox 670 3044 763 3107; x_wconf 92' lang='lat' dir='ltr'>quem</span> <span class='ocrx_word' id='word_1_253' title='bbox 782 3023 951 3088; x_wconf 90' lang='lat' dir='ltr'>babebate</span> <span class='ocrx_word' id='word_1_254' title='bbox 968 3024 1144 3088; x_wconf 89' lang='lat' dir='ltr'>Caesennia</span> <span class='ocrx_word' id='word_1_255' title='bbox 1157 3021 1274 3098; x_wconf 81' lang='lat' dir='ltr'>filium3</span> <span class='ocrx_word' id='word_1_256' title='bbox 1297 3044 1391 3088; x_wconf 93' lang='lat' dir='ltr'>usum</span> <span class='ocrx_word' id='word_1_257' title='bbox 1406 3031 1439 3087; x_wconf 95' lang='lat' dir='ltr'>et</span> <span class='ocrx_word' id='word_1_258' title='bbox 1450 3024 1586 3090; x_wconf 83' lang='lat' dir='ltr'>fructum</span> <span class='ocrx_word' id='word_1_259' title='bbox 1601 3027 1780 3090; x_wconf 76' lang='lat' dir='ltr'>omniumss</span> 
     </span>
     <span class='ocr_line' id='line_1_27' title="bbox 418 3115 1743 3202; baseline -0.002 -18"><span class='ocrx_word' id='word_1_260' title='bbox 418 3121 572 3184; x_wconf 92' lang='lat' dir='ltr'>bonorum</span> <span class='ocrx_word' id='word_1_261' title='bbox 594 3137 722 3182; x_wconf 90' lang='lat' dir='ltr'>suorum</span> <span class='ocrx_word' id='word_1_262' title='bbox 745 3119 937 3182; x_wconf 85' lang='lat' dir='ltr'>Caesenniae</span> <span class='ocrx_word' id='word_1_263' title='bbox 959 3118 1059 3202; x_wconf 77' lang='lat' dir='ltr'>legat,</span> <span class='ocrx_word' id='word_1_264' title='bbox 1081 3128 1117 3183; x_wconf 93' lang='lat' dir='ltr'>ut</span> <span class='ocrx_word' id='word_1_265' title='bbox 1138 3120 1296 3184; x_wconf 80' lang='lat' dir='ltr'>frueretur</span> <span class='ocrx_word' id='word_1_266' title='bbox 1316 3140 1380 3183; x_wconf 91' lang='lat' dir='ltr'>una</span> <span class='ocrx_word' id='word_1_267' title='bbox 1401 3141 1473 3184; x_wconf 89' lang='lat' dir='ltr'>curn</span> <span class='ocrx_word' id='word_1_268' title='bbox 1494 3121 1571 3183; x_wconf 89' lang='lat' dir='ltr'>filio.</span> <span class='ocrx_word' id='word_1_269' title='bbox 1605 3115 1655 3182; x_wconf 63' lang='lat' dir='ltr'>lb.</span> <span class='ocrx_word' id='word_1_270' title='bbox 1676 3121 1743 3183; x_wconf 86' lang='lat' dir='ltr'>bla-</span> 
     </span>
     <span class='ocr_line' id='line_1_28' title="bbox 418 3211 1742 3298; baseline -0.002 -20"><span class='ocrx_word' id='word_1_271' title='bbox 418 3235 497 3298; x_wconf 75' lang='lat' dir='ltr'>gnus</span> <span class='ocrx_word' id='word_1_272' title='bbox 524 3213 628 3276; x_wconf 92' lang='lat' dir='ltr'>bonos</span> <span class='ocrx_word' id='word_1_273' title='bbox 654 3211 714 3275; x_wconf 82' lang='lat' dir='ltr'>riri</span> <span class='ocrx_word' id='word_1_274' title='bbox 743 3212 899 3275; x_wconf 91' lang='lat' dir='ltr'>iucundus</span> <span class='ocrx_word' id='word_1_275' title='bbox 929 3213 1055 3277; x_wconf 87' lang='lat' dir='ltr'>mulieri</span> <span class='ocrx_word' id='word_1_276' title='bbox 1075 3214 1206 3291; x_wconf 81' lang='lat' dir='ltr'>luisset,</span> <span class='ocrx_word' id='word_1_277' title='bbox 1235 3213 1262 3278; x_wconf 93' lang='lat' dir='ltr'>si</span> <span class='ocrx_word' id='word_1_278' title='bbox 1284 3213 1469 3278; x_wconf 89' lang='lat' dir='ltr'>diuturnum</span> <span class='ocrx_word' id='word_1_279' title='bbox 1491 3233 1561 3278; x_wconf 89' lang='lat' dir='ltr'>esse</span> <span class='ocrx_word' id='word_1_280' title='bbox 1582 3214 1742 3288; x_wconf 78' lang='lat' dir='ltr'>licuisset3</span> 
     </span>
     <span class='ocr_line' id='line_1_29' title="bbox 416 3305 1743 3392; baseline -0.002 -20"><span class='ocrx_word' id='word_1_281' title='bbox 416 3309 573 3372; x_wconf 85' lang='lat' dir='ltr'>imeretur</span> <span class='ocrx_word' id='word_1_282' title='bbox 593 3306 678 3369; x_wconf 91' lang='lat' dir='ltr'>enim</span> <span class='ocrx_word' id='word_1_283' title='bbox 698 3305 792 3369; x_wconf 91' lang='lat' dir='ltr'>bonis</span> <span class='ocrx_word' id='word_1_284' title='bbox 814 3326 886 3369; x_wconf 89' lang='lat' dir='ltr'>cum</span> <span class='ocrx_word' id='word_1_285' title='bbox 908 3326 963 3381; x_wconf 90' lang='lat' dir='ltr'>eo,</span> <span class='ocrx_word' id='word_1_286' title='bbox 986 3328 1082 3392; x_wconf 91' lang='lat' dir='ltr'>quem</span> <span class='ocrx_word' id='word_1_287' title='bbox 1104 3310 1171 3373; x_wconf 91' lang='lat' dir='ltr'>suis</span> <span class='ocrx_word' id='word_1_288' title='bbox 1192 3308 1285 3373; x_wconf 89' lang='lat' dir='ltr'>bonis</span> <span class='ocrx_word' id='word_1_289' title='bbox 1298 3308 1449 3373; x_wconf 88' lang='lat' dir='ltr'>heredem</span> <span class='ocrx_word' id='word_1_290' title='bbox 1466 3329 1536 3372; x_wconf 88' lang='lat' dir='ltr'>esse</span> <span class='ocrx_word' id='word_1_291' title='bbox 1551 3309 1696 3392; x_wconf 89' lang='lat' dir='ltr'>cupiebat</span> <span class='ocrx_word' id='word_1_292' title='bbox 1711 3315 1743 3371; x_wconf 90' lang='lat' dir='ltr'>et</span> 
     </span>
     <span class='ocr_line' id='line_1_30' title="bbox 418 3400 1744 3488; baseline -0.002 -22"><span class='ocrx_word' id='word_1_293' title='bbox 418 3423 459 3466; x_wconf 84' lang='lat' dir='ltr'>ex</span> <span class='ocrx_word' id='word_1_294' title='bbox 481 3423 543 3488; x_wconf 94' lang='lat' dir='ltr'>quo</span> <span class='ocrx_word' id='word_1_295' title='bbox 566 3401 737 3463; x_wconf 87' lang='lat' dir='ltr'>maximum</span> <span class='ocrx_word' id='word_1_296' title='bbox 759 3400 897 3464; x_wconf 81' lang='lat' dir='ltr'>fructum</span> <span class='ocrx_word' id='word_1_297' title='bbox 918 3401 987 3484; x_wconf 93' lang='lat' dir='ltr'>ipsa</span> <span class='ocrx_word' id='word_1_298' title='bbox 1008 3402 1161 3487; x_wconf 84' lang='lat' dir='ltr'>capiebat</span> <span class='ocrx_word' id='word_1_299' title='bbox 1195 3401 1259 3466; x_wconf 89' lang='lat' dir='ltr'>Sed</span> <span class='ocrx_word' id='word_1_300' title='bbox 1279 3401 1365 3465; x_wconf 92' lang='lat' dir='ltr'>bunc</span> <span class='ocrx_word' id='word_1_301' title='bbox 1385 3402 1522 3465; x_wconf 80' lang='lat' dir='ltr'>fructum</span> <span class='ocrx_word' id='word_1_302' title='bbox 1544 3411 1664 3467; x_wconf 88' lang='lat' dir='ltr'>mature</span> <span class='ocrx_word' id='word_1_303' title='bbox 1678 3401 1744 3465; x_wconf 80' lang='lat' dir='ltr'>lor·</span> 
     </span>
     <span class='ocr_line' id='line_1_31' title="bbox 417 3496 1781 3580; baseline -0.004 -17"><span class='ocrx_word' id='word_1_304' title='bbox 417 3506 495 3563; x_wconf 92' lang='lat' dir='ltr'>tuna</span> <span class='ocrx_word' id='word_1_305' title='bbox 515 3497 641 3562; x_wconf 82' lang='lat' dir='ltr'>ademit</span> <span class='ocrx_word' id='word_1_306' title='bbox 683 3496 763 3559; x_wconf 87' lang='lat' dir='ltr'>Nam</span> <span class='ocrx_word' id='word_1_307' title='bbox 784 3496 871 3559; x_wconf 83' lang='lat' dir='ltr'>brevi</span> <span class='ocrx_word' id='word_1_308' title='bbox 894 3503 1034 3580; x_wconf 91' lang='lat' dir='ltr'>tempore</span> <span class='ocrx_word' id='word_1_309' title='bbox 1060 3499 1102 3560; x_wconf 89' lang='grc' dir='ltr'>Μ.</span> <span class='ocrx_word' id='word_1_310' title='bbox 1124 3497 1284 3561; x_wconf 91' lang='lat' dir='ltr'>Fulcinius</span> <span class='ocrx_word' id='word_1_311' title='bbox 1306 3496 1491 3560; x_wconf 89' lang='lat' dir='ltr'>adolescens</span> <span class='ocrx_word' id='word_1_312' title='bbox 1514 3504 1656 3561; x_wconf 90' lang='lat' dir='ltr'>mortuus</span> <span class='ocrx_word' id='word_1_313' title='bbox 1678 3504 1781 3560; x_wconf 75' lang='lat' dir='ltr'>estzao</span> 
     </span>
     <span class='ocr_line' id='line_1_32' title="bbox 417 3589 1744 3677; baseline -0.001 -20"><span class='ocrx_word' id='word_1_314' title='bbox 417 3592 567 3657; x_wconf 89' lang='lat' dir='ltr'>heredem</span> <span class='ocrx_word' id='word_1_315' title='bbox 588 3593 622 3655; x_wconf 86' lang='lat' dir='ltr'>P.</span> <span class='ocrx_word' id='word_1_316' title='bbox 639 3589 849 3654; x_wconf 86' lang='lat' dir='ltr'>Caesennium</span> <span class='ocrx_word' id='word_1_317' title='bbox 870 3590 960 3654; x_wconf 83' lang='lat' dir='ltr'>iecit:</span> <span class='ocrx_word' id='word_1_318' title='bbox 982 3591 1075 3653; x_wconf 81' lang='lat' dir='ltr'>uxori</span> <span class='ocrx_word' id='word_1_319' title='bbox 1090 3592 1208 3674; x_wconf 75' lang='lat' dir='ltr'>grande</span> <span class='ocrx_word' id='word_1_320' title='bbox 1223 3590 1349 3676; x_wconf 92' lang='lat' dir='ltr'>pondus</span> <span class='ocrx_word' id='word_1_321' title='bbox 1364 3593 1485 3674; x_wconf 78' lang='lat' dir='ltr'>argenti</span> <span class='ocrx_word' id='word_1_322' title='bbox 1499 3593 1656 3677; x_wconf 90' lang='lat' dir='ltr'>matrique</span> <span class='ocrx_word' id='word_1_323' title='bbox 1671 3612 1744 3677; x_wconf 91' lang='lat' dir='ltr'>par·</span> 
     </span>
     <span class='ocr_line' id='line_1_33' title="bbox 418 3683 1744 3769; baseline -0.001 -19"><span class='ocrx_word' id='word_1_324' title='bbox 418 3695 483 3751; x_wconf 91' lang='lat' dir='ltr'>tem</span> <span class='ocrx_word' id='word_1_325' title='bbox 503 3685 655 3751; x_wconf 85' lang='lat' dir='ltr'>maiorem</span> <span class='ocrx_word' id='word_1_326' title='bbox 676 3684 832 3748; x_wconf 87' lang='lat' dir='ltr'>bonomm</span> <span class='ocrx_word' id='word_1_327' title='bbox 855 3683 979 3767; x_wconf 79' lang='lat' dir='ltr'>legavit</span> <span class='ocrx_word' id='word_1_328' title='bbox 1009 3687 1119 3769; x_wconf 89' lang='lat' dir='ltr'>ltaque</span> <span class='ocrx_word' id='word_1_329' title='bbox 1141 3687 1174 3748; x_wconf 96' lang='lat' dir='ltr'>in</span> <span class='ocrx_word' id='word_1_330' title='bbox 1196 3692 1316 3769; x_wconf 89' lang='lat' dir='ltr'>partem</span> <span class='ocrx_word' id='word_1_331' title='bbox 1338 3684 1487 3748; x_wconf 91' lang='lat' dir='ltr'>mulieres</span> <span class='ocrx_word' id='word_1_332' title='bbox 1508 3692 1638 3749; x_wconf 84' lang='lat' dir='ltr'>vocatae</span> <span class='ocrx_word' id='word_1_333' title='bbox 1660 3693 1744 3750; x_wconf 83' lang='lat' dir='ltr'>sunt.</span> 
     </span>
    </p>

    <p class='ocr_par' dir='ltr' id='par_1_4' title="bbox 418 3774 1783 4050">
     <span class='ocr_line' id='line_1_34' title="bbox 501 3774 1745 3855; baseline -0.002 -9"><span class='ocrx_word' id='word_1_334' title='bbox 501 3781 539 3846; x_wconf 83' lang='lat' dir='ltr'>V.</span> <span class='ocrx_word' id='word_1_335' title='bbox 561 3774 612 3842; x_wconf 77' lang='lat' dir='ltr'>la.</span> <span class='ocrx_word' id='word_1_336' title='bbox 636 3779 714 3843; x_wconf 89' lang='lat' dir='ltr'>Cum</span> <span class='ocrx_word' id='word_1_337' title='bbox 737 3787 821 3843; x_wconf 89' lang='lat' dir='ltr'>esset</span> <span class='ocrx_word' id='word_1_338' title='bbox 841 3778 920 3842; x_wconf 89' lang='lat' dir='ltr'>baec</span> <span class='ocrx_word' id='word_1_339' title='bbox 942 3782 1045 3844; x_wconf 86' lang='lat' dir='ltr'>auctio</span> <span class='ocrx_word' id='word_1_340' title='bbox 1066 3778 1260 3843; x_wconf 89' lang='lat' dir='ltr'>hereditaria</span> <span class='ocrx_word' id='word_1_341' title='bbox 1282 3779 1468 3853; x_wconf 88' lang='lat' dir='ltr'>constituta,</span> <span class='ocrx_word' id='word_1_342' title='bbox 1496 3779 1652 3843; x_wconf 80' lang='lat' dir='ltr'>Aebutius</span> <span class='ocrx_word' id='word_1_343' title='bbox 1673 3781 1745 3855; x_wconf 87' lang='lat' dir='ltr'>iste,</span> 
     </span>
     <span class='ocr_line' id='line_1_35' title="bbox 418 3871 1745 3961; baseline -0.002 -22"><span class='ocrx_word' id='word_1_344' title='bbox 418 3874 474 3961; x_wconf 93' lang='lat' dir='ltr'>qui</span> <span class='ocrx_word' id='word_1_345' title='bbox 502 3875 566 3941; x_wconf 92' lang='lat' dir='ltr'>iam</span> <span class='ocrx_word' id='word_1_346' title='bbox 593 3873 650 3936; x_wconf 95' lang='lat' dir='ltr'>diu</span> <span class='ocrx_word' id='word_1_347' title='bbox 679 3873 872 3938; x_wconf 89' lang='lat' dir='ltr'>Caesenniae</span> <span class='ocrx_word' id='word_1_348' title='bbox 900 3873 1057 3937; x_wconf 86' lang='lat' dir='ltr'>viduitate</span> <span class='ocrx_word' id='word_1_349' title='bbox 1086 3893 1124 3936; x_wconf 93' lang='lat' dir='ltr'>ac</span> <span class='ocrx_word' id='word_1_350' title='bbox 1152 3871 1326 3937; x_wconf 92' lang='lat' dir='ltr'>solitudine</span> <span class='ocrx_word' id='word_1_351' title='bbox 1347 3872 1484 3935; x_wconf 90' lang='lat' dir='ltr'>aleretur</span> <span class='ocrx_word' id='word_1_352' title='bbox 1506 3891 1542 3935; x_wconf 87' lang='lat' dir='ltr'>ae</span> <span class='ocrx_word' id='word_1_353' title='bbox 1563 3893 1598 3936; x_wconf 90' lang='lat' dir='ltr'>se</span> <span class='ocrx_word' id='word_1_354' title='bbox 1620 3875 1654 3936; x_wconf 92' lang='lat' dir='ltr'>in</span> <span class='ocrx_word' id='word_1_355' title='bbox 1676 3875 1745 3937; x_wconf 89' lang='lat' dir='ltr'>eius</span> 
     </span>
     <span class='ocr_line' id='line_1_36' title="bbox 418 3964 1783 4050; baseline -0.006 -16"><span class='ocrx_word' id='word_1_356' title='bbox 418 3967 662 4035; x_wconf 80' lang='lat' dir='ltr'>familiaritatem</span> <span class='ocrx_word' id='word_1_357' title='bbox 682 3967 876 4034; x_wconf 91' lang='lat' dir='ltr'>insinuasset</span> <span class='ocrx_word' id='word_1_358' title='bbox 895 3967 955 4031; x_wconf 90' lang='lat' dir='ltr'>bac</span> <span class='ocrx_word' id='word_1_359' title='bbox 975 3967 1117 4043; x_wconf 89' lang='lat' dir='ltr'>ratione,</span> <span class='ocrx_word' id='word_1_360' title='bbox 1138 3973 1175 4031; x_wconf 93' lang='lat' dir='ltr'>ut</span> <span class='ocrx_word' id='word_1_361' title='bbox 1196 3986 1268 4029; x_wconf 89' lang='lat' dir='ltr'>cum</span> <span class='ocrx_word' id='word_1_362' title='bbox 1287 3964 1397 4049; x_wconf 88' lang='lat' dir='ltr'>aliquo</span> <span class='ocrx_word' id='word_1_363' title='bbox 1412 3985 1471 4029; x_wconf 92' lang='lat' dir='ltr'>suo</span> <span class='ocrx_word' id='word_1_364' title='bbox 1486 3964 1675 4050; x_wconf 91' lang='lat' dir='ltr'>compendio</span> <span class='ocrx_word' id='word_1_365' title='bbox 1689 3978 1783 4030; x_wconf 80' lang='lat' dir='ltr'>sne-ss</span> 
     </span>
    </p>
   </div>
   <div class='ocr_carea' id='block_1_3' title="bbox 417 4175 1748 4775">
    <p class='ocr_par' dir='ltr' id='par_1_5' title="bbox 417 4175 1748 4775">
     <span class='ocr_line' id='line_1_37' title="bbox 484 4175 1747 4247; baseline -0.006 -12"><span class='ocrx_word' id='word_1_366' title='bbox 484 4175 1747 4247; x_wconf 50' lang='lat' dir='ltr'>t.hermenvnnempqs,mammezonormouacyetsnto.-l.amq</span> 
     </span>
     <span class='ocr_line' id='line_1_38' title="bbox 419 4251 1745 4322; baseline -0.003 -13"><span class='ocrx_word' id='word_1_367' title='bbox 419 4251 1745 4322; x_wconf 64' lang='lat' dir='ltr'>MME.-b.tordiortsT.-&#39;l.oobts]uosl&#39;.-9.co(emmETL20:offercmltA.</span> 
     </span>
     <span class='ocr_line' id='line_1_39' title="bbox 420 4328 1745 4396; baseline -0.005 -10"><span class='ocrx_word' id='word_1_368' title='bbox 420 4328 1745 4396; x_wconf 48' lang='lat' dir='ltr'>-laetuslaetus.—tl.teneamusquocomrrebrooneuesseeqmeorr.</span> 
     </span>
     <span class='ocr_line' id='line_1_40' title="bbox 417 4401 1745 4476; baseline -0.004 -16"><span class='ocrx_word' id='word_1_369' title='bbox 417 4401 1745 4476; x_wconf 61' lang='lat' dir='ltr'>he;lsssradeqaoy;sussetotsasqeocorr.qetn;comemmorans.-</span> 
     </span>
     <span class='ocr_line' id='line_1_41' title="bbox 420 4477 1745 4550; baseline -0.004 -15"><span class='ocrx_word' id='word_1_370' title='bbox 420 4483 696 4550; x_wconf 74' lang='lat' dir='ltr'>l³.eqts&#39;l&#39;.-certe</span> <span class='ocrx_word' id='word_1_371' title='bbox 709 4482 1008 4547; x_wconf 73' lang='lat' dir='ltr'>T.-optloalsseET.</span> <span class='ocrx_word' id='word_1_372' title='bbox 1027 4482 1066 4534; x_wconf 88' lang='lat' dir='ltr'>Cl.</span> <span class='ocrx_word' id='word_1_373' title='bbox 1085 4483 1111 4547; x_wconf 69' lang='lat' dir='ltr'>g.</span> <span class='ocrx_word' id='word_1_374' title='bbox 1130 4483 1171 4533; x_wconf 61' lang='grc' dir='ltr'>ὀὶ.</span> <span class='ocrx_word' id='word_1_375' title='bbox 1190 4480 1230 4531; x_wconf 78' lang='lat' dir='ltr'>sb.</span> <span class='ocrx_word' id='word_1_376' title='bbox 1243 4480 1284 4530; x_wconf 79' lang='lat' dir='ltr'>ts.</span> <span class='ocrx_word' id='word_1_377' title='bbox 1302 4491 1330 4544; x_wconf 90' lang='lat' dir='ltr'>p.</span> <span class='ocrx_word' id='word_1_378' title='bbox 1343 4477 1425 4529; x_wconf 82' lang='lat' dir='ltr'>Tullio</span> <span class='ocrx_word' id='word_1_379' title='bbox 1441 4477 1466 4542; x_wconf 60' lang='grc' dir='ltr'><strong>ὅ.</strong></span> <span class='ocrx_word' id='word_1_380' title='bbox 1479 4477 1520 4528; x_wconf 80' lang='lat' dir='ltr'>lb.</span> <span class='ocrx_word' id='word_1_381' title='bbox 1539 4478 1626 4530; x_wconf 85' lang='lat' dir='ltr'>Osann</span> <span class='ocrx_word' id='word_1_382' title='bbox 1643 4479 1745 4531; x_wconf 82' lang='lat' dir='ltr'>edclc.</span> 
     </span>
     <span class='ocr_line' id='line_1_42' title="bbox 420 4552 1748 4624; baseline -0.005 -14"><span class='ocrx_word' id='word_1_383' title='bbox 420 4555 845 4624; x_wconf 74' lang='lat' dir='ltr'>nenep.p.slosq.-ls.r</span> <span class='ocrx_word' id='word_1_384' title='bbox 879 4552 1748 4621; x_wconf 71' lang='lat' dir='ltr'>peretorssE&#39;l&#39;.Cl.g.6.-l6.cesesstomietALFnbl-</span> 
     </span>
     <span class='ocr_line' id='line_1_43' title="bbox 420 4627 1746 4701; baseline -0.006 -14"><span class='ocrx_word' id='word_1_385' title='bbox 420 4633 777 4700; x_wconf 77' lang='lat' dir='ltr'>qne-eodemumm&#39;clpto</span> <span class='ocrx_word' id='word_1_386' title='bbox 845 4646 883 4701; x_wconf 87' lang='lat'>&#39;.</span> <span class='ocrx_word' id='word_1_387' title='bbox 926 4627 1746 4695; x_wconf 70' lang='lat' dir='ltr'>8.spsemuuunuzmststsspenlnto.-maome.</span> 
     </span>
     <span class='ocr_line' id='line_1_44' title="bbox 419 4703 1746 4775; baseline -0.006 -13"><span class='ocrx_word' id='word_1_388' title='bbox 419 4710 473 4762; x_wconf 80' lang='lat' dir='ltr'>Sed</span> <span class='ocrx_word' id='word_1_389' title='bbox 490 4709 524 4762; x_wconf 89' lang='lat' dir='ltr'>cl.</span> <span class='ocrx_word' id='word_1_390' title='bbox 540 4722 568 4775; x_wconf 91' lang='lat' dir='ltr'>p.</span> <span class='ocrx_word' id='word_1_391' title='bbox 587 4707 708 4769; x_wconf 82' lang='lat' dir='ltr'>Quinctio</span> <span class='ocrx_word' id='word_1_392' title='bbox 725 4708 750 4774; x_wconf 72' lang='grc'><strong>3.</strong></span> <span class='ocrx_word' id='word_1_393' title='bbox 769 4706 809 4759; x_wconf 82' lang='lat' dir='ltr'>lt.</span> <span class='ocrx_word' id='word_1_394' title='bbox 881 4734 885 4741; x_wconf 94' lang='lat'>·</span> <span class='ocrx_word' id='word_1_395' title='bbox 947 4705 1469 4769; x_wconf 74' lang='lat' dir='ltr'>cendldttettenspors&#39;bas--saluttonls,</span> <span class='ocrx_word' id='word_1_396' title='bbox 1495 4709 1684 4755; x_wconf 66' lang='lat' dir='ltr'>sumemus</span> <span class='ocrx_word' id='word_1_397' title='bbox 1698 4703 1746 4755; x_wconf 81' lang='lat' dir='ltr'>Tb.</span> 
     </span>
    </p>
   </div>
   <div class='ocr_carea' id='block_1_4' title="bbox 319 4776 1747 4848">
    <p class='ocr_par' dir='ltr' id='par_1_6' title="bbox 319 4776 1747 4848">
     <span class='ocr_line' id='line_1_45' title="bbox 319 4776 1747 4848; baseline -0.007 -11"><span class='ocrx_word' id='word_1_398' title='bbox 319 4797 324 4809; x_wconf 83' lang='lat'><strong>·</strong></span> <span class='ocrx_word' id='word_1_399' title='bbox 420 4785 578 4838; x_wconf 81' lang='lat' dir='ltr'>blemmsen.</span> <span class='ocrx_word' id='word_1_400' title='bbox 596 4782 636 4834; x_wconf 88' lang='lat' dir='ltr'>Cl.</span> <span class='ocrx_word' id='word_1_401' title='bbox 653 4784 750 4835; x_wconf 77' lang='lat' dir='ltr'>navim</span> <span class='ocrx_word' id='word_1_402' title='bbox 769 4784 843 4834; x_wconf 72' lang='lat' dir='ltr'>Vm.</span> <span class='ocrx_word' id='word_1_403' title='bbox 969 4795 1014 4848; x_wconf 88' lang='lat' dir='ltr'>.p.</span> <span class='ocrx_word' id='word_1_404' title='bbox 1029 4782 1085 4834; x_wconf 83' lang='grc'><strong>480.</strong></span> <span class='ocrx_word' id='word_1_405' title='bbox 1100 4809 1128 4819; x_wconf 92' lang='grc'><strong>-</strong></span> <span class='ocrx_word' id='word_1_406' title='bbox 1146 4781 1307 4846; x_wconf 67' lang='grc' dir='ltr'>αι’Μὶῦηω</span> <span class='ocrx_word' id='word_1_407' title='bbox 1323 4781 1361 4845; x_wconf 80' lang='lat' dir='ltr'>(ut</span> <span class='ocrx_word' id='word_1_408' title='bbox 1376 4780 1525 4844; x_wconf 85' lang='lat' dir='ltr'>suspicatus</span> <span class='ocrx_word' id='word_1_409' title='bbox 1542 4780 1584 4829; x_wconf 91' lang='lat' dir='ltr'>est</span> <span class='ocrx_word' id='word_1_410' title='bbox 1594 4776 1747 4842; x_wconf 78' lang='lat' dir='ltr'>Lambinus)</span> 
     </span>
    </p>
   </div>
   <div class='ocr_carea' id='block_1_5' title="bbox 419 4851 1752 5366">
    <p class='ocr_par' dir='ltr' id='par_1_7' title="bbox 419 4851 1752 5366">
     <span class='ocr_line' id='line_1_46' title="bbox 420 4851 1747 4911; baseline -0.005 -1"><span class='ocrx_word' id='word_1_411' title='bbox 420 4871 445 4910; x_wconf 90' lang='lat' dir='ltr'>a.</span> <span class='ocrx_word' id='word_1_412' title='bbox 466 4886 493 4896; x_wconf 99' lang='lat'><em>-</em></span> <span class='ocrx_word' id='word_1_413' title='bbox 512 4858 553 4910; x_wconf 80' lang='lat'>2⁰.</span> <span class='ocrx_word' id='word_1_414' title='bbox 570 4857 661 4909; x_wconf 71' lang='lat' dir='ltr'>amerb</span> <span class='ocrx_word' id='word_1_415' title='bbox 676 4857 732 4908; x_wconf 81' lang='lat' dir='ltr'>dote</span> <span class='ocrx_word' id='word_1_416' title='bbox 747 4857 810 4908; x_wconf 84' lang='lat' dir='ltr'>ET:</span> <span class='ocrx_word' id='word_1_417' title='bbox 827 4857 987 4909; x_wconf 67' lang='lat' dir='ltr'>nouem</span> <span class='ocrx_word' id='word_1_418' title='bbox 1002 4856 1147 4911; x_wconf 74' lang='lat' dir='ltr'>nauso,</span> <span class='ocrx_word' id='word_1_419' title='bbox 1168 4884 1196 4894; x_wconf 89' lang='lat'><em>-</em></span> <span class='ocrx_word' id='word_1_420' title='bbox 1213 4870 1254 4908; x_wconf 84' lang='lat' dir='ltr'>res</span> <span class='ocrx_word' id='word_1_421' title='bbox 1269 4860 1329 4908; x_wconf 81' lang='lat' dir='ltr'>esset</span> <span class='ocrx_word' id='word_1_422' title='bbox 1344 4855 1540 4907; x_wconf 77' lang='lat' dir='ltr'>Tkzesretrcs</span> <span class='ocrx_word' id='word_1_423' title='bbox 1555 4851 1698 4906; x_wconf 69' lang='lat' dir='ltr'>RALFO.</span> <span class='ocrx_word' id='word_1_424' title='bbox 1718 4877 1747 4888; x_wconf 93' lang='lat'>-</span> 
     </span>
     <span class='ocr_line' id='line_1_47' title="bbox 419 4928 1750 4994; baseline -0.006 -9"><span class='ocrx_word' id='word_1_425' title='bbox 419 4934 462 4985; x_wconf 77' lang='lat'>2⁴.</span> <span class='ocrx_word' id='word_1_426' title='bbox 475 4934 519 4984; x_wconf 81' lang='lat' dir='ltr'>dos</span> <span class='ocrx_word' id='word_1_427' title='bbox 529 4946 583 4984; x_wconf 90' lang='lat' dir='ltr'>om.</span> <span class='ocrx_word' id='word_1_428' title='bbox 597 4933 625 4985; x_wconf 81' lang='grc' dir='ltr'><strong>Τ.</strong></span> <span class='ocrx_word' id='word_1_429' title='bbox 637 4957 666 4971; x_wconf 91' lang='grc'>-</span> <span class='ocrx_word' id='word_1_430' title='bbox 684 4930 726 4983; x_wconf 75' lang='lat'>23.</span> <span class='ocrx_word' id='word_1_431' title='bbox 744 4932 854 4984; x_wconf 70' lang='lat' dir='ltr'>unitur</span> <span class='ocrx_word' id='word_1_432' title='bbox 863 4957 901 4972; x_wconf 92' lang='lat'>··</span> <span class='ocrx_word' id='word_1_433' title='bbox 909 4934 1111 4994; x_wconf 79' lang='lat' dir='ltr'>proetenntttom</span> <span class='ocrx_word' id='word_1_434' title='bbox 1122 4931 1295 4994; x_wconf 80' lang='lat' dir='ltr'>Quintilianus</span> <span class='ocrx_word' id='word_1_435' title='bbox 1312 4931 1354 4982; x_wconf 82' lang='grc' dir='ltr'><strong>Ν.</strong></span> <span class='ocrx_word' id='word_1_436' title='bbox 1366 4931 1392 4992; x_wconf 74' lang='lat'>2,</span> <span class='ocrx_word' id='word_1_437' title='bbox 1404 4929 1445 4982; x_wconf 80' lang='lat' dir='ltr'>la.</span> <span class='ocrx_word' id='word_1_438' title='bbox 1459 4955 1488 4965; x_wconf 93' lang='lat'>-</span> <span class='ocrx_word' id='word_1_439' title='bbox 1505 4929 1547 4978; x_wconf 74' lang='lat'>25.</span> <span class='ocrx_word' id='word_1_440' title='bbox 1565 4940 1638 4977; x_wconf 75' lang='lat' dir='ltr'>anon</span> <span class='ocrx_word' id='word_1_441' title='bbox 1653 4934 1677 4978; x_wconf 83' lang='lat' dir='ltr'>et</span> <span class='ocrx_word' id='word_1_442' title='bbox 1691 4928 1750 4992; x_wconf 71' lang='lat' dir='ltr'>[rn-</span> 
     </span>
     <span class='ocr_line' id='line_1_48' title="bbox 420 5000 1748 5075; baseline -0.005 -15"><span class='ocrx_word' id='word_1_443' title='bbox 420 5010 519 5060; x_wconf 74' lang='lat' dir='ltr'>ctren&#39;l’</span> <span class='ocrx_word' id='word_1_444' title='bbox 535 5010 563 5058; x_wconf 88' lang='lat' dir='ltr'>ct</span> <span class='ocrx_word' id='word_1_445' title='bbox 577 5021 619 5075; x_wconf 87' lang='lat' dir='ltr'>pr.</span> <span class='ocrx_word' id='word_1_446' title='bbox 637 5007 673 5058; x_wconf 84' lang='lat' dir='ltr'>E:</span> <span class='ocrx_word' id='word_1_447' title='bbox 691 5019 765 5057; x_wconf 74' lang='lat' dir='ltr'>enen</span> <span class='ocrx_word' id='word_1_448' title='bbox 779 5007 920 5071; x_wconf 63' lang='lat' dir='ltr'>murell</span> <span class='ocrx_word' id='word_1_449' title='bbox 938 5007 1027 5069; x_wconf 86' lang='lat' dir='ltr'>(etiam</span> <span class='ocrx_word' id='word_1_450' title='bbox 1044 5019 1113 5058; x_wconf 87' lang='lat' dir='ltr'>corr.</span> <span class='ocrx_word' id='word_1_451' title='bbox 1126 5008 1155 5070; x_wconf 82' lang='grc' dir='ltr'>Ε)</span> <span class='ocrx_word' id='word_1_452' title='bbox 1171 5006 1287 5060; x_wconf 70' lang='lat' dir='ltr'>ALFO.</span> <span class='ocrx_word' id='word_1_453' title='bbox 1306 5005 1346 5057; x_wconf 88' lang='lat' dir='ltr'>Cl.</span> <span class='ocrx_word' id='word_1_454' title='bbox 1364 5005 1389 5069; x_wconf 67' lang='lat' dir='ltr'>g.</span> <span class='ocrx_word' id='word_1_455' title='bbox 1403 5004 1443 5055; x_wconf 84' lang='grc'><strong>49.</strong></span> <span class='ocrx_word' id='word_1_456' title='bbox 1456 5002 1490 5053; x_wconf 89' lang='lat' dir='ltr'>ad</span> <span class='ocrx_word' id='word_1_457' title='bbox 1503 5000 1591 5053; x_wconf 84' lang='lat' dir='ltr'>Famll.</span> <span class='ocrx_word' id='word_1_458' title='bbox 1604 5002 1658 5051; x_wconf 78' lang='lat' dir='ltr'>Vll.</span> <span class='ocrx_word' id='word_1_459' title='bbox 1671 5001 1748 5063; x_wconf 81' lang='lat'>30,2.</span> 
     </span>
     <span class='ocr_line' id='line_1_49' title="bbox 424 5075 1749 5151; baseline -0.008 -15"><span class='ocrx_word' id='word_1_460' title='bbox 424 5110 452 5121; x_wconf 95' lang='lat'><em>-</em></span> <span class='ocrx_word' id='word_1_461' title='bbox 473 5084 516 5136; x_wconf 75' lang='lat'>26.</span> <span class='ocrx_word' id='word_1_462' title='bbox 533 5083 571 5151; x_wconf 83' lang='lat' dir='ltr'>st]</span> <span class='ocrx_word' id='word_1_463' title='bbox 587 5086 616 5133; x_wconf 79' lang='lat' dir='ltr'>ut</span> <span class='ocrx_word' id='word_1_464' title='bbox 631 5086 660 5133; x_wconf 79' lang='lat' dir='ltr'>ut</span> <span class='ocrx_word' id='word_1_465' title='bbox 676 5083 705 5133; x_wconf 89' lang='grc' dir='ltr'>Τ.</span> <span class='ocrx_word' id='word_1_466' title='bbox 724 5082 764 5133; x_wconf 89' lang='lat' dir='ltr'>Cl.</span> <span class='ocrx_word' id='word_1_467' title='bbox 783 5081 807 5147; x_wconf 71' lang='lat'>8.</span> <span class='ocrx_word' id='word_1_468' title='bbox 825 5083 906 5133; x_wconf 72' lang='lat'>52-</span> <span class='ocrx_word' id='word_1_469' title='bbox 925 5082 967 5133; x_wconf 77' lang='lat'>27.</span> <span class='ocrx_word' id='word_1_470' title='bbox 984 5084 1065 5134; x_wconf 74' lang='lat' dir='ltr'>otrl.</span> <span class='ocrx_word' id='word_1_471' title='bbox 1085 5109 1113 5118; x_wconf 88' lang='lat'>—</span> <span class='ocrx_word' id='word_1_472' title='bbox 1132 5082 1253 5133; x_wconf 66' lang='lat' dir='ltr'>mandas</span> <span class='ocrx_word' id='word_1_473' title='bbox 1269 5078 1392 5130; x_wconf 80' lang='lat' dir='ltr'>Eeb-</span> <span class='ocrx_word' id='word_1_474' title='bbox 1410 5079 1459 5143; x_wconf 76' lang='lat' dir='ltr'>(bit</span> <span class='ocrx_word' id='word_1_475' title='bbox 1476 5076 1702 5142; x_wconf 69' lang='lat' dir='ltr'>(cornintbtssetl</span> <span class='ocrx_word' id='word_1_476' title='bbox 1718 5075 1749 5126; x_wconf 82' lang='lat' dir='ltr'>E.</span> 
     </span>
     <span class='ocr_line' id='line_1_50' title="bbox 424 5150 1752 5213; baseline -0.01 0"><span class='ocrx_word' id='word_1_477' title='bbox 424 5187 452 5197; x_wconf 86' lang='lat'>—</span> <span class='ocrx_word' id='word_1_478' title='bbox 469 5159 511 5213; x_wconf 74' lang='grc'><strong>32.</strong></span> <span class='ocrx_word' id='word_1_479' title='bbox 528 5159 652 5213; x_wconf 71' lang='lat' dir='ltr'>malm</span> <span class='ocrx_word' id='word_1_480' title='bbox 668 5156 788 5209; x_wconf 75' lang='lat' dir='ltr'>toronen</span> <span class='ocrx_word' id='word_1_481' title='bbox 803 5158 893 5210; x_wconf 80' lang='lat' dir='ltr'>E&#39;la:</span> <span class='ocrx_word' id='word_1_482' title='bbox 911 5153 1330 5210; x_wconf 71' lang='lat' dir='ltr'>bosonsmmolorernlllbto.</span> <span class='ocrx_word' id='word_1_483' title='bbox 1345 5177 1373 5190; x_wconf 92' lang='lat'>-</span> <span class='ocrx_word' id='word_1_484' title='bbox 1391 5152 1433 5205; x_wconf 79' lang='grc'><strong>33.</strong></span> <span class='ocrx_word' id='word_1_485' title='bbox 1451 5152 1603 5203; x_wconf 66' lang='lat' dir='ltr'>eruditoria</span> <span class='ocrx_word' id='word_1_486' title='bbox 1618 5150 1752 5202; x_wconf 71' lang='lat' dir='ltr'>constituta</span> 
     </span>
     <span class='ocr_line' id='line_1_51' title="bbox 422 5227 1752 5301; baseline -0.005 -16"><span class='ocrx_word' id='word_1_487' title='bbox 422 5233 1018 5301; x_wconf 71' lang='lat' dir='ltr'>sebattesnarpenton&#39;oprotnlttttaebslt..</span> <span class='ocrx_word' id='word_1_488' title='bbox 1037 5232 1070 5297; x_wconf 67' lang='grc' dir='ltr'><strong>(Β.</strong></span> <span class='ocrx_word' id='word_1_489' title='bbox 1087 5232 1139 5296; x_wconf 67' lang='lat' dir='ltr'>le.)</span> <span class='ocrx_word' id='word_1_490' title='bbox 1155 5231 1324 5284; x_wconf 75' lang='lat' dir='ltr'>babetl’.-</span> <span class='ocrx_word' id='word_1_491' title='bbox 1342 5228 1384 5284; x_wconf 78' lang='lat' dir='ltr'>al.</span> <span class='ocrx_word' id='word_1_492' title='bbox 1401 5227 1752 5295; x_wconf 56' lang='lat' dir='ltr'>admistomlllctttotn</span> 
     </span>
     <span class='ocr_line' id='line_1_52' title="bbox 423 5307 784 5366; baseline -0.006 -2"><span class='ocrx_word' id='word_1_493' title='bbox 423 5308 738 5366; x_wconf 65' lang='lat' dir='ltr'>consecraneorum</span> <span class='ocrx_word' id='word_1_494' title='bbox 755 5307 784 5366; x_wconf 74' lang='lat'>2.</span> 
     </span>
    </p>
   </div>
   <div class='ocr_carea' id='block_1_6' title="bbox 0 0 2192 6100">
    <p class='ocr_par' dir='ltr' id='par_1_8' title="bbox 0 0 2192 6100">
     <span class='ocr_line' id='line_1_53' title="bbox 0 0 2192 6100; baseline 0 0"><span class='ocrx_word' id='word_1_495' title='bbox 0 0 2192 6100; x_wconf 95' lang='lat' dir='ltr'> </span> 
     </span>
    </p>
   </div>
  </div>
 </body>
</html>
