4367 6109
701 605 770 670 un.
791 604 846 669 m.
868 602 943 668 cn.
963 603 1162 669 arv-cvr.
1183 597 1449 687 §pum-tau.
1663 586 1721 667 28⁴

414 794 497 839 esse:
528 774 633 838 scribit
654 774 798 838 Metellus
827 782 981 837 aratorum
1008 792 1077 837 esse
1099 774 1270 855 penuriam.
1313 772 1381 834 lloc
1403 790 1474 834 curn
1496 768 1618 841 scribit,
1646 762 1725 830 illud

412 867 559 940 ostendit,
582 866 736 942 deiectos,
761 866 893 930 fortunis
915 866 1058 931 omnibus
1081 866 1229 950 expulsos
1251 886 1320 929 esse
1340 864 1450 949 populi
1471 863 1602 926 Romani
1624 860 1726 924 socios

411 969 507 1046 atque
529 962 662 1034 amicos3
689 961 803 1044 quibus
825 960 852 1023 si
875 980 937 1043 qua
959 959 1118 1023 calamitas
1139 969 1267 1043 propter
1288 961 1384 1022 istum
1406 958 1500 1022 salvis
1522 954 1726 1038 vectigalibus

410 1056 525 1118 nostris
546 1055 720 1128 accidisset,
743 1056 991 1118 animadvertere
1013 1061 1117 1117 tamen
1139 1055 1170 1116 in
1193 1073 1263 1117 eum
1278 1074 1334 1117 vos
1349 1052 1521 1135 oportebat,
1542 1047 1727 1133 pracsertim

411 1169 481 1212 cum
503 1168 541 1211 ea
561 1146 630 1229 lege
652 1148 841 1220 iudicaretis,
863 1167 946 1230 quae
968 1147 1124 1210 sociomm
1146 1167 1239 1209 causa
1260 1153 1343 1210 esset
1364 1147 1546 1209 constituta:
1568 1164 1638 1206 cum
1651 1152 1751 1204 vorot

410 1241 543 1326 perditis
566 1236 800 1324 profligatisque
823 1240 916 1303 sociis
938 1239 1105 1322 vectigalia
1126 1241 1237 1322 populi
1252 1241 1383 1304 Romani
1405 1241 1468 1303 siut
1485 1239 1654 1310 deminuta,
1675 1251 1727 1297 res

410 1335 622 1406 frumentaria,
644 1340 847 1408 commeatus,
870 1334 990 1415 copiae,
1013 1332 1097 1396 salus
1119 1333 1203 1396 urbis
1225 1342 1321 1419 atque
1337 1336 1532 1397 exercituum
1548 1338 1726 1395 nostrorum

410 1430 444 1491 iu
466 1427 681 1511 posteritatem
703 1429 794 1491 istius
816 1427 945 1490 arentia
966 1427 1137 1489 interierit:
1159 1427 1269 1490 saltem
1291 1428 1398 1511 populi
1415 1427 1546 1490 Romani
1561 1421 1727 1488 commoda

410 1522 570 1607 respicite,
600 1521 627 1583 si
650 1522 745 1584 sociis
767 1518 957 1584 fidelissimis
984 1523 1164 1604 prospicere
1187 1540 1251 1583 uon
1273 1522 1430 1585 laboratis.
1474 1516 1545 1583 428.
1566 1521 1669 1601 Atque
1691 1523 1727 1579 ut

410 1614 591 1695 intelligatis
615 1614 654 1677 ab
677 1616 737 1677 isto
759 1635 834 1697 prae
856 1615 943 1678 lucro
965 1614 1145 1698 praedaque
1167 1618 1325 1699 praesenti
1351 1636 1409 1680 neo
1439 1615 1638 1697 vectigalium
1667 1622 1763 1675 nacto

410 1709 603 1793 posteritatis
625 1708 760 1771 habitam
785 1728 854 1770 esse
876 1709 1040 1781 rationem,
1064 1711 1253 1791 cognoscite,
1276 1710 1353 1792 quid
1369 1708 1408 1772 ad
1424 1718 1598 1772 extremum
1613 1705 1729 1770 scribat

410 1802 565 1867 ldctellus.
599 1802 633 1864 lu
647 1819 808 1875 murorum
824 1822 931 1865 rxusu
947 1819 1069 1866 rruevs
1086 1822 1310 1867 vscrsoemovs
1323 1821 1487 1866 rnosrsxr.
1518 1803 1554 1862 ln
1569 1800 1727 1881 reliquum

410 1904 532 1978 tempus
563 1895 608 1959 ait
634 1916 668 1958 se
696 1896 900 1979 vectigalibus
930 1897 1142 1979 prospexisse.
1184 1899 1255 1960 Nou
1284 1897 1434 1961 scriberet
1461 1916 1495 1959 se
1524 1892 1728 1976 vectigalibus

409 1988 620 2073 prospexisse,
641 1991 702 2053 nisi
719 1990 777 2052 boc
792 1989 888 2053 vellet
902 1991 1077 2063 ostendere,
1101 1998 1130 2053 te
1146 1991 1310 2073 vectigalia
1324 1991 1510 2073 perdidisse.
1544 1986 1628 2064 Quid
1643 1985 1728 2048 cuim

410 2092 489 2157 erat,
519 2084 604 2166 quod
634 2084 838 2165 vectigalibus
866 2084 1061 2167 prospiceret
1090 2084 1236 2147 Metellus
1266 2087 1298 2148 in
1326 2085 1466 2148 decumis
1495 2083 1585 2147 etin
1612 2088 1673 2144 tota
1694 2089 1765 2140 reto

408 2177 627 2250 frumentaria,
655 2179 681 2240 si
703 2178 762 2240 iste
792 2197 856 2240 non
886 2178 1061 2260 vectigalia·
1077 2179 1185 2262 populi
1214 2179 1345 2242 Romani
1368 2199 1427 2243 suo
1449 2185 1580 2262 quaestu
1602 2192 1730 2259 perver-

410 2275 522 2336 tissetl
564 2272 667 2355 Atque
696 2272 764 2354 ipse
796 2271 960 2345 Metellus,
992 2272 1047 2354 qui
1076 2273 1279 2355 vectigalibus
1307 2273 1474 2357 prospicit,
1507 2271 1561 2356 qui
1588 2270 1728 2352 reliquos

409 2374 546 2431 aratores
563 2365 699 2448 colligit,
722 2365 798 2448 quid
820 2367 1000 2448 assequitur
1020 2365 1083 2428 nisi
1105 2365 1174 2440 boc,
1195 2375 1231 2430 ut
1251 2375 1349 2440 arent,
1372 2369 1399 2430 si
1420 2369 1475 2450 qui
1496 2371 1637 2452 possunt,
1659 2361 1730 2445 qui-

409 2463 467 2525 bus
489 2468 625 2524 aratrum
647 2460 757 2522 saltem
779 2459 910 2542 aliquod
932 2459 1059 2523 satelles
1081 2460 1171 2523 istius
1193 2461 1352 2542 Apronius
1373 2461 1530 2544 reliquum
1557 2458 1645 2532 fecit,
1675 2456 1730 2540 qui

409 2565 514 2619 tamen
536 2558 569 2618 in
591 2555 673 2636 agris
696 2574 751 2637 spe
767 2562 862 2637 atque
878 2554 1115 2636 exspectatione
1132 2553 1250 2617 ldetelli
1264 2558 1502 2619 remanseruntl
1534 2552 1618 2629 Quid
1633 2549 1768 2613 ceteritt)

409 2650 529 2714 Siculi?
561 2647 638 2731 quid
669 2647 723 2710 ille
751 2649 907 2714 maximus
929 2667 1077 2711 uumerus
1109 2656 1280 2722 aratorum,
1309 2649 1363 2731 qui
1385 2669 1448 2712 non
1469 2648 1564 2712 modo
1586 2667 1627 2709 ex
1647 2643 1730 2728 agris

409 2742 499 2806 eiecti
530 2749 621 2815 sunt,
654 2740 708 2803 sed
732 2742 826 2804 eliam
848 2761 889 2803 ex
911 2742 1087 2805 civitatibus
1111 2742 1193 2815 suis,
1223 2763 1263 2804 ex
1284 2743 1456 2824 provincia,
1479 2743 1616 2824 denique
1637 2738 1730 2801 bouis

408 2836 604 2918 fortunisque
626 2835 771 2900 omnibus
793 2836 908 2920 ereptis
931 2834 1151 2918 profugerunt,
1186 2855 1248 2918 qua
1276 2838 1396 2900 ratione
1426 2837 1448 2899 ii
1478 2833 1729 2901 revocabuntur?

409 2937 486 3013 quot
505 2937 685 3011 praetorum
707 2929 889 2992 innocentia
910 2930 1130 3012 sapientiaque
1151 2950 1231 3012 opus
1254 2938 1316 3004 est,
1338 2939 1372 2993 ut
1392 2931 1448 2994 illa
1468 2938 1624 2994 aratorum
1645 2926 1724 2990 mul·
1755 3008 1758 3015 ι

409 3024 511 3087 titudo
533 3022 704 3104 aliquando
727 3024 760 3085 iu
782 3025 846 3086 suis
868 3024 950 3105 agris
973 3043 1008 3085 ac
1032 3022 1159 3086 sedibus
1182 3024 1380 3087 colloceturl
1423 3026 1500 3087 LVl.
1529 3018 1600 3085 429.
1621 3022 1666 3085 Ac
1688 3026 1767 3086 nott

409 3115 564 3178 miremini
587 3123 704 3178 tantam
726 3116 958 3179 multitudinem
981 3116 1175 3198 profugisse,
1207 3125 1356 3200 quantam
1385 3138 1426 3181 ex
1454 3119 1566 3181 litteris
1595 3115 1729 3199 publicis

409 3219 628 3293 aratommque
650 3209 896 3292 professionibus
919 3210 1125 3292 cognovistis:
1148 3211 1260 3274 scitote
1281 3219 1398 3274 tautam
1414 3212 1612 3275 acerbitatem
1627 3211 1729 3284 istius,

408 3312 529 3368 tantum
551 3304 655 3366 scelus
677 3303 709 3365 in
733 3312 871 3366 aratores
893 3303 1045 3366 fuisse-
1067 3304 1251 3367 incredibile
1272 3305 1357 3367 dictu
1380 3314 1438 3381 est,
1460 3307 1589 3380 iudices,
1618 3304 1675 3368 sed
1697 3311 1730 3368 el

407 3399 523 3482 factum
545 3407 577 3461 ct
600 3404 664 3460 tota
687 3397 793 3460 Sicilia
814 3405 1014 3481 pervagatum
1035 3430 1087 3469 -,
1107 3405 1142 3460 ut
1162 3397 1306 3462 homiues
1329 3409 1459 3482 propter
1481 3400 1611 3463 iniurias
1633 3399 1729 3462 licen·

409 3493 549 3574 tiamquc
584 3492 828 3555 decumanorum
860 3499 992 3553 mortem
1025 3491 1084 3553 sibi
1121 3492 1181 3575 ipsi
1217 3494 1436 3556 consciverint.
1491 3493 1765 3576 Centuripinumto

408 3584 569 3658 Dioclem,
599 3585 758 3649 bominem
790 3585 995 3667 locupletem,
1026 3588 1228 3668 suspendisse
1256 3608 1290 3650 se
1312 3595 1449 3662 constat,
1480 3588 1616 3672 quodie
1638 3587 1728 3650 sitei

410 3678 585 3741 nuntiatum
601 3679 773 3761 Apronium
789 3679 935 3742 decumas
958 3678 1141 3742 redemisse.
1177 3681 1374 3764 Tyraciuum,
1396 3682 1572 3765 principem
1586 3681 1730 3756 civitatis,

409 3773 519 3836 eadem
552 3772 673 3836 rationo
708 3781 841 3835 mortem
873 3773 1032 3855 oppetisse
1065 3772 1147 3837 dixit
1180 3774 1262 3858 apud
1295 3796 1351 3838 vos
1380 3775 1476 3839 bomo
1506 3776 1729 3851 nobilissimus,

409 3867 604 3930 Archonidas
626 3866 791 3940 Eloriuus,
823 3887 892 3929 cum
921 3867 1061 3929 audisset
1082 3876 1203 3932 tautum
1231 3868 1440 3933 decumanum
1463 3869 1637 3952 professum
1659 3888 1729 3932 esse

409 3980 450 4023 cx
471 3959 573 4023 edicto
596 3960 686 4023 istius
709 3960 769 4022 sibi
800 3960 922 4034 deberi,
954 3969 1105 4044 quantum
1132 3962 1187 4025 ille
1215 3963 1307 4025 bonis
1336 3964 1401 4027 suis
1428 3963 1573 4027 omnibus
1602 3962 1767 4029 efficeres

409 4073 472 4115 nou
498 4061 614 4135 posset

472 4236 496 4285 Ξ.
516 4236 617 4286 delectos
633 4237 701 4298 ngat
713 4235 744 4286 li
756 4238 788 4295 ll;
806 4239 893 4287 electos
910 4241 938 4288 A.
956 4239 1062 4290 Addunt
1084 4240 1161 4291 codd.
1181 4242 1298 4306 (praeter
1318 4240 1385 4304 egla
1399 4243 1424 4305 F)
1446 4243 1546 4300 eiectos,
1567 4243 1630 4293 item
1648 4244 1678 4293 0.
1700 4269 1724 4281 -

408 4310 433 4361 l.
452 4315 542 4362 uostris
560 4324 612 4361 orn.
627 4312 703 4375 Lgtt.
717 4339 742 4348 -
754 4314 867 4363 ocimum
883 4316 1012 4366 oduntem
1023 4316 1099 4378 egla.
1112 4342 1140 4352 -
1151 4321 1234 4365 tomen
1251 4316 1279 4368 l:
1299 4329 1351 4367 orn.
1372 4318 1419 4368 dtt.
1437 4320 1467 4370 0.
1480 4345 1506 4354 -
1518 4319 1543 4369 o.
1561 4332 1618 4367 cum
1629 4331 1662 4368 a
1677 4318 1730 4384 lege

408 4386 484 4450 Lgtt.
505 4413 532 4422 -
552 4387 576 4436 b.
596 4387 719 4436 emenus
737 4390 813 4451 lagg.
833 4394 940 4453 praeter
955 4391 996 4440 29.
1013 4419 1039 4426 -
1053 4393 1078 4442 7.
1097 4392 1170 4453 copia
1187 4390 1264 4453 ugit.
1281 4419 1308 4429 -
1322 4391 1346 4442 8.
1365 4393 1453 4441 saltem
1467 4406 1494 4455 p.
1514 4393 1541 4442 u.
1559 4406 1647 4442 comm.
1666 4393 1727 4456 ng.

407 4472 501 4511 omues
517 4463 536 4510 A
550 4461 602 4511 uc
627 4462 683 4522 (sed
702 4463 717 4510 d
734 4462 797 4512 dett.
817 4465 894 4526 burg.
913 4465 1038 4527 sotulemtt
1062 4479 1082 4515 s.
1102 4480 1123 4515 c.
1140 4480 1166 4527 p.
1186 4467 1214 4515 lt.
1233 4467 1253 4515 Ν
1272 4467 1300 4516 0.
1321 4494 1349 4504 -
1371 4469 1410 4518 lt.
1431 4467 1551 4531 berettus}
1567 4469 1687 4532 sequitur
1703 4468 1729 4517 iu

408 4536 476 4599 ugus
489 4539 545 4586 ctA
560 4536 595 4586 B:
615 4538 661 4586 DE
679 4537 733 4597 (EX
741 4538 769 4599 A]
788 4538 936 4588 EPISTULA
954 4541 1104 4597 ltdl'dlbl,
1123 4553 1191 4603 quac
1208 4539 1289 4589 verba
1308 4539 1362 4591 rell.
1382 4556 1435 4593 orn.
1450 4568 1477 4578 -
1491 4543 1527 4593 IN
1537 4544 1606 4593 lllll.
1620 4543 1732 4592 TAMEN

409 4612 433 4661 Τ.
456 4611 481 4658 V.
499 4609 651 4661 PROSPEXI
671 4611 770 4661 babent
791 4611 838 4662 soli
858 4613 972 4675 egeto:
996 4628 1048 4663 orn.
1067 4613 1122 4664 rell.
1143 4628 1247 4669 onsnes.
1267 4619 1295 4665 ut
1312 4616 1427 4670 videtum
1452 4618 1562 4669 TAMEN
1577 4632 1631 4668 om.
1650 4618 1678 4668 0.
1699 4643 1726 4653 -

408 4687 447 4736 lt.
470 4685 629 4748 vectigalibus
650 4689 687 4737 ott
709 4691 769 4743 lom.
789 4690 823 4751 se)
846 4688 1043 4751 egestasque
1065 4687 1177 4738 lectione
1200 4690 1227 4739 Z.
1251 4688 1372 4740 dubitare
1396 4704 1448 4741 non
1470 4690 1605 4753 debebatl.
1629 4716 1655 4727 -
1678 4706 1729 4741 uon

406 4761 520 4811 scriberet
531 4786 567 4798 ·-
577 4763 733 4822 prospectus
748 4773 801 4811 orn.
821 4763 899 4824 Lugg.
918 4766 1024 4827 practer
1041 4763 1072 4812 29
1087 4762 1127 4813 ts.
1148 4764 1199 4826 {Sic
1215 4763 1342 4814 lectiones
1360 4766 1421 4815 inde
1440 4779 1454 4815 a
1472 4779 1497 4815 v.
1517 4767 1626 4816 Metellus
1642 4779 1667 4816 v.
1687 4767 1726 4817 ta.

407 4835 502 4885 clarius
520 4847 599 4898 quarn
618 4835 644 4884 Z.
664 4835 763 4885 lecerut
780 4848 810 4884 ex
829 4834 901 4885 Nicb.
921 4838 1072 4901 apographo
1089 4837 1256 4900 digessimus.
1277 4839 1368 4904 illum]
1382 4867 1408 4876 -
1423 4841 1462 4891 tt.
1478 4846 1594 4891 totcom.
1608 4841 1684 4904 tgtt.
1699 4868 1726 4878 -

408 4911 447 4960 lb.
467 4917 570 4972 quaestu
586 4924 629 4959 suo
646 4914 665 4960 A
680 4911 708 4962 B.
728 4911 788 4972 ng.
808 4915 914 4974 praeter
930 4910 970 4960 lt.
986 4938 1012 4947 ·—
1028 4911 1067 4961 til.
1086 4914 1181 4976 collegit
1197 4917 1217 4964 A
1231 4915 1248 4963 u
1263 4915 1338 4977 ogas.
1354 4940 1381 4950 -
1394 4915 1434 4966 st.
1452 4917 1533 4965 iocor.
1548 4918 1731 4977 modestiaque

408 4986 484 5049 ngas.
500 5013 526 5022 -
540 4987 580 5035 25.
601 4999 631 5034 cc
646 4985 762 5034 sedilibus
778 4982 855 5045 egle.
871 5011 897 5021 -
911 4986 952 5035 fl.
971 4987 1071 5035 tunderes
1087 4987 1169 5036 ocerb
1185 4989 1259 5052 eget.
1276 5015 1301 5024 -
1316 4989 1357 5039 29.
1370 4995 1393 5038 et
1404 4993 1464 5039 ante
1477 4995 1529 5039 toto
1539 5002 1593 5039 om.
1607 4989 1686 5040 idem.
1698 5016 1726 5026 -

403 5065 571 5123 pervagatum
580 5059 844 5122 ngtamenmquum
852 5063 889 5109 ott
907 5060 936 5108 0.
947 5087 973 5095 —
981 5067 1009 5109 set
1017 5074 1070 5110 orn.
1081 5061 1158 5124 Lglt.
1168 5064 1242 5112 -34,
1252 5063 1354 5113 Dioclen
1364 5064 1431 5125 egre
1440 5068 1469 5114 A.
1478 5064 1552 5126 —sttt
1561 5069 1595 5113 eet
1604 5062 1728 5127 probabl-

407 5132 466 5184 liter
477 5135 544 5184 coni.
560 5133 643 5184 Halm.
657 5134 731 5194 (quod
738 5134 788 5182 dics
798 5134 829 5183 sit
840 5135 1002 5184 desudatus
1011 5135 1113 5199 Lugii.)
1122 5165 1146 5173 -
1161 5136 1200 5188 32.
1212 5138 1361 5199 luroelnum
1370 5140 1477 5202 Zumpt:
1493 5138 1633 5189 rlractmen
1642 5136 1726 5200 Lagld

409 5209 439 5260 F:
459 5208 645 5269 Dgrroclu'uum
662 5212 706 5260 cll.
725 5209 753 5259 0.
775 5236 801 5246 -
818 5210 956 5272 prtcctpem
972 5211 1054 5275 Luta:
1069 5226 1181 5274 primum
1196 5217 1242 5264 ctt.
1261 5215 1290 5265 0.
1311 5241 1338 5251 -
1352 5213 1392 5265 al.
1410 5215 1527 5264 lllorinus
1543 5215 1576 5263 0:
1593 5213 1725 5262 Helorinus

408 5284 502 5350 Zumpt
523 5281 591 5348 (coll.
608 5285 651 5350 lv,
671 5299 694 5336 c.
713 5285 778 5351 26.);
800 5284 915 5337 Fumone
930 5286 1008 5355 lagg.
1027 5298 1131 5341 omues.
1149 5312 1174 5326 -
1189 5287 1352 5345 uuum
1368 5286 1449 5362 agla:
1467 5288 1629 5345 mmor-cot
1644 5290 1691 5345 cll.
