4367 6109
488 554 550 620 500
895 553 1046 621 ORATIO
1068 555 1147 621 PRO
1168 558 1206 620 Α.
1228 554 1399 622 CAECINA

488 723 561 790 tuus
584 724 713 798 uilicus,
734 742 800 786 nou
834 723 862 787 si
883 724 930 787 tui
953 726 1034 789 servi
1064 745 1159 810 quam
1189 727 1217 789 si
1246 725 1342 789 alicui
1371 744 1408 787 ac
1436 725 1663 800 mercennarii,
1684 745 1756 789 non
1785 723 1813 788 si

487 827 561 882 tuus
586 825 772 902 procurator
794 836 889 901 quam
917 818 944 881 si
971 819 1093 881 vicinus
1115 825 1171 881 aut
1191 818 1323 882 libertus
1341 828 1432 894 tuus,
1461 839 1526 882 nou
1553 820 1579 882 si
1608 820 1728 882 coactis
1751 819 1814 883 ho·

487 912 621 976 minibus
650 931 745 994 quam
774 913 801 975 si
830 911 1017 976 uoluntariis
1045 920 1100 975 aut
1121 913 1215 975 etiam
1235 913 1370 976 assiduis
1392 933 1429 976 ae
1451 913 1651 988 domesticis,
1684 931 1754 976 non
1782 911 1809 976 si

485 1006 612 1069 armatis
633 1025 729 1089 quam
751 1006 778 1068 si
800 1006 989 1080 inermibus,
1012 1007 1066 1089 qui
1083 1007 1146 1070 vim
1169 1014 1359 1070 armatorum
1380 1006 1533 1070 haberent
1553 1005 1593 1069 ad
1614 1005 1810 1080 nocendum,

461 1110 550 1163 bnon
580 1098 606 1163 si
634 1100 778 1183 pluribus
806 1119 900 1184 quam
931 1101 957 1164 si
991 1121 1055 1163 uno
1084 1107 1214 1162 armato.
1248 1098 1372 1174 Quibus
1394 1100 1479 1163 enim
1501 1099 1595 1164 rebus
1616 1100 1809 1184 plerumque

483 1193 531 1257 vis
552 1189 588 1257 fit
608 1193 677 1257 cius
698 1194 800 1269 modi,
823 1213 879 1258 eae
900 1214 951 1257 res
973 1193 1173 1277 appellantur
1192 1193 1225 1255 in
1247 1193 1425 1256 interdicto.
1459 1195 1492 1256 Si
1513 1214 1572 1276 per
1592 1193 1670 1257 alias
1685 1213 1739 1257 res
1755 1212 1810 1255 ea·

484 1288 555 1352 dem
576 1288 658 1352 iacta
677 1287 726 1351 ris
747 1296 809 1362 est,
832 1308 869 1351 ea
891 1289 1014 1351 tametsi
1028 1287 1133 1351 verbis
1148 1287 1307 1350 interdicti
1327 1307 1394 1349 uon
1408 1288 1623 1379 concluditur,
1646 1286 1809 1351 sententia

483 1391 587 1447 tamen
608 1382 684 1446 iuris
706 1389 801 1466 atque
823 1383 1008 1445 auctoritate
1033 1382 1195 1444 retinetur.

568 1476 684 1539 XXIII.
706 1473 757 1538 64.
779 1476 878 1539 Venio
901 1496 985 1538 nunc
1007 1475 1046 1537 ad
1068 1473 1147 1537 illud
1169 1483 1275 1537 tuum:
1299 1476 1389 1537 «Non
1412 1475 1529 1549 deieci,
1551 1476 1721 1539 nonenim
1745 1473 1808 1538 sivi

446 1571 662 1635 concredere.»
695 1571 776 1634 Puto
803 1577 835 1632 te
865 1569 984 1653 ipsum,
1012 1569 1101 1642 Piso,
1130 1571 1325 1651 perspicere,
1355 1576 1474 1650 quanto
1496 1568 1556 1632 ista
1578 1571 1620 1632 sit
1639 1569 1810 1652 angustior

483 1665 686 1748 iniquiorque
707 1662 849 1725 defensio
888 1681 982 1744 quam
1010 1663 1037 1724 si
1065 1661 1120 1724 illa
1142 1670 1281 1726 utererec
1312 1665 1400 1726 «Non
1422 1661 1550 1726 fuerunt
1570 1665 1698 1739 armati,
1731 1683 1808 1726 curn

482 1756 617 1820 husdbus
640 1765 763 1820 etcum
785 1755 869 1819 saxis
885 1755 1040 1819 luerunt»
1077 1755 1111 1816 si
1133 1755 1310 1820 mehercule
1333 1756 1426 1830 mihi,
1448 1775 1512 1819 uon
1534 1757 1664 1840 copioso
1679 1757 1807 1822 homini

474 1850 522 1915 ad
544 1851 728 1925 dicendum,
750 1849 838 1931 optio
861 1847 970 1922 detur,
997 1856 1104 1912 utrum
1126 1849 1232 1913 malim
1256 1850 1442 1924 defendere,
1464 1870 1530 1913 non
1552 1870 1622 1914 esse
1644 1851 1807 1914 deiectum

483 1965 572 2019 eum,
603 1945 653 2007 cui
682 1943 713 2007 vi
742 1950 774 2006 et
794 1942 889 2005 armis
910 1941 1100 2024 ingredienti
1121 1944 1163 2008 sit
1185 1964 1368 2018 occursum,
1396 1963 1437 2006 an
1459 1952 1594 2008 armatos
1615 1964 1680 2008 uon
1700 1944 1806 2009 fuisse

445 2057 555 2114 toeos,
576 2037 630 2121 qui
653 2037 722 2101 sine
742 2037 838 2100 scutis
859 2037 993 2119 sineque
1012 2035 1096 2099 ferro
1114 2035 1249 2110 fuerint,
1272 2037 1400 2100 omnino
1415 2037 1455 2099 ad
1470 2035 1668 2119 probandum
1684 2047 1807 2102 utram·

483 2152 545 2217 que
573 2150 639 2193 rem
669 2131 793 2195 rideam
815 2127 970 2194 infirmam
992 2130 1251 2214 nugatoriamque
1274 2150 1361 2205 esse,
1388 2129 1429 2193 ad
1451 2130 1619 2193 dicendum
1640 2141 1745 2196 autem
1768 2134 1806 2196 in

482 2227 579 2291 altera
599 2224 708 2288 videar
728 2223 805 2287 mihi
828 2223 950 2308 aliquid
971 2225 1111 2308 reperire
1135 2213 1248 2308 pbssc,
1277 2244 1342 2286 non
1362 2223 1462 2298 fuisse
1484 2232 1619 2288 armatos
1641 2244 1713 2300 eos,
1745 2225 1805 2310 qui

481 2339 585 2402 neque
608 2317 680 2382 ferri
703 2318 877 2402 quidquam
898 2337 1004 2401 neque
1026 2326 1149 2382 scutum
1168 2317 1268 2381 ullum
1282 2318 1468 2383 habuerint:
1488 2318 1541 2381 hic
1555 2337 1629 2382 vero
1643 2318 1806 2393 haeream,

481 2413 509 2477 ei
531 2413 608 2476 mihi
622 2410 854 2476 defendendum
875 2411 931 2486 sit,
953 2432 1041 2486 eum,
1063 2413 1118 2496 qui
1138 2413 1251 2495 pulsus
1264 2413 1454 2498 fugatusque
1469 2415 1527 2488 sit,
1548 2432 1612 2476 non
1628 2433 1699 2477 esse
1713 2413 1807 2475 deie-

445 2516 578 2576 aoctum.
612 2503 663 2568 65.
684 2507 789 2589 Atque
809 2505 889 2568 illud
911 2505 945 2567 in
966 2512 1032 2568 tota
1053 2504 1237 2569 defensione
1259 2514 1312 2570 tua
1334 2507 1409 2570 mihi
1431 2507 1569 2571 maxime
1583 2507 1697 2569 mirum
1711 2505 1807 2570 ride-

481 2601 590 2677 batur,
611 2607 643 2664 te
665 2600 770 2663 dicere
791 2599 869 2662 iuris
892 2599 1106 2663 consultorum
1129 2601 1307 2664 auctoritati
1329 2600 1537 2684 obtemperari
1557 2618 1621 2663 non
1643 2607 1805 2683 oportere.

483 2693 577 2771 Quod
608 2712 666 2777 ego
694 2693 818 2757 tametsi
840 2712 905 2755 non
926 2713 1010 2754 nunc
1035 2695 1171 2777 primum
1194 2715 1298 2779 neque
1319 2696 1352 2757 in
1373 2695 1432 2758 hac
1454 2714 1547 2758 causa
1569 2693 1671 2758 solum
1692 2691 1805 2768 audio,

481 2797 587 2852 tamen
615 2786 785 2852 admodum
813 2785 962 2859 mirabar,
992 2787 1048 2851 abs
1078 2797 1109 2852 tc
1139 2809 1232 2872 quam
1255 2789 1296 2852 ob
1318 2810 1383 2853 rem
1405 2790 1570 2853 diceretur.
1603 2789 1681 2851 Nam
1703 2785 1804 2850 ceteri

482 2889 548 2945 tum
569 2881 609 2945 ad
631 2883 722 2944 istam
742 2880 917 2944 orationem
940 2878 1126 2958 decurrunt,
1157 2904 1228 2947 cum
1251 2902 1285 2947 se
1307 2883 1340 2945 in
1362 2903 1457 2946 causa
1478 2891 1588 2966 putant
1608 2881 1725 2945 habere
1747 2900 1806 2943 ae-

444 2996 580 3058 raquum
603 2982 635 3039 et
654 2976 772 3039 bonum
794 2973 881 3058 quod
903 2973 1082 3037 defendant.
1119 2977 1152 3039 Si
1176 2983 1287 3040 contra
1307 2975 1410 3039 verbis
1433 2985 1465 3038 ct
1485 2976 1597 3039 litteris
1616 2984 1664 3050 et,
1685 2982 1721 3038 ut
1736 2975 1804 3039 dici

481 3067 580 3142 solet,
602 3087 723 3131 summo
744 3068 813 3130 iure
836 3067 1051 3142 contenditur,
1074 3070 1177 3133 solent
1198 3071 1267 3133 eius
1288 3070 1374 3133 modi
1395 3070 1553 3152 iniquitati
1570 3072 1662 3153 aequi
1677 3069 1803 3133 othoni

482 3181 598 3226 nomen
620 3161 867 3245 dignitatemque
888 3180 1059 3245 opponere.
1100 3164 1180 3225 Tum
1211 3162 1306 3238 illud,
1336 3163 1419 3247 quod
1442 3164 1572 3238 dicitur,
1602 3184 1687 3240 srva,
1714 3182 1803 3238 urrrr,

548 3453 572 3503 4.
590 3452 677 3503 mear
692 3453 727 3502 P:
753 3451 848 3502 ridicae
864 3448 977 3505 4480.
1004 3449 1044 3502 Gi.
1062 3450 1087 3516 ἓ.
1105 3450 1147 3502 aa:
1173 3479 1201 3488 -
1224 3454 1391 3503 mercennarii
1407 3454 1454 3503 EI
1474 3455 1500 3503 et
1519 3465 1572 3516 mg.
1590 3450 1623 3507 2:
1647 3455 1801 3504 muratorii

483 3523 567 3580 480.
585 3526 624 3576 De
641 3526 661 3575 Τ
677 3523 823 3577 Harlessius
840 3525 907 3577 silet.
926 3525 965 3576 Ct.
984 3525 1007 3589 5.
1021 3527 1062 3576 88.
1083 3554 1110 3564 -
1130 3526 1154 3578 4.
1173 3541 1249 3590 qaam
1264 3527 1352 3576 inerm.
1373 3529 1433 3589 (om.
1451 3527 1482 3589 ri)
1501 3528 1566 3577 aek
1578 3531 1648 3592 mgt
1665 3532 1691 3579 ct
1707 3530 1737 3579 Α.
1757 3531 1800 3592 (ln

482 3603 492 3651 t
510 3597 660 3665 suppletum
678 3603 719 3651 est
733 3601 755 3651 a·
771 3614 785 3650 a
803 3614 857 3652 sec.
876 3598 922 3659 m.)
942 3627 969 3637 -
995 3600 1097 3650 inermis
1112 3605 1207 3665 neqt.
1235 3601 1273 3651 ct.
1292 3600 1316 3665 5.
1335 3601 1374 3650 83.
1403 3627 1430 3636 -
1456 3606 1612 3652 amoenam
1627 3602 1744 3653 haberem
1759 3605 1798 3653 P:

481 3674 598 3725 ammae
614 3679 770 3726 ormotomnn
786 3675 930 3730 448480.
949 3702 977 3712 -
1001 3677 1025 3726 a.
1043 3689 1094 3725 ano
1110 3689 1163 3726 om.
1182 3678 1210 3726 P.
1230 3702 1257 3712 ·-
1284 3677 1309 3725 6.
1326 3688 1371 3726 eae
1387 3675 1512 3726 Pakmt
1526 3678 1554 3726 ct
1570 3677 1604 3728 0:
1625 3677 1673 3729 bae
1688 3678 1800 3730 E‘Illb

483 3747 609 3813 epqali
631 3751 658 3799 et
677 3750 727 3801 Al.
738 3748 765 3804 8.
792 3751 902 3801 Comma
919 3753 1009 3800 autem
1026 3751 1219 3814 Wesenbergio
1235 3754 1343 3801 auctore
1362 3749 1403 3812 (ad
1420 3764 1459 3801 cr.
1477 3763 1503 3815 p.
1521 3752 1606 3801 Sestio
1621 3764 1648 3816 p.
1666 3752 1718 3814 84.)
1736 3764 1800 3803 cum

482 3822 594 3874 iordano
610 3825 671 3875 onte
688 3824 757 3876 hanc
773 3836 868 3876 vocem
884 3825 974 3889 posui,
994 3824 1065 3888 quod
1075 3827 1184 3890 priores
1201 3825 1316 3877 editores
1332 3827 1392 3889 post
1407 3838 1433 3874 u.
1450 3826 1479 3888 {tt
1495 3830 1647 3888 posuerant.
1663 3851 1691 3863 -
1709 3827 1801 3890 appet-

464 3964 465 3967 ,
483 3898 569 3948 tantem
583 3900 610 3948 tn
625 3899 754 3950 interdicto
769 3900 846 3950 PEI'
857 3900 928 3950 et0:
946 3900 1106 3962 appellantur
1119 3901 1250 3951 interdicto
1267 3902 1329 3961 (om.
1342 3900 1376 3961 ia)
1388 3897 1501 3953 44448.
1520 3899 1559 3951 Cl.
1573 3913 1599 3965 p.
1612 3899 1669 3953 too.
1681 3913 1707 3952 v.
1717 3902 1799 3953 86.-

483 3974 580 4024 easdcm
596 3986 671 4025 erosa
689 3975 774 4026 Ilttera
789 3975 878 4024 444-
897 3975 921 4024 4.
939 3975 1059 4024 sententia
1074 3976 1201 4025 tammP:
1220 3976 1433 4026 tmrrensmtmtia
1449 3974 1631 4029 444488-
1649 3976 1674 4027 8.
1690 3977 1802 4029 cordae·

483 4053 526 4098 tarr
542 4049 571 4098 4..
590 4074 618 4084 -
636 4049 660 4099 8.
677 4063 727 4098 non
743 4050 809 4100 enim
824 4047 977 4098 sioiPE'l':
997 4048 1019 4097 si
1036 4050 1163 4100 enimsivi
1179 4051 1216 4108 nn
1237 4049 1340 4100 nanim
1356 4050 1394 4098 soi
1411 4052 1485 4114 (ipa
1503 4050 1564 4114 (mg.
1583 4051 1620 4112 t)·,
1646 4051 1802 4103 namnam

485 4122 730 4188 abekmqttmg.
743 4122 801 4187 IIp)
820 4125 847 4172 et
862 4121 953 4181 480;
970 4122 992 4172 a'
1007 4137 1057 4173 non
1073 4125 1120 4174 etri
1135 4128 1237 4184 earnm
1256 4125 1298 4174 sed
1313 4125 1421 4173 noneiai
1434 4122 1532 4185 mend:
1549 4125 1653 4176 etenim
1667 4127 1707 4176 sai
1722 4128 1800 4192 θρα

485 4199 587 4262 (ηιμ).
605 4225 633 4235 -
654 4198 888 4249 tt.eiom.h.—
906 4198 1090 4249 annaeu-
1108 4199 1586 4263 cannonbueetcmnraaisETO:
1605 4201 1801 4264 quamturtiour

483 4278 506 4324 et
525 4286 599 4334 quom
618 4274 688 4324 roais
707 4270 794 4325 littera
815 4287 830 4324 o
850 4271 892 4324 bis
914 4275 1042 4338 expuncta
1060 4276 1079 4325 Ρ
1100 4274 1141 4336 (ct.
1159 4288 1208 4340 pro
1225 4274 1345 4335 Quinctio
1362 4273 1387 4338 5.
1406 4274 1469 4337 88.);
1494 4287 1551 4324 mon
1570 4275 1674 4339 4444444444
1689 4281 1713 4328 et
1727 4277 1801 4327 sanir

482 4345 597 4401 uate.
617 4374 644 4384 —
671 4347 711 4396 48.
729 4346 766 4409 84]
783 4346 832 4397 Sed
847 4350 877 4397 Α.
898 4373 925 4383 -
950 4345 989 4398 tt.
1008 4347 1056 4413 car]
1074 4348 1117 4411 qai
1132 4351 1161 4399 P.
1184 4349 1222 4400 ct.
1241 4349 1266 4413 5.
1286 4350 1326 4400 48.
1347 4376 1373 4386 -
1401 4350 1440 4399 45.
1458 4349 1556 4412 roreque
1572 4352 1608 4400 P:
1633 4365 1664 4402 ac
1679 4352 1732 4403 stete
1747 4354 1799 4404 aa

483 4419 568 4474 480.
588 4446 615 4456 -
630 4420 788 4482 probandam
804 4422 833 4471 Τ.
852 4446 880 4457 -
899 4421 938 4472 tt.
957 4423 1064 4472 ahmam
1080 4426 1108 4473 P.
1128 4449 1155 4459 -
1172 4425 1300 4486 repperire
1315 4425 1344 4475 E.
1364 4423 1402 4475 CI.
1421 4423 1445 4487 5.
1459 4425 1499 4474 tit.
1519 4449 1545 4461 -
1565 4425 1607 4476 48.
1624 4428 1798 4490 qaicqaomP.

485 4520 512 4530 -
525 4494 566 4544 84.
578 4498 734 4557 optenrpara.
747 4533 753 4546 .
767 4497 800 4554 P;
818 4499 984 4559 optemperori
994 4498 1013 4547 Τ
1025 4498 1125 4562 (deerat
1136 4499 1203 4549 haec
1214 4496 1291 4549 lectio
1302 4500 1329 4550 in
1338 4500 1502 4551 Mommsend
1514 4501 1634 4560 schedis;
1647 4503 1679 4552 cl.
1693 4501 1717 4567 fi.
1729 4503 1797 4567 to.);

482 4567 649 4630 obtemperare
665 4582 680 4617 a
698 4573 725 4619 et
740 4583 794 4634 mg.
813 4569 838 4622 e.
859 4597 886 4607 -
910 4572 951 4622 88.
975 4573 1044 4634 Quod
1059 4573 1113 4636 eqo]
1137 4574 1201 4635 qaod
1218 4574 1252 4632 Ε,
1280 4572 1328 4623 sed
1349 4587 1394 4637 eqo
1416 4587 1548 4638 superscr.
1566 4578 1597 4626 ut
1615 4577 1797 4629 inserendum.

484 4668 512 4679 -
530 4642 570 4693 83.
587 4644 730 4694 ammodum
746 4646 774 4695 Τ.
801 4672 828 4682 -
852 4645 892 4697 84.
911 4648 1048 4697 orationem
1069 4648 1115 4698 Tk
1137 4651 1164 4698 et
1182 4661 1235 4712 mg.
1254 4646 1288 4702 2:
1315 4649 1478 4698 hortationem
1494 4649 1635 4704 444480.
1662 4652 1799 4704 «Lambini

481 4717 618 4768 orationem
635 4718 772 4770 confirmat
789 4718 872 4770 codex
889 4722 1029 4773 Bavaricus
1047 4723 1166 4787 egregie,
1185 4735 1271 4787 neque
1284 4723 1354 4772 enim
1366 4720 1453 4772 locum
1465 4723 1508 4774 hic
1518 4724 1600 4774 hahet
1610 4726 1729 4787 hortatio,
1748 4729 1798 4780 sed

482 4793 648 4858 disputatio·
667 4796 726 4844 Gru.
739 4795 763 4845 8.
782 4794 821 4846 Cf.
840 4808 888 4860 pro
905 4795 986 4847 Tullio
1003 4797 1027 4861 ἓ.
1045 4801 1086 4850 85.
1107 4827 1135 4838 -
1153 4800 1194 4849 86.
1212 4800 1263 4848 turi
1279 4799 1337 4848 ET.
1350 4822 1379 4834 -
1398 4799 1472 4860 aequi
1488 4804 1511 4849 et
1526 4799 1582 4850 boni
1599 4801 1689 4852 ETL:
1707 4803 1800 4856 erboni

480 4873 506 4920 et
520 4869 593 4930 aequi
609 4868 699 4927 uum
718 4869 774 4920 boici
789 4876 813 4920 et
829 4873 902 4934 accat
919 4885 980 4924 cunr
997 4871 1081 4937 mgb
1099 4876 1126 4922 et
1142 4875 1253 4923 Grutero
1264 4873 1293 4922 0.
1306 4898 1333 4908 -
1351 4873 1392 4922 84.
1410 4875 1485 4936 qaod]
1501 4887 1550 4937 qao
1566 4876 1644 4940 Ehlp
1664 4877 1726 4940 (sec.
1740 4879 1797 4942 m).

483 4968 511 4979 -
531 4942 635 5004 dicitur,
658 4942 744 5003 SIVE,
762 4945 854 5006 NIVE,
875 4946 980 4997 irrident
996 4961 1057 4998 cum
1075 4944 1211 4998 Gulielmio
1227 4949 1262 4998 οε
1283 4947 1375 4996 antur
1390 4949 1442 4998 nae
1456 4949 1513 5000 niba
1532 4950 1637 5001 tendam
1652 4951 1688 5012 V;
1706 4953 1800 5003 amiur

480 5017 534 5068 siae
548 5016 634 5069 nibene
651 5018 712 5081 (non
727 5017 831 5081 4444444)
842 5020 949 5071 tendent
960 5023 993 5081 Τ;
1011 5023 1104 5072 dicitur
1119 5023 1208 5072 ciuem
1218 5020 1277 5072 berre
1287 5022 1393 5072 irrident
1404 5025 1562 5077 Francianus
1574 5026 1687 5086 (tracum
1705 5028 1800 5078 dicitur

480 5091 503 5143 ei
517 5092 576 5142 aeni
592 5091 620 5142 be
634 5093 738 5143 irrideret
748 5095 782 5152 44;
800 5094 907 5149 dicitur:
927 5096 963 5146 sic
977 5098 1072 5147 uenire.
1089 5097 1195 5147 irrident
1209 5097 1245 5156 Α;
1268 5097 1371 5160 dicitur,
1389 5111 1484 5148 amoro
1498 5100 1565 5160 iore,
1582 5101 1688 5153 irrident
1703 5102 1798 5153 Manu-

481 5166 546 5226 trum
568 5166 660 5218 dcitur
674 5167 691 5202 t
706 5168 811 5219 irridem
827 5181 888 5222 cum
904 5169 998 5221 lacuna
1015 5172 1049 5230 L;
1072 5171 1175 5233 amtor,
1196 5171 1234 5221 att
1248 5171 1336 5235 lingua
1350 5173 1521 5237 nmmmassit,
1541 5174 1647 5228 iniant
1662 5188 1725 5232 cum
1740 5177 1800 5233 110-

481 5242 589 5294 tomano
605 5240 634 5298 8.
656 5244 695 5295 De
711 5241 802 5296 litteris
818 5243 833 5295 ί
850 5248 907 5298 eto
924 5246 993 5297 inter
1007 5259 1038 5298 se
1054 5248 1210 5312 permutatis
1226 5245 1260 5300 cl.
1276 5260 1304 5314 p.
1323 5246 1403 5301 Tullio
1420 5248 1445 5314 5.
1463 5251 1504 5302 84.
1520 5249 1561 5303 88.
1578 5248 1622 5305 48.
