4367 6109
796 568 870 637 Cur.
891 569 1068 642 LI-Llll.
1095 569 1153 656 ss.
1174 568 1361 639 tlt-tte.
1696 567 1732 640 7t

506 739 572 804 LII.
599 736 671 805 teo.
699 741 816 805 Verum
843 740 869 803 si
891 760 911 805 a
933 740 1157 826 Chrysogono,
1189 741 1327 818 iudices,
1355 763 1422 807 non
1448 744 1671 829 impetramus,
1702 752 1739 809 ut

420 836 560 921 pecunia
580 843 689 900 nostra
710 841 877 898 contentus
899 835 956 908 sit,
978 836 1075 899 dmm
1098 856 1138 898 ne
1159 843 1265 919 petat;
1287 837 1315 899 si
1336 837 1391 901 ille
1412 837 1526 902 adduci
1540 859 1606 902 non
1623 845 1738 923 potest,

419 937 473 1004 nt,
500 947 575 993 cum
602 928 756 993 ademerit
784 927 876 991 nobis
905 929 1027 1003 omnia,
1058 948 1139 1014 quae
1161 937 1270 994 nostra
1291 938 1382 994 erant
1401 933 1546 1015 propria,
1568 952 1613 996 ne
1635 933 1738 995 lucem

421 1042 552 1109 quoque
578 1021 676 1097 bano,
706 1040 788 1105 quae
813 1021 990 1085 communis
1020 1030 1083 1095 est,
1112 1022 1234 1105 eripere
1261 1024 1384 1107 cupiat;
1413 1025 1527 1088 sinon
1548 1025 1624 1089 eatis
1644 1024 1740 1089 babet

420 1117 585 1182 avaritiam
606 1135 696 1180 suam
718 1115 854 1200 pecunie
876 1115 1020 1199 explere,
1041 1115 1104 1178 nisi
1127 1115 1223 1178 etiam
1243 1117 1422 1182 crudelitati
1435 1118 1564 1203 sanguis
1578 1117 1739 1201 praebitus
1760 1128 1777 1176 t

420 1213 477 1275 sit:
500 1231 599 1274 unum
619 1209 815 1293 perfugium,
836 1209 975 1284 iudices,
996 1227 1060 1271 una
1082 1228 1155 1292 spes
1176 1208 1301 1293 reliqua
1315 1217 1363 1273 est
1378 1212 1451 1274 Sex.
1465 1212 1596 1286 Roscio,
1618 1210 1739 1283 eadem,

420 1323 504 1390 qnae
525 1302 572 1367 rei
590 1302 753 1387 publicae,
775 1310 880 1369 vestra
893 1302 1027 1386 pristina
1041 1301 1168 1365 bonitas
1182 1307 1214 1365 et
1227 1302 1461 1383 misericordie3
1483 1325 1565 1390 quae
1580 1305 1607 1369 si
1622 1310 1739 1379 manet,

419 1399 500 1465 salvi
522 1397 618 1460 etiam
639 1416 724 1460 nunc
746 1417 817 1460 esse
838 1416 1018 1481 possumus.
1062 1396 1118 1458 Sin
1140 1415 1178 1458 ea
1200 1395 1383 1473 crudelitas,
1411 1417 1493 1481 quae
1514 1398 1576 1461 hoc
1596 1405 1739 1481 tempore

419 1493 454 1556 in
475 1511 511 1556 re
531 1489 661 1574 publica
681 1497 805 1555 versata
826 1498 888 1567 est,
911 1497 1032 1554 vestros
1056 1508 1187 1573 quoque
1204 1489 1344 1564 animos,
1365 1489 1398 1554 id
1413 1493 1500 1575 quod
1514 1489 1582 1557 lieri
1596 1491 1738 1577 profecto

420 1603 487 1648 non
514 1590 635 1668 potest,
669 1584 813 1648 duriores
842 1583 1083 1667 acerbioresque
1115 1581 1236 1658 reddit,
1268 1591 1373 1646 aetum
1395 1591 1460 1661 est,
1487 1585 1624 1664 iudices;
1656 1587 1776 1650 interae

419 1678 503 1742 feras
532 1677 631 1741 satius
660 1685 710 1742 est
735 1684 871 1742 aetatem
898 1678 1011 1759 degere
1033 1696 1130 1760 quam
1151 1676 1186 1739 in
1207 1675 1267 1740 hac
1288 1684 1376 1742 tanta
1395 1678 1589 1743 immanitate
1610 1679 1739 1744 versari.

420 1767 493 1835 l5l.
514 1770 564 1833 Ad
585 1792 696 1836 eamne
717 1792 784 1835 rem
806 1792 862 1837 vos
883 1770 1035 1834 reservati
1057 1770 1158 1834 estis‘l
1185 1771 1226 1834 ad
1248 1791 1359 1835 eamne
1379 1791 1447 1835 rem
1468 1772 1598 1847 delecti,
1625 1780 1661 1836 ut
1682 1791 1738 1836 eos

421 1866 687 1941 condemnaretis,
711 1886 792 1949 quos
814 1871 953 1928 sectores
975 1883 1012 1925 ac
1034 1864 1139 1928 sicarii
1161 1864 1303 1947 iugulare
1318 1885 1383 1928 non
1397 1867 1600 1949 potuissent?
1629 1866 1740 1929 Solent

419 1961 481 2024 boc
503 1959 581 2023 boni
603 1961 810 2044 imperatores
831 1959 952 2033 facere,
975 1979 1047 2021 cum
1068 1958 1225 2042 proelium
1247 1958 1462 2035 committunt,
1484 1967 1520 2023 ut
1540 1960 1574 2021 in
1596 1979 1633 2022 eo
1656 1959 1738 2033 loco,

421 2073 485 2139 quo
507 2053 615 2136 fugam
636 2053 777 2117 hostium
793 2053 866 2128 ‚iore
889 2053 1094 2127 arbitrentur,
1127 2053 1243 2115 milites
1265 2053 1438 2128 collocent,
1459 2054 1493 2118 in
1515 2072 1611 2137 quos,
1633 2051 1661 2114 si
1683 2050 1776 2134 quito

420 2168 461 2212 ex
481 2148 550 2212 acia
570 2147 724 2231 lugerint,
749 2148 789 2211 de
811 2146 984 2230 improviso
1006 2146 1158 2209 incidant.
1200 2147 1354 2210 Nimirum
1383 2147 1530 2211 similiter
1550 2145 1739 2208 arbitrantur

420 2243 471 2307 isti
493 2243 650 2306 bonorum
672 2247 848 2323 emptores,
871 2259 928 2304 vos
949 2240 1017 2315 bic,
1039 2239 1119 2303 tales
1141 2241 1245 2316 viros,
1268 2241 1391 2317 sedere,
1414 2241 1470 2325 qui
1492 2239 1657 2324 excipiatis
1672 2258 1739 2315 eos,

422 2337 477 2422 quui
500 2336 540 2399 de
560 2335 629 2398 suis
651 2335 795 2397 manibus
818 2334 994 2417 effugerint.
1037 2335 1077 2396 Di
1099 2333 1303 2417 prohibeant,
1336 2334 1471 2410 iudices,
1493 2342 1530 2397 ut
1549 2336 1628 2409 hoc,
1650 2333 1738 2417 quod

420 2431 556 2494 maiores
578 2429 748 2492 consilium
770 2429 932 2512 publicum
954 2430 1060 2492 vocari
1081 2428 1266 2504 voluerunt,
1288 2429 1481 2512 praesidium
1496 2435 1654 2493 sectorum
1670 2427 1738 2490 exi·

420 2525 572 2590 stimetur.
617 2518 688 2585 let.
715 2523 763 2585 bn
792 2543 882 2596 vero,
914 2523 1051 2598 iudices,
1084 2542 1142 2586 vos
1171 2542 1235 2585 non
1265 2522 1440 2605 intelligitis
1462 2522 1543 2586 nibil
1564 2522 1650 2585 aliud
1671 2522 1774 2605 agi,20
1827 2552 1831 2559 ·

419 2617 481 2681 nisi
502 2623 539 2678 ut
559 2617 810 2700 proscriptorum
832 2617 922 2680 liberi
946 2618 1059 2701 quavis
1081 2617 1204 2680 ratione
1227 2617 1393 2692 tollantur,
1416 2624 1447 2681 et
1465 2618 1533 2681 eius
1548 2618 1595 2679 rei
1609 2617 1736 2680 initium

418 2713 452 2775 in
480 2718 587 2774 vestro
608 2711 677 2773 iure
699 2712 832 2775 iurando
855 2719 950 2797 atque
972 2713 1006 2774 in
1033 2713 1106 2776 Sex.
1127 2709 1234 2774 Roscii
1255 2711 1396 2794 periculo
1421 2712 1556 2795 quaerit
1598 2711 1736 2774 Dubium

419 2812 483 2879 eet,
505 2804 546 2869 ad
568 2825 663 2889 quem
685 2802 873 2868 maleficium
894 2807 1066 2889 pertineat,
1096 2827 1168 2868 cum
1189 2805 1322 2869 rideatis
1345 2826 1385 2869 ex
1406 2806 1504 2870 altera
1525 2812 1613 2890 parte
1634 2809 1736 2867 secto-

418 2920 499 2975 rem,
520 2899 701 2974 inimicum,
721 2899 868 2962 sicarium
884 2900 1083 2985 eundemque
1099 2907 1313 2965 accusatorem
1326 2900 1387 2964 hoc
1402 2909 1560 2985 tempore:
1583 2918 1623 2961 ex
1636 2899 1736 2962 altera

417 3002 506 3079 parte
535 3000 694 3077 egentem,
726 2995 894 3077 probatum
923 2995 989 3058 suis
1019 2992 1137 3070 lilium,
1171 2996 1204 3058 in
1227 3014 1292 3079 quo
1314 3015 1380 3058 non
1401 2995 1495 3058 modo
1518 2994 1611 3077 culpa
1631 2993 1772 3066 nullam

418 3090 473 3153 sed
495 3109 536 3152 ne
558 3088 698 3171 suspicio
723 3089 852 3172 quidem
878 3087 985 3173 potuit
1009 3090 1209 3152 consisteret
1251 3089 1413 3172 Numquid
1438 3088 1491 3150 bic
1512 3088 1599 3151 aliud
1620 3085 1734 3150 videtis

418 3183 542 3247 obstare
570 3182 700 3271 Roscio,
733 3183 795 3245 nisi
823 3185 909 3266 quod
938 3184 1036 3267 patris
1059 3182 1143 3245 bona
1164 3181 1352 3245 venierunt?
1395 3182 1475 3244 LIII.
1498 3177 1569 3243 453.
1591 3179 1734 3256 Quodsi

416 3277 449 3340 id
470 3296 527 3339 vos
550 3275 710 3358 suscipitis
732 3282 763 3338 et
784 3296 854 3339 eam
876 3277 914 3339 ad
938 3296 1003 3339 rem
1026 3296 1155 3358 operam
1177 3281 1313 3338 vestram
1334 3272 1540 3358 profitemini,
1567 3274 1594 3337 si
1615 3273 1732 3335 idcirco

417 3370 548 3444 sedetis,
580 3377 616 3430 ut
647 3369 687 3430 ad
715 3390 770 3433 vos
800 3371 996 3433 adducantur
1016 3390 1126 3432 eorum
1149 3370 1256 3444 liberi,
1288 3392 1424 3456 quorum
1444 3372 1529 3434 bona
1550 3370 1732 3443 venierunt,

417 3470 539 3537 cavete,
561 3482 619 3545 per
640 3463 718 3526 deos
740 3463 949 3539 immortales,
981 3463 1119 3539 iudices,
1152 3484 1191 3527 ne
1221 3484 1303 3529 nova
1325 3474 1357 3529 et
1378 3466 1475 3529 multo
1497 3462 1656 3527 crudelior
1675 3476 1770 3545 pereo

416 3577 472 3622 vos
495 3556 684 3640 proscriptio
706 3557 880 3621 instaurata
903 3578 973 3621 esse
995 3559 1148 3622 videatur.
1191 3559 1281 3622 Illam
1302 3560 1457 3644 priorem,
1480 3577 1562 3643 quae
1583 3554 1666 3619 facta
1685 3563 1734 3619 est

417 3653 449 3715 in
471 3670 544 3724 cos,
566 3650 622 3733 qui
644 3669 730 3712 arma
753 3670 866 3735 capere
888 3659 1076 3735 potuerunt,
1099 3662 1203 3716 tamen
1225 3661 1353 3717 senatus
1375 3653 1535 3736 suscipere
1549 3650 1670 3723 noluit,
1690 3669 1732 3712 ne

417 3742 493 3829 quid
521 3745 641 3818 acrius,
675 3764 770 3828 quam
799 3766 887 3809 more
913 3747 1067 3809 maiorum
1099 3755 1313 3831 comparatum
1342 3754 1406 3823 est,
1441 3746 1568 3830 publico
1597 3743 1731 3807 consilio

416 3836 531 3901 iactum
553 3836 730 3913 videretur3
751 3837 833 3902 banc
854 3860 945 3914 vero,
968 3861 1050 3924 quae
1072 3839 1112 3904 ad
1134 3861 1244 3904 eorum
1265 3842 1381 3905 liberos
1398 3848 1495 3925 atque
1510 3840 1550 3901 ad
1564 3838 1732 3901 infantium

415 3951 586 4016 puerorum
607 3931 799 3996 incunabula
820 3935 972 4017 pertinet,
995 3935 1057 3998 nisi
1078 3935 1139 3999 hoc
1161 3934 1280 3999 iudicio
1299 3936 1423 4000 asebis
1437 3933 1565 3997 reiicitis
1580 3939 1613 3995 et
1625 3943 1769 4014 asper-at

477 4158 502 4207 d.
519 4155 663 4207 mdelitoti
678 4156 781 4220 moute
792 4155 921 4218 moebuus
937 4157 1039 4222 blodvig
1059 4158 1115 4223 (Op.
1128 4160 1148 4209 l.
1160 4171 1187 4223 p.
1201 4158 1282 4221 terp:
1299 4157 1445 4208 aeduino
1460 4157 1590 4221 wopam
1602 4155 1732 4218 mestuus

415 4229 503 4293 codd,
528 4243 612 4290 vac;
638 4229 785 4281 crudelitate
805 4232 934 4296 conpulsis
953 4232 1059 4294 pertitus
1081 4233 1124 4283 ed.
1143 4235 1250 4293 Manat..
1269 4233 1298 4283 0.
1326 4232 1364 4283 Cl.
1383 4233 1437 4284 Cic.
1463 4233 1497 4284 de
1513 4234 1592 4283 Deor.
1612 4232 1669 4282 Nat.
1688 4231 1730 4281 111.

414 4307 440 4372 s.
452 4307 493 4358 87:
510 4319 557 4357 cur
571 4307 710 4357 Poewrrem
725 4304 867 4356 crudelitati
882 4308 968 4371 negoti
984 4321 1074 4370 corpus
1090 4314 1126 4358 est
1137 4307 1301 4370 omarum?
1313 4335 1341 4344 -
1360 4308 1384 4359 6.
1403 4309 1490 4360 eodm
1506 4321 1571 4371 quoe
1581 4307 1730 4360 Manutius:

413 4380 636 4444 ndmioueoodd.
649 4381 718 4441 noti,
736 4393 811 4431 vac.
827 4407 853 4417 -
867 4381 891 4431 9.
904 4382 969 4432 iore
982 4397 1009 4444 p.
1023 4396 1076 4445 ac,
1094 4383 1135 4435 bit
1147 4395 1183 4434 m.
1196 4396 1262 4434 sec:
1280 4383 1307 4434 ie
1323 4396 1415 4446 reiro.
1428 4384 1516 4445 Gilv,
1535 4380 1607 4443 Pell..
1626 4383 1728 4442 Prono..

413 4455 504 4508 lon.
523 4482 551 4490 -
569 4455 679 4521 omem]
696 4461 813 4519 persora
829 4456 931 4519 sodli)
950 4458 1047 4516 Ursini,
1065 4463 1179 4509 mereatu
1195 4461 1267 4509 leun.
1292 4458 1330 4509 Ct.
1349 4457 1470 4522 Seyfferti
1486 4459 1556 4521 epist.
1574 4457 1633 4507 crit.
1649 4468 1675 4520 p.
1689 4455 1729 4506 tt.

415 4557 442 4567 -
460 4531 557 4581 idom.
576 4533 605 4582 G.
625 4557 653 4567 -
672 4531 712 4581 40.
730 4531 812 4582 reddit
826 4531 980 4585 oucrv:
1007 4532 1114 4582 reddidit
1130 4534 1211 4595 Oac,
1231 4532 1308 4585 codd.
1327 4531 1395 4595 rell,
1412 4535 1442 4583 nt
1458 4533 1572 4583 videtur.
1604 4529 1670 4580 Illud
1687 4542 1732 4579 re·

413 4605 486 4670 cepi,
505 4606 568 4671 quia
583 4604 721 4671 praecedit
731 4610 824 4668 potest,
842 4619 896 4658 non
911 4606 1001 4670 paruo.
1021 4634 1048 4643 -
1073 4609 1112 4658 tn.
1131 4607 1245 4662 dilectit
1262 4609 1289 4659 in
1306 4621 1389 4671 marg.
1409 4634 1437 4645 -
1457 4607 1497 4660 44.
1512 4607 1638 4669 praetium
1654 4605 1732 4654 omit

412 4685 468 4733 tunt
487 4682 516 4732 (t.
543 4709 571 4718 -
599 4683 639 4733 lb.
658 4696 709 4745 ooo
730 4683 818 4747 mom
836 4694 910 4748 susp.
930 4684 1021 4735 Lamb.
1045 4712 1073 4722 -
1099 4686 1141 4736 20.
1162 4684 1337 4748 imdigootl
1358 4684 1453 4744 (ortum
1470 4696 1503 4733 ex
1522 4680 1680 4745 temque).
1701 4707 1729 4717 -

413 4757 454 4808 22.
472 4755 604 4807 dubiosae
620 4762 655 4807 ert
665 4760 699 4818 G,
717 4756 777 4808 tort.
791 4759 874 4808 recte.
889 4787 916 4796 -
935 4760 976 4810 23.
988 4773 1022 4809 eor
1037 4771 1091 4810 om.
1103 4774 1129 4809 v.
1145 4785 1172 4794 -
1190 4756 1231 4810 24.
1251 4771 1284 4808 ee
1298 4758 1379 4808 attero
1395 4763 1503 4823 egenum
1513 4759 1541 4809 L.
1557 4784 1584 4792 -
1602 4757 1643 4807 26.
1660 4768 1732 4804 ιιιιηι-

413 4831 474 4895 guid
488 4830 536 4893 bie]
553 4843 607 4881 om.
624 4831 664 4881 bic
680 4833 787 4891 Franc.;
804 4834 925 4895 oomth
939 4834 997 4883 boio
1012 4835 1079 4884 coni.
1098 4834 1214 4897 Madvig,
1233 4831 1321 4884 deleto
1336 4834 1437 4894 aarum
1455 4832 1504 4884 sed
1520 4833 1543 4883 si
1554 4830 1618 4895 quid
1629 4831 1732 4880 mutan-

413 4905 490 4968 dum,
509 4905 628 4956 scribere
645 4904 752 4957 malim:
771 4907 868 4958 obstare
883 4909 942 4959 See.
962 4910 1055 4959 doado.
1075 4937 1103 4947 -
1121 4910 1162 4961 28.
1178 4922 1223 4958 voe
1237 4910 1265 4958 id
1280 4910 1371 4959 Franc.
1392 4936 1420 4946 -
1438 4922 1494 4958 eom
1510 4907 1613 4957 adrem
1629 4902 1732 4955 Guiliel·

413 4980 499 5031 mins:
522 4980 625 5029 euadere
644 4993 699 5030 rem
716 4981 751 5041 C,
774 4982 860 5031 eudon
879 4996 932 5032 rem
957 4984 988 5044 s,
1010 4986 1068 5033 Per.
1082 4985 1105 5033 4.
1119 4985 1159 5044 9.;
1184 4984 1270 5034 eodem
1286 4997 1313 5033 re
1329 4984 1349 5033 Τ
1357 4997 1374 5032 v
1391 4983 1463 5047 (ilem
1480 4980 1558 5033 codd.
1577 4981 1660 5040 Grut,
1686 4981 1731 5029 aut

413 5055 515 5106 eaodem
530 5055 605 5117 rern);
623 5055 658 5105 ud
674 5056 777 5107 eosdm
791 5070 846 5107 rem
863 5058 926 5118 GH,
945 5059 1046 5119 Franc,
1064 5059 1084 5109 0
1103 5058 1159 5121 (sed
1177 5061 1198 5108 G
1213 5060 1310 5117 eodem;
1336 5057 1407 5109 nude
1425 5057 1484 5108 tort.
1502 5054 1673 5107 scribendum
1690 5056 1731 5105 est

413 5131 447 5180 od
470 5144 526 5181 soro
548 5143 615 5191 rora,
642 5129 682 5181 sic
703 5129 736 5181 de
759 5133 813 5181 Inv.
832 5132 852 5182 1.
874 5131 898 5195 5.
918 5132 957 5183 60.
982 5133 1009 5184 in
1030 5132 1089 5183 eod.
1114 5136 1172 5184 Par.
1191 5133 1263 5184 7744.
1281 5134 1368 5185 cudero
1384 5146 1433 5198 pro
1449 5145 1505 5183 eom
1520 5131 1648 5194 scriptum
1665 5131 1728 5190 est);

413 5206 515 5256 eosdm
535 5218 585 5257 esse
605 5219 642 5265 κ;
668 5217 724 5256 eom
743 5219 797 5256 rem
821 5207 879 5257 Par.
898 5206 937 5267 4.;
963 5208 1048 5258 eodem
1064 5209 1135 5259 iore
1151 5209 1276 5273 Micam
1301 5209 1328 5259 io
1348 5220 1472 5259 eomrem
1487 5209 1546 5258 Par.
1564 5207 1604 5268 7.;
1626 5219 1683 5258 eom
1703 5206 1731 5256 io

412 5292 466 5334 rem
481 5280 549 5334 coni.
567 5281 676 5336 Steinm.
696 5303 725 5318 -
743 5280 783 5336 34.
800 5282 896 5350 (ocimo
912 5294 965 5334 om.
984 5296 1010 5333 c.
1030 5309 1056 5323 -
1076 5287 1151 5348 utque
1166 5284 1300 5348 insaniter
1316 5285 1344 5334 L.
