4367 6109
455 568 518 636 384
826 572 870 637 IN
890 572 1058 638 Vlllililibl
1077 572 1200 639 acrlo
1223 574 1406 641 SECUNDA

459 763 553 827 quam
575 761 645 807 esse
666 742 842 805 arbitretur.
886 738 936 806 43.
964 745 1068 828 Atque
1089 745 1169 809 baec
1190 746 1290 810 sicubi
1311 746 1393 809 facta
1415 751 1505 820 sunt,
1526 742 1608 808 lacta
1631 749 1726 820 sunt,
1748 749 1785 806 nt

419 828 427 841 ’
455 835 598 900 homines
627 835 794 920 populares
822 856 859 899 ac
884 837 1009 900 nobiles
1035 839 1190 922 supplicio
1211 847 1266 902 aut
1287 839 1401 903 exsilio
1431 840 1628 903 levarentur:
1661 846 1695 902 at
1717 857 1783 901 non

454 929 553 994 abiis
575 931 667 1014 ipsis,
697 931 751 1012 qui
780 929 987 1005 iudicassent,
1017 940 1049 994 at
1077 952 1142 995 non
1170 934 1292 1007 statim,
1322 941 1353 996 at
1375 952 1439 996 non
1461 952 1571 996 eorum
1601 931 1783 997 facinorum

455 1023 609 1098 damnati,
635 1043 717 1108 quae
739 1023 779 1086 ad
801 1024 897 1087 vitam
919 1032 951 1087 et
972 1025 1012 1087 ad
1033 1024 1175 1088 fortunas
1198 1026 1336 1090 omnium
1359 1027 1564 1109 pertinerent.
1607 1027 1680 1090 Hoc
1700 1044 1781 1089 vero

429 1128 572 1181 enorum
595 1126 626 1181 et
648 1118 716 1182 eius
738 1118 824 1181 modi
847 1127 904 1193 est,
926 1127 963 1181 ut
979 1120 1079 1201 magis
1093 1128 1224 1203 propter
1237 1141 1325 1184 reum
1340 1141 1435 1204 quam
1449 1128 1577 1204 propter
1591 1142 1660 1186 rem
1675 1123 1781 1205 ipsam

455 1211 605 1275 credibile
626 1212 784 1288 rideatur,
807 1221 843 1275 ut
862 1213 1006 1276 homines
1028 1234 1153 1288 servos,
1182 1222 1218 1277 ut
1246 1215 1315 1297 ipse
1337 1216 1391 1298 qui
1413 1214 1583 1290 iudicarat,
1612 1214 1782 1278 utstatim

455 1324 472 1368 e
494 1305 599 1369 medio
622 1306 778 1389 supplicio
800 1307 964 1381 dimiserit,
985 1315 1020 1371 ut
1041 1308 1110 1371 eius
1130 1307 1279 1373 facinoris
1303 1308 1468 1373 damnatos
1490 1330 1608 1384 servos,
1631 1307 1720 1395 quod
1740 1305 1781 1370 ad

455 1401 595 1463 omnium
624 1399 793 1463 liberorum
822 1408 916 1484 caput
945 1406 978 1463 et
1004 1405 1189 1484 sanguinem
1219 1405 1399 1486 pertineret.
1447 1399 1497 1467 ti.
1526 1403 1552 1468 0
1579 1402 1780 1488 praectarum

454 1494 674 1579 imperatorem
695 1515 754 1558 nec
776 1495 840 1557 iam
862 1515 932 1557 cum
954 1495 1004 1558 Μ’.
1026 1496 1169 1578 Aquilio,
1197 1497 1370 1562 fortissimo
1398 1499 1481 1571 viro,
1511 1497 1568 1561 sed
1596 1516 1674 1561 vero
1706 1515 1781 1558 cum

417 1589 587 1663 toPaullis,
618 1589 835 1672 Scipionibus,
865 1589 970 1652 Mariis
1000 1589 1242 1653 conterenduml
1285 1593 1460 1655 Tantumne
1490 1591 1608 1655 vidisse
1633 1591 1668 1653 in
1690 1596 1780 1652 metu

411 1679 412 1682 ’
453 1681 659 1767 periculoque
688 1682 885 1766 provinciael
931 1683 1008 1746 Cum
1036 1683 1234 1747 servitiorum
1265 1684 1388 1748 animos
1415 1685 1449 1748 in
1472 1684 1582 1748 Sicilia
1603 1703 1780 1768 suspensos

452 1784 583 1860 propter
596 1775 715 1839 bellum
728 1776 835 1839 ltaliae
849 1776 1054 1858 fugitivorum
1070 1775 1207 1840 videret:
1230 1796 1270 1840 ne
1286 1778 1406 1860 quisse
1421 1797 1617 1842 commovere
1632 1775 1780 1852 auderet,

454 1878 605 1956 quantum
633 1871 762 1932 terroris
792 1869 913 1933 iniecit!
958 1869 1191 1952 Comprehendi
1219 1871 1327 1933 iussit:
1356 1872 1429 1954 quis
1460 1892 1525 1936 non
1552 1872 1779 1956 pertimescat?

453 1985 578 2029 causam
602 1963 707 2027 dicere
730 1964 890 2026 dominos:
920 1964 997 2047 quid
1020 1972 1194 2028 serrolam
1221 1964 1483 2029 formidolosum?
1518 1986 1644 2031 racrssn
1667 1985 1779 2030 vrnsnr

415 2059 652 2143 etpronuntiat:
674 2064 816 2130 exortam
837 2058 961 2121 videtur
981 2054 1136 2120 llammam
1158 2077 1328 2140 paucorum
1351 2059 1460 2123 dolore
1482 2080 1518 2124 ac
1541 2069 1640 2126 morte
1661 2063 1780 2126 restin-

452 2154 548 2217 xisse.
592 2152 676 2228 Quid
699 2151 814 2215 deinde
835 2152 1001 2234 sequitur?
1043 2152 1183 2215 Verbera
1208 2158 1305 2236 atque
1331 2153 1420 2234 ignes
1441 2161 1474 2217 et
1494 2155 1550 2219 illa
1570 2163 1715 2220 extrema
1736 2153 1779 2219 ad

451 2247 642 2332 supplicium
661 2247 896 2318 damnatorum,
920 2254 1038 2308 metum
1060 2255 1248 2320 ceterorum,
1271 2253 1302 2309 et
1325 2249 1481 2311 cruciatus
1504 2256 1536 2311 et
1557 2269 1646 2312 cmx.
1678 2248 1778 2312 Hisce

452 2341 595 2419 omnibus
617 2340 779 2424 suppliciis
801 2345 876 2402 sunt
901 2338 1034 2402 liberati.
1078 2339 1158 2415 Quis
1187 2339 1324 2415 dubitet,
1354 2341 1431 2425 quin
1462 2361 1623 2406 servornm
1651 2343 1779 2407 animos

453 2455 575 2499 summa
597 2433 768 2498 formidine
790 2433 999 2517 oppresserit,
1028 2454 1099 2496 cum
1120 2434 1265 2496 viderent
1285 2453 1323 2496 ea
1343 2434 1494 2498 facilitate
1515 2444 1712 2521 praetorem,
1741 2443 1780 2499 nt

413 2530 491 2594 toab
513 2550 552 2593 eo
574 2548 735 2593 servorum
758 2526 885 2590 sceleris
908 2527 1200 2612 coniurationisque
1222 2527 1442 2593 damnatorum
1462 2530 1526 2593 vita
1546 2529 1598 2595 vel
1619 2531 1692 2613 ipso
1708 2549 1780 2594 car-

451 2623 544 2686 nifice
565 2622 761 2686 internuntio
783 2620 1015 2684 redimeretur?

534 2718 602 2779 vll.
631 2712 681 2778 le.
705 2716 814 2791 Quidt
842 2716 903 2778 boc
926 2715 959 2778 in
980 2715 1199 2798 Apolloniensi
1221 2717 1439 2792 Aristodemo,
1470 2717 1567 2802 quid‘l
1596 2719 1630 2782 in
1652 2718 1778 2782 Leonte

450 2809 661 2875 Imacharensi
684 2829 750 2873 non
771 2809 856 2874 idem
877 2809 1005 2873 lecisti‘l
1049 2809 1155 2884 Quidt
1187 2809 1248 2873 iste
1278 2817 1381 2873 motus
1411 2811 1611 2875 servitiorum
1631 2811 1778 2895 bellique

449 2905 552 2968 subita
574 2905 712 2988 suspicio
735 2911 839 2966 utrum
860 2903 918 2966 tibi
942 2904 1067 2967 tandem
1087 2902 1281 2986 diligentiam
1298 2904 1523 2968 custodiendae
1538 2907 1778 2989 provinciae-an

410 3011 563 3064 annovam
585 2999 738 3062 rationem
759 2996 985 3080 improbissimi
1009 3005 1158 3081 quaestus
1180 2997 1306 3060 attulit?
1348 2998 1546 3082 Halicyensis
1568 2998 1777 3074 Eumenidae,

449 3093 565 3156 nobilis
592 3091 732 3156 hominis
761 3099 795 3154 et
819 3090 964 3166 bonesti,
993 3109 1125 3172 magnae
1153 3091 1306 3172 pecuniae
1327 3091 1440 3155 vilicus
1462 3111 1533 3155 cum
1554 3092 1695 3178 impulsu
1718 3101 1776 3157 tno

516 3398 540 3451 l.
558 3397 635 3449 sicubi
650 3398 688 3447 ito
703 3396 781 3461 4349.
796 3423 824 3433 -
841 3397 911 3460 fecte
926 3395 991 3461 sont]
1009 3397 1038 3447 ln
1055 3396 1179 3447 omnibus
1196 3396 1274 3447 codd.
1293 3397 1360 3448 haec
1376 3396 1459 3448 verba
1475 3397 1560 3448 semel
1576 3396 1711 3463 legontun
1732 3398 1775 3452 bis

450 3473 565 3542 primum
582 3474 753 3539 apparentia
771 3470 833 3523 edit.
852 3472 989 3523 Cratrand.
1005 3499 1032 3509 -
1045 3472 1070 3522 2.
1089 3485 1121 3522 oc
1137 3472 1185 3523 iit:
1204 3478 1249 3522 004
1264 3472 1330 3522 dett.
1348 3472 1380 3530 0;
1400 3486 1453 3522 non
1470 3486 1531 3523 raro
1549 3487 1581 3524 ec
1597 3473 1775 3537 depravatum

451 3557 506 3606 est:
525 3552 558 3604 cl.
576 3552 642 3602 inira
653 3549 678 3614 5.
691 3546 737 3608 64;
755 3552 801 3596 004
816 3549 932 3598 retinens
943 3546 1061 3597 Halmius
1077 3548 1113 3597 ita
1130 3545 1253 3611 explicat,
1272 3551 1301 3596 ut
1315 3545 1407 3596 0044400
1423 3548 1534 3599 eosdem
1551 3561 1612 3600 esse
1629 3549 1709 3610 dicat,
1728 3552 1775 3614 qni

451 3628 513 3681 alibi
525 3630 653 3691 optimates
664 3622 837 3688 appellantur.
855 3625 889 3673 at
900 3636 952 3672 non
965 3621 1082 3672 debebat
1093 3623 1223 3684 optimates
1233 3622 1267 3685 (p.
1279 3621 1346 3671 sest.
1360 3621 1385 3685 5.
1399 3621 1429 3672 94
1442 3637 1502 3688 sqq.
1515 3623 1549 3673 de
1561 3624 1624 3687 liep.
1638 3624 1669 3672 ll.
1682 3621 1707 3686 5.
1721 3619 1773 3685 44.)

452 3702 614 3757 contundere
632 3712 693 3751 cum
709 3697 840 3757 nobilium
859 3711 909 3748 nec
926 3696 987 3747 licet
1004 3696 1063 3762 [44]
1080 3697 1230 3760 disiungere
1240 3695 1538 3759 popeloresentnobiles‚
1556 3697 1617 3761 quia
1628 3699 1774 3760 utrumque

451 3779 477 3832 ln
495 3779 590 3831 eodem
607 3777 714 3827 homine
731 3787 792 3826 esse
807 3775 902 3838 potest.
932 3774 1024 3836 Neque
1042 3771 1069 3820 b.
1082 3768 1100 3819 l.
1112 3769 1164 3820 ulla
1180 3772 1221 3820 est
1231 3769 1413 3822 disiunctioois
1424 3773 1503 3831 ratio;
1522 3773 1691 3837 opponuntur
1701 3771 1775 3821 enim

450 3856 558 3906 40004000
570 3852 707 3915 populares
721 3864 753 3901 ec
768 3850 860 3901 nobiles
876 3851 900 3913 (i.
919 3863 942 3900 e.
963 3849 1007 3913 qui
1024 3846 1105 3897 iidem
1121 3848 1184 3898 sunt
1199 3843 1309 3904 nobiles)
1327 3844 1465 3896 4040404440
1479 3847 1557 3897 aaron
1572 3847 1588 3895 i.
1608 3859 1631 3895 e.
1650 3844 1775 3896 homines

451 3928 531 3982 nobili
548 3927 605 3978 loco
622 3928 676 3977 nali
693 3929 720 3977 et
736 3925 807 3992 apud
819 3923 945 3990 populum
956 3922 1062 3988 gratiosi
1073 3919 1225 3971 bominibus
1237 3917 1342 3968 intimae
1355 3919 1525 3971 condicionis.
1549 3923 1617 3972 Nam
1627 3921 1678 3972 nisi
1689 3921 1774 3981 lvmi-

451 4018 500 4057 nes
517 4001 618 4054 nobiles
635 4000 712 4053 simul
729 3999 870 4066 populares
888 4002 957 4059 sunt,
976 4011 1029 4047 non
1046 3993 1121 4046 lacile
1139 3995 1178 4056 fit,
1196 3995 1226 4043 ut
1242 3991 1369 4058 supplicio
1387 3997 1433 4044 eut
1449 3993 1539 4045 exsilio
1557 3992 1691 4059 leventur,
1709 3996 1772 4059 quia

451 4083 508 4132 eius
524 4080 564 4130 rei
581 4079 697 4143 poteslas
715 4075 786 4141 apud
802 4073 930 4139 populum
947 4076 995 4124 est.
1010 4097 1037 4106 -
1051 4071 1075 4120 4.
1095 4070 1190 4131 04000]
1208 4075 1236 4118 rc
1247 4083 1297 4118 non
1316 4070 1372 4132 tter)
1390 4071 1418 4119 44.
1439 4071 1510 4133 (item
1522 4070 1628 4121 duobus
1639 4069 1773 4135 prioribus

450 4154 515 4207 locis
528 4153 614 4218 legg.)
628 4178 655 4188 —
675 4151 698 4201 ³.
712 4151 743 4200 ob
755 4149 794 4214 iis]
806 4150 838 4199 ob
849 4151 871 4199 is
882 4151 904 4199 44·
914 4162 953 4213 pr.
967 4160 1013 4207 m.;
1031 4145 1063 4195 ob
1074 4145 1112 4194 bie
1122 4146 1142 4195 it
1154 4157 1224 4195 corr.
1238 4146 1265 4194 el
1275 4143 1331 4194 rell.
1346 4142 1395 4208 (vel
1407 4145 1475 4208 biis.)
1487 4171 1514 4180 -
1533 4143 1558 4195 4.
1577 4152 1600 4196 04
1610 4147 1652 4211 od]
1665 4148 1699 4196 ed
1716 4158 1771 4197 om.

451 4231 483 4281 Gt
499 4231 576 4293 Legg.
589 4255 616 4264 -
635 4226 744 4276 mnrium
759 4226 875 4289 foetuum
891 4224 935 4274 (43.
955 4249 982 4258 -
1002 4222 1025 4271 6.
1044 4219 1159 4270 credibile
1174 4232 1224 4270 esse
1238 4220 1289 4269 eid.
1303 4221 1380 4283 lagg.
1394 4245 1422 4254 -
1437 4220 1477 4271 44.
1491 4221 1574 4270 Poetis
1585 4222 1613 4271 li.
1627 4248 1654 4257 -
1669 4223 1709 4272 44.
1722 4235 1774 4272 000-

449 4318 539 4356 eornm
553 4304 631 4367 4349.
647 4326 674 4338 -
694 4302 734 4352 43.
753 4300 895 4362 comprendi
911 4300 940 4349 li.
955 4324 982 4334 —
1003 4296 1042 4347 44.
1060 4297 1138 4346 semis
1155 4295 1218 4345 dett.
1233 4297 1261 4346 0.
1277 4321 1303 4331 -
1323 4296 1364 4345 46,
1379 4296 1532 4358 perannat
1548 4298 1580 4356 lt;
1598 4298 1775 4360 pronuntiarit

451 4380 516 4432 dett.
529 4381 558 4430 0.
573 4405 600 4415 -
620 4383 702 4429 ortem
715 4380 791 4440 lagg.
806 4402 833 4412 —
854 4375 893 4424 47.
911 4381 934 4424 et
950 4373 1076 4423 0000404440
1088 4372 1138 4422 443ι
1156 4376 1244 4422 elom.
1258 4371 1323 4422 dett.
1337 4372 1398 4421 0.-
1418 4372 1457 4422 48.
1476 4372 1519 4434 qni
1535 4373 1562 4421 in
1578 4374 1607 4424 44.
1621 4399 1648 4409 -
1667 4374 1708 4423 20.
1722 4386 1775 4423 ser·

448 4471 538 4508 emm
555 4469 608 4507 om.
628 4454 692 4505 dett.
711 4454 740 4504 0.
755 4479 783 4489 -
796 4452 851 4514 ipre
867 4451 896 4500 li.
910 4477 937 4486 —
951 4450 992 4499 84.
1009 4448 1178 4509 Apolloniense
1193 4449 1272 4511 Legg.
1287 4447 1416 4496 -Leonte
1433 4447 1514 4498 Prisc.
1532 4448 1553 4497 1.
1567 4461 1592 4513 p.
1605 4448 1662 4499 238.
1680 4448 1771 4512 Lege:

450 4532 559 4583 leonide
575 4529 620 4580 443.
639 4554 667 4564 -
686 4528 727 4577 ts.
745 4525 912 4576 lmeobcreosi
927 4524 1009 4574 Prisc.
1027 4522 1073 4576 1.1.
1093 4523 1153 4574 cod.
1172 4525 1241 4575 Urs:
1260 4523 1418 4573 Hecbcrensi
1433 4523 1516 4585 L3293
1534 4523 1650 4574 scarensi
1666 4524 1696 4574 li.
1714 4521 1772 4586 (sed

450 4619 490 4671 pr.
509 4618 545 4657 m.
563 4601 662 4654 40004444
679 4602 802 4661 00000004,
821 4601 838 4650 4.
851 4613 875 4650 e.
893 4600 1003 4650 Leonida
1018 4597 1172 4661 Mecerensi)
1189 4598 1239 4655 e³;
1257 4597 1390 4648 Acheron-ri
1407 4596 1484 4648 codd.
1502 4597 1609 4657 Lemb.;
1626 4597 1773 4662 Heperenei

449 4676 570 4744 stage,
587 4676 730 4742 Mepererni
745 4674 778 4726 el.
797 4675 826 4725 0.
845 4674 877 4724 cl.
897 4673 930 4723 ad
941 4675 983 4724 lli.
1002 4673 1026 4736 5.
1039 4672 1080 4724 47.
1101 4699 1128 4708 -
1145 4677 1225 4722 meten
1240 4670 1318 4736 Lgli.
1334 4698 1361 4708 -
1374 4673 1531 4723 recinonrm
1548 4672 1584 4722 tte
1596 4668 1625 4721 i:
1642 4685 1773 4722 servom

450 4751 514 4803 dett.
533 4752 561 4802 0.
582 4779 610 4789 -
628 4750 669 4802 44.
687 4750 789 4813 inopino
806 4751 835 4800 li.
850 4777 878 4786 -
890 4750 932 4800 44.
949 4749 1109 4799 novennem
1125 4748 1202 4811 agae.
1217 4772 1244 4782 -
1257 4744 1430 4808 inprelinurni
1445 4746 1475 4795 li.
1490 4773 1518 4783 -
1531 4747 1681 4796 liclicienres
1697 4747 1726 4798 li.
1741 4770 1769 4782 -·

449 4827 490 4878 26.
507 4840 616 4890 mcpoee
629 4827 751 4890 pecuniae
764 4825 860 4890 0444000]
878 4826 917 4876 sio
934 4826 1011 4888 iunge
1028 4823 1112 4875 rerba
1129 4820 1187 4874 coll.
1204 4821 1246 4872 lv.
1264 4819 1289 4884 5.
1301 4820 1342 4871 88.
1360 4819 1458 4884 aiem
1473 4833 1582 4885 mepnee
1594 4820 1723 4884 00000400.
1742 4834 1770 4885 p.

449 4903 526 4953 liosc.
541 4905 601 4954 Am.
615 4901 640 4966 5.
653 4901 710 4952 448.
726 4900 834 4963 praedio
849 4905 935 4950 400400
943 4901 1074 4963 pecenice.
1086 4896 1147 4949 Sall.
1160 4899 1215 4960 lug.
1228 4908 1252 4945 c.
1264 4895 1305 4945 84.
1322 4907 1373 4944 non
1386 4894 1468 4957 plicis
1479 4897 1557 4959 pretii
1572 4908 1679 4958 0000400
1694 4908 1772 4957 cumn

447 4977 548 5027 04440000
564 4977 661 5028 bebere.
688 4978 731 5027 Or.
751 4979 778 5026 et
794 4974 870 5026 Halm
887 4975 1059 5039 distinguunt:
1081 4987 1190 5038 meprm
1202 4971 1335 5036 pecuniae,
1355 4971 1450 5022 0444004.
1479 4974 1512 5022 at
1528 4974 1585 5021 tum
1602 4971 1696 5022 Cicero
1712 4970 1771 5021 sine

449 5049 531 5103 dubio
548 5051 658 5103 dixisset
670 5052 806 5116 pecuniosi,
824 5053 855 5100 ut
870 5051 894 5115 5.
908 5052 947 5101 46.
965 5051 1017 5112 48,
1036 5049 1108 5114 quod
1125 5046 1203 5100 simul
1220 5045 1382 5098 concinnitas
1399 5047 1523 5097 orationis
1539 5043 1694 5110 postularet.
1712 5043 1773 5096 Col·

448 5122 607 5179 locationem
625 5129 715 5178 autem
731 5124 876 5175 verborum
893 5127 999 5175 nostrae
1017 5121 1184 5188 explicationi
1201 5134 1253 5172 non
1265 5121 1400 5184 reingeri,
1418 5120 1445 5170 id
1457 5121 1527 5184 quod
1540 5121 1656 5173 Halmius
1667 5122 1770 5181 censet,

449 5213 512 5252 cum
523 5201 636 5254 Sallustii
647 5199 809 5266 exemplum,
828 5202 885 5249 tom
895 5201 960 5249 ratio
971 5200 1028 5264 ipsa
1041 5198 1134 5255 docet;
1153 5195 1271 5248 consulto
1283 5196 1363 5257 enlm,
1381 5197 1412 5244 ut
1421 5193 1571 5247 intenderet
1579 5196 1634 5247 vim
1646 5195 1769 5257 notionis,

448 5278 577 5341 genitivos
588 5279 675 5343 pn'mo
686 5275 744 5329 loco
756 5272 902 5328 collocavit.
922 5273 1092 5339 (scriptorem
1102 5273 1191 5325 0444000
1200 5271 1301 5324 babent
1310 5271 1332 5323 li
1342 5273 1370 5322 et
1379 5269 1479 5336 aliquot
1487 5271 1576 5336 lagg.)
1590 5298 1617 5309 -
1629 5271 1768 5335 spemn.
