4367 6109
763 557 890 622 inv.
921 551 1356 640 cnr.1-111.s§.l-o.
1473 489 1476 498 ⁵
1653 511 1783 618 aes'

400 729 469 792 eius
497 748 516 791 a
543 734 671 810 pectore
700 726 848 802 abscidit,
873 733 908 790 nt
929 727 1088 792 cicatrices
1115 725 1252 812 populns
1273 727 1433 789 Romanus
1454 724 1639 808 iudicesque
1660 727 1717 792 ad·

400 824 558 906 spicerent
579 820 711 884 adverso
733 841 866 904 corpore
889 830 1052 906 exceptas:
1081 821 1174 885 simul
1196 830 1227 885 et
1248 820 1288 884 de
1309 820 1365 884 illo
1387 819 1533 895 vulnere,
1556 820 1641 904 quod
1661 820 1715 884 ille

400 918 432 979 in
464 917 565 1001 capite
592 915 631 978 ab
657 915 794 978 bostium
824 914 904 978 duce
933 924 1110 998 acceperat,
1142 915 1239 979 multa
1261 914 1343 978 dixit
1365 934 1467 997 eoque
1490 913 1623 978 adduxit
1643 936 1716 991 eos,

402 1013 456 1096 qui
480 1018 569 1075 erant
589 1009 772 1083 iudicaturi,
794 1008 996 1073 vehementer
1017 1016 1052 1071 ut
1069 1018 1267 1083 vererentur,
1289 1029 1344 1083 ne,
1368 1029 1462 1092 quem
1478 1009 1578 1071 virum
1592 1010 1718 1073 fortuna

401 1125 441 1168 ex
463 1104 600 1168 bostium
622 1102 696 1166 telis
718 1103 900 1186 eripuisset,
928 1124 997 1166 cum
1020 1105 1079 1166 sibi
1102 1104 1171 1187 ipse
1193 1123 1256 1165 non
1278 1103 1485 1186 pepercisset,
1516 1102 1654 1166 hicnon
1676 1103 1741 1167 ads

399 1198 509 1283 populi
532 1197 663 1260 Romani
685 1195 826 1271 laudem,
850 1196 905 1260 sed
927 1197 966 1259 ad
988 1196 1128 1261 iudicum
1150 1196 1366 1260 crudelitatem
1380 1197 1539 1259 videretur
1559 1219 1629 1263 esse
1652 1219 1717 1264 ser·

400 1301 499 1357 vatus.
542 1288 572 1354 l.
594 1291 712 1354 Eadem
735 1311 820 1354 nunc
842 1291 881 1353 ab
910 1290 975 1354 illis
997 1290 1191 1354 defensionis
1213 1290 1292 1353 ratio
1314 1290 1428 1373 viaque
1450 1297 1605 1354 tentatur:
1633 1292 1718 1356 idem

401 1386 572 1470 quaeritur.
617 1385 664 1448 Sit
689 1383 755 1460 fur,
785 1385 826 1448 sit
851 1385 1037 1467 sacrilegus,
1068 1386 1109 1448 sit
1137 1385 1326 1467 flagitiorum
1348 1385 1488 1447 omnium
1510 1387 1718 1470 vitiorumque

400 1481 562 1564 princeps:
585 1488 617 1542 at
639 1486 687 1542 est
706 1480 808 1543 bonus
830 1479 1017 1562 imperator,
1039 1486 1072 1542 at
1092 1479 1171 1543 felix
1186 1486 1219 1541 et
1239 1478 1279 1540 ad
1295 1478 1391 1541 dubia
1411 1479 1457 1541 rei
1479 1479 1623 1561 publicae
1641 1490 1720 1545 tem·

400 1593 479 1657 pora
500 1574 718 1637 reservandus.
750 1574 790 1635 ll.
811 1575 882 1636 Non
904 1594 994 1656 agam
1015 1593 1138 1636 summo
1154 1574 1221 1636 iure
1236 1579 1354 1635 tecum:
1376 1591 1440 1634 non
1454 1570 1555 1636 dicam
1570 1574 1613 1648 id,
1635 1577 1757 1657 quode

401 1668 534 1730 debeam
554 1666 688 1730 forsitan
709 1667 867 1740 obtinere,
896 1687 968 1730 cum
989 1667 1144 1731 iudicium
1165 1675 1249 1730 certa
1270 1664 1340 1747 lege
1362 1666 1419 1740 sit,
1447 1686 1512 1729 non
1534 1667 1610 1750 quid
1631 1669 1664 1732 in
1686 1690 1720 1732 re

402 1762 529 1824 militari
549 1759 671 1824 fortiter
692 1759 821 1834 feceris,
847 1759 903 1824 sed
924 1780 1017 1843 quem
1040 1761 1080 1824 ad
1102 1760 1231 1824 modum
1253 1779 1364 1823 manus
1386 1760 1425 1822 ab
1446 1759 1557 1824 alienis
1577 1763 1721 1843 pecuniis

402 1855 609 1929 abstinueris,
639 1855 694 1918 abs
723 1862 755 1918 te
785 1854 889 1919 doceri
912 1862 1074 1936 oportere:
1107 1874 1188 1929 non,
1215 1854 1361 1938 inquam,
1395 1853 1441 1917 sic
1461 1873 1568 1936 agam,
1599 1855 1722 1921 sedita

402 1968 566 2031 quaeram,
593 1969 686 2033 quem
709 1947 899 2012 admodum
920 1955 951 2011 te
974 1948 1055 2013 velle
1077 1948 1241 2031 intelligo,
1271 1967 1352 2031 quae
1374 1955 1428 2011 tua
1449 1968 1544 2033 opera
1558 1957 1590 2012 et
1606 1958 1723 2033 quanta

355 2104 359 2112 ,
401 2040 550 2105 fueritin
572 2043 667 2106 bello.
1731 2058 1759 2104 ⁴⁵

485 2133 516 2199 5.
539 2136 624 2212 Quid
648 2137 751 2200 dicisl
773 2157 814 2201 an
834 2137 919 2202 bello
941 2138 1146 2220 fugitivorum
1168 2136 1307 2201 Siciliam
1328 2136 1441 2202 virtute
1463 2144 1518 2200 tua
1538 2137 1722 2205 liberatam?

402 2230 516 2312 ldagna
545 2228 616 2294 laus
639 2238 671 2295 et
691 2231 824 2295 honesta
849 2233 966 2295 oratio:
999 2230 1055 2295 sed
1084 2240 1189 2296 tamen
1219 2251 1283 2315 quo
1310 2231 1416 2294 belloi
1458 2234 1524 2295 Nos
1546 2233 1629 2296 enim
1650 2240 1724 2318 post

402 2321 480 2384 illud
502 2322 634 2398 bellum,
656 2324 742 2409 qnod
763 2326 813 2388 Μ’.
829 2326 977 2409 Aquilius
992 2324 1137 2400 confecit,
1160 2327 1205 2389 sic
1219 2326 1410 2409 accepimus,
1431 2326 1553 2390 nullum
1567 2327 1602 2390 in
1616 2328 1724 2392 Sicilia

402 2415 603 2498 fugitivorum
629 2419 747 2482 bellum
774 2420 884 2485 fuisse.
905 2453 947 2467 -
968 2422 1009 2483 At
1030 2422 1062 2482 in
1084 2420 1176 2483 ltalia
1202 2420 1273 2483 fuit.
1294 2421 1486 2494 -Fateor,
1515 2428 1546 2484 et
1574 2442 1722 2506 magnum

404 2509 533 2592 quidem
554 2529 591 2575 ac
612 2514 793 2578 vehemens.
835 2517 917 2578 Num
945 2515 1043 2597 igitur
1070 2535 1113 2578 ex
1140 2534 1178 2578 eo
1205 2513 1290 2578 bello
1318 2522 1439 2597 partem
1459 2512 1598 2598 aliqu‘am
1619 2517 1760 2581 laudisao

403 2606 550 2687 appetere
577 2609 721 2671 conaris?
754 2630 830 2673 num
859 2609 916 2672 tibi
944 2609 1030 2682 illius
1055 2608 1207 2671 victoriae
1229 2607 1359 2690 gloriam
1380 2629 1453 2672 cum
1472 2611 1514 2672 M.
1538 2611 1648 2675 Crasso
1670 2620 1725 2676 aut

404 2698 461 2761 Cn.
483 2700 633 2783 Pompeio
655 2703 916 2766 communicatam
937 2705 1049 2785 putas?
1063 2701 1145 2764 ‘Non
1166 2701 1300 2777 arbitror
1319 2701 1381 2764 boc
1401 2703 1494 2767 etiam
1517 2712 1590 2768 tuae
1611 2705 1723 2770 deesse

403 2792 634 2876 impudentiae,
660 2804 696 2860 ut
717 2795 890 2880 quidquam
913 2795 1068 2859 eiusmodi
1090 2795 1195 2859 dicere
1217 2796 1344 2859 audeas.
1388 2795 1543 2865 Obstiu‘sti
1566 2799 1723 2875 videlicet,

410 2906 449 2949 ne
465 2907 505 2950 ex
521 2888 614 2952 Italia
628 2890 760 2953 transire
776 2890 809 2952 in
824 2890 963 2974 Siciliam
976 2889 1182 2972 fugitivorum
1196 2888 1306 2973 copiae
1320 2897 1459 2973 possent.
1482 2891 1560 2956 Ubii
1574 2893 1723 2979 quando?

405 3000 469 3063 qua
489 3002 531 3045 ex
555 2985 666 3065 parte?
700 3003 771 3046 cum
792 2991 848 3046 aut
867 2984 986 3047 ratibus
1009 2990 1063 3046 aut
1083 2983 1215 3048 navibus
1237 2990 1427 3047 conarentur
1446 2986 1617 3051 accederet
1659 2990 1761 3052 Nossa

405 3074 490 3138 enim
512 3075 592 3139 nibil
613 3096 767 3160 nmquam
787 3096 915 3160 prorsus
937 3077 1131 3141 audivimus:
1162 3085 1195 3140 et
1215 3076 1295 3139 illud
1317 3076 1515 3154 audivimus,
1542 3082 1586 3144 Μ.
1608 3080 1723 3157 Crassi,

402 3167 568 3232 fortissimi
601 3170 675 3244 viri,
705 3171 819 3234 virtute
848 3170 1045 3256 consilioque
1071 3171 1207 3247 factum,
1234 3190 1276 3234 ne
1297 3171 1417 3235 ratibus
1446 3173 1622 3239 coniunctis
1642 3173 1724 3239 freto

403 3261 528 3345 fugitivi
551 3263 592 3326 ad
607 3264 784 3328 Messanam
805 3267 938 3328 transire
958 3273 1103 3349 possent;
1126 3284 1145 3327 a
1167 3284 1231 3348 quo
1252 3264 1300 3327 illi
1321 3272 1435 3329 conatu
1449 3285 1513 3330 non
1527 3274 1613 3333 tanto
1627 3287 1725 3354 opere

403 3356 593 3438 prohibendi
622 3355 774 3432 fuissent,
803 3358 830 3420 si
856 3359 921 3422 ulla
948 3360 982 3423 in
1010 3359 1119 3424 Sicilia
1145 3357 1303 3441 praesidia
1329 3358 1371 3422 ad
1398 3358 1525 3424 illorum
1555 3362 1724 3427 adventum

404 3451 548 3534 opposita
576 3458 769 3534 putarentur.
791 3487 832 3500 -
853 3450 883 3514 6.
911 3454 952 3515 At
979 3474 1050 3517 cum
1079 3459 1164 3516 esset
1192 3452 1226 3514 in
1247 3452 1338 3516 ltalia
1363 3453 1481 3517 bellum
1502 3462 1565 3518 tam
1586 3478 1683 3540 prope
1705 3465 1762 3520 att

405 3543 530 3618 Sicilia,
561 3551 666 3607 tamen
693 3545 727 3608 in
750 3545 857 3610 Sicilia
881 3567 946 3611 non
975 3546 1043 3611 fuit.
1065 3579 1108 3593 -
1130 3544 1213 3622 Quid
1236 3545 1373 3608 mirum?
1403 3567 1444 3611 ne
1466 3567 1538 3611 cum
1559 3548 1593 3612 in
1615 3550 1726 3615 Sicilia

405 3638 535 3722 quidem
563 3638 639 3713 fuit,
668 3639 779 3702 eodem
805 3640 973 3704 intervallo
999 3660 1072 3726 pars
1101 3641 1170 3705 eius
1193 3640 1270 3704 belli
1291 3643 1324 3704 in
1347 3642 1469 3706 ltaliam
1489 3643 1555 3707 nlla
1576 3649 1724 3729 pervasit.

404 3733 458 3795 lll.
486 3732 613 3796 Etenim
634 3733 856 3818 propinquitas
877 3734 1018 3799 locorum
1039 3733 1080 3797 ad
1101 3741 1202 3797 utram
1231 3741 1353 3817 partem
1373 3734 1433 3799 boc
1456 3736 1526 3800 loco
1546 3739 1725 3821 profertur?

405 3834 511 3891 utrum
530 3827 649 3892 aditum
670 3826 795 3891 facilem
815 3828 961 3893 hostibus
981 3847 1021 3892 an
1036 3827 1256 3909 contagionem
1269 3827 1414 3891 imitandi
1427 3828 1504 3892 belli
1517 3831 1726 3914 periodosam

405 3917 526 3983 fuisset
567 3919 681 3985 Aditus
709 3923 812 3986 omnis
839 3922 1020 3987 bominibus
1049 3923 1118 3985 sine
1140 3920 1212 3985 ulla
1226 3920 1374 3985 facultate
1395 3924 1523 3987 navium
1543 3944 1608 3988 non
1630 3927 1764 3990 modost

471 4137 495 4186 0.
513 4137 650 4199 apeme
660 4136 690 4196 li,
709 4136 738 4185 uc
753 4134 824 4187 alias.
840 4144 868 4173 '-
881 4136 906 4187 0.
918 4141 1032 4199 acceptus
1042 4136 1120 4200 Lg‘lb.
1135 4164 1162 4174 -
1176 4137 1200 4187 ³.
1212 4137 1240 4186 is
1249 4141 1326 4198 eaput
1335 4135 1471 4200 Angustia.
1484 4136 1599 4190 Putscbit
1611 4152 1638 4205 p.
1651 4140 1725 4193 0000.

406 4214 439 4262 lt
455 4212 488 4263 ct.
506 4214 582 4262 arus.
601 4213 680 4264 blesa.
704 4225 731 4276 p.
750 4212 902 4263 000100ιά.
922 4239 949 4248 -
968 4213 992 4262 0.
1017 4213 1277 4276 caannpspem'ssst
1296 4225 1350 4263 om.
1370 4211 1447 4275 Lg‘l9.
1468 4239 1495 4249 -
1514 4214 1538 4263 7.
1560 4214 1621 4264 boec
1641 4217 1728 4267 eudem

407 4288 484 4350 lagg.
503 4289 609 4352 praeter
625 4285 666 4347 00,
685 4287 714 4336 0.
731 4289 768 4323 ’-
793 4292 927 4350 cooptatur
943 4284 971 4338 R.
992 4314 1019 4324 -
1039 4285 1062 4337 9.
1081 4287 1116 4337 ud
1131 4293 1166 4338 est
1182 4286 1211 4338 a.
1233 4315 1260 4325 -
1279 4292 1306 4337 ot
1321 4286 1383 4350 [etto
1403 4287 1424 4336 a
1442 4285 1493 4336 bd:
1520 4301 1551 4338 oc
1565 4287 1630 4353 {dtr
1646 4291 1679 4342 Gt
1694 4293 1725 4353 0;

405 4367 429 4411 st
443 4362 506 4425 felte
528 4361 593 4413 dett.
611 4363 640 4412 0.
661 4361 733 4427 [item
749 4365 849 4414 Auctor
869 4365 984 4414 incertus
1001 4364 1026 4413 in
1044 4363 1143 4414 Anecd.
1162 4364 1243 4415 Paris.
1263 4363 1306 4414 ed.
1325 4363 1447 4414 Eckstein
1463 4376 1491 4427 p.
1509 4363 1549 4423 7.,
1571 4363 1617 4414 ubi
1634 4365 1727 4417 vitiose

406 4437 534 4501 scriptum
552 4439 604 4488 est:
621 4442 651 4486 ut
666 4442 701 4487 est
717 4437 813 4503 boum]
831 4438 870 4489 Cf.
889 4437 973 4489 lladv.
992 4450 1019 4501 p.
1037 4438 1077 4488 00.
1097 4436 1156 4488 coll.
1176 4439 1201 4503 5.
1220 4438 1260 4490 03.
1281 4465 1309 4476 -
1328 4440 1368 4490 00.
1386 4443 1466 4488 tmen
1481 4451 1577 4489 mmo
1593 4440 1661 4490 turs:
1677 4454 1729 4491 scs

406 4512 497 4572 dicum,
514 4513 580 4574 quod
594 4513 701 4576 Ιονείωη
718 4512 851 4563 obdiam
868 4511 971 4574 Quintil.
985 4512 1026 4562 lX.
1038 4514 1064 4575 0,
1076 4511 1118 4562 00.
1133 4540 1160 4550 -
1180 4515 1220 4564 00.
1238 4515 1270 4564 stt
1280 4513 1316 4564 RS
1328 4510 1344 4562 λ
1356 4514 1375 4563 C
1386 4511 1485 4573 (Madv.
1497 4526 1524 4578 p.
1537 4514 1603 4577 eoi:
1625 4517 1658 4566 stt
1671 4529 1729 4566 coa-

405 4585 517 4636 coum
533 4586 598 4637 cecc.
617 4588 646 4637 o.
666 4614 694 4625 -
712 4588 739 4637 e
754 4589 869 4639 muare
886 4590 915 4639 n.
935 4616 963 4625 -
983 4589 1022 4637 rs.
1040 4589 1067 4637 o
1083 4587 1153 4652 ooo]
1171 4587 1289 4638 auorum
1307 4587 1332 4637 u
1351 4588 1370 4637 a
1387 4586 1419 4637 rr.
1437 4587 1464 4650 (r.
1483 4599 1508 4636 o.
1525 4576 1633 4653 rapui),
1657 4588 1728 4640 unae

408 4661 440 4711 Gt
455 4662 471 4711 0
488 4663 516 4712 et
531 4658 562 4711 λι
580 4662 607 4711 te
624 4662 684 4713 betto
701 4663 729 4712 a.
748 4662 798 4727 (vel
815 4663 947 4728 Rursum.)
965 4690 992 4700 -
1013 4665 1053 4715 06.
1071 4666 1137 4715 dices
1153 4665 1218 4716 dett.
1237 4665 1266 4715 0.
1286 4690 1314 4702 -
1332 4663 1375 4728 aas]
1392 4664 1419 4713 iu
1434 4664 1513 4727 agae.
1529 4690 1556 4699 -
1576 4664 1616 4714 07.
1633 4669 1658 4714 et
1673 4677 1727 4715 om.

407 4735 467 4787 cod.
486 4737 591 4788 Hotom.
610 4734 691 4798 (solus
708 4750 740 4787 ex
757 4738 844 4801 notis),
863 4738 893 4788 0.
905 4763 932 4776 -
952 4739 992 4790 00.
1010 4739 1072 4789 illud
1087 4739 1138 4790 R3:
1155 4740 1182 4788 td
1198 4739 1304 4790 detto.
1320 4765 1348 4776 -
1365 4738 1408 4788 00.
1425 4744 1449 4789 et
1463 4738 1590 4789 odiam
1605 4735 1622 4787 λ
1638 4739 1684 4788 Gi.
1699 4764 1727 4776 —

406 4810 448 4861 00.
466 4811 581 4874 capam
596 4812 626 4862 n.
653 4839 680 4849 -
701 4813 743 4865 00.
766 4814 978 4864 communemque
997 4814 1034 4865 aa
1058 4814 1151 4878 (Madv.
1170 4827 1197 4878 p.
1215 4813 1281 4876 07.);
1305 4813 1540 4864 manoncour
1560 4812 1625 4864 dett.
1643 4814 1673 4864 0.
1700 4813 1729 4875 (R

408 4898 444 4937 m.
462 4898 534 4937 sec:
552 4887 735 4939 munem?
751 4902 786 4940 aa
799 4889 897 4955 putas.)
915 4913 943 4928 -
963 4890 1043 4940 decus
1057 4895 1117 4941 tuas
1132 4889 1196 4940 dett
1215 4888 1244 4938 0.
1264 4910 1292 4924 -
1310 4888 1353 4939 03.
1371 4888 1458 4952 iapod.
1475 4889 1505 4938 lt.
1519 4913 1547 4923 -
1560 4885 1601 4939 00.
1619 4887 1729 4953 mdo]

408 4957 520 5021 9060οῑ
538 4963 710 5023 quomododl
730 4961 778 5013 bd.
798 4962 1458 5028 -so.ucoteusaocroaorol.agg.praeter29,
1476 4964 1548 5013 0.-
1566 4962 1608 5014 00.
1626 4961 1731 5013 elidad

408 5035 476 5086 coni.
494 5037 566 5097 Em.;
584 5036 748 5102 probabilius
764 5040 806 5089 ssd
820 5039 883 5090 titud
899 5038 984 5092 Halm.
1004 5064 1031 5075 —
1050 5039 1091 5090 00.
1109 5043 1179 5089 mato
1194 5051 1267 5102 opere
1282 5040 1317 5101 n,
1334 5038 1403 5102 igit
1414 5037 1461 5088 le:
1484 5042 1613 5100 caumes
1627 5034 1685 5088 rell.
1700 5063 1728 5075 -

407 5110 835 5174 repraestauusruoatoe.
854 5139 882 5150 -
901 5113 1243 5179 ³0.csancssetll³bg29:
1270 5119 1400 5165 mom.
1419 5112 1483 5164 dett.
1502 5137 1531 5152 -
1555 5112 1732 5164 aemam

408 5186 487 5250 Lagg.
507 5211 535 5222 -
553 5187 595 5238 00.
612 5188 764 5251 amparare
779 5188 811 5238 ss't
826 5188 856 5240 lt.
876 5214 903 5225 -
923 5187 963 5240 30.
982 5185 1483 5253 meermannianam.
1503 5212 1531 5224 -
1549 5184 1728 5238 300000010οι

408 5261 461 5312 otor
476 5261 532 5314 belli
547 5261 612 5316 dett.
629 5264 660 5315 0.
679 5288 708 5302 -
726 5262 768 5316 00.
784 5263 839 5317 utto
853 5276 908 5317 om.
923 5265 1003 5329 lagg.
1021 5263 1086 5316 dett.
