4367 6109
458 558 501 629 l8
852 563 1003 632 ORATIO
1025 563 1104 633 PRO
1125 562 1160 632 Ρ.
1182 563 1375 644 eumerio

456 734 596 800 Naevius
618 732 742 811 edebat,
770 755 836 799 non
856 756 1037 814 recusasse,
1063 739 1109 802 ita
1129 745 1251 816 nmen,
1281 761 1369 804 more
1391 746 1422 803 et
1445 739 1604 817 instituto,
1625 759 1686 825 per
1705 761 1780 809 enm

357 918 359 922 ι
457 830 690 915 magistratum,
713 830 768 915 qui
790 832 902 896 auxilii
924 854 1019 898 causa
1040 835 1231 899 constitutus
1253 844 1310 900 est.
1354 832 1405 898 64.
1427 836 1492 898 Aut
1511 834 1591 900 baec
1612 835 1697 903 iacta
1715 859 1782 902 non

458 926 522 990 sint
541 946 670 990 necesse
691 934 756 1002 est,
785 934 841 990 aut
863 928 896 991 C.
921 930 1087 1013 Aquilius,
1110 930 1182 994 talis
1203 930 1267 1006 vir,
1296 931 1418 993 iuratus
1439 928 1501 992 hoc
1524 929 1629 994 insin
1652 931 1781 996 civitate

458 1023 644 1086 constituat:
667 1022 759 1087 cuius
780 1030 968 1105 procurator
988 1044 1054 1087 non
1076 1026 1184 1117 omnia
1206 1025 1322 1089 iudicia
1345 1025 1521 1108 acceperit,
1543 1044 1626 1109 quae
1642 1026 1781 1111 quisque

433 1116 490 1180 oin
510 1118 606 1184 rerba
626 1116 811 1201 postularit,
841 1118 931 1181 cuius
956 1127 1143 1201 procurator
1163 1140 1183 1182 a
1203 1127 1349 1202 praetore
1371 1119 1516 1182 tribunos
1537 1118 1700 1203 appellare
1723 1140 1780 1183 au·

457 1233 510 1276 sus
532 1214 588 1288 sit,
618 1233 691 1275 eum
712 1232 777 1275 non
799 1210 943 1287 delendi,
972 1213 1040 1276 eius
1060 1213 1146 1276 bona
1166 1221 1251 1277 recte
1273 1212 1431 1296 possideri
1453 1232 1566 1296 posse,
1589 1213 1620 1276 ei
1642 1214 1779 1289 misero,

397 1383 399 1388 Ι
455 1306 596 1381 absenti,
617 1307 727 1389 ignaro
748 1305 945 1371 fortunarum
961 1328 1089 1371 suarum
1111 1309 1217 1372 omnia
1241 1309 1324 1372 vitae
1347 1316 1531 1371 ornamenta
1545 1328 1604 1391 per
1619 1330 1779 1373 summum

456 1402 593 1466 dedecus
623 1409 656 1466 et
682 1401 887 1483 ignominiam
910 1403 1012 1485 deripi
1034 1406 1213 1469 convenire.
1257 1402 1308 1466 66.
1339 1404 1434 1479 Quod
1455 1404 1481 1467 si
1505 1403 1635 1486 probari
1657 1404 1779 1467 nemini

455 1505 574 1580 potest,
596 1496 676 1560 illud
699 1503 783 1560 certe
805 1497 931 1580 probari
954 1500 1101 1563 omnibus
1124 1518 1253 1562 necesse
1276 1505 1340 1573 est,
1374 1497 1539 1561 defensum
1561 1517 1630 1561 esse
1653 1497 1777 1561 indicio

418 1596 447 1644 ⁴⁰
455 1594 618 1658 absentem
647 1591 841 1667 Quinctium.
886 1593 980 1668 Quod
1002 1615 1073 1658 cum
1095 1596 1140 1657 ita
1161 1596 1218 1669 sit,
1247 1613 1288 1657 ex
1309 1593 1413 1656 edicto
1435 1594 1521 1657 bona
1543 1610 1692 1675 possessa
1711 1612 1779 1656 non

455 1695 539 1751 sunt.
560 1719 602 1734 -
622 1686 664 1748 nt
684 1688 769 1751 enim
790 1689 910 1752 tribuni
930 1689 1034 1772 plebis
1056 1710 1097 1753 ne
1119 1691 1287 1754 audiomnt
1309 1688 1448 1771 quidem.
1470 1720 1512 1734 -
1533 1688 1661 1761 Fateor,
1683 1686 1712 1748 si
1733 1686 1781 1750 ita

456 1789 520 1858 est,
542 1789 778 1866 procuratorem
800 1782 927 1848 decreto
950 1786 1106 1868 praetoris
1123 1785 1303 1867 oportuisse
1318 1801 1440 1865 parere.
1470 1783 1577 1859 Quint
1599 1782 1626 1846 si
1641 1782 1685 1845 bl.
1698 1782 1779 1844 Bru-

454 1885 507 1964 tus
528 1879 774 1942 intercessurum
796 1900 830 1943 se
852 1877 934 1943 dixit
955 1882 1075 1963 palam,
1097 1881 1159 1944 nisi
1175 1878 1253 1964 quid
1272 1878 1477 1960 interipsum
1491 1876 1640 1939 Alienum
1652 1877 1780 1939 etNae·

454 1973 542 2037 vium
564 1973 765 2050 conveniret,
786 1972 951 2039 videturne
973 1975 1190 2039 intercessisse
1212 1973 1384 2057 appellatio
1406 1973 1606 2036 tribunorum
1627 1990 1694 2036 non
1709 1991 1780 2037 mo·

418 2069 509 2132 torae
531 2067 586 2132 sed
607 2068 720 2132 auxilii
742 2071 858 2133 causat
901 2070 987 2133 xxi.
1011 2069 1061 2133 66.
1085 2070 1171 2145 Quid
1192 2067 1307 2132 deinde
1337 2064 1396 2130 fist
1428 2068 1579 2141 Alienus,
1607 2072 1645 2128 ut
1666 2086 1779 2131 omnes

453 2162 629 2247 intelligere
658 2170 805 2248 possent,
833 2165 952 2228 iudicio
980 2164 1107 2228 defendi
1136 2163 1337 2239 Quinctium,
1366 2181 1406 2225 ne
1428 2183 1493 2246 qua
1514 2162 1645 2226 subesse
1667 2168 1780 2245 posset

453 2259 559 2323 aliena
586 2264 642 2323 aut
669 2259 772 2341 ipsius
800 2256 905 2323 officio
928 2266 983 2322 aut
1003 2258 1099 2322 huius
1121 2257 1357 2320 existimatione
1378 2256 1535 2339 suspicio,
1564 2257 1651 2320 viros
1672 2257 1777 2321 bonos

453 2354 631 2437 complures
653 2355 804 2431 advocat,
825 2362 959 2418 testatur
973 2355 1034 2418 isto
1051 2354 1216 2427 audiente,
1239 2374 1273 2416 se
1291 2373 1350 2434 pro
1365 2350 1524 2416 communi
1538 2352 1775 2416 necessitudine

441 2447 485 2520 ¹id
507 2450 644 2533 primum
665 2456 791 2534 petere,
813 2470 853 2512 ne
876 2449 954 2534 quid
968 2450 1107 2512 atrocius
1122 2449 1154 2511 in
1169 2449 1202 2510 P.
1219 2447 1404 2523 Quinctium
1416 2448 1579 2512 absentem
1596 2448 1665 2512 sino
1679 2468 1777 2513 causa

415 2541 556 2609 ”iacere
590 2552 739 2621 conetur;
771 2546 820 2608 sin
853 2551 958 2608 antem
987 2544 1205 2607 inimicissime
1234 2551 1329 2627 atque
1358 2542 1561 2605 infestissime
1583 2541 1776 2607 contendere

452 2650 647 2725 perseveret,
670 2663 704 2707 se
726 2648 871 2725 paratum
894 2661 963 2703 esse
984 2641 1070 2703 omni
1093 2648 1179 2703 recta
1192 2645 1288 2722 atque
1303 2638 1439 2700 honesta
1452 2636 1574 2699 ratione
1589 2634 1775 2713 defendere,

452 2737 539 2819 quod
561 2745 661 2821 petat,
684 2756 750 2802 non
773 2735 897 2809 deberi3
920 2754 954 2797 se
976 2734 1129 2797 iudicium
1150 2735 1201 2808 id,
1224 2733 1311 2818 quod
1326 2734 1415 2807 edat,
1437 2732 1592 2814 accipere.
1629 2729 1681 2795 67.
1696 2733 1775 2798 Eius

450 2832 496 2896 rei
519 2832 783 2916 condicionisque
810 2830 942 2894 tabellas
971 2830 1217 2913 obsignaverunt
1245 2829 1303 2892 viri
1326 2828 1401 2891 boni
1424 2828 1613 2910 complures.
1655 2830 1719 2892 Res
1740 2829 1775 2892 in

451 2927 582 2990 dubium
597 2927 705 2991 venire
727 2945 792 2989 non
808 2931 922 3007 potest.
956 2924 1006 2986 Fit
1026 2925 1120 2987 rebus
1136 2925 1281 2986 omnibus
1297 2923 1444 3005 integris,
1467 2942 1571 3006 neque
1586 2923 1774 3005 proscriptis

413 3024 555 3107 ”neque
584 3020 741 3107 possessis
771 3019 880 3092 bonis,
907 3025 944 3080 ut
963 3019 1095 3081 Alienus
1123 3019 1285 3100 promittat
1313 3017 1448 3091 Naevio,
1478 3017 1547 3079 sisti
1577 3015 1773 3091 Quinctium.

449 3118 545 3183 Venit
565 3118 606 3182 ad
628 3115 845 3181 vadimonium
867 3113 1045 3188 Quinctius.
1075 3116 1160 3176 lacet
1180 3133 1231 3176 res
1254 3114 1287 3174 in
1303 3111 1528 3175 controversiis
1543 3111 1604 3175 isto
1619 3113 1774 3177 calumni-

448 3220 522 3276 ante
543 3211 723 3285 biennium,
746 3228 849 3292 usque
872 3207 947 3270 dum
969 3208 1179 3282 inveniretur,
1203 3228 1266 3291 qua
1287 3207 1412 3270 ratione
1435 3226 1485 3269 res
1507 3208 1546 3270 ab
1567 3208 1683 3273 usitata
1697 3229 1773 3273 con·

449 3309 617 3374 suetudine
638 3298 804 3371 recederet
823 3311 856 3368 et
876 3304 910 3366 in
930 3304 992 3367 hoc
1014 3303 1175 3385 singulare
1197 3302 1350 3364 iudicium
1372 3321 1467 3365 causa
1481 3302 1585 3366 omnis
1600 3304 1772 3368 conclude-

447 3411 544 3467 retur.
587 3400 638 3465 68.
663 3402 757 3478 Quod
779 3396 936 3475 officium,
960 3400 993 3464 C.
1008 3399 1133 3484 Aquili,
1156 3397 1395 3461 commemorari
1416 3398 1631 3479 procuratoris
1655 3406 1772 3482 potest,

411 3497 536 3582 ³⁰qnod
558 3498 598 3560 ab
611 3495 726 3559 Alieno
741 3496 946 3579 praeteritum
961 3515 1030 3559 esse
1045 3496 1212 3559 videatur?
1242 3493 1326 3570 Quid
1341 3493 1486 3568 allertur,
1509 3511 1607 3576 quare
1620 3493 1654 3554 P.
1670 3492 1773 3569 Quin·

448 3592 530 3655 ctiam
550 3598 684 3674 negetur
697 3591 812 3654 absens
827 3610 897 3654 esse
914 3589 1084 3654 defensus?
1112 3591 1252 3653 Ansere
1277 3587 1327 3663 id,
1350 3588 1437 3671 quod
1449 3586 1672 3662 Hortensium,
1695 3588 1772 3672 quia

446 3705 550 3770 nuper
581 3685 693 3748 iniecit
721 3691 753 3746 et
781 3685 857 3768 quia
884 3684 1022 3747 Naevius
1052 3705 1177 3768 semper
1198 3685 1231 3746 id
1253 3682 1407 3757 clamitat,
1441 3682 1597 3746 dictumm
1619 3680 1770 3758 arbitror,

446 3798 512 3842 non
543 3777 642 3842 fuisse
673 3777 792 3841 Naevio
822 3797 931 3861 parem
960 3778 1166 3841 certationem
1198 3799 1269 3840 cum
1291 3776 1404 3840 Alieno
1434 3776 1489 3840 illo
1513 3784 1671 3859 tempore,
1704 3776 1769 3841 illis

512 3948 536 3998 4.
563 3949 626 3998 Post
643 3958 670 3996 v.
691 3957 817 3995 4464446444
841 3941 951 3994 lacunae
968 3944 1041 4008 signa
1065 3947 1212 4009 posuerunt
1227 3943 1315 4008 660,
1342 3957 1422 4009 qnam
1439 3944 1478 3995 sio
1494 3942 1653 4008 explendam
1669 3947 1771 4012 putarit

447 4020 607 4074 Lambinus:
634 4033 691 4070 6444
705 4020 829 4069 4644444644
844 4032 862 4068 α
875 4024 992 4081 praetore
1008 4020 1134 4070 4446444464
1149 4033 1287 4080 recreasse,
1306 4018 1348 4070 alii
1365 4018 1447 4070 aliter.
1474 4018 1526 4070 Sed
1543 4020 1642 4084 optime
1660 4022 1721 4073 Ger.
1739 4023 1767 4074 2:

448 4110 516 4147 «eea
531 4109 672 4157 recusasse,
689 4096 727 4146 446
743 4095 834 4157 464444]
852 4108 962 4159 nempe,
982 4096 1045 4160 quin
1063 4096 1197 4160 acciperet
1212 4093 1238 4144 id
1256 4094 1394 4156 iudicium,
1413 4092 1490 4158 quale
1508 4092 1612 4146 sublata
1628 4095 1771 4162 partribu-

446 4185 542 4223 norum
559 4169 684 4222 auxilium
700 4168 871 4221 satisdatione
889 4169 1082 4235 experiundum
1093 4170 1297 4234 relinqueretur.
1315 4168 1382 4221 Nihil
1393 4170 1488 4221 deesse
1500 4170 1641 4224 arbitron·
1659 4172 1700 4225 ct.
1712 4174 1771 4226 Kel-

444 4247 574 4313 lernmp.
593 4246 650 4299 iii.
669 4260 695 4296 n.
715 4247 771 4296 404.
789 4244 862 4296 idem
880 4247 1047 4297 sentientem.
1067 4272 1095 4283 -
1115 4248 1139 4298 2.
1158 4247 1317 4296 constantem
1334 4260 1357 4297 e.
1372 4272 1400 4280 —
1419 4245 1770 4308 arremarensem

446 4323 551 4386 (retiam
568 4322 657 4385 iniqua
667 4334 699 4371 ac
712 4322 874 4386 perniciosa,
894 4323 926 4373 ci.
941 4323 965 4387 5.
979 4321 1037 4374 86.»
1049 4324 1110 4373 Gra.
1122 4320 1157 4386 4.)
1174 4323 1269 4372 4644646
1280 4324 1413 4384 acceperit,
1433 4336 1497 4384 quos
1508 4322 1526 4375 e
1536 4336 1599 4374 cum
1610 4322 1727 4375 Palatino
1738 4326 1767 4378 l:

441 4401 596 4459 procurator
608 4410 660 4446 oon
671 4397 756 4446 omnio
767 4398 861 4447 4664644
872 4410 937 4460 quoe
948 4398 1041 4462 (verbo
1052 4396 1159 4459 omissol
1173 4397 1193 4448 li
1202 4400 1223 4447 G
1233 4399 1255 4449 Κ
1267 4400 1381 4463 (praeter
1392 4399 1416 4460 Ρ)
1436 4401 1462 4448 64
1473 4401 1503 4460 Α,
1518 4405 1673 4461 procae-otor
1682 4403 1770 4453 6444444

444 4473 539 4523 iudicio
561 4473 695 4535 occeperit,
718 4487 782 4534 quoe
799 4486 861 4523 cum
881 4475 1028 4525 Hotomano
1045 4474 1079 4536 4.,
1103 4478 1257 4535 procurator
1272 4488 1323 4524 eor
1338 4474 1461 4523 recesserit
1477 4475 1563 4523 644446
1578 4475 1685 4538 lucido,
1705 4489 1770 4540 paee

444 4547 461 4598 Ρ
478 4549 506 4598 et
522 4548 552 4598 0.
570 4555 599 4583 ’-
618 4549 643 4598 6.
661 4548 780 4613 44466464]
798 4549 832 4598 od
848 4548 994 4600 nonacris.
1008 4574 1038 4586 -
1056 4549 1080 4599 7.
1098 4550 1189 4614 464646
1204 4550 1364 4612 tacunarum
1381 4564 1442 4600 cum
1454 4550 1591 4601 codicibus
1603 4552 1771 4602 notlsomni-

444 4622 496 4674 bns
513 4621 572 4677 Ab:
600 4624 704 4687 ipaero,
731 4624 816 4673 comio
837 4623 998 4686 4644646466
1018 4636 1080 4675 cum
1102 4624 1249 4676 Hotomano
1266 4627 1323 4676 LO.
1344 4653 1371 4661 -
1398 4627 1422 4676 8.
1446 4626 1585 4690 ipaomr‘nio
1601 4640 1626 4678 e.
1647 4654 1675 4665 -
1693 4626 1771 4689 644464

443 4697 550 4751 6666
563 4711 578 4749 6
589 4698 607 4749 (4
618 4712 633 4748 e
645 4697 680 4762 ig
692 4698 708 4748 b
720 4699 729 4747 i
740 4696 749 4747 l
760 4710 816 4748 mn
834 4700 861 4747 et
877 4697 960 4750 466.
996 4699 1108 4749 Ernestii
1132 4701 1346 4751 emendationem
1372 4702 1452 4763 deripi
1475 4702 1563 4752 firmat
1578 4701 1604 4752 Ρ.
1624 4728 1653 4739 -
1679 4702 1721 4753 to.
1737 4702 1772 4752 ait

443 4772 453 4826 l
470 4777 498 4825 et
514 4787 582 4826 corr.
597 4788 622 4825 e:
641 4779 676 4824 est
692 4786 754 4823 cnm
773 4771 881 4837 reliquis
898 4772 976 4823 codd.
995 4772 1108 4825 4660.
1123 4800 1151 4808 -
1169 4776 1210 4824 44.
1227 4777 1359 4840 praetoris]
1373 4779 1500 4837 praetoris
1515 4778 1621 4828 44644644
1636 4775 1770 4829 libabo

445 4847 645 4914 delghilm
662 4851 690 4900 et
704 4848 794 4910 466,
813 4854 837 4899 et
848 4863 873 4899 n.
889 4875 916 4885 —
936 4848 975 4898 43.
993 4848 1106 4911 Atreum
1122 4861 1171 4912 pro
1188 4848 1347 4912 glossemate
1365 4849 1447 4900 babet
1457 4852 1596 4903 Manutius.
1611 4876 1638 4889 -
1658 4851 1699 4904 ti.
1711 4865 1771 4903 coa-

442 4926 547 4975 4444444444
557 4925 583 4975 Ρ.
596 4950 624 4961 -
640 4937 710 4974 more
720 4937 735 4972 a
746 4924 764 4973 Ρ
774 4921 783 4973 l
792 4937 829 4984 m,
846 4929 925 4974 646444
937 4924 957 4972 Β
970 4935 1031 4972 cum
1042 4923 1138 4974 ceteris
1146 4923 1338 4974 Parmensium
1347 4926 1374 4974 et
1383 4927 1414 4976 Α.
1432 4924 1471 4977 Ci.
1484 4926 1617 4978 Kellerum
1625 4941 1651 4993 p.
1666 4928 1715 4979 466
1724 4941 1766 4994 sq.

444 5001 486 5051 46.
504 5001 612 5065 desectis
627 5000 657 5051 4.
677 5025 705 5035 -·
724 4999 764 5049 48.
782 5004 905 5049 4444644444
920 4995 1019 5048 abed
1032 5010 1046 5046 e
1059 4996 1134 5048 ilm.
1155 5025 1183 5035 -
1200 4999 1243 5048 at.
1258 5004 1404 5061 peremerat
1420 5012 1444 5051 e.
1460 5029 1487 5040 -
1505 5002 1547 5055 22.
1562 5001 1640 5068 petet]
1654 5005 1766 5065 potetl’.

447 5100 474 5112 -
486 5076 579 5127 44444446
595 5076 622 5127 id
637 5075 688 5125 km
705 5072 799 5135 4446,
817 5074 937 5123 4664444446
952 5072 979 5122 io
995 5072 1021 5120 id
1035 5072 1053 5122 L
1066 5074 1271 5125 exconiectnre.
1286 5100 1314 5111 -
1331 5074 1372 5125 26.
1390 5075 1465 5141 locet]
1482 5081 1546 5128 tecet
1562 5077 1642 5128 6644
1654 5081 1723 5130 444.
1737 5104 1766 5116 -

446 5173 475 5186 -
487 5150 529 5201 68.
542 5156 565 5201 44
581 5163 636 5202 om.
648 5152 667 5202 Ρ
678 5147 862 5213 absorptuma
876 5150 1009 5212 postrema
1024 5147 1210 5213 praecedentis
1226 5148 1302 5200 verbi
1318 5148 1428 5213 syllaba.
1442 5177 1471 5188 —-
1489 5152 1531 5205 29.
1549 5152 1576 5204 C.
1590 5165 1643 5204 om.
1659 5153 1679 5205 B
1692 5152 1769 5205 (iod

444 5223 582 5288 ghiklm
600 5228 668 5278 644.
683 5250 711 5263 -
730 5224 770 5276 st.
788 5230 891 5289 4444464
907 5223 995 5273 nosses
1009 5235 1060 5274 esee
1075 5224 1109 5273 P:
1128 5224 1213 5274 664444
1227 5228 1335 5288 mentor
1348 5237 1399 5276 aas
1415 5227 1498 5279 ceteri
1514 5228 1767 5295 codioesnotieta,

443 5298 715 5369 atsmmpeusresee
730 5295 1464 5368 eunuoommouao-eoiesreeriusapegu
1479 5302 1767 5374 -644444144444444
