4367 6109
828 606 901 672 an.
923 607 1083 673 xxxvn
1107 603 1164 690 ss
1185 602 1332 669 rc-so.
1674 588 1736 663 ut

429 780 547 841 tionem
578 778 712 841 civitatis
740 778 767 842 si
800 777 932 859 dirigas,
963 783 1049 840 recta
1076 783 1165 839 sunt:
1197 775 1247 838 sin
1273 775 1469 858 perpendere
1489 772 1529 836 ad
1551 769 1737 853 disciplinae

428 878 596 954 praecepta
617 869 712 944 velis,
733 871 929 954 reperiantur
949 869 1144 953 pravissima.
1180 868 1285 944 Quare
1313 887 1369 930 nec
1391 867 1476 950 plebi
1496 866 1655 930 Romanae
1676 863 1739 928 eri·

427 964 536 1048 piendi
558 963 677 1028 tructus
699 965 750 1027 isti
764 971 838 1027 sunt
851 964 1014 1039 ludorum,
1036 963 1259 1045 gladiatorum,
1281 962 1515 1036 conviviorum,
1537 978 1618 1044 quae
1633 957 1740 1021 omnia

428 1058 563 1120 maiores
584 1057 684 1120 nostri
707 1064 981 1138 comparaverunt:
1010 1076 1069 1118 nec
1099 1054 1273 1118 candidatis
1294 1056 1355 1119 ista
1376 1055 1554 1137 benignitas
1575 1051 1741 1116 adimenda

427 1158 488 1224 est,
511 1170 592 1234 quae
614 1149 835 1213 liberalitatem
856 1151 955 1232 magis
977 1146 1130 1232 significat
1151 1169 1246 1232 quam
1267 1149 1475 1232 largitionem.
1750 1158 1766 1205 s

512 1243 673 1306 XXXVII.
695 1240 747 1305 78.
769 1244 809 1306 At
831 1244 915 1306 enim
936 1253 967 1307 te
982 1244 1021 1306 ad
1036 1242 1247 1306 accusandum
1261 1261 1313 1307 res
1327 1242 1452 1327 publica
1465 1241 1607 1305 adduxit.
1630 1240 1741 1313 Credo,

428 1338 522 1410 Cato,
544 1344 575 1398 te
598 1337 660 1399 isto
681 1338 787 1400 animo
808 1344 905 1422 atquc
927 1357 964 1400 ea
987 1337 1138 1420 opinione
1160 1337 1302 1400 venisse:
1332 1335 1389 1399 sed
1411 1344 1445 1400 tu
1467 1334 1677 1418 imprudentia
1697 1332 1743 1396 la·

426 1430 521 1493 beris.
548 1431 616 1512 Ego
638 1429 724 1512 quod
746 1429 848 1505 facio,
870 1431 1009 1504 iudices,
1031 1451 1102 1493 cum
1124 1431 1281 1493 amicitiae
1302 1430 1523 1513 dignitatisque
1545 1431 1581 1492 L.
1594 1431 1743 1492 Murenae

428 1523 529 1606 qratia
549 1522 648 1597 lucio,
680 1531 746 1587 tum
768 1545 819 1588 me
841 1526 945 1608 pacis,
974 1524 1048 1596 otii,
1077 1523 1280 1597 concordiae,
1309 1523 1477 1597 libertatis,
1506 1522 1633 1594 salutis,
1662 1522 1743 1585 ritae

428 1618 566 1699 denique
588 1618 729 1681 omnium
751 1627 895 1682 nostrum
917 1638 1012 1682 causa
1032 1617 1137 1681 iacere
1158 1616 1259 1681 clamo
1281 1626 1376 1702 atque
1397 1624 1505 1681 testor.
1538 1614 1666 1689 Audite,
1687 1628 1781 1677 auto

429 1711 493 1774 dite
521 1709 697 1784 consulem,
725 1711 866 1786 iudices,
896 1712 974 1775 nihil
1001 1711 1103 1774 dicam
1124 1712 1337 1793 arrogantius,
1365 1717 1485 1774 tantum
1513 1710 1632 1782 dicam,
1661 1714 1744 1770 totos

430 1804 498 1867 dies
521 1812 616 1886 atque
638 1812 749 1867 noctes
772 1805 810 1868 de
833 1825 867 1868 re
889 1805 1017 1889 publica
1037 1806 1236 1887 cogitantem.
1278 1807 1349 1868 Non
1371 1825 1472 1889 usque
1493 1825 1532 1868 eo
1552 1803 1588 1866 Ι..
1611 1800 1743 1865 Catilina

428 1919 493 1962 rem
516 1896 675 1981 publicam
698 1900 844 1982 despexit
865 1906 961 1982 atque
980 1901 1183 1982 contempsit,
1205 1908 1240 1962 ut
1255 1919 1292 1962 ea
1307 1899 1416 1982 copia,
1437 1917 1531 1982 quam
1545 1917 1652 1961 secum
1666 1894 1744 1959 edu·

427 1992 492 2065 xit,
514 2011 548 2054 se
569 1990 651 2053 banc
671 1991 827 2055 civitatem
848 2013 1070 2077 oppressurum
1091 1992 1303 2056 arbitraretur.
1332 1993 1440 2055 Latius
1461 1999 1548 2074 patet
1568 1989 1654 2053 illius
1676 2007 1744 2053 soo-

428 2085 502 2148 leris
524 2085 687 2166 contagio,
710 2106 803 2168 quam
825 2089 994 2171 quisquam
1015 2094 1121 2168 putat3
1144 2085 1183 2148 ad
1205 2086 1312 2168 plures
1333 2087 1481 2168 pertinet.
1522 2084 1626 2157 lntus,
1647 2083 1743 2156 intus,
1751 2097 1779 2144 te

428 2180 576 2263 inquam,
604 2187 653 2240 est
681 2199 782 2262 equus
804 2181 972 2243 Tmianus:
1001 2199 1019 2242 a
1042 2199 1106 2264 quo
1135 2200 1306 2263 numquam
1329 2200 1379 2243 me
1401 2179 1531 2243 consule
1552 2177 1743 2243 dormientes

429 2272 659 2356 opprimemini.
702 2269 752 2333 79.
775 2273 909 2349 Quaeris
931 2293 950 2337 a
970 2294 1037 2346 me,
1058 2272 1136 2355 quid
1158 2293 1217 2355 ego
1233 2273 1397 2336 Catilinam
1412 2281 1560 2337 metuam.
1587 2270 1689 2344 Nihil,
1711 2279 1742 2334 et

430 2366 538 2431 curavi
567 2387 608 2429 ne
630 2367 702 2450 quis
731 2373 902 2442 metueret;
932 2367 987 2430 scd
1009 2367 1116 2450 copias
1138 2367 1238 2440 illius,
1269 2387 1349 2451 quas
1369 2367 1421 2430 bic
1442 2367 1550 2440 video,
1579 2365 1651 2429 dico
1672 2384 1742 2428 esse

428 2461 629 2524 metuendas:
651 2468 792 2524 nectam
814 2461 972 2524 timendus
993 2469 1042 2524 est
1062 2481 1147 2524 nunc
1169 2461 1326 2524 exercitus
1348 2462 1382 2523 L.
1399 2460 1551 2524 Catilinae
1573 2478 1669 2544 quam
1679 2458 1742 2533 isti,

430 2555 485 2637 qui
507 2553 597 2616 illum
619 2553 791 2617 exercitum
814 2553 991 2618 deseruisse
1013 2555 1169 2618 dicuntur.
1197 2556 1268 2617 Non
1290 2555 1373 2617 enim
1389 2555 1611 2627 deseruerunt,
1632 2551 1688 2615 sed
1702 2551 1780 2615 abac

428 2648 485 2709 illo
513 2646 546 2708 in
574 2647 712 2728 speculis
739 2656 835 2732 atque
863 2649 896 2711 in
923 2648 1048 2711 insidiis
1075 2647 1176 2711 relicti
1204 2648 1237 2711 in
1267 2649 1367 2732 capite
1394 2655 1488 2734 atque
1514 2649 1546 2712 in
1568 2644 1742 2711 cervicibus

429 2740 544 2802 nostris
567 2739 757 2802 restiterunt.
800 2741 841 2804 lli
863 2749 895 2804 et
915 2741 1069 2824 integrum
1092 2741 1255 2805 consulem
1277 2753 1309 2805 et
1329 2743 1448 2805 bonum
1468 2742 1689 2825 imperatorem
1710 2746 1743 2803 et

428 2840 538 2896 natura
566 2840 598 2895 et
623 2830 750 2895 lortuna
778 2854 850 2896 cum
879 2835 925 2897 rei
952 2834 1096 2917 publicae
1125 2835 1226 2899 salute
1256 2837 1457 2900 coniunctum
1480 2835 1574 2898 deiici
1596 2834 1635 2897 de
1657 2832 1742 2897 urbis

427 2924 586 3011 praesidio
607 2933 640 2988 et
662 2925 701 2988 de
723 2927 865 2990 custodia
885 2929 1018 2992 civitatis
1032 2929 1144 2993 vestris
1159 2930 1323 2993 sententiis
1338 2929 1499 2993 deturbari
1512 2928 1633 2992 volunt
1655 2927 1743 3003 Quo-

426 3040 495 3084 rum
517 3038 576 3101 ego
597 3018 716 3082 lenum
738 3028 770 3082 et
790 3020 951 3084 audaciam
972 3022 1067 3086 reieci
1088 3022 1122 3084 in
1145 3041 1276 3106 campo,
1305 3023 1466 3087 debilitari
1489 3023 1523 3085 in
1544 3022 1627 3095 loro,
1658 3035 1794 3084 com-as-

427 3114 528 3197 pressi
557 3113 652 3175 etiam
681 3111 766 3175 domi
796 3133 884 3177 meae
907 3134 1017 3198 saepe,
1046 3116 1184 3190 iudices,
1214 3117 1264 3179 his
1290 3137 1346 3181 vos
1372 3117 1399 3180 si
1425 3118 1557 3181 alterum
1580 3115 1740 3180 consulem

427 3207 632 3279 tradideritis,
654 3205 726 3288 plus
749 3206 849 3270 multo
872 3217 964 3271 erunt
983 3210 1096 3273 restris
1117 3210 1282 3273 sententiis
1304 3230 1398 3295 quam
1420 3211 1486 3274 suis
1506 3210 1617 3293 gladiis
1631 3229 1742 3274 conso·

427 3301 501 3364 cuti.
543 3300 649 3384 Magni
678 3301 825 3375 interest,
857 3301 993 3377 iudices,
1025 3301 1059 3365 id
1089 3303 1174 3386 quod
1202 3323 1261 3385 ego
1290 3305 1396 3368 multis
1422 3303 1669 3387 repugnantibus
1690 3302 1740 3386 egi

426 3402 522 3479 atque
553 3393 691 3476 perfeci,
724 3415 794 3457 csse
827 3394 976 3460 Kalendis
1010 3397 1165 3459 ianuariis
1197 3396 1231 3460 iu
1263 3418 1297 3460 re
1328 3397 1456 3481 publica
1487 3397 1551 3460 duo
1584 3396 1741 3461 consules.

426 3485 477 3548 80.
500 3487 604 3550 Nolite
626 3487 787 3563 arbitrari,
809 3489 1019 3554 mediocribus
1041 3489 1183 3554 consiliis
1204 3499 1258 3554 aut
1278 3490 1401 3555 usitatis
1423 3492 1482 3555 viis
1496 3499 1551 3554 aut
1568 3490 1585 3523 *
1599 3488 1648 3523 ss
1670 3493 1778 3555 Nonao

428 3582 479 3644 lex
507 3580 665 3663 improba,
693 3601 758 3644 uon
789 3583 966 3664 perniciosa
992 3583 1133 3665 largitio,
1162 3603 1226 3646 non
1255 3583 1397 3648 auditum
1418 3583 1590 3668 aliquando
1612 3583 1740 3667 aliquod

427 3675 543 3738 malum
564 3676 609 3737 rei
630 3674 775 3756 publicae
798 3678 968 3760 quaeritur.
1010 3676 1092 3740 Inita
1113 3679 1240 3740 suntin
1261 3676 1320 3740 bac
1342 3677 1468 3741 civitate
1489 3678 1638 3753 consilia,
1659 3676 1741 3741 iudi·

427 3789 496 3842 ces,
529 3767 616 3830 urbis
644 3767 814 3843 delendae,
848 3769 963 3834 civium
990 3769 1268 3846 trucidandorum,
1300 3771 1439 3836 nominis
1464 3772 1596 3836 Romani
1623 3771 1741 3836 exstin-

492 4093 1026 4158 sucumque-armoricam&
1045 4095 1105 4147 iort.
1124 4099 1248 4148 recte-
1267 4098 1625 4160 commestam.-
1644 4098 1742 4150 dm

426 4168 540 4218 iubenum
556 4171 585 4218 G.
605 4194 632 4204 -
650 4167 675 4219 4.
693 4169 829 4219 &muodo
845 4168 873 4219 Ε.
893 4195 919 4204 —
940 4171 963 4220 6.
982 4170 1016 4220 Ac
1032 4171 1104 4222 Ε.-
1123 4172 1147 4220 7.
1165 4174 1307 4235 tumprud.
1326 4175 1363 4235 G,
1387 4162 1594 4236 eitum..
1614 4175 1642 4223 ut
1657 4174 1699 4223 est
1714 4174 1741 4223 tu

427 4245 455 4294 E.
471 4269 496 4277 -
516 4242 541 4292 8.
559 4240 625 4305 mom]
641 4255 720 4292 cuusu
736 4257 766 4304 v,
785 4245 830 4308 qui
847 4244 943 4295 deinde
960 4245 1043 4297 babet
1059 4260 1090 4296 ec
1105 4248 1205 4312 pretim
1221 4261 1269 4312 pro
1279 4250 1374 4314 qratia
1388 4276 1416 4285 -
1434 4250 1563 4314 distitutis
1578 4249 1606 4300 Ε.
1620 4275 1647 4285 -
1667 4249 1691 4302 9.
1703 4249 1742 4311 su-

426 4320 476 4367 cios
491 4330 549 4367 caer
563 4329 603 4366 mo
614 4318 687 4379 posu
703 4319 738 4368 oti
754 4321 900 4370 concordius
915 4320 1070 4372 tibmoiitutis
1087 4326 1116 4374 G.
1139 4349 1166 4358 -
1194 4324 1234 4373 to.
1251 4329 1359 4374 uestram
1374 4327 1432 4376 Par.
1451 4326 1476 4375 7.
1494 4327 1521 4375 et
1537 4326 1564 4375 l..
1585 4352 1612 4362 -
1638 4324 1743 4375 obtestor

427 4396 483 4443 Par.
496 4391 520 4441 3.
539 4393 566 4440 ei
582 4391 675 4444 Franc.
690 4421 718 4431 -
738 4394 777 4444 u.
796 4396 885 4459 odrop.
898 4396 956 4446 EG.
971 4423 997 4432 -
1018 4398 1057 4447 ti.
1070 4411 1102 4448 oc
1116 4404 1198 4449 ooctss
1208 4400 1237 4450 Ε.
1252 4426 1279 4435 -
1297 4403 1479 4464 consequuti:
1495 4413 1620 4464 ouaouoot
1635 4400 1739 4460 Pani..

305 4476 308 4482 ·
426 4479 502 4529 usqae
519 4466 581 4528 (om.
593 4469 651 4530 ooo)
669 4468 764 4528 uus,
783 4468 798 4518 6
814 4470 888 4528 011..
907 4471 984 4534 lagg.
998 4484 1101 4522 omnes.
1117 4499 1144 4509 -
1163 4473 1203 4523 43.
1221 4475 1327 4537 dspouit
1342 4476 1367 4526 u
1384 4488 1420 4527 m.
1433 4488 1474 4541 pr.
1487 4501 1515 4512 -
1533 4478 1640 4527 adducit
1654 4490 1679 4527 ss
1694 4477 1742 4528 buc

425 4543 459 4594 ll.
480 4567 506 4576 -
526 4539 566 4591 il.
584 4542 640 4593 soei.
658 4545 775 4608 copitalia
792 4546 816 4595 bl
833 4557 924 4609 nupt.
941 4572 968 4581 -
988 4547 1027 4598 to.
1045 4548 1112 4598 intus
1127 4548 1211 4600 semel
1227 4549 1327 4600 babent
1342 4551 1425 4601 ETv.
1439 4576 1467 4588 -
1487 4551 1526 4601 ii.
1538 4552 1658 4613 quaeritis
1671 4566 1699 4610 χ.
1711 4578 1739 4591 -

309 4656 315 4674 ,
426 4617 465 4667 48.
484 4616 539 4665 dico
555 4626 609 4665 om.
627 4630 655 4675 x.
674 4644 702 4653 -
721 4619 762 4669 20.
781 4620 913 4669 dimsruut
929 4623 959 4670 G.
979 4648 1007 4658 -
1026 4624 1068 4673 2⁴.
1085 4625 1189 4687 speetu
1205 4625 1738 4689 llv:somslt'a(i,tpsltstct'sECSst1.-

425 4692 450 4741 io
466 4690 562 4740 insidiis
578 4693 671 4758 scripsi
688 4694 725 4756 (ut
741 4697 782 4745 est
797 4695 885 4745 statim
902 4696 928 4744 ln
946 4697 1073 4748 antitheto
1096 4700 1124 4749 iu
1139 4702 1221 4762 cupite
1235 4706 1310 4765 utque
1325 4702 1352 4752 io
1366 4700 1523 4762 osmioibuait
1545 4701 1573 4749 ia
1589 4713 1643 4750 om.
1660 4700 1739 4751 codd.

425 4768 453 4816 et
468 4765 531 4817 edd.
552 4793 579 4802 -
597 4766 639 4818 33.
657 4768 719 4817 deici
736 4769 798 4818 mei.
819 4796 846 4805 —
864 4770 905 4820 25.
923 4772 997 4821 reieci
1013 4772 1074 4822 Ev:
1092 4775 1154 4825 reici
1170 4777 1232 4828 (itt.
1247 4802 1275 4814 -
1292 4777 1334 4827 36.
1352 4782 1376 4827 ot
1391 4777 1458 4826 dorsi
1473 4776 1502 4825 E.
1515 4800 1544 4812 -
1562 4775 1603 4825 27.
1620 4777 1742 4827 commui

425 4853 472 4904 qua
488 4841 591 4903 macti
613 4854 663 4892 esso
686 4855 739 4892 om.
762 4842 834 4894 med.
853 4845 882 4893 G.
901 4870 928 4879 -
947 4845 989 4896 33.
1007 4859 1052 4911 epo
1068 4861 1121 4899 om.
1140 4850 1169 4901 Ε.
1190 4878 1217 4888 -
1235 4851 1276 4902 29.
1294 4853 1343 4902 duo
1358 4854 1417 4903 Par.
1434 4850 1459 4902 4.
1478 4851 1504 4901 et
1520 4851 1556 4900 G:
1574 4850 1636 4900 duos
1651 4849 1740 4913 Ebiv,

424 4917 440 4965 3
457 4917 532 4976 Ora„
550 4917 629 4980 lagg.
649 4944 676 4953 -
696 4917 737 4969 30.
755 4920 819 4969 used.
837 4920 936 4970 udicio
952 4922 980 4971 Ε.
996 4949 1022 4960 -
1041 4926 1088 4975 otis
1104 4926 1163 4976 ood.
1176 4927 1292 4978 tiemmii
1309 4928 1337 4977 et
1353 4926 1396 4976 ed.
1409 4928 1495 4977 Crat:
1511 4926 1614 4985 osus,
1633 4927 1691 4976 Par.
1704 4924 1739 4986 4.,

424 4993 450 5042 u
467 5003 502 5041 m.
522 5004 573 5054 pr..
591 4993 652 5057 Lag.
672 4996 712 5044 to.
730 4995 787 5055 33,
812 4996 875 5045 uotis
890 4998 948 5047 Par.
966 4998 991 5047 7.
1010 5001 1037 5050 et
1052 5000 1155 5060 Fraus..
1180 5001 1247 5051 uitiis
1262 5001 1321 5062 Ev,
1347 5002 1372 5052 bi
1388 5013 1424 5052 m.
1442 5013 1509 5060 sec..
1532 5002 1548 5052 6
1564 5002 1638 5063 01¹..
1660 5002 1738 5065 lagg.

425 5064 480 5116 rell.
504 5067 533 5116 ln
550 5066 582 5117 iis
598 5070 688 5118 autem
705 5081 773 5132 quae
791 5069 888 5120 deinde
905 5070 1091 5123 desiderantur
1107 5087 1159 5125 non
1175 5074 1280 5124 videtur
1295 5073 1407 5139 amplius
1423 5087 1503 5139 quam
1520 5087 1589 5126 unus
1604 5086 1699 5126 versus
1714 5077 1740 5127 in

425 5140 571 5205 archetypo
587 5141 760 5194 intercidisse.
781 5170 808 5179 —
828 5144 868 5195 34.
887 5145 987 5210 imputo
1003 5160 1054 5196 soa
1066 5150 1100 5197 G:
1119 5149 1280 5213 buitim
1296 5150 1388 5210 Eitv,
1407 5151 1465 5200 Par.
1477 5148 1514 5209 4.,
1531 5151 1593 5214 Lag.
1606 5152 1630 5201 t.
1643 5150 1684 5200 2⁰.
1696 5151 1738 5203 at.

425 5215 466 5265 63.
485 5214 541 5277 ised
558 5217 584 5266 tn
600 5218 626 5269 u
641 5216 742 5280 syllaba
758 5232 820 5270 uum
836 5221 984 5287 punctata);
1002 5221 1165 5291 turpilium
1179 5238 1229 5275 aoa
1244 5231 1314 5288 χψ,
1332 5225 1393 5291 Lag.
1410 5225 1452 5276 25.
1467 5224 1520 5287 26„
1537 5227 1567 5276 ut
1583 5223 1694 5278 videtur.
1708 5250 1735 5263 -

426 5290 466 5343 33.
483 5291 641 5360 subposuit
656 5292 718 5347 mei.
