4367 6109
456 583 496 655 l0
845 590 995 658 oliano
1018 589 1097 658 PRO
1119 593 1153 658 P.
1176 588 1370 672 QUINGTIO

454 761 488 827 in
510 780 620 846 agrum
641 779 856 836 communem,
886 781 925 825 co
948 762 1103 846 denique,
1133 763 1188 824 uhi
1214 782 1280 826 non
1301 761 1397 825 modo
1419 780 1470 823 res
1492 766 1576 833 erat,
1607 759 1663 823 sed
1694 760 1774 822 ratic

455 877 584 943 quoque
611 856 714 920 omnis
743 862 775 920 et
800 875 911 920 omnes
939 856 1074 919 litterae.
1119 857 1200 933 Quis
1226 865 1291 920 mm
1320 855 1493 920 dissolutus
1515 856 1549 917 in
1570 875 1605 917 re
1626 853 1772 917 familiari

452 950 581 1026 suisset,
605 951 677 1036 quis
698 956 763 1014 tam
783 950 964 1034 negligens,
988 951 1059 1034 quis
1081 959 1144 1014 tam
1168 953 1231 1026 tui,
1264 952 1377 1024 Sexte,
1402 948 1581 1023 dissimilis,
1605 948 1678 1032 qui,
1702 967 1772 1010 cum

453 1064 504 1110 res
531 1046 569 1109 ab
592 1064 647 1119 eo,
669 1041 799 1129 quicum
821 1045 1046 1118 contraxisset,
1069 1046 1254 1108 recessisset
1276 1053 1307 1107 et
1329 1044 1369 1107 ad
1390 1044 1540 1106 heredem
1561 1041 1773 1126 pervenisset,

428 1151 517 1204 boon
530 1137 696 1213 heredem,
719 1139 942 1221 cumprimum
956 1140 1104 1212 vidisset,
1127 1140 1292 1202 certiorem
1307 1136 1441 1212 iaceret,
1464 1136 1655 1220 appellaret,
1676 1135 1772 1198 ratio·

452 1251 524 1297 uem
553 1231 694 1310 afferret3
722 1233 748 1297 si
778 1234 854 1317 quid
887 1234 920 1296 in
944 1233 1191 1296 controversiam
1214 1234 1350 1307 veniret,
1380 1239 1435 1295 aut
1455 1232 1538 1294 intra
1559 1231 1696 1313 parietes
1717 1235 1773 1293 aut

451 1345 574 1389 summo
597 1328 665 1391 iure
688 1328 909 1411 experiretur?
953 1328 1040 1390 Itane
1075 1332 1145 1390 esti
1177 1329 1264 1412 quod
1286 1328 1346 1390 viri
1369 1328 1480 1411 optimi
1501 1326 1636 1398 iaciunt,
1667 1323 1773 1408 siqui

345 1441 348 1446 ·
451 1438 527 1484 suos
549 1421 747 1507 propinquos
769 1442 806 1484 ac
828 1423 1025 1484 necessarios
1048 1442 1138 1484 caros
1161 1430 1192 1488 et
1212 1422 1365 1484 honestos
1387 1441 1456 1484 esse
1477 1428 1573 1504 atque
1594 1418 1704 1482 haberi
1718 1437 1774 1480 vo·

451 1513 536 1588 lunt,
560 1514 591 1576 id
614 1515 687 1578 Sex.
702 1516 841 1579 Naevius
857 1535 922 1579 non
937 1517 1072 1591 faceret,
1095 1517 1150 1600 qui
1167 1535 1271 1600 nsque
1286 1536 1324 1578 eo
1339 1516 1440 1580 fervet
1453 1516 1617 1600 ferturque
1631 1515 1773 1589 avaritia,

414 1620 442 1669 te
451 1613 487 1672 ut
508 1609 548 1671 de
571 1610 637 1672 suis
660 1611 835 1673 commodis
858 1611 998 1694 aliquam
1019 1617 1141 1694 partem
1163 1610 1240 1673 velit
1254 1611 1465 1684 committere,
1487 1630 1528 1672 ne
1544 1630 1638 1694 quam
1651 1617 1773 1694 partem

450 1703 526 1766 huic
558 1704 740 1788 propinquo
774 1725 832 1768 suo
861 1704 958 1769 ullius
988 1705 1167 1769 ornamenti
1188 1704 1369 1788 relinquat?
1413 1701 1463 1767 39.
1484 1707 1525 1767 Et
1545 1706 1573 1768 is
1594 1704 1774 1788 pecuniam,

451 1797 478 1862 si
501 1817 564 1881 qua
586 1798 768 1873 deberetur,
790 1818 855 1863 non
877 1807 1013 1883 peteret,
1037 1799 1109 1883 qui,
1132 1798 1223 1882 quia,
1247 1798 1334 1883 quod
1356 1800 1496 1863 debitum
1518 1820 1691 1884 numquam
1715 1804 1773 1872 est,

451 1893 484 1958 id
506 1893 615 1955 datum
636 1913 702 1957 non
724 1899 786 1967 cst,
808 1915 874 1957 non
894 1897 1063 1978 pecuniam
1077 1894 1190 1967 modo,
1212 1915 1321 1958 verum
1337 1896 1432 1958 etiam
1445 1895 1583 1958 hominis
1596 1893 1772 1977 propinqui

451 1988 637 2068 sanguinem
658 1987 820 2072 vitamque
842 1989 965 2072 eripere
988 1992 1143 2053 conaturi
1172 1989 1254 2051 Huic
1276 1997 1344 2052 tum
1367 1990 1520 2052 molestus
1541 2008 1611 2052 esse
1626 1986 1775 2051 videlicet

415 2081 597 2155 ttnoluisti,
627 2101 723 2165 quem
750 2103 835 2145 nunc
855 2085 1013 2166 respirare
1035 2084 1133 2146 libere
1155 2104 1220 2146 non
1242 2085 1342 2147 sinist
1375 2104 1469 2168 quem
1491 2104 1576 2146 nunc
1597 2077 1774 2144 interficere

452 2174 571 2240 nefarie
592 2177 699 2259 cupis,
722 2197 794 2239 eum
816 2185 882 2239 tum
904 2179 1062 2261 pudenter
1081 2179 1243 2262 appellare
1265 2178 1418 2241 nolebas?
1461 2180 1509 2241 lta
1529 2178 1643 2242 credor
1670 2176 1773 2239 homi·

451 2289 523 2334 nem
545 2271 777 2354 propinquum,
800 2273 847 2335 tui
869 2273 1105 2348 observantem,
1131 2273 1234 2335 virum
1256 2273 1391 2347 bonum,
1413 2274 1599 2356 pudentem,
1622 2271 1772 2334 maiorem

451 2372 543 2440 natu,
571 2364 702 2428 nolebas
732 2374 787 2429 aut
812 2387 878 2429 non
899 2367 1037 2430 audebas
1060 2367 1232 2450 appellare.
1277 2368 1392 2451 Saepe,
1422 2377 1458 2431 ut
1480 2365 1528 2442 lit,
1558 2367 1719 2449 cumipse
1741 2373 1772 2429 te

450 2457 686 2533 confirmasses,
709 2480 780 2524 cum
803 2463 969 2525 statuisses
992 2461 1032 2523 de
1053 2461 1188 2544 pecunia
1209 2462 1403 2525 mentionem
1417 2462 1536 2537 facere,
1558 2483 1630 2525 cum
1644 2468 1771 2545 paratus

413 2554 684 2639 mmcditatusque
705 2556 865 2629 venisses,
887 2556 983 2618 homo
1007 2556 1152 2629 timidus,
1177 2555 1324 2638 virginali
1347 2557 1553 2633 verecundia,
1576 2557 1681 2620 subito
1702 2555 1772 2638 ipse

450 2655 482 2714 te
504 2647 679 2724 retinebam
703 2651 869 2714 excidebat
888 2659 1020 2735 repente
1044 2651 1162 2724 oratio;
1186 2671 1258 2713 cum
1281 2671 1413 2734 cuperes
1434 2652 1609 2735 appellare,
1631 2671 1696 2714 non
1716 2664 1773 2715 au·

450 2743 565 2817 debes,
594 2762 634 2806 ne
662 2744 780 2807 invitus
811 2746 944 2809 audiret.
987 2745 1057 2806 Xll.
1080 2740 1131 2806 40.
1154 2745 1189 2806 ld
1212 2751 1280 2807 erat
1301 2746 1454 2827 profecto.
1499 2746 1670 2809 Credamus
1693 2745 1771 2820 hoe,

451 2838 523 2902 Sex.
545 2838 714 2913 Naevium,
744 2840 835 2902 cuius
866 2847 960 2923 caput
981 2845 1158 2923 oppugnet,
1187 2839 1256 2902 eius
1277 2840 1406 2903 auribus
1428 2841 1618 2924 pepercisse.
1662 2840 1696 2901 Si
1718 2840 1772 2901 de·

448 2931 586 3007 buisset,
618 2933 730 3008 Sexte,
758 2934 893 3017 petisses
915 2935 1039 3010 statim3
1069 2934 1096 2996 si
1119 2953 1183 2996 non
1206 2934 1326 3007 statim,
1356 2935 1453 3018 paulo
1476 2935 1603 3019 quidem
1625 2941 1714 3018 post3
1743 2936 1770 2998 si

413 3035 514 3094 aenou
537 3026 649 3111 paulo,
671 3035 704 3090 at
725 3028 907 3112 aliquant03
930 3048 987 3090 sex
1010 3028 1139 3113 quidem
1162 3028 1225 3090 illis
1247 3030 1408 3093 mensibus
1423 3030 1582 3113 prosect03
1604 3048 1773 3093 annover-

450 3131 536 3189 tentc
558 3123 627 3187 sine
650 3123 876 3186 controversia.
919 3124 1011 3185 Anno
1035 3131 1067 3185 et
1087 3142 1145 3185 sex
1167 3124 1329 3186 mensibus
1352 3143 1442 3199 vero,
1466 3145 1536 3187 cum
1552 3124 1609 3187 tibi
1627 3124 1772 3207 quotidie

449 3225 589 3305 potestas
611 3217 752 3282 bominis
773 3217 887 3281 fuisset
908 3217 1116 3291 admonendi,
1139 3218 1270 3281 verbum
1292 3219 1414 3281 nullum
1436 3218 1529 3294 facis3
1555 3219 1686 3283 biennio
1708 3219 1772 3283 iam

450 3313 595 3378 coniecto
617 3313 683 3376 iere
705 3313 857 3397 appellas.
892 3313 972 3389 Quis
996 3320 1060 3375 tam
1081 3313 1225 3395 perditus
1240 3333 1276 3376 ac
1291 3313 1442 3396 profusus
1456 3333 1573 3396 nepos,
1596 3333 1662 3376 non
1677 3314 1773 3378 adesa

450 3409 529 3483 iam,
556 3408 612 3471 sed
639 3407 814 3471 abundanti
838 3408 933 3470 etiam
959 3407 1109 3489 pecunia,
1139 3407 1184 3470 sic
1206 3408 1380 3470 dissolutus
1402 3406 1530 3482 luisset,
1559 3416 1594 3470 ut
1614 3407 1675 3469 fuit
1697 3407 1770 3471 Sex.

411 3502 608 3565 ”Naeviusi
643 3502 721 3565 Cum
742 3501 904 3565 hominem
927 3502 1074 3576 nomino,
1102 3503 1177 3566 satis
1200 3502 1276 3565 mihi
1300 3502 1410 3564 videor
1431 3502 1546 3565 dicere.
1582 3498 1633 3564 lt.
1655 3501 1773 3565 Debuit

450 3596 507 3660 tibi
530 3596 564 3658 C.
588 3596 775 3671 Quinctius:
809 3617 983 3681 numquam
1005 3597 1130 3680 petisti3
1159 3606 1303 3660 mortuus
1325 3605 1374 3660 est
1395 3598 1464 3660 ille:
1490 3617 1540 3659 res
1562 3597 1601 3659 ad
1622 3596 1772 3659 heredem

449 3691 546 3755 venit.
576 3689 654 3753 Cum
676 3710 749 3753 eum
773 3691 916 3774 quotidie
934 3691 1073 3765 videres,
1097 3699 1171 3774 post
1189 3692 1352 3754 biennium
1371 3692 1510 3775 denique
1526 3691 1679 3774 appellas.
1707 3692 1773 3753 Iiu-

448 3785 616 3860 bitabitur,
639 3790 744 3848 utrum
759 3786 800 3848 sit
821 3784 1031 3868 probabilius,
1056 3785 1129 3848 Sex.
1147 3786 1301 3848 Naevium
1316 3785 1436 3859 statim,
1458 3786 1485 3848 si
1501 3786 1579 3871 quid
1595 3786 1771 3863 deberetur,

417 3996 421 4006 .
513 3951 539 4004 l.
557 3951 665 4016 murus]
682 3953 726 4015 qui
741 3951 749 4002 l
767 3954 794 4002 et
811 3950 837 4004 t.
857 3976 885 3988 -
903 3953 928 4002 h.
945 3951 1051 4013 uidisset]
1071 3953 1164 4001 adrem
1180 3953 1209 4013 ir,
1234 3952 1322 4001 adiuel
1338 3953 1438 4002 Oronn.
1457 3952 1519 4003 duo.
1539 3979 1567 3988 ·-
1588 3952 1676 4002 sFort.
1694 3952 1774 4002 ratio·

447 4041 509 4081 ectu
533 4041 587 4092 mg.
606 4026 632 4082 S.
653 4054 680 4063 -
705 4028 729 4078 6.
747 4029 774 4077 iu
790 4028 962 4077 controuersia
978 4027 1100 4077 iuucuiret
1116 4028 1148 4088 k,
1170 4027 1196 4076 iu
1218 4026 1387 4077 controuersia
1401 4029 1496 4078 veniret
1512 4031 1542 4079 A.
1563 4055 1590 4063 -
1609 4028 1634 4077 Ἰ.
1652 4030 1722 4078 ltoue
1738 4033 1773 4078 est

448 4117 512 4157 cum
527 4101 601 4154 libris
619 4103 742 4154 omnibus
759 4102 831 4156 ALt:
858 4104 927 4153 ltuue
944 4104 1045 4154 hlureto
1070 4103 1138 4166 (Ver.
1157 4104 1239 4153 Lectt.
1257 4103 1320 4153 XVI.
1340 4104 1390 4166 te.)
1408 4106 1517 4154 auctore
1535 4105 1563 4154 0.
1592 4104 1630 4154 Cl.
1649 4116 1675 4167 p.
1694 4105 1770 4155 boso.

447 4180 508 4232 Am.
526 4179 551 4244 g.
564 4178 621 4231 ua.
639 4192 665 4243 p.
685 4177 787 4229 Cluent.
807 4178 831 4242 5.
845 4177 901 4229 tta.
919 4206 946 4215 —
966 4179 987 4227 si
1004 4179 1046 4240 qui
1064 4191 1125 4228 cum
1142 4177 1215 4228 libris
1233 4178 1356 4229 omnihus
1372 4178 1429 4233 AS:
1448 4185 1472 4230 et
1486 4180 1562 4241 siqui
1573 4180 1607 4238 L,
1625 4179 1644 4229 ii
1655 4181 1772 4240 quicum

448 4255 551 4305 Muretc
568 4255 598 4304 0.
619 4281 645 4292 -
665 4255 690 4304 8.
709 4255 747 4320 oc]
766 4260 812 4304 out
828 4257 853 4304 k.
875 4281 901 4289 —
921 4255 1003 4304 cleros
1020 4267 1082 4317 eum
1100 4255 1248 4305 Hotomano
1264 4256 1292 4304 L.
1308 4279 1335 4289 -
1355 4255 1379 4304 9.
1396 4256 1473 4319 seruit
1484 4253 1575 4305 Palati.
1590 4255 1616 4311 ξ.
1628 4255 1666 4314 3.,
1683 4256 1774 4318 seruiet

449 4329 480 4392 d,
497 4329 592 4392 suuuit
609 4343 639 4389 e,
657 4329 748 4392 ferbuit
764 4330 789 4380 k.
811 4353 839 4366 -·
855 4328 993 4394 ferturque]
1011 4335 1034 4379 et
1051 4330 1180 4392 ferturque
1198 4329 1287 4380 Palati.
1306 4331 1330 4378 5.
1350 4330 1373 4379 6.
1392 4329 1463 4380 unde
1481 4332 1607 4381 Gruterus
1624 4333 1774 4394 efferturque

449 4407 476 4455 et
493 4402 607 4455 Klotzius
624 4403 676 4468 (ed.
690 4406 740 4470 pr.)
757 4406 919 4468 referturque.
939 4405 990 4455 Sed
1007 4403 1135 4469 particula
1151 4409 1175 4454 ct
1191 4407 1247 4453 orta
1261 4403 1366 4454 videtur
1382 4418 1414 4454 ex
1432 4418 1512 4469 prava
1530 4405 1685 4468 repetitione
1697 4419 1774 4470 prae-

448 4479 568 4530 cedentis
584 4477 711 4543 syllabae.
732 4508 759 4518 -
779 4481 819 4530 ⁴0.
837 4481 951 4542 aliquam
963 4485 1064 4541 purtem
1078 4479 1137 4528 cciii
1152 4479 1303 4528 committere
1320 4476 1459 4541 (litigando)
1480 4477 1704 4542 libcdlghin:
1723 4479 1773 4529 uii-

449 4571 526 4620 quum
540 4562 640 4618 portem
655 4555 717 4605 uelit
732 4555 883 4605 committere
894 4568 923 4615 a,
943 4555 1056 4616 utiquam
1068 4559 1169 4615 portem
1183 4554 1246 4604 notit
1259 4554 1370 4603 omittere
1381 4553 1441 4604 le
1453 4566 1493 4610 ru.
1511 4555 1570 4604 vetit
1585 4555 1698 4616 aliquam
1712 4568 1774 4618 pur·

449 4637 498 4682 tem
514 4631 627 4681 emittere
643 4645 658 4682 e
677 4633 703 4681 et
719 4634 752 4691 A,
776 4631 838 4680 notit
855 4630 968 4692 aliquam
983 4635 1082 4691 portem
1099 4630 1212 4679 omittere
1227 4627 1277 4689 Le,
1296 4629 1408 4691 aliquam
1421 4634 1523 4691 purtem
1537 4630 1595 4679 oeiit
1611 4631 1725 4680 omittere
1741 4631 1770 4680 0.

452 4734 479 4744 -
501 4720 532 4757 oc
549 4706 633 4770 quom]
655 4712 683 4755 ut
699 4706 812 4767 otiquum
829 4708 857 4756 L.
878 4731 905 4742 -
931 4706 970 4756 th.
996 4718 1126 4767 uunquam
1142 4705 1248 4754 debitum
1265 4706 1289 4754 k.
1311 4731 1337 4739 -
1358 4703 1397 4755 il.
1416 4710 1468 4753 tum
1485 4716 1549 4754 nos:
1576 4709 1604 4754 tu
1620 4718 1682 4755 oum
1699 4704 1772 4755 libris

449 4783 539 4838 Atto.
564 4781 681 4833 Observa
698 4782 863 4833 cbiasmum:
886 4785 949 4834 Huic
965 4788 1065 4833 tum-·
1077 4795 1149 4842 quem
1165 4775 1231 4830 uuoc
1241 4794 1361 4843 --quem
1377 4794 1443 4829 nunc
1454 4806 1491 4816 --
1501 4792 1558 4829 cum
1568 4785 1629 4829 tum.
1645 4808 1672 4817 -
1692 4782 1731 4831 rs.
1745 4786 1773 4830 tu

448 4859 604 4921 impudenter
619 4860 653 4919 A,
672 4862 724 4907 tum
737 4857 891 4920 impudenter
908 4860 960 4918 ek,
978 4863 1007 4907 tu
1019 4859 1154 4920 pnedcnter
1170 4871 1209 4917 m,
1228 4861 1310 4907 tumea
1324 4857 1461 4918 prudenter
1477 4870 1502 4905 n.
1523 4882 1550 4890 -
1571 4855 1610 4905 ⁴7.
1625 4857 1773 4919 prudentem

450 4933 625 4985 lrlmnetA.
641 4959 668 4968 -
682 4933 722 4984 rs.
734 4935 881 4984 mentionem
893 4933 1161 4996 depecuniaBGdg.
1177 4934 1257 4982 -22
1270 4930 1583 4994 crithcdtglmetpr.
1597 4945 1621 4981 e.
1638 4931 1772 4994 -the-

449 5012 517 5060 tisscs
536 5010 579 5059 scd
596 5009 697 5072 petisses
711 5009 795 5058 statim
812 5009 897 5060 adlb
908 5009 931 5060 il
942 5024 967 5059 m
978 5023 1005 5070 n,
1021 5009 1110 5072 petisse
1125 5010 1167 5059 sed
1181 5009 1269 5070 petisse
1283 5008 1367 5056 statim
1383 5006 1440 5067 hc,
1455 5008 1556 5068 petisses
1571 5007 1593 5055 si
1606 5007 1708 5069 petisses
1723 5011 1773 5056 sto·

450 5086 495 5135 tim
506 5097 531 5148 g,
547 5086 647 5147 petisses
658 5085 788 5146 reperisses
797 5086 882 5134 statim
892 5083 1007 5135 Klotzius
1018 5087 1140 5135 Proocm.
1154 5083 1196 5134 ed.
1210 5080 1253 5132 alt.
1267 5095 1293 5146 p.
1304 5083 1346 5131 Vl.
1361 5109 1388 5116 -
1402 5083 1423 5131 si
1435 5096 1485 5131 uon
1497 5083 1651 5145 paulopost,
1663 5086 1691 5131 ot
1701 5084 1732 5131 A.
1743 5109 1770 5118 -

450 5160 491 5209 25.
510 5161 646 5222 aliquando
663 5159 778 5210 BGKet
789 5162 809 5210 A
819 5159 844 5212 e.
859 5159 998 5222 (aliquanto
1014 5158 1098 5209 codex
1111 5161 1169 5209 Car.
1184 5157 1326 5221 Stephani.)
1341 5183 1366 5192 -
1384 5158 1424 5207 28.
1436 5158 1550 5221 sercom.
1562 5159 1587 5207 k.
1602 5185 1630 5194 -
1644 5158 1773 5206 mucium

449 5236 556 5298 pecunie
570 5236 613 5285 sed
629 5233 796 5286 Gahcdet
805 5232 925 5298 gklmn
942 5235 1008 5284 etA.
1025 5259 1052 5270 -
1070 5234 1111 5283 29.
1125 5233 1379 5297 etiamtumpecuuio
1390 5247 1459 5284 corr.
1473 5247 1498 5285 e.
1513 5262 1541 5270 -
1555 5231 1602 5282 ml.
1615 5232 1771 5282 mundone·

452 5323 505 5376 mg.
517 5307 544 5368 2·
559 5337 587 5346 -
605 5311 681 5364 utam
697 5322 751 5364 om.
764 5311 798 5373 L,
817 5306 926 5361 seclusit
941 5310 970 5359 0.
988 5309 1035 5362 Est
1050 5308 1077 5359 in
1092 5309 1167 5361 butt
1182 5310 1210 5360 ct
1220 5307 1273 5364 Ab.
1287 5333 1313 5348 -
1333 5307 1462 5359 ducimur
1472 5307 1521 5371 ek,
1533 5307 1694 5359 dubictatis
1700 5320 1742 5374 pr.
1752 5307 1770 5358 i.
