4367 6109
841 597 913 664 eu.
935 598 1069 664 rv-v.
1098 597 1154 683 ss.
1176 596 1306 663 o-rc.
1666 585 1729 655 oto

414 768 706 842 mansuetudinem,
734 774 926 831 commutare
947 768 1146 853 disciplinam
1168 777 1299 833 conatus
1320 771 1375 831 es?
1401 767 1543 851 Namque
1564 767 1644 830 haec
1665 771 1729 838 tna,

415 881 496 945 quae
517 871 548 924 te
569 862 729 925 hominem
750 862 934 925 clementem
956 863 1201 946 popularemque
1218 862 1388 936 delectant,
1411 882 1422 924 1
1444 880 1573 936 nrcroa,
1596 880 1728 923 connros

414 976 531 1030 uarius,
559 976 622 1019 uon
650 955 744 1018 modo
771 956 866 1019 huius
895 956 1048 1020 libertatis
1070 956 1384 1039 mansuetudinisque
1407 975 1469 1018 non
1491 962 1581 1030 sunt,
1610 952 1665 1016 sed
1688 974 1728 1016 ne

414 1049 539 1113 Romuli
561 1048 688 1133 quidem
710 1056 766 1112 aut
786 1051 905 1112 Numae
919 1050 1080 1131 Pompilii:
1104 1050 1282 1133 Tarquinii,
1305 1049 1520 1132 superbissimi
1542 1058 1638 1132 atque
1660 1068 1730 1111 errr-

414 1143 570 1205 delissimi
594 1143 693 1223 regis,
724 1143 783 1206 isia
810 1149 883 1205 sunt
910 1144 1067 1205 cruciatus
1098 1145 1251 1217 carmina,
1287 1145 1376 1227 qnae'
1397 1153 1447 1216 tu,
1476 1143 1570 1206 homo
1592 1142 1673 1206 lenis
1694 1147 1768 1203 act

414 1236 592 1321 popularis,
620 1236 825 1298 libentissime
854 1256 1098 1298 commemoras:
1131 1236 1235 1299 Caerr
1260 1256 1428 1311 oemrro,
1457 1257 1572 1301 annonr
1594 1255 1731 1302 rurnurcr

414 1350 599 1393 srsennnrro
614 1375 622 1391 .
638 1375 645 1392 .
663 1375 671 1392 .
715 1330 805 1405 Quae
827 1331 937 1404 verba,
961 1329 1114 1404 Quirites,
1137 1330 1199 1392 iam
1222 1330 1343 1412 pridem
1358 1331 1390 1393 in
1405 1331 1464 1393 hac
1478 1351 1513 1393 rc
1527 1331 1652 1414 publica
1666 1349 1730 1392 non

413 1425 514 1488 solum
544 1424 683 1487 tenebris
716 1426 899 1499 vetustatis,
930 1443 1039 1486 rerum
1071 1423 1164 1485 etiam
1197 1424 1267 1485 luce
1295 1422 1448 1486 libertatis
1476 1444 1627 1508 oppressa
1648 1430 1730 1486 sunt.

414 1519 451 1583 V.
474 1513 524 1580 ti.
546 1522 594 1580 An
616 1537 707 1593 vero,
738 1519 764 1580 si
790 1520 872 1581 actio
893 1520 952 1580 isia
973 1515 1137 1601 popularis
1158 1523 1242 1578 esset
1263 1526 1295 1579 ct
1316 1517 1343 1579 si
1365 1517 1460 1579 ullam
1482 1527 1600 1601 partem
1623 1516 1733 1599 aequi·

414 1613 487 1675 tatis
508 1613 640 1675 haberet
659 1620 715 1674 aut
735 1613 829 1685 iuris,
853 1611 885 1673 G.
901 1609 1060 1672 Gracchus
1075 1630 1143 1672 eam
1166 1610 1367 1692 reliquisset?
1390 1611 1518 1675 Scilicet
1537 1612 1593 1674 tibi
1609 1611 1770 1693 gravio-⁴⁰

414 1727 479 1769 rem
508 1705 651 1769 dolorem
681 1707 784 1788 patrui
813 1706 857 1768 tui
886 1723 969 1767 mors
997 1703 1103 1766 attulit
1130 1723 1223 1787 quam
1256 1703 1289 1764 C.
1312 1704 1452 1768 Graccho
1473 1705 1594 1779 fratris,
1622 1712 1654 1767 et
1675 1704 1733 1766 tibi

414 1799 556 1863 acerbior
584 1799 652 1861 eius
679 1799 781 1880 patrui
811 1817 895 1860 mors
925 1804 987 1872 est,
1018 1818 1112 1881 quem
1136 1817 1305 1880 numquam
1328 1798 1450 1873 vidisti,
1481 1818 1574 1881 quam
1596 1798 1642 1860 illi
1664 1799 1735 1860 eius

414 1894 534 1968 heiria,
556 1895 682 1977 quicum
704 1892 949 1955 concordissime
968 1893 1106 1955 vixerat:
1129 1901 1162 1955 et
1184 1891 1295 1954 similis
1310 1891 1370 1953 viri
1391 1900 1426 1954 tu
1447 1891 1609 1954 ulcisceris
1630 1890 1733 1974 patrui

415 1995 562 2060 mortem,
585 1993 681 2068 atque
703 1985 757 2048 ille
778 1994 1021 2069 persequeretur
1041 1984 1163 2058 fratris,
1187 1986 1213 2047 si
1235 1985 1296 2046 ista
1317 1985 1440 2047 ratione
1462 2004 1554 2067 agere
1568 1985 1733 2048 voluisset:

415 2090 447 2144 et
474 2102 531 2164 par
559 2078 749 2143 desiderium
779 2080 827 2141 sui
856 2080 986 2162 reliquit
1006 2078 1088 2162 apud
1112 2077 1264 2163 populum
1287 2079 1462 2141 Romanum
1485 2077 1642 2141 Labienus
1663 2078 1770 2152 istan

414 2183 542 2258 patruus
564 2182 682 2246 vester,
706 2173 851 2256 quisquis
872 2173 947 2246 luit,
962 2192 1006 2235 nc
1028 2174 1075 2235 Ti.
1091 2171 1251 2235 Gracchus
1274 2171 1469 2254 reliquerat?
1501 2174 1549 2233 hu
1564 2171 1665 2253 pietas
1681 2178 1733 2233 tua

415 2269 514 2331 maior
536 2288 630 2350 quarn
646 2266 799 2329 Gracchi?
821 2286 862 2328 an
876 2268 1023 2329 animus?
1044 2285 1084 2327 an
1100 2266 1289 2329 consilium?
1311 2284 1351 2327 an
1368 2267 1466 2347 opes?
1487 2285 1527 2328 an
1543 2263 1734 2327 auctoritas?

415 2382 455 2425 an
479 2359 684 2444 eloquentia?
714 2361 844 2442 quaesi
867 2361 899 2422 in
921 2359 977 2423 illo
1001 2360 1129 2422 minima
1150 2358 1300 2433 luissent,
1327 2368 1431 2421 tamen
1455 2378 1530 2441 prae
1552 2360 1615 2421 tuis
1635 2358 1736 2419 facul·

417 2455 534 2518 tatibus
557 2455 693 2517 maxima
720 2460 914 2536 putarentur.
959 2449 1009 2516 ib.
1033 2454 1111 2516 Gum
1132 2473 1208 2516 vero
1229 2453 1279 2515 his
1300 2453 1393 2516 rebus
1415 2452 1561 2516 omnibus
1584 2452 1617 2515 G.
1640 2452 1735 2514 Grac-

415 2549 494 2612 chus
525 2566 635 2610 omnes
663 2548 788 2622 vicerit,
818 2553 971 2630 quantum
1000 2547 1197 2612 intervallum
1227 2545 1353 2609 tandem
1374 2548 1456 2610 inter
1477 2555 1507 2609 te
1528 2554 1623 2629 atque
1645 2545 1772 2608 illumao

414 2642 613 2706 interiectum
645 2660 715 2703 esse
741 2643 856 2722 putas?
892 2640 954 2703 Sed
983 2647 1158 2703 moreretur
1182 2641 1271 2723 prins
1291 2641 1490 2703 acerbissima
1512 2649 1611 2703 morte
1633 2639 1735 2701 milies

416 2735 449 2798 G.
473 2735 646 2807 Gracchus,
669 2754 762 2817 quam
777 2737 810 2796 in
826 2735 894 2797 eius
910 2735 1057 2798 contione
1073 2733 1214 2797 carnifex
1228 2734 1429 2797 consisteret:
1452 2754 1546 2817 quem
1561 2754 1626 2797 non
1640 2734 1735 2796 modo

415 2829 502 2902 loro,
532 2827 587 2890 sed
619 2829 712 2889 etiam
736 2827 823 2890 caelo
844 2828 905 2891 hoc
927 2848 963 2890 ac
986 2827 1098 2910 spiritu
1120 2828 1282 2890 censoriae
1304 2827 1389 2910 leges
1411 2834 1507 2911 atque
1527 2828 1614 2890 urbis
1637 2827 1736 2890 domi-

415 2922 487 2985 cilio
518 2940 624 2984 carere
655 2920 833 2982 voluerunt.
875 2921 934 2983 llic
956 2941 990 2984 se
1013 2920 1198 3004 popularem
1220 2922 1325 2983 dicere
1346 2920 1458 2994 audet,
1486 2942 1535 2984 me
1556 2922 1735 2984 alienuma

416 3014 587 3079 commodis
609 3016 738 3077 vestris:
766 3035 836 3077 curn
859 3015 919 3078 iste
942 3034 1051 3077 omnes
1074 3022 1106 3077 et
1127 3015 1355 3097 suppliciorum
1377 3022 1409 3078 et
1428 3015 1593 3078 verborum
1615 3014 1772 3077 acerbi-aa

416 3115 494 3171 tates
517 3128 579 3171 non
602 3128 642 3170 ex
664 3110 814 3171 memoria
835 3116 939 3172 restra
952 3128 989 3171 ac
1004 3115 1129 3191 patrum
1143 3115 1328 3183 vestrorum,
1351 3108 1408 3171 sed
1429 3127 1469 3172 ex
1487 3106 1647 3172 annalium
1669 3126 1735 3169 mo

481 3341 503 3389 t.
522 3354 630 3402 numque
645 3340 697 3390 mci
715 3342 822 3404 praeter
838 3341 869 3400 k,
888 3341 933 3404 qui
950 3339 1031 3390 habet
1042 3354 1115 3400 uum,
1134 3339 1194 3390 lort.
1207 3340 1319 3399 rectius,
1337 3353 1445 3402 nomque
1457 3340 1518 3390 boec
1529 3345 1573 3388 tuc
1584 3345 1655 3389 suut:
1675 3339 1735 3389 boec

416 3419 438 3464 te
454 3415 575 3465 bmuiaem
591 3416 618 3465 L.
647 3442 674 3451 -
701 3414 725 3464 3.
748 3429 797 3464 acu
818 3415 890 3463 modo
911 3414 954 3464 ed.
978 3416 1095 3465 luniiua:
1121 3427 1186 3476 quae
1206 3429 1256 3464 uon
1277 3415 1349 3464 modo
1366 3413 1444 3464 codd.
1463 3415 1490 3464 L.
1517 3415 1612 3465 Rarius
1629 3415 1655 3464 iu
1674 3415 1734 3463 ναν.

415 3491 489 3539 lecit.
508 3491 527 3539 l.
546 3503 572 3553 p.
591 3489 631 3540 tr.
650 3488 737 3539 locum
755 3491 793 3539 sic
811 3491 959 3540 constituit:
978 3491 1044 3540 Nam
1061 3503 1125 3552 quoe
1140 3491 1201 3538 baec
1217 3496 1262 3538 tuu
1279 3503 1342 3551 quae
1358 3496 1381 3539 te
1399 3526 1405 3538 .
1420 3526 1448 3540 ..
1467 3490 1605 3540 ιιιιιιαιιιι
1616 3508 1644 3525 ·-
1663 3491 1735 3540 ιιι·

416 3564 505 3625 ctos,
524 3564 657 3614 contrua
674 3565 794 3614 llAb'VS.
815 3592 840 3598 -
862 3567 932 3627 Ouue
947 3579 997 3615 uon
1012 3567 1085 3615 modo
1101 3566 1173 3613 iuius
1189 3564 1308 3613 iteratis
1323 3577 1356 3612 m.
1375 3578 1425 3613 uou
1441 3570 1512 3626 suat,
1532 3566 1573 3614 sed
1588 3579 1620 3614 ue
1637 3567 1664 3614 li.
1678 3566 1735 3624 qui-

415 3640 470 3688 dem
486 3643 531 3687 cut
546 3639 579 3688 N.
596 3639 722 3701 Pompilii;
754 3640 882 3701 lbrquiuii
899 3677 905 3689 .
921 3675 927 3688 .
943 3678 948 3689 .
967 3642 1016 3690 isio
1030 3646 1086 3690 suut
1102 3641 1228 3689 cmcictue
1243 3639 1366 3688 carmina.
1386 3640 1455 3701 Quae
1470 3645 1498 3688 tu
1516 3675 1522 3687 .
1538 3678 1543 3689 .
1558 3675 1565 3688 .
1583 3640 1737 3689 libentissime

417 3711 613 3762 commentores?
625 3739 651 3748 -
667 3714 765 3765 creir
781 3715 953 3778 conterre,
971 3717 1088 3766 Atiliolil
1102 3714 1243 3764 lNFEthi
1257 3714 1463 3764 Si'SPliNDlTO.
1475 3741 1501 3749 -
1517 3713 1672 3776 Quceoerbc
1683 3717 1734 3763 cet.

415 3788 526 3837 Secutus
543 3789 584 3836 est
600 3785 710 3837 Orellins
728 3789 753 3838 in
771 3789 813 3838 ed.
832 3790 868 3851 2,
887 3788 935 3839 sed
953 3803 985 3840 ne
1003 3790 1041 3840 sic
1058 3789 1167 3854 quidem
1184 3786 1257 3838 locus
1274 3789 1410 3838 restitutos
1426 3788 1542 3839 videtur.
1556 3813 1582 3824 -
1596 3787 1620 3839 i.
1633 3789 1737 3850 Pompili

368 3875 371 3880 ·
415 3860 561 3924 egilmn.
583 3889 609 3897 -
629 3861 750 3922 Tarquini
768 3864 820 3912 mei
837 3867 944 3927 praeter
960 3863 1054 3915 Sbcl.
1071 3892 1097 3902 -
1116 3866 1140 3913 e.
1159 3864 1208 3913 istc
1223 3861 1317 3925 Sigl:
1336 3865 1373 3912 itu
1390 3863 1468 3913 codd.
1481 3863 1537 3914 rell.
1551 3890 1578 3900 -
1597 3865 1621 3914 'i.
1635 3877 1737 3926 mipen-

415 3936 507 3985 dimiuo
525 3949 563 3993 m;
583 3937 722 3998 suspendito
738 3939 805 3986 orico
824 3937 898 3995 ilm;
925 3940 950 3988 in
972 3939 1070 4003 aliquoi
1094 3938 1172 3988 codd.
1190 3942 1251 4003 post
1269 3940 1408 4000 suspendite
1424 3942 1466 3990 est
1481 3941 1595 4004 spatium
1611 3952 1735 3998 vacuum,

414 4013 444 4060 ut
460 4011 485 4059 in
503 4009 637 4070 abcdh,
655 4010 759 4070 Ambo,
778 4013 892 4062 Oronc
911 4014 980 4062 ets.
1007 4012 1101 4063 Orellio
1119 4013 1152 4074 (ι)
1168 4014 1297 4063 verberato
1315 4027 1345 4062 cr
1364 4013 1475 4064 turmula
1493 4016 1597 4064 Liviana
1614 4013 1738 4078 suppleu-

415 4085 480 4136 dum
493 4084 606 4135 videtur.
622 4111 648 4120 -
667 4097 732 4146 quoe
747 4086 824 4135 verba
835 4100 888 4157 orq.
902 4088 930 4136 T.
947 4111 973 4122 -
992 4088 1016 4137 8.
1036 4091 1096 4151 post
1111 4093 1167 4136 neit
1184 4090 1225 4137 est
1242 4089 1266 4137 in
1285 4086 1454 4151 Sbcdegh
1472 4090 1576 4152 signum
1587 4090 1623 4149 K,
1642 4093 1668 4138 ei
1679 4087 1737 4137 loco

416 4161 473 4210 eius
485 4162 503 4209 li
515 4161 541 4208 in
554 4173 568 4208 a
581 4162 608 4209 et
619 4172 661 4219 ως
680 4160 714 4210 ci.
725 4160 757 4210 ad
771 4174 797 4224 p.
812 4161 868 4212 bit.
881 4176 906 4211 v.
919 4163 960 4211 29.
974 4190 1007 4199 -
1018 4163 1057 4212 ta.
1070 4163 1123 4212 eius
1133 4176 1186 4212 om.
1199 4164 1219 4212 T
1230 4165 1256 4212 l..
1271 4189 1298 4198 -
1313 4163 1352 4212 ⁴3.
1371 4165 1515 4213 umiuoiri
1527 4163 1647 4215 codices:
1665 4163 1739 4212 simili

414 4237 469 4286 iure
485 4236 610 4293 Beclius3
629 4248 679 4298 ego
691 4235 796 4286 malim:
815 4237 888 4286 simili
904 4239 937 4286 oi.
953 4264 979 4273 -
999 4236 1038 4287 il.
1057 4237 1098 4286 iiie
1114 4238 1135 4286 si
1148 4244 1338 4299 persequeretur
1355 4239 1432 4288 codd.
1447 4241 1514 4301 mei,
1533 4249 1596 4303 χψ.
1612 4267 1635 4277 -
1651 4239 1740 4301 fratris

413 4312 434 4360 si
451 4311 604 4361 Schiitzius:
628 4313 717 4373 fratris
733 4313 771 4361 sui
788 4313 818 4370 S,
842 4312 920 4362 codd.
940 4314 1017 4376 lagg.
1036 4316 1063 4362 ei
1080 4313 1196 4373 0xonu.;
1217 4315 1306 4376 truria
1321 4315 1359 4362 sui
1376 4316 1397 4363 si
1413 4314 1474 4374 LO,
1497 4315 1545 4365 sed
1563 4315 1606 4365 hic
1623 4314 1688 4379 [sui].
1709 4338 1734 4349 -

412 4386 528 4436 uetuisset
544 4385 622 4436 codd.
642 4387 695 4436 mei
717 4389 744 4437 et
767 4388 850 4447 CSx.
870 4414 896 4424 -
922 4389 961 4438 te.
977 4393 1086 4450 patruus
1101 4388 1188 4452 puter]
1211 4390 1353 4452 «Suspecta
1370 4387 1437 4438 haec
1454 4389 1573 4439 Ernestio
1591 4393 1617 4440 et
1633 4390 1736 4440 Beckto.

413 4461 465 4511 Sed
482 4462 570 4524 ipsum
586 4474 613 4509 v.
631 4467 710 4511 vester
727 4464 751 4523 (i
763 4475 843 4526 quem
861 4466 888 4513 tu
908 4465 998 4526 tuique
1016 4475 1125 4526 semper
1141 4464 1291 4526 crepatisn,
1310 4462 1410 4513 dictum
1428 4476 1479 4512 uon
1497 4464 1553 4513 sine
1572 4464 1739 4528 contemptu)

413 4538 499 4600 arguit
514 4549 609 4586 verum
627 4550 687 4586 esse
704 4550 754 4586 nec
771 4537 804 4586 ab
824 4537 1009 4602 interpolatore
1027 4537 1190 4602 proiectum,
1212 4537 1256 4599 qui
1274 4537 1360 4600 potius
1376 4536 1536 4589 inculcasset
1550 4544 1657 4601 patruus
1672 4547 1737 4588 tuus.

413 4612 481 4661 lutra
499 4611 523 4674 ἕ.
542 4611 584 4661 23.
603 4613 683 4661 item:
702 4618 781 4662 certer
796 4619 916 4675 potrum,
943 4613 988 4663 ubi
1007 4625 1099 4662 rursus
1117 4612 1201 4661 haesit
1219 4612 1381 4662 Schitlzius.»
1400 4614 1444 4663 Or.
1457 4615 1481 4663 ι,
1502 4641 1529 4650 -
1548 4627 1579 4663 uc
1594 4615 1737 4664 blanoilus:

413 4693 436 4738 et
454 4686 532 4736 codd.
552 4713 580 4722 -
599 4688 640 4736 20.
659 4688 739 4736 omnis
753 4689 840 4737 uicerit
857 4689 911 4737 mei
927 4691 1033 4752 praeter
1050 4689 1066 4738 l.
1083 4715 1108 4725 -
1128 4688 1170 4736 ii.
1189 4699 1239 4735 esse
1256 4685 1294 4736 il:
1313 4693 1348 4736 est
1363 4688 1411 4747 in3
1432 4701 1482 4738 esse
1498 4700 1551 4737 om.
1564 4689 1617 4738 mei
1634 4687 1736 4750 reliqui,

414 4763 472 4812 LO.
497 4790 523 4798 -
548 4764 621 4824 prius
642 4775 695 4812 om.
721 4762 780 4811 cod.
803 4763 930 4812 Torrentii
952 4766 980 4813 et
1000 4761 1082 4812 babet
1102 4764 1162 4825 posi
1183 4762 1269 4811 mites
1297 4763 1335 4811 lin
1349 4764 1454 4824 potius?
1473 4791 1500 4800 —
1525 4763 1604 4812 miiiea
1620 4764 1637 4812 S
1653 4776 1737 4812 corr.:

412 4838 481 4888 mibi
497 4839 514 4886 S
531 4850 567 4887 m.
588 4850 627 4901 pr.
647 4841 674 4887 et
690 4850 720 4899 μ
738 4839 765 4885 iu
782 4838 833 4886 dies
850 4837 872 4896 i;
892 4838 932 4886 iiie
948 4837 1012 4886 urim
1028 4837 1066 4885 iiii
1081 4838 1112 4894 k;
1130 4838 1167 4885 itti
1183 4835 1260 4886 esvcl
1271 4837 1333 4886 iiiies
1350 4838 1488 4897 leonu,
1501 4835 1558 4886 rell.
1572 4838 1663 4898 Lagg.;
1680 4837 1739 4885 mi-

412 4913 456 4962 lies
473 4913 530 4961 LO.
552 4938 577 4946 -
606 4913 646 4962 ιι.
666 4914 692 4963 C.
713 4912 817 4972 addidi,
836 4926 898 4962 curn
915 4912 992 4962 codd.
1013 4913 1065 4962 mei
1083 4916 1198 4976 tpraeter
1215 4913 1239 4974 ιι)
1257 4916 1285 4962 et
1300 4913 1315 4962 3
1332 4914 1432 4963 Oxoun.
1448 4915 1519 4975 prius
1536 4914 1596 4962 ante
1614 4913 1740 4962 Gracchus

413 4989 508 5038 iterum
526 4987 656 5048 habeant,
676 5001 812 5052 quaeror
831 5002 863 5037 ex
880 4989 954 5053 quius
971 4990 1095 5051 corrupta
1111 4987 1225 5037 videtur.
1246 5015 1273 5025 -
1291 4987 1333 5037 23.
1354 4986 1462 5038 «alim
1477 4989 1559 5038 coeio»
1577 5001 1630 5052 mg.
1644 4987 1735 5038 bamb.

413 5061 486 5112 teet.
502 5089 529 5097 -
542 5063 583 5112 at.
602 5064 681 5112 omnis
698 5064 750 5113 mei
768 5067 875 5128 praeter
891 5078 917 5114 u.
932 5090 959 5100 -
972 5062 1102 5113 puberum
1113 5062 1128 5112 l
1141 5064 1252 5125 Orcum,
1266 5065 1318 5114 mei
1333 5068 1440 5128 practer
1450 5064 1467 5114 d
1477 5065 1483 5113 i
1493 5063 1525 5114 kt
1536 5079 1562 5114 n.
1581 5064 1737 5124 acerborum,

413 5137 429 5185 i.
449 5149 473 5186 c.
493 5137 618 5187 horrendi
636 5139 769 5188 carminis.
799 5139 894 5188 firmat
915 5139 965 5188 hoc
988 5137 1192 5200 Ambrosianus,
1219 5152 1279 5189 cum
1300 5138 1342 5188 alii
1360 5138 1474 5189 habeant
1490 5138 1630 5196 oerbmuu,
1657 5151 1737 5202 quarn

414 5213 547 5262 notionem
560 5211 729 5277 amplectitur
739 5213 791 5262 iam
804 5226 830 5263 v.
846 5213 1046 5276 suppticicrum.»
1059 5213 1105 5262 Os.
1114 5213 1139 5262 2.
1149 5239 1176 5251 -
1189 5215 1231 5264 ao.
1243 5219 1382 5264 uestroraen
1398 5215 1458 5264 Sel
1466 5227 1472 5262 :
1489 5219 1598 5264 munim
1609 5213 1624 5264 i
1635 5214 1734 5264 Oxonn.

413 5288 440 5337 ei
456 5286 511 5338 rell.
530 5289 608 5352 lagg.
