4367 6109
806 565 880 628 cn.
902 563 1132 627 444444-4444.
1160 558 1217 646 pp.
1238 557 1390 626 44-44.
1693 557 1755 625 aar
1793 622 1796 629 .

436 738 527 803 Actio
549 743 597 800 est
624 733 657 796 in
685 741 843 797 auctorem
872 740 1071 816 praesentem
1097 732 1148 796 his
1176 732 1296 796 verbis:
1329 732 1524 809 Qvaanoova
1554 751 1594 796 444
1622 752 1654 796 m
1681 752 1754 797 444444

437 846 608 895 concamio.
640 827 707 890 llac
728 827 852 890 actione
873 826 996 909 Appius
1018 827 1072 891 ille
1096 827 1215 891 Caecus
1242 827 1287 890 uti
1310 847 1373 891 nou
1395 838 1516 910 posset,
1547 827 1573 891 si
1596 835 1658 891 tam
1680 846 1755 891 vere

435 923 580 989 homines
601 921 697 984 verba
718 928 982 995 consectarentur,
1005 929 1138 995 utrem,
1160 921 1250 984 cuius
1271 941 1366 985 causa
1387 923 1482 985 verba
1496 930 1580 996 sunt,
1602 937 1666 985 non
1682 942 1757 986 con·

434 1017 617 1081 siderarent
654 1016 854 1077 Testameuto
876 1013 903 1077 si
925 1014 1074 1077 recitatus
1096 1015 1188 1078 heras
1212 1023 1295 1078 esset
1317 1015 1457 1098 pupillus
1480 1016 1643 1079 Cornelius
1665 1017 1755 1100 isque

433 1110 495 1175 iam
517 1128 618 1174 annos
638 1128 684 1171 xx
705 1107 846 1181 haberet,
868 1105 958 1170 vobis
973 1107 1196 1190 interpretibus
1210 1109 1370 1171 amitteret
1382 1109 1599 1173 hereditatem.
1621 1109 1673 1173 55.
1694 1112 1779 1176 Ve-ts

434 1206 526 1268 niunt
545 1205 578 1267 in
599 1210 737 1267 mentem
766 1201 842 1264 mihi
874 1201 1046 1284 permulta,
1079 1201 1168 1264 vobis
1191 1201 1297 1284 plura,
1326 1212 1411 1266 certo
1434 1205 1510 1267 scio.
1552 1205 1686 1280 Verum,
1715 1226 1756 1270 ne

433 1300 567 1363 nimium
589 1297 687 1361 multa
709 1296 954 1378 complectamur
976 1302 1071 1378 atque
1093 1295 1133 1358 al)
1155 1314 1204 1369 eo,
1227 1295 1312 1378 quod
1336 1298 1529 1379 propositum
1552 1306 1609 1373 est,
1632 1300 1756 1383 longius

434 1394 557 1456 aberret
578 1392 688 1465 oratio,
709 1390 769 1453 hoc
791 1391 893 1473 ipsum
915 1388 1127 1461 interdictum,
1151 1409 1214 1472 quo
1239 1388 1278 1452 de
1301 1391 1412 1472 agitur,
1435 1393 1685 1476 consideremus:
1707 1395 1757 1456 in·

434 1486 583 1569 telligetis
605 1486 690 1549 enim
713 1485 745 1547 in
769 1505 807 1547 eo
829 1484 909 1567 ipso,
932 1483 958 1546 si
981 1483 1013 1545 in
1036 1482 1141 1546 verbis
1163 1483 1213 1545 ius
1236 1483 1472 1560 constituamus,
1494 1506 1617 1549 omnem
1639 1488 1758 1550 utilita-

434 1589 497 1643 tem
520 1599 579 1643 nos
599 1578 695 1643 huius
717 1576 887 1651 interdicti,
910 1576 984 1640 dum
1005 1577 1123 1640 versuti
1146 1585 1178 1640 et
1199 1575 1303 1640 callidi
1325 1577 1459 1641 velimus
1474 1599 1553 1653 esse,
1574 1582 1756 1645 amissuros.
1764 1596 1793 1646 44

434 1674 522 1737 Vana
552 1693 592 1736 444
622 1693 683 1735 444
711 1692 843 1735 sauram
871 1691 932 1734 4444
960 1690 1163 1733 444ο444444044
1185 1690 1271 1733 rvvs.
1315 1671 1347 1735 si
1369 1691 1419 1734 mc
1441 1671 1553 1735 vilicus
1574 1680 1647 1736 tuus
1669 1674 1756 1737 solus

434 1767 612 1842 deiecisset,
633 1785 698 1829 non
720 1765 839 1829 familia
854 1765 1030 1838 deiecisset,
1052 1764 1223 1847 mopinot,
1246 1765 1302 1828 sed
1316 1765 1433 1849 aliquis
1447 1765 1486 1827 de
1500 1764 1628 1828 familia.
1660 1767 1756 1830 Recte

436 1861 531 1944 igitur
552 1861 671 1924 diceres
693 1869 724 1924 te
745 1860 943 1922 restituisset
980 1858 1119 1941 Quippe:
1149 1859 1227 1942 quid
1248 1859 1332 1922 enim
1354 1858 1477 1922 facilius
1499 1868 1547 1922 est
1568 1879 1662 1942 quam
1683 1880 1757 1943 pro·

435 1954 502 2018 bari
531 1955 590 2030 iis,
619 1954 674 2037 qui
704 1953 799 2017 modo
827 1951 938 2015 Latine
960 1953 1078 2025 sciant,
1110 1953 1143 2015 ia
1165 1972 1228 2014 uno
1250 1952 1375 2015 servulo
1395 1951 1533 2016 l'amiliae
1554 1972 1670 2016 nomen
1691 1973 1755 2018 non

435 2049 561 2112 valeret
604 2046 637 2109 Si
660 2066 735 2110 vero
757 2067 797 2110 ne
818 2046 936 2109 habeas
958 2045 1086 2127 quidem
1109 2066 1235 2109 servum
1256 2054 1382 2129 praeter
1403 2067 1493 2120 eum,
1520 2048 1576 2129 qui
1597 2066 1648 2110 mc
1670 2046 1793 2112 dele-ta

435 2144 523 2218 cerit,
545 2142 660 2206 clames
681 2140 848 2203 videlicet:
873 2136 926 2201 iSi
947 2139 1050 2202 haheo
1072 2138 1234 2215 familiam,
1256 2160 1275 2203 a
1296 2139 1415 2203 familia
1436 2160 1507 2203 mea
1527 2138 1627 2204 fateor
1639 2148 1671 2203 te
1686 2161 1756 2205 esse

438 2236 621 2300 deiectum.»
667 2234 777 2317 Neque
800 2234 883 2297 enim
906 2233 1036 2297 dubium
1059 2242 1107 2297 est
1129 2235 1224 2317 quin,
1245 2234 1273 2297 si
1294 2233 1421 2297 adrem
1442 2232 1756 2299 iudicandemverbo

434 2329 595 2402 ducimur,
624 2346 687 2391 non
714 2347 763 2402 re,
793 2326 944 2392 familiam
972 2326 1201 2410 intelligamus,
1231 2347 1313 2411 quae
1335 2335 1457 2392 constet
1477 2346 1518 2390 ex
1539 2329 1638 2392 servis
1659 2328 1758 2414 pluri·

433 2422 510 2498 bus:
543 2421 621 2506 quin
649 2441 730 2485 unus
755 2420 850 2485 homo
879 2420 999 2485 familia
1027 2440 1091 2484 non
1121 2422 1171 2484 sit.
1213 2420 1352 2485 Verbum
1381 2430 1465 2486 certe
1493 2422 1555 2485 hoc
1576 2442 1639 2486 non
1660 2421 1755 2487 modo

433 2515 588 2599 postulat,
617 2515 674 2578 sed
704 2516 798 2578 etiam
826 2516 920 2598 cogit.
964 2513 1015 2576 56.
1043 2515 1083 2577 At
1106 2533 1180 2578 vero
1202 2515 1282 2578 ratio
1304 2515 1381 2578 iuris
1406 2516 1627 2600 interdictique
1655 2517 1703 2580 vis
1725 2524 1793 2582 etro

434 2618 612 2692 praetorum
644 2609 790 2672 voluntas
824 2617 856 2672 et
886 2608 1052 2672 hominum
1084 2608 1290 2691 prudentium
1324 2608 1490 2673 consilium
1524 2617 1556 2673 et
1586 2611 1755 2674 auctoritas

434 2711 561 2788 respuat
585 2702 666 2765 hanc
695 2700 913 2767 defensionem
942 2711 975 2765 et
1002 2722 1060 2786 pro
1089 2702 1189 2767 nihilo
1211 2710 1311 2787 putet.
1354 2702 1425 2765 XX.
1458 2702 1544 2779 Quid
1573 2707 1670 2786 ergo‘l
1702 2703 1755 2767 isti

433 2798 577 2862 homines
599 2796 709 2859 Latine
730 2818 794 2860 non
817 2796 1009 2880 loquuntur?
1042 2798 1141 2860 Immo
1164 2816 1239 2861 vero
1258 2803 1377 2860 tantmn
1400 2796 1580 2880 loquuntur,
1602 2803 1755 2881 quantum

436 2903 485 2957 est
510 2893 584 2956 satis
611 2890 651 2954 ad
673 2890 910 2974 intelligendam
939 2891 1150 2965 voluntatem,
1180 2911 1251 2954 curn
1277 2890 1338 2954 sibi
1365 2892 1426 2954 hoc
1453 2892 1693 2976 proposuerint,
1719 2898 1756 2954 ut

436 2990 501 3051 sive
522 3006 572 3049 me
594 2992 627 3059 tu
651 2984 820 3059 deieceris,
843 2987 908 3048 sive
931 2993 1057 3048 tuorum
1080 2986 1248 3069 quispiam,
1270 2984 1337 3048 sive
1359 3004 1528 3059 servorum,
1550 2987 1616 3049 sive
1638 2984 1792 3051 amieo-a

434 3102 521 3155 rum,
543 3089 579 3144 ut
599 3099 705 3142 servos
727 3099 792 3143 non
814 3098 945 3144 numero
968 3079 1174 3161 distinguant,
1196 3078 1252 3142 scd
1274 3078 1434 3162 appellent
1455 3098 1518 3142 uno
1538 3079 1676 3143 l'amiliae
1697 3083 1757 3143 no&

435 3173 531 3248 mine,
554 3173 593 3236 de
614 3172 722 3238 liberis
744 3183 851 3238 autem
873 3174 1020 3259 quisquis
1035 3181 1092 3249 est,
1114 3173 1325 3257 procuratoris
1339 3174 1465 3238 nomine
1481 3175 1669 3258 appelletur:
1691 3194 1755 3239 non

499 3463 523 3513 4.
541 3467 651 3513 actorem
667 3475 728 3513 cum
744 3464 845 3514 Iuntina
862 3458 888 3514 3.
902 3490 929 3502 -
948 3465 1096 3526 quaudoque
1111 3461 1135 3515 a
1152 3462 1195 3525 (de
1211 3463 1231 3513 T
1247 3467 1336 3514 tamen
1354 3461 1501 3515 llarlessius
1517 3463 1584 3527 silet)
1601 3465 1636 3515 A:
1654 3464 1755 3527 quoodo

434 3537 548 3594 Iuntina:
566 3537 765 3600 quondoquidem
781 3549 842 3587 cum
859 3535 1023 3597 statuant:
1042 3539 1141 3601 quoodo
1158 3535 1274 3601 [quidenna]
1291 3538 1321 3601 0,
1339 3535 1398 3587 coll.
1412 3538 1466 3588 Cle.
1484 3551 1533 3603 pro
1550 3540 1658 3589 4444444444
1676 3537 1752 3602 W·

435 3613 474 3663 Cl.
491 3612 567 3663 Verr.
585 3614 681 3663 Accua.
700 3613 741 3662 444.
759 3611 783 3674 5.
798 3612 853 3662 484.
873 3613 925 3663 Liv.
944 3613 1008 3663 44444.
1027 3613 1051 3663 T.
1069 3614 1112 3664 lll.
1131 3613 1171 3663 40.
1189 3614 1236 3664 Th.
1256 3613 1405 3664 Mommsen
1421 3613 1451 3663 444
1467 3615 1616 3664 4444440444
1631 3627 1658 3679 p.
1671 3615 1712 3666 43.
1725 3639 1753 3651 -

434 3688 459 3739 3.
476 3685 541 3751 ocra]
559 3685 608 3738 «al.
625 3700 720 3738 44444444
738 3699 790 3750 mg.
810 3682 835 3737 8.
855 3687 893 3737 cl.
912 3685 935 3751 ἓ.
953 3687 995 3737 30.
1014 3688 1053 3738 00.
1075 3715 1102 3725 -
1121 3688 1146 3738 3.
1163 3694 1191 3739 ut
1207 3689 1302 3739 ETO:
1325 3701 1402 3751 4444444
1417 3685 1531 3740 44438.
1551 3715 1577 3725 -
1596 3703 1675 3740 cauea
1691 3690 1755 3742 inl-2

435 3774 567 3827 superacr.
586 3763 635 3812 cst.
657 3788 683 3798 -
707 3761 755 3812 44444
772 3774 841 3813 corr.
859 3762 885 3812 lu
902 3767 959 3812 444444
976 3762 1008 3822 E:
1031 3774 1084 3812 om.
1104 3762 1132 3811 T.
1152 3789 1179 3801 -
1208 3762 1233 3813 8,
1252 3761 1358 3828 44344444]
1378 3767 1444 3812 orat
1459 3763 1487 3813 T.
1507 3788 1535 3799 -
1558 3779 1607 3825 quo
1623 3764 1654 3814 dc
1669 3765 1757 3828 oquae·

435 3835 469 3886 E:
492 3835 558 3898 qttod
576 3847 608 3885 444
627 3836 713 3900 optato
728 3836 748 3886 T
766 3836 807 3898 [cl.
826 3835 852 3900 8.
869 3836 923 3899 4.);
946 3837 977 3887 dc
992 3851 1041 3899 quo
1056 3838 1143 3900 4444444
1159 3834 1300 3889 nanto.
1319 3862 1347 3873 -
1368 3838 1504 3901 4444044404
1519 3838 1756 3906 ETGabempt

434 3907 555 3970 4444444.
575 3936 603 3946 -
622 3911 647 3961 0.
664 3911 712 3974 4444]
728 3912 807 3973 ipsias
823 3911 851 3962 T.
874 3912 967 3963 Omisit
982 3912 1051 3962 hanc
1067 3911 1209 3964 lectionem
1226 3912 1361 3964 londanus.
1381 3938 1409 3949 -
1426 3913 1558 3963 4444044444
1573 3927 1669 3964 uotam
1685 3915 1713 3966 T.
1725 3939 1753 3954 -·

435 3985 475 4035 40.
491 3985 595 4036 odona:
610 3985 674 4036 ET:
695 3986 808 4036 4444444444
824 3981 966 4038 Rullo.
988 4013 1014 4023 -
1040 3988 1079 4037 tt.
1097 3989 1162 4038 4444444
1178 3988 1327 4038 444--444444
1342 3987 1464 4038 (4444444444
1480 3986 1584 4047 Quintil.
1602 3989 1633 4039 44.
1652 3989 1692 4051 40,
1710 3989 1753 4042 88.

433 4057 514 4111 lulius
535 4057 626 4110 Victor
649 4074 676 4126 p.
693 4061 751 4112 333.
773 4073 799 4111 v.
817 4061 850 4112 37
866 4074 908 4126 aq.
928 4086 955 4098 -
980 4061 1068 4112 44444444
1089 4063 1157 4113 Tot
1178 4061 1257 4113 lulius
1273 4063 1376 4113 Victor:
1402 4062 1499 4112 4444444444
1518 4057 1647 4114 4480.
1677 4063 1753 4114 coni.

435 4134 459 4199 5.
473 4134 513 4185 03.
531 4148 559 4200 p.
572 4132 653 4185 Tullio
670 4135 694 4199 5.
707 4136 746 4185 tr.
765 4136 916 4188 Lachmann
928 4149 1025 4187 comm.
1041 4134 1074 4186 ed
1087 4137 1191 4188 Lucret.
1205 4149 1231 4201 p.
1244 4135 1284 4187 33.
1300 4162 1328 4173 -
1348 4137 1387 4188 43.
1403 4137 1442 4199 ut]
1457 4150 1507 4187 ooo
1517 4136 1550 4196 T:
1569 4149 1622 4187 om.
1635 4139 1654 4187 t.
1666 4163 1693 4176 ·-
1713 4139 1754 4192 43.

432 4209 584 4260 4444044443
602 4209 643 4272 (de
661 4209 681 4260 T
697 4207 758 4260 silet
774 4208 930 4274 Harlessius)
948 4210 1106 4263 Gabekm
1118 4224 1135 4275 q
1149 4212 1210 4274 (sec.
1225 4211 1272 4275 m.)
1284 4208 1336 4271 αβ
1349 4214 1376 4262 44
1390 4213 1426 4269 a:
1444 4212 1540 4262 44444444
1555 4224 1600 4276 pq
1615 4213 1662 4278 (pr.
1673 4213 1721 4276 444.)
1734 4217 1754 4266 4.

434 4281 590 4334 Emendavlt
605 4284 751 4347 Naugerius
768 4287 794 4335 444
811 4283 911 4336 Aldina.
941 4285 979 4336 cl.
999 4286 1023 4350 5.
1043 4287 1083 4337 30.
1103 4313 1130 4323 -
1147 4286 1251 4350 procuri
1266 4286 1306 4350 444]
1319 4284 1438 4349 modum:
1452 4286 1473 4336 E
1487 4286 1515 4337 T.
1545 4286 1632 4338 llalim
1646 4287 1756 4350 protom

434 4357 474 4406 444.
493 4357 532 4409 ct.
549 4370 577 4424 p.
595 4356 677 4409 Tullio
694 4358 718 4423 5.
737 4358 778 4411 43.
791 4385 818 4398 -
830 4359 869 4412 44.
888 4360 1019 4423 quintode
1036 4361 1158 4413 tctiocT:
1177 4361 1307 4425 quitatem
1318 4359 1458 4413 nanto.
1477 4359 1515 4411 cl.
1530 4360 1606 4412 lland
1621 4363 1695 4414 Tura.
1712 4364 1754 4415 lll.

434 4445 462 4497 p.
480 4430 538 4484 034.
558 4458 586 4469 -
608 4434 649 4485 43.
667 4434 695 4484 Si
710 4448 769 4485 uero
780 4448 868 4486 --4444
884 4435 997 4485 4444444444
1014 4434 1122 4496 Quintil.
1136 4436 1167 4487 V.
1187 4437 1227 4496 40,
1244 4435 1286 4487 08.
1305 4434 1384 4486 lullus
1399 4435 1490 4486 Victor
1505 4448 1532 4500 p.
1548 4436 1606 4488 333.
1624 4450 1651 4488 v.
1669 4438 1701 4489 38
1712 4450 1754 4503 etp.

436 4531 463 4541 -
483 4505 570 4557 44444444
585 4507 614 4559 T.
641 4509 747 4570 (Deerat
769 4509 836 4561 haec
857 4508 934 4561 lectio
957 4511 983 4561 444
1003 4510 1050 4561 ’444
1069 4511 1234 4561 4444444444
1256 4508 1381 4572 schedis.)
1409 4509 1447 4560 Cl.
1466 4508 1491 4573 s.
1508 4509 1549 4560 83.
1569 4539 1597 4548 -
1616 4513 1657 4564 47.
1679 4526 1758 4576 aequo

435 4581 500 4630 4444444
516 4582 618 4633 dubium
634 4584 695 4635 ET:
714 4597 792 4648 acque
808 4584 910 4634 4444044444
926 4587 988 4648 (om.
1000 4585 1076 4649 onim)
1093 4580 1234 4636 4444480.
1250 4612 1277 4622 -
1297 4586 1337 4636 48.
1354 4583 1439 4649 444444]
1454 4583 1537 4635 4444044
1552 4586 1579 4636 T.
1591 4612 1618 4622 -
1630 4588 1670 4637 40.
1682 4588 1758 4639 untur

436 4668 489 4706 err.
507 4659 610 4722 typogr.
628 4659 657 4709 1..
678 4686 705 4696 -
727 4658 838 4724 Votum]
855 4659 930 4710 uerbo
946 4674 1006 4710 oum
1023 4659 1097 4710 ETb
1112 4658 1244 4724 mpqtii
1262 4663 1290 4710 et
1304 4661 1339 4717 A:
1360 4659 1436 4709 4444044
1450 4673 1517 4710 nunc
1533 4661 1565 4721 G:
1588 4661 1663 4712 4444444
1678 4676 1757 4713 unum

436 4743 451 4779 e
463 4744 497 4792 α;
515 4732 591 4783 uodo
607 4746 739 4784 numerum
754 4734 780 4785 44.
800 4734 955 4785 Correctum
973 4737 1015 4785 est
1031 4735 1083 4784 iam
1100 4735 1126 4784 la
1142 4736 1252 4785 Iuntina.
1264 4761 1292 4771 -
1302 4748 1352 4785 ooo
1363 4733 1445 4796 modo]
1460 4736 1533 4785 modo
1543 4749 1593 4785 oon
1604 4736 1633 4787 T.
1652 4739 1757 4799 (Deerat

436 4805 503 4856 haec
519 4804 597 4858 lectio
614 4809 641 4859 in
658 4810 822 4860 llommsend
839 4809 965 4873 schedis.)
979 4837 1007 4846 -
1022 4809 1062 4861 30.
1078 4809 1306 4872 postmodun-
1318 4808 1402 4874 copia]
1418 4808 1501 4873 coqtt?
1517 4810 1546 4860 F..
1558 4837 1585 4847 -
1598 4825 1659 4862 acro
1675 4813 1757 4863 oruttu

435 4879 464 4930 T.
484 4906 512 4917 -
529 4882 575 4948 4444]
591 4883 632 4932 4444
647 4887 677 4933 Λ.
699 4910 725 4920 -
744 4885 785 4934 33.
804 4884 871 4949 erpo]
888 4885 969 4948 tottur
985 4887 1042 4948 qet
1054 4884 1083 4934 0.
1104 4911 1132 4920 -
1149 4885 1191 4936 33.
1210 4884 1325 4934 4444444444·
1339 4885 1452 4947 4444044444
1470 4882 1528 4934 loco
1546 4884 1579 4944 E,
1599 4883 1681 4937 altero
1698 4884 1756 4936 loco
1859 4942 1867 4958 ·

437 4957 516 5007 ellam
533 4956 562 5008 T.
582 4983 610 4992 —
627 4956 669 5009 34.
686 4964 715 5008 ut
730 4959 781 5010 44444
795 4972 836 5010 4444
851 4964 879 5009 tu
894 4960 1009 5010 4444444444
1025 4958 1184 5010 ETVeka
1202 4957 1270 5011 4484
1287 4965 1315 5009 ut
1330 4960 1464 5010 4444444444
1480 4959 1595 5011 4444444444
1610 4975 1641 5025 q:
1659 4965 1688 5010 444
1704 4961 1758 5012 44444

435 5031 1755 5099 mamdoxmmmpauooooamaeoccasa:mammaemammal:

437 5109 465 5154 ut
480 5118 519 5156 mc
534 5108 659 5170 4444044444,
676 5109 729 5159 44444
745 5113 773 5158 tu
788 5109 903 5160 4444444444
918 5122 985 5174 «ope
1001 5110 1100 5160 4444444
1117 5108 1230 5161 codicis·
1248 5111 1279 5170 L:
1297 5115 1326 5159 444
1340 5109 1515 5171 mercantum,
1532 5110 1585 5161 44444
1599 5114 1674 5160 tuma
1685 5110 1758 5161 44444-

437 5180 474 5230 444
490 5181 519 5231 0.
538 5181 661 5236 Formam
677 5188 755 5234 44444444
769 5183 868 5237 diserte
884 5183 994 5235 damnat
1010 5185 1158 5236 Priscianus
1174 5185 1226 5236 xil.
1244 5185 1270 5244 3,
1287 5185 1328 5237 33.
1347 5209 1377 5223 -
1394 5184 1437 5237 30.
1453 5197 1505 5235 noo
1519 5184 1547 5235 444
1561 5197 1665 5237 amaru
1680 5184 1709 5236 T.
1727 5208 1755 5221 -

435 5255 751 5320 emaqumoouoarol..
771 5287 799 5300 -
821 5259 863 5313 34.
881 5259 1006 5325 mum
1022 5258 1289 5325 aemmatomT.

478 5346 567 5399 044444
582 5348 610 5399 τ.
622 5349 651 5401 a
1503 5351 1545 5421 32
