4367 6109
754 567 829 635 cu.
851 568 1161 636 xxvm-xxuc
1188 566 1244 653 ss.
1258 565 1406 634 u-so.
1680 561 1736 632 ess

424 743 463 806 de
492 739 609 824 oppido
640 738 758 814 dicam,
791 738 818 802 si
847 737 917 822 quis
946 745 995 803 est
1022 739 1122 815 sorte,
1153 759 1248 824 quem
1270 739 1377 823 Capua
1404 740 1505 824 magis
1527 759 1621 824 quam
1642 740 1742 804 lloma

423 834 567 899 delectet.
605 832 755 915 Quinque
785 831 872 895 milia
894 832 1075 897 colonorum
1099 834 1237 917 Capuam
1259 833 1352 897 scribi
1374 834 1472 898 iubet.
1508 834 1556 897 Ad
1578 834 1661 897 huno
1682 854 1741 897 nn·

422 946 541 991 merum
564 927 740 1010 quingenos
762 926 821 989 sihi
844 926 959 1007 singuli
981 936 1116 990 sument.
1159 925 1210 989 77.
1234 928 1377 1004 Quaeso,
1400 927 1499 990 nolite
1513 933 1633 990 vosmet
1653 927 1740 1010 ipsos

421 1017 595 1086 consolari:
617 1037 690 1082 vere
713 1026 745 1081 et
765 1018 934 1101 diligenter
955 1021 1161 1084 considerate.
1190 1023 1271 1084 Num
1294 1020 1384 1083 vobis
1406 1028 1460 1083 aut
1473 1020 1570 1083 vestri
1585 1019 1740 1083 similibus

421 1114 569 1195 integris,
601 1112 732 1196 quietis,
761 1112 872 1176 otiosis
892 1112 1074 1176 hominibus
1095 1115 1129 1177 in
1150 1115 1211 1177 hoc
1233 1133 1364 1176 numero
1385 1112 1490 1175 locum
1511 1112 1579 1177 fore
1600 1113 1763 1196 putatis‘lo

421 1208 455 1271 Si
484 1213 533 1270 est
561 1206 709 1269 omnihus
738 1206 843 1280 vohis,
872 1206 899 1269 si
927 1208 1036 1269 maiori
1057 1216 1196 1271 vestrum
1222 1207 1320 1290 parti,
1351 1225 1543 1289 quamquam
1564 1227 1614 1270 me
1636 1213 1741 1270 vester

419 1302 521 1366 honos
550 1299 681 1383 vigilare
710 1299 777 1361 dies
806 1307 899 1383 atque
927 1307 1036 1361 noctes
1067 1308 1100 1362 et
1121 1300 1251 1364 intentis
1273 1298 1373 1363 oculis
1396 1319 1506 1362 omnes
1527 1303 1573 1364 rei
1593 1300 1739 1384 publicae

422 1402 527 1479 partes
547 1393 662 1456 intueri
684 1392 789 1467 iubet,
823 1401 927 1455 amen
948 1393 1123 1477 paulisper,
1155 1396 1182 1459 si
1203 1396 1247 1457 ita
1268 1395 1468 1457 commodum
1489 1402 1628 1458 restrum
1649 1392 1739 1468 leret,

420 1487 582 1552 couirebo.
629 1485 690 1549 Sed
712 1487 740 1548 si
763 1487 903 1570 quinque
928 1486 1089 1551 hominum
1113 1489 1239 1552 milibus
1253 1488 1293 1551 ad
1308 1490 1388 1562 vim,
1409 1487 1532 1552 facinus
1547 1487 1738 1570 caedemque

421 1580 550 1644 delectis
581 1580 668 1644 locus
701 1588 796 1662 atque
825 1581 916 1654 urbs,
950 1600 1032 1663 quae
1059 1582 1176 1646 bellum
1205 1582 1307 1646 iacere
1329 1589 1425 1665 atque
1445 1582 1601 1645 instruere
1622 1580 1777 1664 possit,⁴o

420 1675 599 1760 quaeritur,
622 1681 767 1738 tamenne
789 1675 950 1758 patiemini
971 1682 1075 1738 restro
1098 1676 1226 1738 nomine
1248 1681 1358 1738 contra
1372 1695 1429 1737 vos
1443 1671 1559 1738 firmari
1574 1694 1668 1758 opes,
1691 1694 1739 1739 ar·

419 1768 497 1831 mari
518 1767 694 1851 praesidia,
721 1768 834 1842 urbes,
861 1756 971 1851 ag'ros,
1001 1769 1105 1851 copias
1128 1769 1324 1852 comparari?
1368 1765 1418 1828 78.
1440 1769 1517 1830 Nam
1539 1787 1648 1850 agrum
1670 1768 1740 1850 qui-

420 1863 492 1925 dem
522 1862 730 1943 Campanum,
759 1882 853 1945 quem
883 1861 972 1925 vobis
1002 1869 1174 1936 ostentant,
1201 1862 1262 1944 ipsi
1290 1862 1553 1944 concupiverunt:
1585 1858 1740 1922 deducent

419 1975 510 2032 suos,
533 1974 666 2039 quorum
688 1957 816 2020 nomine
839 1956 899 2039 ipsi
920 1962 1048 2018 teneant
1070 1963 1102 2018 et
1122 1955 1282 2032 fruantur3
1310 1962 1452 2019 coement
1472 1962 1650 2038 praeterea3
1678 1953 1740 2016 ista

419 2050 501 2113 dena
521 2050 629 2133 iugera
651 2050 889 2113 continuabunt.
931 2050 1009 2110 Nam
1032 2049 1058 2111 si
1081 2048 1187 2112 dicent
1211 2069 1268 2132 per
1288 2049 1390 2132 legem
1412 2049 1444 2112 id
1466 2068 1532 2112 non
1552 2047 1667 2122 licere,
1697 2061 1776 2110 nest

418 2164 476 2227 per
498 2142 677 2206 Corneliam
699 2143 829 2227 quidem
843 2143 926 2206 licet.
958 2142 999 2204 At
1013 2142 1174 2216 videmus,
1196 2150 1232 2205 ut
1246 2143 1419 2227 longinqua
1431 2144 1607 2214 mittamus,
1629 2159 1739 2222 agrum

418 2237 655 2300 Praenestinum
676 2257 694 2299 a
715 2236 824 2319 paucis
844 2236 1018 2318 possideri3
1041 2255 1144 2319 neque
1158 2236 1289 2299 istorum
1304 2236 1448 2319 pecuniis
1462 2235 1638 2320 quidquam
1652 2230 1739 2296 aliud

419 2332 531 2394 deesse
551 2329 644 2395 rideo
666 2330 728 2394 nisi
751 2331 819 2393 eius
841 2329 928 2393 modi
949 2328 1081 2402 fundos,
1104 2349 1237 2413 quorum
1259 2328 1398 2394 subsidio
1419 2329 1607 2394 familiarum
1621 2326 1740 2409 magni·
1843 2359 1845 2362 >

418 2425 543 2488 tudines
566 2431 597 2487 et
619 2423 828 2489 Cumanorum
850 2442 887 2486 ac
907 2424 1150 2486 Puteolanorum
1177 2423 1378 2507 praediorum
1399 2431 1543 2506 sumptus
1563 2427 1738 2486 sustentare

417 2518 549 2604 possint
592 2516 684 2592 Quod
712 2517 739 2579 si
761 2525 898 2581 restrum
921 2518 1119 2580 commodum
1147 2525 1285 2600 spectat,
1313 2519 1418 2581 ueniat
1439 2525 1471 2581 et
1491 2537 1596 2582 coram
1617 2529 1776 2580 mecumao

418 2614 459 2676 de
480 2612 547 2695 agri
571 2610 720 2695 Campani
743 2609 898 2674 divisione
918 2610 1067 2693 disputet
1111 2610 1228 2674 XXIX.
1244 2608 1295 2673 79.
1311 2610 1462 2686 Quaesivi
1478 2632 1518 2674 ex
1534 2631 1572 2674 eo
1586 2610 1738 2674 Kalendis

417 2707 586 2781 Ianuariis,
610 2705 724 2788 quibus
745 2704 925 2767 hominihus
947 2711 1093 2786 atquem
1116 2704 1155 2768 ad
1178 2706 1306 2768 modum
1328 2704 1417 2767 illum
1439 2724 1547 2787 agrum
1569 2712 1654 2768 esset
1674 2704 1738 2766 dis·

417 2801 601 2865 tributurus.
632 2797 808 2881 Respondit
825 2817 845 2860 a
859 2797 994 2861 Romilia
1016 2792 1098 2862 tiibu
1113 2817 1148 2861 se
1164 2799 1288 2862 initium
1303 2817 1372 2861 esse
1395 2796 1559 2862 facturum.
1590 2799 1737 2872 Primum,

418 2914 500 2978 quae
528 2902 577 2957 est
602 2893 662 2956 ista
689 2892 837 2975 superbia
865 2899 897 2954 et
925 2891 1130 2966 contumelia,
1160 2899 1195 2955 ul
1220 2892 1330 2977 populi
1351 2911 1425 2974 pars
1447 2899 1636 2977 amputetur,
1659 2890 1736 2956 ordo

419 2990 553 3053 tribuum
574 2986 773 3069 negligatur?
795 2993 867 3049 ante
889 2987 1014 3049 rusticis
1037 2985 1129 3048 detur
1149 3005 1238 3068 ager,
1261 2986 1317 3070 qui
1332 2985 1464 3062 habent,
1488 3006 1584 3070 quam
1597 2985 1774 3062 urbanis&

418 3082 532 3166 quihus
554 3082 614 3144 ista
635 3081 701 3162 agri
723 3099 795 3164 spes
818 3088 849 3143 et
870 3080 1047 3143 iucunditas
1071 3080 1273 3144 ostenditur?
1294 3081 1375 3155 Aut,
1397 3080 1424 3144 si
1439 3081 1500 3144 hoo
1514 3081 1553 3144 ab
1567 3100 1602 3144 se
1616 3079 1736 3144 dicum

417 3183 511 3257 negat
529 3181 563 3236 et
583 3173 658 3236 satis
680 3173 783 3237 lacere
806 3173 949 3238 omnibus
970 3175 1059 3238 vohis
1081 3174 1212 3257 cogitat,
1232 3173 1387 3257 proferat3
1408 3175 1443 3237 in
1460 3176 1571 3258 iugera
1584 3175 1667 3238 dena
1682 3173 1736 3237 de·

416 3268 548 3344 scribat;
570 3286 589 3330 a
611 3267 774 3330 Suburana
794 3288 897 3352 usque
919 3268 958 3330 ad
972 3268 1157 3330 Arniensem
1173 3268 1303 3330 nomina
1317 3275 1421 3331 restra
1434 3275 1598 3352 proponat
1621 3268 1654 3332 Si
1670 3287 1734 3331 non

416 3361 510 3425 modo
532 3363 614 3425 dena
635 3361 743 3443 iugera
764 3361 831 3424 dari
854 3362 959 3436 vohis,
990 3360 1048 3424 sed
1077 3380 1118 3423 ne
1140 3362 1310 3443 constipari
1332 3362 1461 3444 quidem
1483 3368 1603 3426 tautum
1624 3381 1736 3426 nnme-

414 3476 483 3518 rum
512 3454 675 3517 hominum
705 3475 799 3538 posse
829 3455 862 3517 in
883 3475 992 3536 agrum
1016 3454 1210 3538 Campanum
1232 3454 1431 3538 intelligetis,
1457 3462 1603 3519 tamemm
1625 3454 1772 3520 vexariao

414 3568 481 3611 rem
503 3547 677 3630 publicam,
699 3549 858 3611 contemni
881 3549 1075 3611 maiestatem
1097 3547 1205 3632 populi
1221 3548 1367 3623 Romani,
1389 3549 1498 3612 deludi
1510 3558 1633 3614 vosmet
1646 3551 1734 3634 ipsos

414 3641 534 3704 diutins
556 3660 574 3703 a
595 3641 722 3703 tribuno
743 3641 845 3724 plebis
867 3641 1056 3725 patiemini?

499 3732 550 3798 80.
573 3734 666 3810 Quod
694 3735 721 3797 si
748 3743 856 3819 posset
877 3753 951 3818 ager
972 3734 1031 3797 iste
1054 3734 1093 3797 ad
1115 3753 1172 3798 ros
1194 3736 1376 3819 pervenire,
1406 3755 1512 3800 nonne
1535 3757 1606 3802 enm
1628 3746 1734 3803 nmen

414 3830 448 3894 in
468 3829 658 3914 patrimonio
680 3836 784 3893 vestro
805 3848 967 3893 remanere
982 3828 1142 3892 malletis?
1167 3829 1312 3893 Unumne
1333 3829 1467 3894 fundum
1488 3830 1734 3915 pulcherrimum

414 3922 525 4007 populi
544 3923 698 3998 Romani,
727 3931 821 4005 caput
841 3929 962 3988 vestrae
987 3922 1158 4006 pecuniae,
1186 3923 1274 4006 pacis
1296 3932 1530 4000 ornamentum,
1558 3924 1772 3990 subsidiumaa

413 4017 508 4092 belli,
536 4015 775 4080 fundamentum
796 4016 1009 4099 uectigalium,
1037 4014 1185 4078 horreum
1213 4016 1393 4101 legionum,
1421 4019 1567 4082 solatium
1589 4037 1734 4082 annonae

414 4110 566 4195 disperire
587 4110 777 4193 patiemini?
808 4111 857 4173 An
886 4109 976 4174 obliti
998 4110 1089 4182 estis,
1120 4109 1228 4173 Italico
1248 4110 1333 4173 bello
1356 4111 1479 4175 amissis
1501 4111 1615 4176 ceteris
1636 4111 1734 4175 recti·

414 4205 536 4287 galihus
557 4212 694 4289 quantos
715 4205 783 4287 agri
806 4203 955 4289 Campani
976 4202 1127 4267 fructibus
1149 4205 1304 4268 exercitus
1326 4205 1494 4270 alueritisl
1518 4206 1567 4268 An
1581 4205 1732 4289 ignoratis

414 4304 517 4361 cetera
546 4298 602 4361 illa
633 4294 797 4381 magnifica
825 4298 934 4382 populi
962 4297 1095 4361 Romani
1124 4298 1289 4380 vectigalia
1314 4300 1433 4384 perlevi
1456 4319 1551 4383 saepe
1572 4305 1732 4363 momento

478 4597 504 4646 2.
522 4596 620 4646 delectu
637 4597 674 4660 (ut
690 4597 840 4647 coniecerat
851 4597 991 4661 Weiskins)
1009 4597 1042 4648 E:
1061 4597 1163 4647 delectat
1180 4597 1227 4646 FA
1238 4592 1319 4646 LssO.
1333 4621 1360 4630 -
1380 4595 1488 4657 woodo
1503 4595 1583 4661 millo]
1602 4594 1639 4646 .V.
1657 4595 1687 4646 E.
1702 4622 1730 4631 -

412 4673 436 4723 3.
455 4673 589 4738 quingenos
606 4671 788 4723 Lauredanus:
807 4673 994 4736 gaugoogsuoa
1010 4672 1129 4732 Elea,
1148 4673 1293 4736 quingentos
1303 4667 1328 4722 e.
1343 4697 1370 4706 —
1388 4675 1488 4722 aarum
1503 4671 1587 4722 EFP.
1603 4695 1628 4706 -
1648 4667 1674 4719 l.
1687 4673 1734 4720 aut
1852 4717 1858 4731 ,

411 4748 495 4813 vestm]
513 4762 531 4797 a
546 4750 635 4799 aestus
650 4749 684 4806 E;
710 4752 756 4797 out
771 4748 861 4797 uestris
877 4749 933 4798 ΡΑ.
959 4748 1116 4798 Emendavit
1132 4749 1188 4798 Nic.
1206 4745 1337 4810 Angelius.
1358 4773 1385 4782 -
1410 4748 1435 4797 5.
1459 4744 1604 4810 homicidio]
1622 4743 1733 4795 maaca

412 4825 441 4874 l..
457 4848 485 4860 -
504 4823 616 4873 dail:
635 4828 680 4873 nat
695 4835 756 4874 cnm
775 4823 817 4873 ed.
831 4821 1023 4881 Aldinalssm
1042 4835 1095 4873 om.
1114 4822 1239 4872 ΕΜ·
1261 4820 1422 4886 mumadam]
1440 4821 1618 4884 goamEFA.
1636 4818 1733 4870 Emen-

413 4900 484 4949 davit
507 4900 563 4949 Nic.
587 4898 719 4962 Angelius.
745 4926 771 4937 -
799 4899 824 4950 8.
847 4898 923 4962 fact,
949 4897 1071 4962 couioslso]
1096 4897 1145 4960 sert
1164 4897 1320 4948 cmmaonsbo
1340 4896 1429 4958 NP,
1454 4898 1503 4960 fert
1523 4891 1679 4945 mummolo
1698 4893 1729 4943 A.

413 4971 569 5025 Emendavit
585 4973 641 5023 Nic.
659 4971 791 5036 Angelius.
817 5000 845 5010 -
873 4974 912 5023 tt.
929 4973 1034 5034 potienti
1050 4972 1083 5032 Ε;
1107 4972 1241 5034 potiones
1257 4973 1285 5022 F.
1308 4998 1336 5008 -
1361 4970 1401 5023 tl.
1420 4975 1527 5023 cociam
1542 4966 1729 5019 Laurodanns:

412 5050 526 5098 coenant
540 5048 653 5099 EFPA.
682 5051 765 5099 «Fort.
784 5053 892 5099 coornent
908 5047 971 5097 allos
983 5052 1131 5110 procursa-
1148 5059 1201 5111 mg.
1221 5044 1247 5099 i.
1267 5073 1296 5085 -
1315 5048 1355 5099 46.
1374 5048 1472 5111 quidun
1487 5046 1515 5095 id
1529 5044 1585 5095 licet
1600 5043 1627 5092 F.
1648 5067 1675 5077 -
1694 5041 1730 5106 nt]

413 5137 444 5173 ac
459 5124 543 5174 EFP.
564 5149 592 5159 -
615 5125 657 5174 25.
674 5124 771 5189 labant]
794 5126 885 5175 emitur
901 5124 930 5174 E.
951 5149 978 5161 -
1004 5124 1045 5174 27.
1061 5124 1189 5186 proferat:
1212 5124 1239 5172 iu
1254 5123 1363 5188 moretm
1378 5123 1467 5188 lugon
1483 5123 1548 5172 maan
1563 5116 1684 5170 amabat
1699 5117 1728 5168 Ι..

414 5198 453 5249 cl.
471 5197 495 5262 5.
514 5198 554 5248 85.
575 5225 602 5236 -
628 5201 670 5252 28.
688 5215 706 5251 o
722 5201 857 5252 suburm
873 5199 1056 5251 Lauredanns:
1080 5198 1113 5248 ot
1133 5212 1212 5249 asmo
1233 5212 1293 5250 amu
1309 5199 1428 5259 Eris,
1454 5196 1487 5248 ol
1503 5194 1651 5248 θιήαιῑαω
1666 5205 1729 5244 cnm

414 5273 456 5324 ed.
474 5274 576 5328 Iuntina
592 5274 619 5331 t.
640 5302 667 5312 -
686 5275 721 5328 od
734 5275 978 5329 smirnamum
995 5273 1037 5327 ed.
1055 5273 1157 5326 lunam
1173 5272 1200 5329 t.
