4367 6109
766 594 838 660 cn.
860 593 1124 659 xxm-xxm
1150 591 1207 679 ss.
1229 592 1376 661 ro-aa.
1669 600 1732 665 aas

415 769 542 832 deretur
570 766 816 830 circumventum
843 786 911 829 esse
939 768 1137 830 innocentem
1160 770 1310 851 pecunia,
1337 770 1420 833 banc
1441 771 1556 835 deinde
1578 771 1731 854 suspicio·

413 883 486 927 nem
514 868 643 943 augeret
671 860 790 923 Staieni
821 860 1003 942 improbitas
1025 868 1057 924 et
1079 862 1304 925 nonnullorum
1328 865 1396 926 eius
1418 865 1567 928 similium
1590 865 1731 928 iudicum

414 956 592 1038 turpitudo,
615 974 740 1017 causam
762 961 869 1017 autem
890 961 996 1035 ageret
1017 954 1052 1016 L.
1076 956 1259 1030 Quinctius,
1287 957 1383 1020 bomo
1406 979 1478 1021 cum
1500 979 1621 1024 summa
1643 946 1733 1042 pote·

414 1058 492 1115 state
508 1043 703 1133 [praeditus]‚
721 1057 787 1110 tum
804 1048 844 1109 ad
860 1047 1097 1112 inflammandos
1113 1050 1233 1112 animos
1248 1050 1456 1114 multitudinis
1471 1054 1733 1128 accommodatus,

414 1161 565 1207 summam
589 1141 635 1203 illi
656 1141 771 1204 iudicio
794 1140 944 1203 invidiam
965 1141 1187 1224 infamiamque
1203 1162 1272 1204 esse
1290 1145 1465 1206 conflatam.
1486 1147 1590 1229 Atque
1606 1147 1638 1209 in
1651 1146 1756 1210 banct

414 1239 569 1300 flammam
595 1242 752 1299 recentem
774 1242 841 1297 tum
864 1234 898 1296 C.
920 1234 1062 1308 lunium,
1090 1236 1144 1317 qui
1173 1233 1218 1295 illi
1241 1236 1419 1316 quaestioni
1441 1237 1633 1320 praefuerat,
1662 1261 1732 1304 esse

414 1333 565 1394 iniectum
595 1329 722 1392 mernini
745 1336 777 1391 et
799 1327 888 1391 illum
908 1326 1068 1390 bominem
1090 1326 1288 1400 aedilicium,
1323 1330 1385 1391 iam
1414 1340 1590 1413 praetorem
1612 1335 1733 1416 opinio·

413 1426 505 1488 nibus
527 1424 688 1487 bominum
711 1423 934 1494 constitutum,
957 1440 1020 1481 non
1042 1420 1269 1502 disceptatione
1292 1421 1434 1497 dicendi,
1457 1425 1512 1487 sed
1536 1426 1671 1489 clamore
1693 1426 1732 1490 de

412 1519 482 1582 foro
505 1525 600 1600 atque
621 1517 703 1579 adeo
725 1516 765 1577 de
787 1516 912 1578 civitate
933 1532 1004 1577 esse
1027 1513 1194 1577 sublatum.

497 1609 548 1672 80.
576 1612 687 1694 Neque
716 1630 765 1671 me
792 1609 935 1690 poenitet
963 1606 1024 1669 boc
1054 1616 1193 1690 ternpore
1225 1609 1330 1690 potius
1356 1630 1450 1691 quarn
1473 1610 1528 1674 illo
1550 1631 1674 1676 causam
1695 1615 1769 1677 Aac

415 1705 551 1770 Cluentii
573 1703 755 1766 defendere.
800 1703 900 1766 Causa
922 1703 1006 1764 enim
1029 1708 1134 1765 manet
1155 1701 1284 1775 eadem,
1306 1722 1387 1784 quae
1406 1705 1521 1766 mutari
1535 1706 1623 1770 nullo
1637 1707 1731 1771 modo

413 1806 536 1885 potest:
567 1799 717 1881 temporis
745 1797 896 1881 iniquitas
923 1803 1019 1878 atque
1046 1796 1165 1858 invidia
1193 1796 1334 1868 recessit,
1363 1804 1400 1860 ut
1421 1797 1507 1880 quod
1536 1800 1732 1883 intempore

414 1893 487 1956 mali
518 1890 579 1954 fuit
612 1890 691 1954 nibil
724 1891 819 1964 obsit,
857 1890 942 1972 quod
976 1889 1008 1950 in
1038 1908 1131 1951 causa
1156 1888 1233 1950 boni
1259 1887 1319 1951 fuit
1346 1891 1456 1972 prosit
1505 1890 1616 1972 ltaque
1650 1912 1733 1956 nunc

416 2007 510 2070 quem
532 1984 572 2047 ad
595 1983 723 2047 modurn
745 1984 853 2046 audiar
874 1983 994 2056 sentio,
1023 1999 1088 2043 non
1110 1981 1202 2043 modo
1224 1983 1263 2044 ab
1286 1983 1342 2056 iis,
1367 2003 1501 2065 quorum
1524 1984 1674 2046 iudicium
1696 2004 1733 2047 ac

414 2086 552 2163 potestas
574 2088 638 2151 est,
661 2079 832 2142 sedetiam
854 2076 894 2139 ab
916 2076 997 2149 illis,
1020 2094 1155 2158 quorum
1178 2083 1298 2138 tantum
1313 2084 1360 2139 est
1375 2077 1577 2139 existimatio.
1613 2078 1653 2139 at
1667 2084 1769 2144 tumts

414 2173 441 2236 si
464 2172 617 2244 dicerem,
646 2193 710 2235 non
738 2171 879 2243 audirer,
907 2189 971 2232 non
1001 2168 1086 2252 quod
1115 2169 1177 2230 alia
1199 2189 1249 2232 res
1272 2176 1373 2244 esset,
1403 2169 1499 2232 immo
1522 2170 1648 2243 eadem,
1676 2170 1732 2234 sed

415 2275 537 2349 tempus
558 2266 654 2329 aliud.
687 2266 723 2328 ld
745 2266 826 2330 adeo
848 2265 893 2327 sic
915 2262 1106 2344 cognoscite.
1148 2262 1251 2325 XXX.
1274 2262 1353 2338 Quis
1379 2270 1444 2326 tum
1466 2263 1597 2327 auderet
1617 2263 1732 2339 dicere,

414 2368 578 2424 nocentem
600 2360 839 2423 condemnatum
854 2377 924 2421 esse
939 2356 1175 2438 Oppianicum?
1197 2357 1268 2439 quis
1283 2376 1367 2420 nunc
1381 2357 1477 2419 audet
1490 2361 1629 2441 negare?
1652 2357 1732 2433 Quis

415 2464 479 2518 turn
501 2461 611 2537 posset
631 2472 779 2535 arguere,
801 2453 839 2514 ab
862 2450 1038 2534 Oppianico
1060 2457 1212 2512 tentatum
1232 2469 1301 2512 esse
1317 2448 1468 2513 iudicium
1482 2451 1636 2533 pecunia?
1659 2451 1731 2534 quis

415 2547 447 2610 id
476 2546 537 2610 boc
558 2556 700 2628 tempore
723 2543 850 2609 infitiari
879 2545 1008 2628 potest?
1041 2543 1099 2605 Cui
1127 2550 1192 2605 tum
1221 2541 1330 2605 liceret
1359 2541 1488 2617 docere,
1522 2544 1768 2628 Oppianicumro

414 2661 503 2704 reum
524 2640 639 2703 facturn
663 2659 732 2703 esse
754 2648 821 2702 tum
844 2638 998 2720 denique,
1022 2657 1093 2699 curn
1115 2636 1237 2700 duobus
1258 2635 1411 2718 proximis
1433 2637 1634 2718 praeiudiciis
1656 2657 1731 2701 con·

414 2735 580 2798 damnatus
608 2737 717 2797 esset‘l
748 2733 820 2816 quis
847 2739 895 2795 est
925 2729 1038 2814 quiid
1066 2729 1128 2792 boc
1156 2737 1296 2812 tempore
1317 2729 1476 2791 infirmare
1497 2732 1649 2795 conetur?
1680 2725 1730 2792 8l.

416 2829 519 2903 Quare
550 2826 668 2889 invidia
696 2834 832 2899 remota,
860 2844 956 2908 quam
985 2824 1052 2886 dics
1075 2821 1245 2905 mitigavit,
1274 2823 1373 2885 oratio
1397 2843 1467 2886 mea
1488 2823 1653 2908 deprecata
1674 2831 1731 2898 est,

416 2928 521 2983 vestra
541 2916 619 2982 fides
641 2926 737 3003 atque
751 2918 893 3002 aequitas
908 2936 926 2979 a
941 2918 1081 2980 veritatis
1098 2917 1325 2999 disceptatione
1339 2917 1464 2992 reiecit,
1487 2919 1564 3002 quid
1580 2925 1629 2982 est
1641 2938 1732 3002 prae-

416 3023 502 3078 terea
524 3013 610 3098 quod
632 3014 665 3076 in
687 3032 781 3076 causa
801 3011 1020 3095 relinquatur?
1739 3030 1769 3081 25

499 3110 660 3172 versatam
682 3126 752 3170 esse
774 3108 806 3169 in
828 3105 945 3168 iudicio
966 3105 1133 3197 pecuniam
1155 3112 1293 3168 constat:
1316 3124 1353 3169 ea
1374 3108 1535 3191 quaeritur
1552 3110 1636 3174 unde
1657 3128 1732 3192 pro·

415 3204 496 3266 fecta
518 3204 573 3276 sit,
596 3201 635 3263 ab
656 3208 836 3264 accusatore
858 3219 898 3262 an
920 3200 958 3261 ab
981 3201 1058 3261 reo‘l
1080 3199 1164 3262 Dicit
1185 3205 1348 3263 accusator
1364 3199 1459 3264 baec:
1485 3203 1641 3278 «Primum
1662 3221 1731 3285 gra·

416 3297 552 3360 vissimis
575 3295 755 3358 criminibus
776 3294 978 3367 accusabam,
999 3300 1035 3355 ut
1056 3291 1137 3354 nibil
1157 3313 1237 3376 opus
1259 3302 1342 3358 esset
1355 3296 1506 3377 pecnnia3
1529 3295 1642 3360 deinde
1656 3314 1732 3358 con·

417 3390 598 3453 demnatum
627 3388 835 3461 adducebam,
865 3395 900 3450 ut
926 3406 968 3448 ne
990 3386 1069 3469 eripi
1092 3386 1220 3470 quidem
1242 3389 1377 3471 pecunia
1403 3396 1529 3472 posset;
1557 3397 1730 3475 postremo,

415 3485 509 3547 etiarn
532 3483 558 3544 si
580 3482 742 3545 absolutus
763 3481 889 3554 fuisset,
912 3500 1051 3543 mearum
1073 3486 1178 3544 tamen
1201 3483 1340 3544 omnium
1353 3481 1549 3547 fortunarum
1563 3490 1662 3548 status
1684 3485 1768 3548 in-so

416 3577 548 3641 columis
577 3583 745 3639 maneret.»
770 3574 853 3650 Quid
876 3582 983 3638 contra
1004 3575 1104 3637 rausi
1130 3576 1285 3638 «Primum
1306 3577 1408 3658 ipsam
1424 3577 1657 3642 multitudinem
1671 3577 1732 3641 cri·

416 3671 536 3734 minum
558 3678 590 3732 et
610 3670 804 3732 atrocitatem
826 3668 1102 3752 pertimescebam
1124 3668 1239 3732 deinde
1253 3668 1401 3732 Fabriciis
1423 3678 1552 3753 propter
1569 3671 1731 3735 conscien-

416 3764 489 3826 tiam
512 3763 574 3826 mei
596 3763 725 3827 sceleris
746 3761 962 3826 condemnatis
985 3781 1034 3823 me
1056 3780 1125 3825 esse
1141 3763 1381 3826 condemnatum
1396 3764 1588 3840 sentiebam3
1609 3771 1731 3848 postre-

416 3859 521 3921 moin
543 3878 616 3921 cnm
637 3877 743 3920 casum
765 3875 927 3930 veneram,
958 3862 994 3917 ut
1014 3856 1118 3918 omnis
1140 3874 1278 3919 mearum
1301 3856 1495 3921 fortunarum
1516 3863 1618 3921 status
1636 3857 1731 3920 unius

415 3952 522 4016 iudicii
544 3950 685 4035 periculo
707 3951 947 4014 contineretur.»
1739 3969 1769 4015 aa

499 4041 550 4108 82.
571 4046 654 4128 Age,
676 4045 827 4128 quoniam
849 4043 1068 4126 corrumpendi
1090 4043 1199 4107 indicii
1222 4062 1332 4107 causas
1353 4043 1407 4107 ille
1430 4045 1545 4109 multas
1568 4051 1731 4128 etgraves

481 4331 505 4382 3.
523 4333 551 4382 1..
571 4344 624 4382 om.
642 4333 695 4381 ST.
716 4359 743 4368 -
761 4330 786 4382 l.
803 4333 931 4395 4444444444
948 4344 1001 4381 om.
1020 4332 1074 4383 ST.
1094 4355 1123 4366 -
1144 4331 1352 4395 inflammandam
1367 4331 1398 4379 4.
1418 4357 1446 4367 -
1464 4330 1631 4380 modoine
1647 4331 1680 4381 tt.
1701 4357 1728 4364 —

415 4408 439 4455 ὅ.
452 4406 543 4456 iudicio
554 4419 606 4456 om.
621 4407 742 4458 4444.-
753 4407 777 4457 e.
790 4413 910 4457 mentem
921 4420 973 4457 om.
986 4408 1003 4457 S
1015 4407 1042 4458 in
1052 4405 1105 4456 fine
1117 4419 1219 4458 versus.
1231 4432 1258 4443 —-
1275 4411 1390 4456 tmnom.
1403 4402 1485 4456 foe
1494 4418 1545 4456 4444
1555 4407 1600 4456 iai.
1613 4407 1666 4455 ST:
1684 4407 1729 4456 444.

415 4476 650 4531 medanto-
669 4482 892 4532 3444444444.-
912 4480 1085 4531 ctcmorcST:
1104 4481 1213 4531 44444444
1228 4481 1354 4530 tombam
1370 4475 1551 4530 natam·
1571 4480 1732 4542 4344444444

413 4558 494 4619 potius
511 4558 569 4606 ST:
584 4558 668 4619 potius
682 4562 791 4620 tcarporc
807 4555 947 4608 444440.
968 4583 995 4594 -
1015 4558 1053 4606 li.
1073 4558 1181 4618 quodie
1196 4554 1439 4617 empore-prosit
1456 4552 1627 4614 Quintilianus
1644 4554 1686 4605 lll.
1704 4554 1729 4615 3,

414 4633 469 4689 84.;
488 4637 516 4680 ut
532 4633 597 4693 quod
612 4634 639 4681 in
656 4638 764 4695 tompore
779 4633 840 4682 moli
854 4632 902 4695 [444
919 4633 980 4696 (om.
993 4631 1061 4694 nibil)
1079 4632 1140 4681 obsit
1156 4637 1179 4681 44
1195 4632 1303 4694 quodie
1319 4643 1398 4678 44444
1414 4629 1471 4678 bosi
1485 4629 1533 4692 salt
1545 4629 1626 4691 prosit
1637 4629 1731 4679 cnrtns

414 4707 613 4756 fortunatianus
630 4719 656 4770 p.
674 4706 715 4756 94.
734 4706 777 4757 ed.
797 4708 878 4771 capp.
899 4735 925 4743 -
951 4707 992 4758 43.
1009 4706 1070 4756 obsit
1090 4707 1150 4768 4444
1166 4707 1232 4767 quod
1249 4703 1428 4766 Quintilianus.
1450 4729 1478 4738 -
1503 4701 1543 4753 44.
1561 4717 1593 4752 nc
1609 4703 1729 4754 STFM:

414 4786 489 4843 atque
505 4779 618 4832 4440.
639 4809 666 4818 -
685 4782 723 4832 tt.
743 4782 782 4847 At]
799 4795 830 4831 nc
846 4782 988 4832 sarua.
1009 4809 1035 4818 -
1055 4782 1096 4831 46.
1114 4795 1164 4831 non
1180 4784 1241 4831 aute
1258 4780 1363 4843 44444
1379 4779 1532 4829 om.STbl.
1547 4805 1574 4815 -
1594 4779 1634 4828 47.
1653 4792 1731 4842 opno-

413 4857 471 4904 scitc
488 4856 617 4905 FMA.—
637 4856 676 4906 43.
695 4856 769 4906 audet
785 4857 843 4906 ST:
862 4853 1172 4907 massacellam·
1192 4856 1231 4906 ts.
1250 4860 1459 4918 444444444444444
1475 4854 1593 4904 indiciam
1609 4852 1671 4903 ST:
1689 4853 1731 4902 44-

414 4932 506 4980 delum
522 4935 642 4983 4444444444
657 4944 706 4981 4444
722 4928 862 4983 444440.
884 4958 910 4968 -
928 4933 969 4981 at.
984 4933 1118 4994 proxumis
1133 4933 1161 4982 T.
1180 4958 1207 4968 -
1224 4932 1265 4981 26.
1287 4932 1463 4980 versatam„
1474 4933 1568 4980 4444444
1584 4925 1663 4977 lulius
1679 4927 1730 4977 ltu·

415 5006 526 5056 liniacus
543 5006 573 5055 de
586 5007 630 5070 444.
649 5011 709 5055 4444.
729 5006 753 5069 5.
773 5007 812 5058 43.
832 5031 860 5042 -
880 5019 930 5057 esse
946 5020 1000 5057 om.
1019 5008 1073 5056 ST.
1092 5005 1131 5057 Cf.
1150 5020 1174 5056 c.
1192 5006 1233 5057 39,
1252 5005 1276 5069 5.
1290 5006 1330 5056 78.
1346 5033 1373 5042 -
1392 5006 1432 5055 47.
1451 5019 1486 5054 44
1502 5018 1519 5054 4
1535 5016 1578 5054 rso
1594 5004 1624 5060 S;
1642 5014 1730 5052 44444

415 5082 443 5130 T.
464 5106 488 5118 -
510 5081 569 5130 dicit
584 5086 715 5130 4444444444
731 5081 790 5131 ST:
809 5085 941 5130 4444444444
956 5082 1015 5130 dicit
1031 5079 1172 5133 444480.
1193 5110 1221 5119 -
1239 5082 1279 5132 33.
1294 5082 1404 5144 44444444
1420 5093 1473 5130 om.
1491 5080 1519 5129 T.
1540 5104 1568 5116 -·
1586 5077 1628 5128 30.
1644 5078 1731 5140 [444444

416 5155 475 5203 ST:
493 5159 552 5203 44444
567 5153 708 5206 banau
729 5181 754 5190 —
779 5155 819 5206 34,
838 5156 927 5218 ipsam]
950 5157 1002 5205 4444
1019 5157 1060 5219 lex
1077 5155 1243 5221 compendio)
1261 5156 1315 5205 ST.
1336 5183 1364 5192 -
1387 5155 1520 5206 4444444444
1535 5157 1558 5202 44
1573 5152 1730 5202 4444444444

416 5228 472 5276 ST:
496 5233 520 5277 44
535 5230 693 5280 atrocitatum
711 5230 844 5280 4444444444
859 5225 1001 5282 satta
1022 5257 1049 5267 -
1067 5229 1107 5282 33.
1123 5236 1275 5296 pachom
1291 5231 1351 5282 fbf.
1371 5256 1398 5268 -·
1418 5227 1458 5280 34.
1477 5227 1729 5282 onom-mettu-

414 5306 502 5352 rastar
516 5303 542 5353 S.
562 5330 590 5341 -
608 5304 648 5356 36.
665 5304 755 5371 prada
768 5305 794 5358 S.
