4367 6109
445 546 507 617 420
861 552 904 616 lN
924 550 1093 617 VERREM
1114 548 1237 615 ACTlO
1259 550 1385 614 aalma

444 744 540 808 posse
563 723 713 787 damnari.
749 718 781 785 ἲ.
801 723 893 785 Nunc
914 723 947 784 in
968 721 1039 803 ipso
1053 720 1233 783 discrimine
1248 716 1369 781 ordinis
1385 701 1638 801 iudiciorumque
1653 723 1777 780 verho-

444 838 514 881 rum
536 837 608 881 cum
630 816 693 879 sint
714 815 828 900 parati,
858 817 914 898 qui
942 814 1141 879 contionibus
1164 821 1196 875 et
1221 812 1344 894 legibus
1365 813 1448 875 hanc
1469 810 1622 875 invidiam
1645 818 1776 875 senatus

443 907 636 973 inflammare
658 917 828 984 conentur,
850 929 924 973 reus
946 911 979 971 in
995 907 1147 972 iudicium
1162 905 1317 968 adductus
1332 913 1380 967 est
1395 906 1429 969 C.
1443 906 1577 978 Verres,
1599 904 1696 968 homo
1712 905 1778 968 nita

443 1012 539 1088 atque
559 1002 649 1066 factis
671 1002 812 1065 omnium
834 1003 896 1066 iam
919 1002 1068 1085 opinione
1083 1001 1265 1072 damnatus,
1288 999 1442 1081 pecuniae
1460 997 1696 1081 magnitudine,
1719 1018 1779 1062 sua

421 1102 501 1181 lspe
524 1104 556 1160 et
577 1093 812 1179 praedicatione
834 1097 1009 1160 absolutus.
1051 1094 1135 1157 Huic
1157 1113 1216 1176 ego
1238 1111 1370 1165 causae,
1395 1092 1534 1166 iudices,
1557 1112 1629 1155 cum
1652 1112 1778 1156 summa

445 1191 607 1254 voluntate
629 1198 661 1253 et
682 1192 919 1272 exspectatione
941 1188 1051 1272 populi
1072 1187 1206 1250 Romani
1227 1192 1315 1249 actor
1335 1186 1470 1259 accessi,
1492 1205 1557 1247 non
1574 1193 1611 1248 ut
1625 1205 1775 1268 augerem

443 1283 592 1346 iuvidiam
616 1283 751 1359 ordinis,
781 1284 837 1347 sed
865 1292 901 1347 ut
921 1284 1069 1346 infamiae
1091 1280 1250 1344 communi
1271 1300 1497 1343 succurrerem.
1540 1280 1667 1343 Adduxi
1690 1280 1776 1343 enim

444 1377 620 1452 hominem,
641 1377 674 1441 in
696 1397 761 1461 quo
783 1378 988 1441 reconciliare
1003 1375 1267 1439 existimationem
1281 1372 1469 1436 iudiciorum
1484 1375 1649 1449 amissam,
1670 1373 1777 1437 redire

444 1471 477 1534 in
500 1471 630 1553 gratiam
652 1490 724 1533 cum
745 1471 866 1554 populo
888 1472 1047 1545 Romano,
1069 1468 1264 1533 satisfacere
1286 1467 1403 1531 exteris
1424 1468 1606 1531 nationibus
1627 1467 1778 1551 possetis,

408 1574 437 1621 to
447 1562 702 1645 depeculatorem
729 1566 859 1638 aerarii,
887 1571 1071 1629 vexatorem
1092 1563 1185 1626 Asiae
1213 1570 1310 1645 atque
1331 1561 1552 1645 Pamphyliae,
1579 1560 1776 1644 praedonem

445 1657 539 1731 iuris,
562 1656 667 1720 labem
687 1666 784 1741 atque
805 1658 979 1741 perniciem
999 1658 1181 1742 provinciae
1203 1654 1341 1719 Siciliae.
1383 1652 1414 1717 3.
1436 1656 1482 1717 De
1506 1675 1570 1738 quo
1585 1656 1685 1717 sivos
1700 1674 1776 1717 vere

446 1770 484 1813 ac
504 1750 653 1832 religiose
673 1750 901 1827 iudicaveritis,
932 1752 1102 1831 auctoritas
1124 1769 1178 1824 ea,
1208 1768 1291 1832 quae
1315 1749 1348 1811 in
1369 1748 1459 1812 vobis
1481 1766 1644 1811 remanere
1667 1746 1777 1822 debet,

446 1842 605 1905 haerebit:
627 1846 676 1907 sin
698 1844 790 1908 istius
811 1846 957 1928 ingentes
979 1845 1106 1909 divitiae
1128 1842 1316 1906 iudiciorum
1337 1842 1524 1925 religionem
1545 1842 1778 1925 veritatemque

447 1935 671 2019 perfregerint,
703 1958 761 2021 ego
788 1940 850 2002 hoc
880 1948 986 2002 tamen
1008 1958 1176 2023 assequar,
1205 1946 1241 2000 ut
1262 1938 1414 2001 iudicium
1436 1937 1541 2019 potius
1562 1936 1609 1999 rei
1630 1935 1778 2018 publicae

409 2042 544 2110 tiquam
571 2037 625 2093 aut
651 2051 725 2095 reus
746 2032 902 2096 iudicibus
924 2042 979 2096 aut
1000 2041 1165 2097 accusator
1186 2053 1239 2096 reo
1262 2031 1401 2095 defuisse
1423 2031 1575 2093 videatur.
1619 2030 1658 2090 ll.
1679 2028 1780 2111 Equi-

449 2120 537 2195 dem,
559 2129 596 2185 ut
617 2123 657 2187 de
679 2146 730 2189 me
751 2124 917 2203 confitear,
939 2128 1078 2201 iudices,
1100 2147 1171 2189 cum
1193 2124 1312 2189 multae
1334 2123 1410 2187 mihi
1433 2123 1505 2187 aC.
1520 2124 1618 2185 Verre
1640 2120 1779 2184 insidiae

448 2222 530 2278 terra
552 2218 695 2301 marique
716 2219 818 2283 factae
841 2222 921 2295 sint,
944 2242 1024 2305 quas
1046 2222 1160 2305 partim
1182 2240 1253 2282 mea
1275 2218 1437 2301 diligentia
1458 2217 1640 2291 devitarim,
1653 2216 1780 2299 ,partim

448 2310 620 2374 amicorum
642 2312 747 2377 studio
770 2314 941 2400 officioque
963 2316 1175 2398 reppulerim,
1205 2332 1379 2396 numquam
1401 2319 1507 2375 tamen
1528 2328 1634 2392 neque
1655 2316 1779 2372 tantum

448 2404 626 2485 periculum
654 2406 732 2468 mihi
761 2407 850 2472 adire
877 2411 964 2472 visus
994 2430 1065 2472 sum
1088 2427 1194 2492 neque
1215 2414 1302 2470 tanto
1325 2425 1422 2489 opere
1443 2404 1608 2488 pertimui,
1637 2409 1673 2465 ut
1695 2422 1781 2466 nunc

410 2500 482 2561 acin
503 2497 574 2579 ipso
596 2497 724 2563 iudicio.
761 2498 791 2564 l.
813 2504 924 2586 Neque
947 2511 1068 2566 tantum
1091 2522 1142 2565 me
1165 2500 1359 2584 exspectatio
1376 2498 1584 2562 accusationis
1598 2517 1687 2560 meae
1703 2518 1781 2561 cou-

449 2610 626 2674 cursusque
647 2600 752 2657 tantae
775 2595 1000 2670 multitudinis,
1023 2597 1140 2679 quibus
1164 2616 1221 2679 ego
1244 2595 1337 2656 rebus
1356 2591 1632 2655 vehementissime
1654 2599 1781 2674 pertur-

449 2683 523 2756 bor,
545 2695 737 2761 commovet,
761 2695 914 2772 quantum
930 2692 1021 2753 istius
1036 2689 1171 2754 insidiae
1186 2688 1342 2761 nefariae,
1358 2706 1437 2771 quas
1453 2705 1517 2747 uno
1532 2694 1675 2768 tempore
1689 2685 1781 2761 mihi,

449 2779 554 2851 vobis,
583 2779 634 2841 Μ’.
658 2779 819 2843 Glabrioni
841 2784 996 2863 praetori,
1026 2785 1134 2859 sociis,
1158 2783 1274 2846 exteris
1295 2780 1492 2853 nationibus,
1514 2778 1635 2854 ordini,
1657 2780 1781 2843 nomini

451 2872 589 2957 denique
611 2874 769 2937 senatorio
791 2873 896 2937 iaceie
918 2885 1071 2940 conatur:
1101 2878 1157 2961 qui
1177 2879 1220 2940 ita
1242 2876 1381 2947 dictitat,
1411 2875 1450 2936 iis
1472 2892 1542 2935 esse
1564 2872 1781 2949 metuendum,

411 2968 506 3050 acqui
529 2967 615 3050 quod
637 2967 717 3051 ipsis
739 2968 815 3031 solis
837 2970 913 3032 satis
936 2978 1019 3033 esset
1041 2971 1284 3053 surripuissent;
1306 2988 1340 3031 se
1363 2975 1484 3031 tantum
1504 2968 1675 3050 eripuisse,
1697 2975 1734 3030 ut
1748 2967 1781 3031 id

449 3061 556 3125 multis
579 3062 655 3125 satis
678 3081 748 3126 esse
769 3064 891 3145 possit:
914 3064 993 3127 nihil
1016 3084 1085 3127 esse
1104 3072 1167 3127 tam
1182 3072 1345 3138 sanctum,
1369 3061 1455 3147 quod
1470 3082 1535 3124 non
1549 3061 1679 3134 uiolari,
1702 3060 1782 3124 nihil

449 3162 513 3218 tam
535 3157 709 3230 munitum,
732 3155 820 3239 quod
842 3176 907 3219 non
930 3159 1105 3240 expugnari
1127 3158 1264 3241 pecunia
1286 3158 1396 3240 possit.
1440 3153 1470 3217 5.
1493 3154 1587 3231 Quod
1610 3156 1655 3229 si,
1685 3176 1782 3239 quam

450 3248 555 3313 audax
576 3256 625 3312 est
646 3249 685 3312 ad
708 3250 905 3326 conandum,
927 3261 992 3314 tam
1014 3260 1098 3315 esset
1120 3253 1272 3314 obscurus
1295 3253 1328 3313 in
1351 3250 1493 3334 agendo,
1515 3248 1651 3311 fortasse
1673 3248 1783 3332 aliqua

449 3343 482 3405 in
510 3363 545 3406 re
571 3361 631 3405 nos
660 3343 832 3428 aliquando
863 3345 1038 3407 fefellisset.
1081 3348 1198 3408 Verum
1227 3345 1289 3408 hoc
1314 3346 1417 3408 adhuc
1440 3341 1663 3427 percommode
1686 3342 1781 3417 cadit,

413 3435 537 3519 acquod
560 3457 632 3499 cum
653 3436 830 3500 incredibili
853 3439 923 3501 eius
945 3439 1078 3502 audacia
1093 3440 1264 3521 singularis
1280 3439 1413 3503 stultitia
1428 3437 1597 3500 coniuncta
1612 3441 1671 3497 est.
1700 3437 1781 3498 Nam

450 3536 485 3591 ut
513 3537 641 3611 apertus
663 3529 696 3592 iu
718 3530 927 3614 corripiendis
949 3534 1093 3616 pecuniis
1119 3533 1196 3607 luit,
1225 3535 1323 3597 sicin
1345 3552 1402 3614 spe
1424 3528 1648 3613 corrumpendi
1669 3527 1781 3592 iudicii

450 3622 620 3704 perspicua
647 3642 706 3685 sua
732 3623 865 3688 consilia
893 3635 1090 3709 conatusque
1119 3628 1265 3690 omnibus
1286 3626 1371 3690 iecit.
1415 3624 1520 3688 Semel
1541 3624 1584 3687 ait
1605 3643 1639 3686 se
1660 3624 1695 3685 in
1716 3622 1783 3687 vita

450 3716 666 3797 pertimuisse,
689 3722 773 3791 tum,
796 3738 867 3780 cum
889 3720 1025 3802 primum
1048 3739 1067 3782 a
1088 3740 1139 3783 me
1161 3741 1236 3783 reus
1257 3721 1359 3783 factus
1381 3721 1438 3795 sit3
1460 3716 1564 3803 quod,
1586 3736 1658 3780 cum
1674 3735 1692 3779 e
1707 3736 1783 3799 pro·

450 3808 555 3872 vincia
571 3829 682 3872 recens
705 3818 789 3874 esset
809 3811 994 3895 invidiaque
1009 3822 1041 3876 et
1061 3814 1191 3877 infamia
1205 3833 1270 3876 non
1291 3815 1429 3887 recenti,
1452 3811 1509 3875 sed
1528 3819 1634 3876 vetere
1655 3829 1692 3873 ac
1712 3809 1784 3874 diu·

515 4049 539 4099 4.
557 4050 708 4101 iudiciorum
724 4053 757 4102 64
770 4066 795 4113 ς.
817 4079 844 4088 -
867 4058 1010 4103 nostrorum
1032 4055 1126 4119 gigan
1143 4054 1176 4106 nl.
1196 4054 1244 4105 dtt.
1265 4082 1292 4091 -
1311 4055 1336 4104 i.
1354 4052 1549 4104 contentionibus
1565 4049 1660 4113 63ςλ.
1687 4049 1784 4115 Vulga-

450 4126 503 4175 tam
516 4128 623 4175 tuentur
640 4128 721 4177 etiem
737 4129 793 4177 AS.
808 4155 834 4163 -
854 4128 878 4178 3.
896 4142 1001 4179 rotun
1012 4130 1149 4179 damnatus
1165 4133 1231 4180 Non.
1250 4144 1275 4194 p.
1289 4131 1347 4180 376.
1368 4154 1395 4165 -
1415 4131 1439 4180 c.
1458 4133 1481 4179 et
1494 4128 1584 4191 proed.
1604 4129 1636 4177 Gt
1649 4123 1732 4177 iiS:
1752 4141 1784 4176 uc

430 4201 536 4263 proed.
555 4200 642 4252 utto.
659 4228 685 4237 -
705 4202 729 4252 i.
748 4202 822 4268 enirn]
839 4216 897 4252 eum
913 4203 975 4255 edd.
989 4203 1035 4255 lul.
1049 4206 1141 4255 sever.
1160 4219 1186 4268 p.
1201 4203 1269 4265 343,
1287 4204 1336 4255 sed
1354 4203 1413 4254 cod.
1432 4205 1534 4255 llonac.
1552 4214 1609 4254 sec.
1628 4202 1681 4263 xl..
1700 4213 1784 4265 quem
1887 4245 1890 4258 ,

450 4273 568 4325 ilalmius
585 4273 707 4336 contulit,
734 4281 807 4327 recte
825 4279 899 4328 enim.
926 4278 1038 4329 Posthac
1055 4279 1081 4330 ln
1099 4278 1177 4338 locis,
1204 4293 1274 4343 quae
1291 4280 1335 4329 hic
1352 4279 1443 4329 rhetor
1461 4277 1555 4339 habet,
1572 4276 1701 4329 lectiones
1719 4277 1781 4328 cod.

449 4349 628 4410 Monacensis,
653 4363 714 4401 cum
739 4351 869 4404 editiones
886 4354 954 4404 vitiis
970 4359 1104 4414 scateant,
1127 4353 1198 4404 solas
1216 4353 1496 4404 commemorabimus.
1518 4380 1544 4389 -
1564 4354 1604 4403 tt.
1623 4353 1784 4414 depeculato-

448 4437 502 4473 rem
519 4422 597 4473 codd.
617 4425 633 4474 S
653 4424 694 4487 (ei.
714 4426 740 4476 in
757 4428 807 4477 Pis.
827 4427 856 4490 §.⁴
870 4428 927 4489 llil:
951 4430 1122 4491 peculatorem
1139 4434 1199 4479 Asc.
1218 4428 1261 4479 ed.
1280 4430 1364 4493 princ.
1384 4429 1432 4479 Oli.
1452 4430 1493 4479 lll.
1513 4428 1537 4492 S.
1556 4427 1597 4477 ia.
1622 4428 1723 4478 Omittit
1739 4428 1787 4478 Se·

448 4498 572 4549 verianus
590 4512 633 4548 vv.
652 4500 734 4562 depes.
747 4516 866 4565 --prou
879 4504 929 4553 Sic.
947 4531 969 4541 -·
994 4505 1033 4554 tt.
1052 4506 1117 4553 444444
1133 4504 1213 4563 Gir:
1239 4505 1303 4553 iuris
1319 4503 1410 4553 urbani
1427 4502 1475 4552 dtt.
1493 4502 1521 4552 0.
1543 4528 1569 4537 -
1588 4515 1632 4552 uos
1649 4515 1702 4552 om.
1722 4503 1739 4552 S
1757 4506 1786 4553 et

449 4573 496 4625 lul.
514 4575 575 4623 sev.
594 4571 611 4623 l.
632 4587 655 4623 c.
677 4602 704 4611 -
721 4577 787 4641 vere]
805 4578 847 4627 Sic
864 4578 957 4643 scripsi
976 4582 1085 4629 auctore
1103 4577 1206 4629 Halmio
1224 4591 1255 4628 er
1274 4578 1334 4628 cod.
1350 4580 1419 4630 lton.
1433 4576 1585 4627 severiani:
1602 4590 1686 4628 tct'ert
1703 4575 1783 4627 codd.

449 4648 557 4700 Tulliani
575 4652 603 4699 et
620 4648 681 4699 edd.
703 4677 730 4685 -
751 4652 790 4702 li.
810 4666 841 4702 oc
856 4654 971 4718 religiose
987 4656 1018 4703 ot
1034 4654 1111 4717 egea.
1130 4656 1306 4704 Seuerianus:
1326 4660 1402 4716 atque
1417 4654 1463 4703 rei.
1483 4651 1596 4710 Gidtt.;
1622 4652 1786 4715 religioseque

449 4724 478 4774 0.
500 4750 528 4759 —
547 4723 587 4774 43.
605 4725 784 4788 caritatemque
800 4740 854 4777 om.
868 4730 904 4777 Gt
915 4729 968 4788 Ld3
987 4730 1191 4791 sacerdotemque
1203 4730 1351 4779 tanaceto
1368 4726 1445 4793 prob.
1459 4727 1521 4777 aar.
1534 4726 1568 4776 ad
1586 4728 1665 4790 legg.
1684 4739 1711 4790 p.
1723 4724 1783 4776 sto.

450 4800 521 4850 llaec
538 4798 667 4850 vocabula
678 4801 834 4866 saepissime
847 4803 873 4853 in
886 4802 965 4853 codd.
979 4806 1189 4864 commutantur,
1208 4807 1235 4853 et
1247 4818 1308 4854 cum
1322 4802 1410 4854 multis
1422 4803 1447 4852 in
1460 4800 1525 4851 locis
1537 4803 1682 4864 utrumque
1694 4814 1742 4865 per
1753 4813 1785 4851 se
1879 4857 1881 4859 ,

450 4878 522 4925 recte
540 4875 592 4925 dici
610 4876 705 4940 possit,
724 4880 813 4927 utrum
831 4879 918 4941 aptius
936 4878 982 4937 sit,
1006 4877 1111 4928 diiflcite
1133 4879 1266 4929 interdum
1285 4881 1327 4930 est
1343 4877 1498 4928 diiudicare.
1528 4876 1566 4926 Ci.
1585 4876 1619 4927 ad
1636 4875 1661 4941 ἓ.
1680 4876 1721 4928 ta.
1739 4878 1783 4927 444.

450 4950 474 5014 S.
494 4950 549 5001 tot.
569 4950 612 5002 lli.
631 4950 655 5015 g.
675 4950 732 5001 443.
754 4977 781 4986 -
801 4950 841 5003 tt.
860 4958 944 5003 tumen
960 4952 1006 5003 boc
1023 4952 1104 5015 Lgib,
1123 4953 1168 5002 lmc
1185 4960 1282 5004 tuntum
1299 4954 1331 5003 Gi
1344 4955 1369 5003 ἰ.
1390 4975 1417 4989 -
1436 4952 1535 5001 iudiciis
1552 4950 1600 5003 dtt.
1621 4977 1648 4988 -
1668 4952 1708 5001 li.
1727 4957 1786 5002 sum

451 5027 482 5075 ct
495 5022 570 5088 Ξςλ.
591 5054 618 5065 -
638 5027 680 5078 20.
698 5039 744 5076 nec
761 5026 806 5077 62.
820 5052 847 5061 -
866 5026 907 5076 23.
925 5026 993 5076 uobis
1010 5040 1064 5076 om.
1078 5026 1126 5077 dtt.
1142 5051 1168 5063 —
1186 5029 1308 5093 praetori]
1324 5043 1350 5094 p.
1364 5041 1387 5077 r.
1400 5026 1475 5087 cti,
1493 5041 1517 5076 r.
1528 5041 1555 5088 p.
1569 5027 1614 5077 64.
1635 5053 1663 5063 -
1681 5026 1723 5077 25.
1735 5026 1786 5077 ert·

446 5102 531 5163 puisse
547 5104 579 5153 64
593 5102 679 5163 ars:
696 5101 811 5163 rapuisse
828 5100 875 5151 dtt.
895 5103 923 5151 0.
945 5129 971 5138 -
991 5102 1032 5152 28.
1052 5102 1177 5168 obscurus]
1199 5109 1297 5152 astutus
1313 5104 1359 5153 64.
1385 5105 1419 5154 itt
1434 5102 1466 5153 ci.
1485 5101 1571 5152 lladu
1591 5104 1610 5152 l.
1629 5115 1656 5166 p.
1674 5101 1732 5153 334.
1752 5127 1782 5137 ·-

449 5173 491 5224 29.
507 5177 711 5238 percommodum
728 5176 796 5226 cudit
813 5178 865 5236 Gt,
884 5178 1010 5227 commode
1026 5178 1092 5227 cauit
1109 5178 1135 5227 S.
1152 5205 1177 5213 —
1198 5179 1238 5228 34.
1256 5178 1322 5243 feeit]
1337 5179 1454 5241 patefecit
1471 5176 1518 5227 dtt.
1535 5203 1562 5213 -
1581 5178 1621 5228 33.
1638 5178 1723 5240 primo
1733 5177 1782 5229 bd.

451 5252 548 5299 omli.
565 5277 588 5289 -
610 5265 628 5301 c
643 5264 683 5301 me
698 5264 757 5303 reru
773 5251 959 5315 ornemus:
977 5265 1035 5302 reus
1051 5265 1068 5302 c
1084 5264 1124 5303 me
1140 5252 1255 5304 sotto.
1269 5278 1298 5289 -
1316 5252 1399 5319 [actm
1413 5257 1449 5306 444
1463 5256 1494 5304 a.
1509 5277 1538 5288 -
1557 5248 1598 5304 34.
1615 5254 1784 5319 mensam]
