4367 6109
449 565 512 633 lae
847 571 897 634 lu
918 569 1087 635 venanti
1107 568 1232 634 ACTIO
1253 570 1380 635 emnia

448 747 559 823 rogatu
581 739 771 822 recepissem
792 740 889 824 idque
911 740 987 803 mibi
1009 740 1149 824 amplum
1171 748 1203 804 et
1231 740 1428 824 praeclamm
1451 739 1694 815 existimassem,
1722 761 1779 805 eos

447 833 530 896 velle
552 853 641 896 meae
662 830 735 896 fidei
758 833 1004 917 diligentiaeque
1034 835 1212 917 periculum
1233 834 1353 909 iacere,
1383 835 1438 918 qui
1460 833 1662 897 innocentiae
1684 834 1780 898 absti-

448 927 639 1009 nentiaeque
658 927 823 1003 iecissent,
852 937 918 992 tum
945 937 1091 1011 suscepto
1115 929 1243 1010 negotio
1265 928 1366 990 maius
1389 926 1541 1010 quiddam
1564 928 1640 990 mibi
1663 947 1781 1010 propo-

448 1021 512 1094 sui,
540 1021 574 1082 in
601 1041 665 1104 quo
694 1041 795 1084 meam
818 1023 851 1085 in
873 1043 940 1085 rem
963 1023 1124 1104 publicam
1145 1022 1340 1084 voluntatem
1363 1021 1502 1105 populus
1524 1022 1686 1084 Romanus
1707 1042 1780 1104 per·

423 1115 568 1197 aspicere
590 1124 708 1198 posset.
752 1113 803 1177 35.
826 1118 904 1178 Nam
926 1115 1006 1178 illud
1027 1115 1103 1179 mihi
1130 1134 1334 1198 nequaquam
1356 1114 1485 1197 dignum
1507 1114 1664 1178 industria
1686 1135 1782 1178 cona-

447 1217 546 1293 tuque
567 1228 638 1271 meo
660 1209 852 1283 videbatur,
865 1210 960 1272 istum
982 1229 1002 1272 a
1023 1230 1073 1272 me
1095 1210 1128 1271 in
1150 1207 1301 1270 iudicium
1323 1209 1385 1270 iam
1401 1210 1541 1271 omnium
1563 1208 1683 1272 iudicio
1705 1231 1781 1272 cou-

446 1303 628 1368 demnatum
649 1303 772 1377 vocari,
794 1303 855 1365 nisi
876 1304 937 1365 istu
959 1311 1013 1365 tua
1035 1302 1242 1365 intolerabilis
1264 1301 1406 1383 potentia
1420 1309 1452 1364 et
1469 1322 1507 1364 ea
1522 1303 1693 1386 cupiditas,
1717 1324 1781 1388 qua

447 1418 503 1482 per
524 1398 621 1460 hosce
642 1414 742 1458 annos
765 1396 797 1458 in
819 1396 1010 1479 quibusdam
1032 1396 1158 1459 iudiciis
1179 1417 1256 1459 usus
1279 1417 1330 1473 es,
1356 1400 1450 1463 etiam
1476 1400 1509 1462 in
1531 1400 1621 1463 istius
1642 1400 1780 1463 bominis

446 1491 605 1574 desperati
627 1510 722 1553 causa
742 1490 1005 1572 interponeretur.
1049 1492 1140 1553 Nunc
1161 1510 1254 1564 vero,
1277 1493 1427 1575 quoniam
1449 1493 1528 1555 baec
1550 1501 1581 1556 te
1604 1495 1708 1558 omnis
1723 1496 1780 1557 do·

408 1586 574 1649 ruminatio
607 1604 803 1667 regnumque
831 1583 1019 1646 iudiciorum
1050 1592 1138 1646 tanto
1169 1604 1266 1666 opere
1295 1585 1432 1650 delectat
1464 1595 1496 1650 et
1523 1595 1598 1650 sunt
1622 1587 1779 1662 bomincs,

445 1700 527 1764 quos
548 1678 687 1742 libidinis
709 1677 921 1760 infamiaeque
943 1697 1020 1739 suae
1042 1697 1148 1761 neque
1170 1677 1290 1762 pudeat
1311 1699 1419 1762 neque
1442 1680 1583 1756 taedeat,
1607 1682 1662 1765 qui
1686 1681 1779 1765 quasi

445 1771 485 1836 de
507 1771 663 1837 industria
683 1772 716 1833 iu
738 1771 846 1833 odium
869 1772 1143 1854 offensionemque
1164 1772 1274 1855 populi
1297 1772 1431 1836 Rotnani
1453 1773 1574 1836 irruere
1596 1774 1778 1849 videantur,

444 1862 506 1930 boc
527 1886 577 1928 me
599 1862 749 1948 profiteor
770 1866 949 1948 suscepisse
970 1886 1119 1948 magnum
1140 1866 1275 1929 fortasse
1297 1886 1379 1929 onus
1402 1874 1434 1929 et
1455 1867 1530 1929 mibi
1552 1868 1777 1949 periculosum,

444 1980 554 2024 serum
577 1967 682 2022 tamen
704 1958 851 2041 dignum,
873 1960 905 2021 in
928 1980 993 2042 quo
1019 1980 1130 2023 omnes
1156 1980 1270 2023 nervos
1293 1961 1404 2023 aetatis
1425 1960 1665 2044 industriaeque
1689 1980 1778 2023 meae

407 2065 437 2113 so
445 2055 679 2119 contenderem.
723 2050 774 2115 36.
798 2053 957 2129 Quoniam
979 2062 1065 2116 totus
1087 2054 1165 2116 ordo
1188 2075 1361 2138 paucorum
1384 2054 1585 2137 improbitate
1600 2062 1632 2117 et
1647 2054 1778 2116 audacia

445 2147 597 2232 premitur
619 2155 650 2210 et
670 2156 801 2231 urgetur
823 2146 952 2209 infamia
974 2148 1181 2222 iudiciorum,
1210 2145 1362 2231 proliteor
1386 2148 1460 2210 huic
1483 2150 1591 2231 generi
1612 2148 1777 2212 bominum

445 2262 495 2306 me
517 2241 540 2322 †
561 2241 722 2304 inimicum
744 2250 975 2314 accusatorem,
998 2241 1163 2316 odiosum,
1186 2240 1365 2315 assiduum,
1387 2242 1537 2304 acerbum
1551 2242 1777 2305 adversarium.

443 2336 513 2399 Hoc
540 2334 618 2397 mibi
649 2356 757 2409 sumo,
788 2334 850 2397 boc
878 2335 956 2398 mihi
989 2335 1146 2417 deposco,
1180 2335 1267 2418 quod
1289 2355 1381 2417 agam
1402 2336 1436 2397 in
1457 2336 1657 2418 magistratu,
1690 2334 1778 2418 quod

444 2449 534 2514 agam
557 2450 597 2492 ex
619 2449 657 2492 eo
679 2428 767 2503 loco,
799 2447 841 2491 ex
863 2449 1000 2512 quo-me
1022 2428 1161 2511 populus
1183 2430 1344 2492 Romanus
1367 2449 1408 2492 ex
1429 2429 1500 2491 Kal.
1522 2431 1647 2491 lanuar.
1669 2448 1777 2490 secum

405 2536 539 2608 tongere
561 2523 601 2587 de
622 2543 657 2587 re
678 2523 805 2607 publica
827 2542 864 2585 ac
884 2524 924 2586 de
945 2523 1129 2586 bominibus
1150 2522 1303 2606 improbis
1325 2523 1443 2587 voluit:
1469 2523 1531 2586 boc
1554 2542 1669 2586 munus
1690 2522 1778 2585 aedi·

442 2618 539 2680 litatis
569 2635 659 2679 meae
686 2616 807 2700 populo
836 2619 980 2681 Romano
1007 2616 1238 2699 amplissimum
1267 2616 1582 2700 pulcherrimumque
1611 2615 1776 2699 polliceor.
1828 2610 1832 2617 ’

442 2713 577 2786 bloneo,
599 2711 763 2793 praedico,
785 2719 858 2774 ante
881 2710 1051 2774 denuntio:
1076 2710 1132 2792 qui
1154 2718 1209 2773 aut
1229 2711 1391 2792 deponere
1414 2718 1469 2774 aut
1489 2711 1632 2792 recipere
1647 2716 1703 2773 aut
1722 2729 1776 2773 ao-

443 2808 549 2889 cipere
577 2813 632 2868 aut
659 2805 803 2888 polliceri
832 2813 887 2868 aut
914 2812 1096 2889 sequestres
1128 2811 1182 2866 aut
1210 2804 1397 2886 interpretes
1419 2798 1644 2886 corrumpendi
1665 2803 1775 2867 iudicii
1821 2869 1830 2892 ,

442 2900 546 2963 solent
572 2919 642 2963 esse
672 2898 792 2981 quique
821 2897 862 2959 ad
883 2899 965 2962 banc
986 2917 1053 2961 rem
1077 2906 1131 2960 aut
1161 2898 1336 2979 potentiam
1357 2905 1412 2960 aut
1433 2897 1663 2981 impudentiam
1684 2917 1773 2960 snam

403 2993 578 3077 tspmfessi
599 3000 690 3064 sunt,
712 2990 891 3055 abstineant
912 2992 945 3054 in
966 2993 1028 3055 boc
1049 2990 1170 3053 iudicio
1193 3011 1305 3054 manus
1320 2991 1510 3074 animosque
1525 2992 1564 3053 ab
1579 2992 1641 3054 hoc
1656 2991 1775 3054 scelere

441 3086 574 3149 nefario.
616 3086 703 3148 Xlll.
730 3082 781 3148 37.
810 3087 880 3149 Erit
909 3094 978 3151 tum
1000 3086 1113 3149 consul
1134 3087 1324 3149 Hortensius
1346 3106 1418 3149 cum
1440 3105 1564 3148 summo
1585 3086 1721 3169 imperio
1744 3091 1776 3146 et

441 3189 616 3264 potestate,
638 3199 698 3264 ego
720 3189 826 3244 autem
847 3181 977 3256 aedilis,
998 3181 1059 3243 boc
1082 3187 1146 3254 est,
1168 3179 1265 3263 paulo
1286 3180 1422 3263 amplius
1438 3199 1536 3263 quam
1551 3179 1707 3261 privatnsr
1728 3186 1775 3241 ta·
1834 3253 1837 3259 ¹

444 3295 518 3339 men
538 3276 619 3339 baec
638 3274 823 3338 huiusmodi
845 3295 897 3339 res
920 3284 983 3350 est,
1009 3292 1106 3358 quam
1129 3292 1179 3336 me
1201 3282 1345 3336 actumm
1364 3293 1434 3336 esse
1456 3273 1629 3356 polliceor,
1651 3271 1697 3335 ita
1717 3291 1775 3354 po-

441 3369 519 3452 pulo
539 3370 684 3433 Romano
708 3375 796 3451 grata
817 3377 914 3452 atque
936 3367 1091 3442 iucunda,
1113 3375 1150 3430 ut
1170 3367 1239 3451 ipse
1261 3368 1374 3431 consul
1395 3368 1429 3430 in
1447 3367 1506 3429 bac
1522 3385 1617 3430 causa
1632 3385 1709 3449 prae
1723 3384 1774 3428 me

401 3464 547 3527 wminus
569 3465 682 3536 etiam,
712 3463 739 3525 si
761 3460 828 3525 lieri
856 3465 976 3546 possit,
1006 3485 1101 3547 quam
1124 3466 1265 3548 privatus
1288 3486 1358 3529 esse
1380 3466 1534 3529 videatur.
1571 3460 1687 3525 Omnia
1707 3479 1773 3522 non

441 3557 536 3620 modo
559 3557 906 3632 commemorabuntur,
928 3558 985 3620 sed
1007 3561 1101 3623 etiam
1124 3560 1279 3641 expositis
1298 3561 1391 3623 certis
1406 3561 1501 3623 rebus
1516 3563 1667 3640 agentur,
1690 3573 1773 3638 quae

438 3651 522 3715 inter
550 3650 660 3713 decem
690 3669 807 3724 annos,
839 3658 1048 3734 posteaquam
1077 3653 1195 3717 iudicia
1215 3654 1255 3717 ad
1278 3662 1423 3717 senatum
1445 3652 1598 3716 translata
1619 3653 1707 3721 sunt,
1738 3647 1773 3710 in

439 3746 534 3808 rebus
557 3742 735 3807 iudicandis
763 3741 883 3811 nefarie
910 3744 1133 3830 flagitioseque
1154 3746 1238 3812 iacta
1260 3755 1343 3809 sunt.
1385 3744 1437 3809 38.
1461 3746 1639 3829 Cognoscat
1660 3762 1701 3806 ex
1721 3762 1772 3805 me

439 3838 578 3922 populus
601 3839 779 3911 Romanus,
809 3835 886 3919 quid
907 3839 964 3911 sit,
994 3840 1217 3921 quamobrem,
1248 3860 1321 3904 cum
1345 3848 1494 3924 equester
1516 3837 1596 3902 ordo
1617 3835 1772 3900 iudicaret

400 3946 540 3996 mannos
562 3951 663 4015 prope
685 3930 918 4014 quinquaginta
940 3933 1127 4007 continuos,
1149 3934 1183 3996 in
1204 3934 1295 3997 nullo
1317 3933 1424 3997 iudice
1440 3935 1547 4018 equite
1564 3931 1709 3994 Romano
1723 3931 1772 3993 iu·

505 4124 530 4176 3.
549 4125 669 4188 quiddam
683 4125 745 4175 mitt
761 4126 793 4176 64
806 4125 918 4189 angae:
935 4125 997 4175 mitt
1013 4126 1133 4187 quiddam
1153 4126 1201 4178 dtt.
1216 4128 1246 4179 0.
1267 4154 1293 4167 ··
1313 4127 1338 4179 4.
1356 4128 1384 4178 ts
1400 4142 1429 4179 rs
1442 4128 1544 4191 publica
1560 4129 1593 4178 64
1606 4128 1657 4189 9ς.
1684 4126 1770 4178 iland.
1886 4148 1888 4151 ⁴

438 4199 513 4251 Ture.
527 4202 555 4253 ll.
575 4213 602 4265 p.
621 4200 665 4251 994
681 4214 742 4265 sqq.
760 4202 794 4251 44
810 4200 844 4251 cl.
858 4198 922 4251 Phil.
936 4202 999 4251 xlii.
1012 4201 1037 4265 S.
1052 4202 1104 4264 ta..
1121 4214 1176 4254 om.
1188 4203 1216 4252 to
1226 4215 1306 4265 resep.
1320 4202 1412 4255 Claud.
1426 4202 1533 4255 sacerd.
1545 4217 1573 4269 p.
1586 4204 1627 4255 74.
1646 4204 1673 4253 et
1689 4201 1772 4253 babet

437 4273 535 4325 deinde
550 4275 635 4337 possit.
657 4303 683 4312 -
704 4276 744 4326 44.
762 4289 841 4338 neque
857 4278 922 4326 tced.
941 4289 1020 4337 neque
1032 4277 1095 4338 pud.
1114 4276 1160 4326 Gt.
1179 4275 1325 4339 Vulgatam,
1336 4280 1425 4328 tuetur
1442 4279 1522 4328 etiem
1535 4281 1612 4329 drus.
1624 4279 1659 4328 bl.
1673 4290 1699 4342 p.
1712 4275 1769 4328 953.

437 4350 465 4400 l..
486 4376 514 4384 -
534 4348 574 4399 ll.
592 4350 731 4400 industrios
748 4352 792 4400 64.
820 4350 958 4415 vulgatam
976 4353 1066 4401 tuetur
1083 4349 1174 4401 Claud.
1194 4353 1252 4403 Sec.
1271 4366 1297 4418 p.
1312 4354 1353 4403 74.
1370 4380 1394 4391 -
1417 4353 1457 4403 46.
1473 4354 1599 4416 praeitur
1614 4358 1638 4403 et
1654 4365 1709 4403 om.
1723 4353 1769 4401 64.

436 4426 470 4476 44
486 4423 519 4474 ci.
539 4426 565 4474 in
583 4423 647 4475 ltull.
666 4426 685 4475 l.
704 4427 729 4485 8,
748 4426 788 4475 td.
809 4453 837 4462 -
856 4426 895 4475 ll.
913 4440 952 4476 me
969 4439 1022 4476 om.
1042 4427 1087 4476 64.
1103 4454 1130 4464 -
1149 4427 1279 4477 inimicum
1295 4428 1438 4486 assiduum,
1460 4433 1632 4478 comestorem
1647 4428 1769 4488 edicerem

436 4499 553 4551 morbum
569 4500 743 4549 moerendum
760 4500 828 4551 coni.
847 4502 911 4551 lieu.
929 4503 948 4551 l.
969 4514 994 4565 p.
1009 4502 1065 4550 449.
1084 4503 1112 4552 et
1123 4502 1248 4553 Fritzscb.
1266 4500 1283 4552 l.
1296 4501 1325 4562 1.;
1343 4503 1472 4552 inimicam
1483 4504 1607 4563 odiosam,
1626 4516 1679 4553 occ.
1692 4502 1768 4552 wid.

436 4576 489 4627 cet.
514 4573 583 4624 coni.
604 4575 754 4625 Memmius.
776 4602 803 4611 -
828 4574 867 4625 48.
891 4576 951 4625 mibi
974 4577 1043 4639 (ante
1059 4577 1138 4639 sumo)
1162 4590 1215 4627 om.
1235 4578 1267 4626 64
1281 4577 1331 4637 9ς.
1356 4580 1388 4628 44
1404 4590 1552 4641 pronomen
1570 4577 1702 4628 constanti
1719 4589 1770 4627 usu
1874 4579 1879 4591 ’

437 4649 572 4703 Ciceronis
590 4648 721 4711 firmatur,
746 4649 933 4713 aequabilitate
951 4648 1136 4725 membrorum
1154 4649 1366 4703 commendatur.
1399 4654 1442 4702 Sic
1458 4666 1540 4717 snpra
1557 4665 1666 4717 quoque
1682 4652 1708 4715 ἓ.
1726 4652 1767 4702 33.

435 4754 488 4806 boc
504 4765 652 4819 pronomen
670 4751 798 4803 omissum
815 4755 858 4803 est
879 4755 990 4818 propter
1007 4757 1098 4803 notem
1115 4728 1141 4802 ci
1160 4753 1281 4815 (Freund.
1299 4753 1334 4803 ad
1350 4752 1402 4805 sut
1420 4769 1448 4818 p.
1463 4755 1516 4805 Vll.
1536 4769 1577 4805 nr.
1595 4754 1663 4817 en),
1681 4756 1712 4805 ut
1727 4767 1769 4804 ar-

434 4828 528 4882 bitror.
549 4828 602 4878 lico
617 4827 678 4877 indi
693 4839 776 4888 steno,
793 4828 840 4878 boo
855 4828 959 4889 deposco
975 4828 1044 4879 coni.
1060 4828 1184 4878 Fritzsch.
1202 4827 1219 4878 l.
1231 4827 1250 4880 l.
1267 4856 1294 4867 -
1313 4829 1353 4879 49.
1371 4842 1454 4879 secum
1469 4830 1560 4881 tabem
1576 4830 1608 4879 64
1620 4830 1691 4889 icc
1702 4830 1765 4892 ng.

434 4903 529 4971 pleriq.
549 4929 578 4940 -
603 4904 645 4954 99.
662 4915 750 4952 moneo
766 4901 838 4966 sqq]
860 4902 913 4953 vid.
937 4901 1031 4953 Donat.
1058 4902 1092 4952 ad
1110 4904 1214 4953 Terent.
1232 4902 1314 4953 Andr.
1332 4902 1400 4954 Prol.
1418 4904 1459 4955 99.
1486 4905 1612 4956 victorin.
1629 4917 1657 4969 p.
1674 4905 1716 4955 44.
1737 4930 1766 4941 -

434 4993 488 5031 ecc.
507 4984 553 5029 oet
568 4992 618 5030 rec.
638 4978 675 5027 St.
693 4975 771 5042 prob.
790 4977 915 5028 Fritzsch.
936 5004 963 5015 -
982 4976 1023 5027 93.
1042 4978 1300 5039 coessentialem·
1317 4979 1430 5029 Prisci.
1450 4992 1476 5043 p.
1489 4978 1548 5031 sto.
1565 4979 1640 5029 serv.
1653 4977 1766 5029 adden.

433 5054 477 5105 lv.
495 5053 553 5106 498.
575 5081 602 5092 -
620 5053 661 5104 98.
679 5052 846 5103 latescescodi
861 5067 887 5112 ς.
908 5079 935 5089 -
954 5051 995 5101 39.
1013 5052 1079 5102 inter
1096 5053 1128 5102 64
1141 5053 1185 5104 tc
1203 5052 1265 5104 Poll.
1283 5055 1323 5102 A:
1340 5053 1412 5103 tetro
1429 5053 1467 5104 Ld
1475 5055 1512 5105 St.
1530 5080 1557 5090 -
1577 5050 1619 5104 34.
1636 5066 1694 5103 nnn
1710 5057 1765 5113 oin,

435 5129 468 5179 64
481 5129 505 5180 9.
521 5157 549 5167 -·
567 5129 608 5181 38.
627 5128 733 5178 musello
747 5129 816 5179 coni.
830 5129 950 5191 Zumpt:
968 5127 995 5176 ts
1005 5140 1059 5178 om.
1073 5126 1168 5187 codd.;
1187 5128 1214 5177 ts
1229 5127 1298 5177 sulio
1313 5128 1395 5180 iudice
1405 5127 1452 5192 [sq.
1465 5131 1494 5179 li.
1507 5127 1569 5193 iud]
1586 5142 1618 5178 se
1628 5134 1676 5179 ten.
1695 5129 1765 5180 coni.

434 5202 522 5254 lladv.
540 5205 560 5254 l.
578 5217 605 5269 p.
623 5201 695 5263 349.;
713 5203 741 5253 is
759 5203 828 5252 culto
848 5201 926 5267 (49440
941 5202 979 5266 is)
1000 5203 1108 5263 lucido,
1126 5215 1165 5265 eq.
1181 5204 1211 5254 lt.
1229 5201 1355 5253 iudicante
1378 5205 1448 5255 conl.
1466 5204 1560 5255 Kabnt.
1579 5205 1607 5255 et
1623 5204 1764 5265 suescas

434 5276 503 5328 sotto
519 5278 549 5330 de
564 5278 645 5330 iodim
660 5290 700 5341 eq.
716 5278 747 5329 lt.
764 5278 818 5330 lud.
836 5289 906 5330 com.
925 5278 1007 5331 Kiene
1023 5277 1178 5343 amesae.
1195 5290 1224 5343 p.
1241 5278 1298 5330 444.
1316 5279 1372 5329 not.
