4367 6109
739 605 812 673 cn.
833 603 1154 672 xxvn-xxun
1183 598 1240 687 ti·
1262 597 1410 666 rc-ro.
1670 585 1733 660 505

415 780 490 844 tiam
512 784 543 841 et
564 778 755 862 aequitatem
775 775 946 860 plurimum
966 774 1072 841 valere
1095 782 1259 858 oportere,
1281 772 1431 846 libidinis,
1452 770 1547 834 verbo
1569 788 1606 833 ac
1627 767 1734 832 littera

415 873 463 935 ius
493 890 586 935 omne
616 869 766 955 torqueri.
805 869 870 932 Vos
897 870 1040 946 statuite,
1068 878 1320 953 recuperatores,
1346 866 1369 947 †
1390 875 1423 929 et
1443 865 1571 930 viliores
1593 882 1663 927 esse
1684 861 1734 925 vi-

415 964 559 1028 deantur.

499 1058 568 1121 Hoc
591 1058 661 1120 ioco
684 1055 904 1140 percommode
926 1056 1057 1132 accidit,
1088 1057 1173 1141 quod
1196 1077 1259 1120 non
1281 1055 1371 1119 adest
1391 1055 1435 1130 is,
1464 1055 1519 1139 qui
1543 1053 1637 1138 paulo
1659 1058 1732 1117 ante

415 1151 515 1218 adsuit
542 1160 574 1216 et
600 1151 712 1215 adesce
739 1150 830 1213 nohis
851 1149 1034 1232 frequenter
1055 1151 1088 1212 iu
1110 1150 1168 1213 hac
1190 1170 1285 1213 causa
1306 1149 1401 1223 solet,
1429 1149 1477 1211 vir
1505 1149 1756 1222 ornatissimue‚⁶

416 1247 449 1310 C.
472 1245 634 1330 Aquilius:
664 1264 736 1307 nam
765 1245 834 1327 ipso
862 1252 1027 1328 praesente
1058 1242 1097 1306 de
1120 1244 1233 1306 virtute
1261 1242 1329 1305 eius
1352 1250 1385 1305 et
1405 1242 1570 1325 prudentia
1593 1242 1733 1306 timidius

415 1340 565 1414 dicerem,
594 1338 680 1423 quod
710 1347 742 1401 et
770 1339 837 1422 ipse
865 1337 987 1421 pudore
1010 1337 1146 1421 quodam
1176 1333 1354 1399 afficeretur
1374 1355 1414 1397 ex
1436 1356 1493 1399 sua
1513 1336 1607 1399 laude
1630 1345 1662 1400 et
1683 1357 1734 1400 me

415 1433 527 1496 similis
549 1433 628 1495 ratio
651 1433 815 1516 pudorisa
838 1433 1012 1514 praesentia
1027 1431 1120 1493 laude
1136 1431 1288 1494 tardaret:
1311 1430 1399 1493 cuius
1420 1433 1595 1495 auctoritati
1615 1433 1733 1494 dictum

415 1535 464 1589 est
484 1519 525 1589 ab
547 1525 603 1589 iila
626 1546 720 1590 causa
742 1525 873 1589 concedi
896 1527 1026 1588 nimium
1049 1545 1114 1588 uon
1136 1532 1293 1607 oportere.
1324 1526 1395 1587 Non
1416 1544 1527 1589 vereor
1541 1525 1580 1590 de
1596 1527 1650 1590 tali
1664 1527 1733 1590 viro

415 1641 455 1684 ne
477 1620 547 1703 plus
570 1619 689 1693 dicam,
716 1639 811 1702 quam
832 1640 890 1681 vos
918 1628 971 1682 aut
996 1618 1138 1682 sentiatis
1160 1625 1214 1681 aut
1236 1618 1322 1701 apud
1343 1636 1399 1680 vos
1422 1620 1657 1682 commemorari
1678 1625 1770 1682 ve·⁴⁰

415 1714 489 1777 litis.
532 1709 583 1775 78.
615 1712 815 1796 Quapropter
843 1713 903 1777 hoc
932 1714 1050 1784 dicam,
1078 1732 1250 1796 numquam
1274 1712 1341 1775 eius
1362 1712 1579 1777 auctoritatem
1601 1715 1734 1778 nimium

415 1807 536 1881 valere,
566 1807 657 1870 cuius
688 1806 884 1890 prudentiam
914 1807 1048 1890 populus
1077 1807 1237 1869 Romanus
1266 1804 1298 1868 in
1325 1805 1481 1880 cavendo,
1508 1809 1626 1871 nonin
1649 1808 1734 1872 deci·

414 1900 530 1986 pieudo
552 1900 766 1984 perspexerim
791 1900 845 1983 qui
867 1900 945 1962 iuris
968 1899 1069 1963 civilis
1091 1900 1243 1963 rationem
1267 1919 1438 1982 numquam
1460 1899 1499 1961 ab
1513 1902 1670 1984 aequitate
1684 1921 1734 1965 se-

414 1995 567 2069 iunxerit;
591 1995 647 2077 qui
669 2000 716 2057 tot
737 2013 837 2056 annos
858 1994 1036 2077 ingenium,
1058 1993 1215 2068 laborem,
1236 1992 1331 2056 tidem
1353 2012 1439 2056 auam
1461 1993 1578 2076 populo
1592 1995 1733 2057 Romano

414 2096 591 2172 promptam
614 2089 855 2173 expositamque
876 2088 1072 2172 praebuerit;
1102 2088 1157 2171 qui
1179 2087 1223 2149 ita
1244 2089 1345 2151 iustus
1367 2094 1416 2151 est
1437 2095 1469 2150 et
1490 2086 1590 2151 bonus
1612 2089 1674 2163 vir,
1699 2093 1771 2152 utto

414 2192 541 2257 natura,
570 2201 635 2245 nou
664 2181 831 2264 disciplina
860 2181 1022 2245 consultus
1043 2201 1113 2244 esse
1134 2179 1296 2255 videatur,
1326 2182 1370 2244 ita
1389 2183 1507 2265 peritus
1528 2201 1565 2245 ac
1585 2182 1735 2266 prudens,
1847 2205 1852 2212 ·

413 2285 448 2339 ut
469 2297 509 2339 ex
531 2277 600 2338 iure
623 2275 706 2338 civili
728 2295 792 2338 non
814 2275 942 2338 scientia
964 2274 1067 2338 solum
1090 2273 1263 2360 quaedam,
1285 2295 1394 2339 verum
1416 2277 1509 2339 etium
1523 2275 1647 2339 bonitas
1661 2283 1735 2340 nata

413 2370 574 2446 videatur3
601 2370 692 2432 cuiue
720 2376 843 2432 tantum
865 2376 914 2432 eet
933 2368 1111 2452 ingenium,
1140 2370 1184 2432 ita
1204 2368 1468 2453 promptafidee,
1498 2378 1548 2444 ut,
1577 2368 1734 2455 quidquid

414 2463 487 2526 inde
517 2463 660 2535 haurias,
689 2482 802 2546 purum
829 2468 860 2524 te
888 2461 1107 2547 liquidumque
1136 2464 1261 2527 haurire
1290 2463 1420 2527 sentias.
1462 2460 1514 2527 79.
1536 2466 1641 2542 Quare
1663 2485 1735 2549 per·

414 2577 558 2640 magnam
580 2555 667 2619 initis
688 2576 707 2619 a
729 2553 820 2619 nobie
843 2556 990 2638 gratiam,
1019 2576 1090 2619 cum
1118 2577 1191 2620 eum
1212 2564 1373 2624 auctorem
1393 2566 1517 2622 nocuae
1540 2559 1771 2624 defensionis„

414 2671 483 2717 esse
506 2650 618 2713 dicitis.
651 2648 734 2712 Illud
756 2657 861 2712 autem
883 2650 995 2724 miror,
1018 2650 1112 2732 ’seur
1132 2671 1187 2714 vos
1210 2649 1332 2734 aliquid
1355 2660 1463 2716 contra
1484 2674 1534 2717 me
1548 2654 1667 2717 sentire
1685 2653 1734 2717 di·

414 2745 506 2822 catis,
529 2765 598 2809 cum
621 2764 693 2806 eum
715 2750 874 2808 auctorem
888 2764 945 2806 vos
967 2764 1024 2827 pro
1040 2765 1089 2808 me
1105 2743 1286 2828 appelletis,
1308 2753 1451 2809 nostmm
1467 2748 1645 2813 nominetis.
1671 2748 1734 2814 Ve-

414 2859 483 2901 rum
514 2846 617 2901 tamen
648 2836 725 2921 quid
754 2837 799 2898 ait
819 2845 922 2899 vester
950 2838 1010 2902 iste
1030 2842 1162 2901 auctori
1195 2837 1314 2913 erevs
1337 2857 1477 2913 ovrnovu
1498 2861 1607 2905 venais
1628 2860 1733 2908 acran

412 2951 715 3005 auoumrmrvuovn
739 2950 798 2994 err.

496 3027 641 3090 xxvffl.
665 3025 805 3089 Conveni
827 3045 885 3108 ego
908 3044 949 3088 ex
968 3026 1029 3089 isto
1051 3045 1168 3109 genere
1189 3028 1404 3094 consultorum
1425 3048 1490 3092 non
1507 3028 1676 3104 neminem,
1697 3035 1770 3092 utre

476 3363 501 3413 Ξ.
521 3366 544 3410 et
558 3360 658 3410 citiores
674 3374 723 3410 eece
738 3361 871 3410 uideantur
887 3361 1000 3413 Evam
1009 3359 1189 3426 bkmpqta
1205 3364 1232 3412 et
1248 3364 1282 3412 A:
1301 3367 1324 3412 et
1339 3362 1584 3412 eiiicreeaidearrtur
1600 3366 1661 3423 (om.
1673 3365 1732 3426 οοοο)

413 3451 441 3494 a;
459 3451 490 3487 ae
504 3437 605 3487 tritiores
620 3450 670 3486 οοοο
685 3437 820 3485 uideantur
835 3433 892 3496 οβς
910 3442 996 3486 atnam
1011 3437 1096 3486 auec
1111 3451 1161 3487 οοοο
1176 3440 1291 3487 uideatur
1306 3451 1368 3487 cum
1387 3439 1548 3500 Naugerium
1564 3439 1655 3500 L203
1672 3449 1733 3492 aare

412 3512 498 3560 utitior
513 3523 563 3561 erse
578 3512 693 3561 uideatur
707 3511 863 3573 Madvigium
885 3517 946 3561 atra
961 3513 1047 3562 atitior
1062 3525 1103 3561 ree
1118 3526 1168 3563 οοοο
1183 3514 1298 3563 videatur
1315 3512 1454 3572 tordauus;
1476 3519 1535 3563 atra
1555 3517 1631 3579 (vox)
1649 3518 1734 3567 verior

412 3600 462 3637 esse
478 3587 591 3635 uideatur
607 3585 733 3636 Haimius.
758 3586 906 3649 «Equidem
924 3589 949 3636 iu
967 3584 1055 3636 verbis
1070 3600 1114 3635 oor
1130 3589 1229 3637 statuite
1244 3586 1372 3651 epodosin
1390 3587 1505 3651 incipere
1522 3591 1613 3651 putem
1630 3594 1734 3655 etpost

412 3667 598 3724 recuperatores
618 3661 750 3725 quaedum
773 3662 928 3712 excidisse.»
945 3664 1066 3713 seruam.
1092 3660 1191 3725 (Verbo
1210 3663 1325 3711 rideatur
1345 3659 1492 3711 Harieseius
1513 3660 1609 3715 tineam
1630 3665 1733 3716 subdu-

412 3739 462 3798 xit,
481 3736 706 3800 quemadmodum
723 3749 803 3800 supra
821 3750 847 3800 p.
860 3737 917 3788 eut.
935 3752 961 3787 v.
975 3740 1014 3789 tt.
1033 3738 1123 3789 verbis
1138 3753 1189 3788 eon
1204 3741 1330 3794 οοοιϋοοοος
1348 3736 1381 3787 ad
1398 3739 1484 3788 totum
1500 3740 1589 3790 autem
1605 3739 1676 3790 hunc
1692 3738 1733 3790 lo-

413 3825 475 3863 cum
493 3810 554 3862 nihil
571 3824 604 3861 er
620 3812 639 3861 Τ
656 3812 790 3861 varietatis
807 3814 934 3869 enotavit.
959 3814 1030 3864 uude
1050 3813 1156 3878 eoiiigas
1172 3813 1343 3865 haecomnia
1360 3813 1385 3861 in
1403 3812 1423 3862 Τ
1440 3811 1536 3863 deesse
1554 3811 1595 3863 vei
1612 3813 1647 3864 ab
1664 3815 1733 3865 Har-

413 3885 493 3938 lessio
509 3883 732 3950 qualemcumque
750 3886 784 3936 ob
802 3900 911 3939 causam
928 3887 978 3952 legi
994 3903 1047 3941 uon
1064 3889 1203 3955 patuieae.)
1220 3913 1248 3923 -
1270 3885 1294 3938 i.
1313 3888 1378 3949 quod
1396 3886 1462 3936 abest
1478 3887 1500 3936 ie
1514 3888 1545 3938 Α.
1559 3883 1593 3924 ’-
1611 3888 1636 3939 6.
1653 3889 1734 3952 emt-

413 3963 461 4011 iiar
477 3957 582 4019 ETVB
595 3962 621 4009 et
632 3963 667 4010 A:
685 3962 807 4023 aaudiat
823 3959 906 4017 LEO.
926 3963 964 4014 ct.
982 3977 1009 4029 p.
1025 3965 1144 4025 Quinctio
1155 3963 1181 4028 ἕ.
1194 3964 1217 4013 i.
1236 3962 1324 4013 Osann
1334 3961 1368 4012 od
1386 3962 1442 4013 Cic.
1454 3961 1488 4013 de
1505 3964 1569 4027 Rep.
1581 3965 1600 4014 l.
1613 3965 1638 4025 9,
1651 3964 1731 4017 tt.-

411 4034 473 4100 ipeo]
488 4036 543 4098 pico
559 4036 588 4084 T.
608 4061 635 4070 -
654 4036 678 4085 t.
697 4036 770 4101 quod]
791 4049 840 4097 quo
855 4037 874 4086 E
892 4038 1029 4098 (Freundio
1047 4041 1123 4101 teste)
1135 4035 1299 4101 Gabmpc
1316 4039 1343 4087 et
1358 4040 1392 4094 A;
1410 4037 1530 4099 quomam
1545 4036 1667 4092 Klotzius.
1692 4042 1732 4092 De

413 4109 592 4162 Titarieesius
603 4109 670 4161 silet.
684 4138 711 4147 —
730 4112 755 4163 8.
771 4114 909 4174 praesenter
924 4126 985 4164 com
1003 4115 1104 4164 tantine
1121 4111 1215 4166 hio:
1230 4114 1356 4175 praeuerti
1372 4111 1434 4163 iit.
1448 4138 1476 4147 —
1495 4114 1644 4164 auctoritate
1659 4114 1732 4176 bip

414 4189 441 4236 et
457 4189 487 4236 Α.
506 4212 533 4221 -
552 4186 577 4234 a.
596 4191 717 4248 oporteret
734 4200 749 4238 e
768 4189 816 4252 [pr.
835 4187 899 4248 m.);
917 4194 1012 4251 oportet
1027 4190 1047 4240 E
1064 4187 1203 4251 (Freuudio
1220 4187 1298 4248 teste)
1314 4186 1578 4251 TGabkmptad
1594 4192 1621 4240 et
1637 4194 1666 4241 Α.
1693 4192 1732 4254 (tu

414 4260 436 4309 V
451 4265 573 4321 oporteret
589 4264 739 4310 correctum
756 4265 798 4311 est
815 4263 839 4311 iu
857 4265 970 4325 oportet.)
989 4291 1016 4300 -
1038 4265 1096 4314 Noe
1112 4277 1165 4314 om.
1179 4262 1229 4314 iii
1241 4261 1298 4318 tt:
1317 4262 1419 4326 primus
1434 4261 1535 4313 addidit
1545 4266 1689 4329 Naugerius
1705 4268 1732 4317 in

413 4333 570 4383 Victoriana.
590 4335 648 4397 (Nec
665 4334 778 4384 Klotzius
795 4335 837 4385 ed.
856 4335 910 4398 ait.)
930 4363 956 4371 -
975 4335 1013 4401 de]
1029 4351 1061 4388 ee
1076 4339 1105 4387 T.
1125 4363 1152 4373 -·
1173 4335 1212 4388 tt.
1227 4350 1269 4399 po.
1289 4337 1332 4386 tto.
1347 4337 1487 4398 οοροοὶοοοι
1499 4341 1732 4403 proruptamqaek3

409 4413 555 4471 promptam
571 4409 757 4472 expositumque
770 4423 829 4472 pop.
847 4411 916 4460 Rom.
935 4410 963 4460 T.
984 4437 1011 4446 -
1034 4411 1075 4461 45.
1093 4413 1173 4461 iaetus
1193 4416 1229 4461 ert
1244 4417 1267 4460 et
1283 4411 1360 4461 borae
1374 4411 1416 4459 uir
1432 4411 1496 4462 ET:
1518 4413 1597 4464 imeae
1611 4429 1642 4464 ac
1657 4416 1735 4465 torm

412 4485 453 4532 cir
468 4488 503 4532 ert
520 4486 543 4541 t;
561 4485 639 4533 iustae
655 4490 678 4534 et
694 4483 771 4533 bonae
786 4485 827 4532 cir
843 4490 878 4534 eet
889 4483 1031 4538 nanto.
1043 4513 1070 4523 -
1095 4487 1136 4537 tt.
1153 4493 1217 4536 eata
1233 4500 1283 4536 ease
1297 4487 1414 4536 adeam
1429 4487 1492 4537 1ο-
1511 4489 1552 4540 48.
1570 4492 1687 4553 quicquid
1703 4492 1733 4544 E.

415 4585 442 4595 -
462 4558 729 4621 terrenorumque
751 4559 818 4608 ET:
845 4559 1013 4622 liquidamque
1028 4564 1052 4609 te
1067 4559 1210 4613 RAIAEO.
1238 4587 1266 4596 —
1293 4561 1334 4611 20.
1357 4566 1471 4611 occu-wo
1486 4563 1519 4621 T;
1544 4570 1640 4615 υοοιοαο
1656 4565 1682 4619 i.
1703 4591 1729 4604 -

413 4635 454 4684 et.
472 4648 519 4683 aar
533 4648 577 4684 cos
592 4635 689 4697 aiiqaid
704 4639 793 4684 contra
808 4659 845 4672 -·
856 4640 968 4684 rostram
983 4637 1113 4686 aorniretie
1128 4633 1152 4687 a
1169 4636 1229 4700 (nisi
1245 4636 1318 4699 quod
1335 4637 1354 4687 T
1370 4651 1427 4686 caen
1443 4637 1526 4688 habet
1540 4651 1588 4703 pro
1605 4652 1659 4699 car,
1676 4652 1733 4687 ree-

413 4709 460 4757 tire
470 4723 501 4758 rte
512 4722 560 4773 pro
571 4723 610 4759 me
620 4709 721 4767 sentire,
740 4709 757 4758 k
767 4710 848 4759 dicitis
858 4723 907 4773 pro
919 4711 1015 4771 dicatis,
1027 4714 1047 4761 G
1058 4725 1104 4760 roe
1113 4724 1162 4776 pro
1172 4724 1226 4770 aaa,
1244 4711 1261 4760 k
1273 4709 1325 4764 eid
1336 4716 1445 4760 veetrrun
1455 4724 1502 4775 pro
1513 4713 1631 4772 noanon)
1643 4715 1663 4761 Λ
1674 4710 1731 4765 tt:

413 4797 459 4832 car
475 4797 518 4832 aas
534 4784 642 4846 atiqaem
657 4789 746 4833 contra
761 4798 801 4834 me
816 4789 905 4834 sentire
921 4798 998 4846 quam
1014 4786 1116 4844 dicatis,
1133 4798 1216 4835 meum
1226 4790 1354 4835 auctorem
1360 4799 1410 4848 pro
1419 4799 1460 4834 me
1469 4786 1607 4848 appelletis,
1625 4791 1734 4836 vestm

413 4872 462 4906 urm
478 4859 608 4909 morenate
624 4858 656 4915 0;
679 4873 736 4907 cam
751 4873 794 4908 coe
810 4860 919 4922 aliquem
934 4865 1023 4909 cmtra
1038 4874 1077 4909 me
1091 4862 1181 4910 sentim
1197 4861 1297 4920 duait,
1321 4874 1466 4910 cormeum
1486 4866 1612 4911 auctorem
1627 4876 1671 4912 aas
1684 4876 1733 4925 pro

412 4946 452 4982 me
468 4933 607 4994 appettetie,
630 4938 742 4982 nostrum
757 4935 900 4996 amaretis,
922 4940 1031 4984 uestram
1046 4948 1097 4984 roa
1112 4935 1241 4985 nominetis
1257 4933 1384 4985 Kellerue.
1404 4961 1432 4972 -
1456 4935 1497 4985 23.
1514 4942 1594 4986 nater
1608 4936 1653 4987 iate
1669 4937 1731 4988 ET:

413 5007 458 5055 iate
472 5012 552 5056 aester
568 5006 687 5064 Rei&
705 5008 750 5055 iste
766 5013 849 5058 notter
865 5010 892 5058 1..
913 5035 939 5043 —
960 5009 1046 5071 quitus
1062 5010 1170 5071 quidque
1186 5011 1348 5059 Hotomanus
1364 5007 1434 5073 (coli.
1447 5009 1471 5073 fi.
1484 5010 1524 5060 58.
1538 5011 1603 5071 etp:
1622 5010 1734 5060 monim

414 5082 520 5142 quidque
537 5080 776 5145 EVaempqtd
792 5084 819 5133 et
835 5085 869 5142 Ας
888 5083 1000 5132 orandae
1015 5085 1123 5146 quidque
1139 5083 1241 5146 potuim
1259 5084 1371 5134 ormibae
1387 5086 1627 5147 quidquidea2;
1646 5085 1733 5148 ᾳοιίὸω

413 5155 530 5218 quicquid
546 5156 573 5206 l..
592 5157 630 5206 Dc
648 5157 667 5206 T
683 5156 744 5207 silet
760 5155 916 5208 Harlessius.
929 5182 955 5194 -
975 5157 1015 5209 at.
1033 5159 1073 5208 eit.
1096 5158 1201 5209 Commi
1216 5172 1261 5224 epo
1278 5172 1340 5210 cum
1357 5162 1385 5210 P.
1398 5159 1513 5209 nunnae
1529 5161 1564 5210 0:
1582 5163 1626 5222 ait,
1644 5174 1732 5212 corae·

412 5231 458 5280 nit.
475 5231 528 5294 Epo
545 5229 636 5287 iit&
653 5233 699 5293 ait,
716 5232 822 5294 spectari
837 5233 961 5283 caruerit
978 5247 1023 5300 epo
1039 5235 1067 5285 1..
1082 5260 1109 5270 —
1127 5235 1168 5285 tt.
1185 5247 1237 5288 eor
1251 5235 1375 5288 mutirem
1390 5234 1434 5286 bk
1450 5239 1478 5287 et
1492 5234 1555 5297 A&
1569 5249 1671 5303 porram
1685 5249 1731 5288 eo·

412 5307 511 5358 minare
525 5321 576 5357 nor
591 5308 713 5360 amireo
729 5309 756 5360 L.
