<?xml version="1.0" encoding="UTF-8"?>
<!DOCTYPE html PUBLIC "-//W3C//DTD XHTML 1.0 Transitional//EN"
    "http://www.w3.org/TR/xhtml1/DTD/xhtml1-transitional.dtd">
<html xmlns="http://www.w3.org/1999/xhtml" xml:lang="en" lang="en">
 <head>
  <title>
</title>
<meta http-equiv="Content-Type" content="text/html;charset=utf-8" />
  <meta name='ocr-system' content='tesseract 3.04.00' />
  <meta name='ocr-capabilities' content='ocr_page ocr_carea ocr_par ocr_line ocrx_word'/>
</head>
<body>
  <div class='ocr_page' id='page_1' title='image "./operaquaesupers02halmgoog_0072.png"; bbox 0 0 4367 6109; ppageno 0'>
   <div class='ocr_carea' id='block_1_1' title="bbox 454 565 1483 640">
    <p class='ocr_par' dir='ltr' id='par_1_1' title="bbox 454 565 1483 640">
     <span class='ocr_line' id='line_1_1' title="bbox 454 565 1483 640; baseline -0.002 -7"><span class='ocrx_word' id='word_1_1' title='bbox 454 565 496 633; x_wconf 73' lang='lat'><strong>58</strong></span> <span class='ocrx_word' id='word_1_2' title='bbox 740 567 892 635; x_wconf 73' lang='lat' dir='ltr'><strong>onemo</strong></span> <span class='ocrx_word' id='word_1_3' title='bbox 914 566 992 640; x_wconf 85' lang='lat' dir='ltr'><strong>PRO</strong></span> <span class='ocrx_word' id='word_1_4' title='bbox 1016 566 1106 635; x_wconf 84' lang='lat' dir='ltr'><strong>SllX.</strong></span> <span class='ocrx_word' id='word_1_5' title='bbox 1129 565 1278 633; x_wconf 87' lang='lat' dir='ltr'><strong>ROSCIO</strong></span> <span class='ocrx_word' id='word_1_6' title='bbox 1299 565 1483 634; x_wconf 80' lang='lat' dir='ltr'><strong>anfflnmo</strong></span> 
     </span>
    </p>
   </div>
   <div class='ocr_carea' id='block_1_2' title="bbox 410 733 1775 3460">
    <p class='ocr_par' dir='ltr' id='par_1_2' title="bbox 410 733 1775 3460">
     <span class='ocr_line' id='line_1_2' title="bbox 454 733 1773 822; baseline 0.001 -21"><span class='ocrx_word' id='word_1_7' title='bbox 454 744 550 822; x_wconf 89' lang='lat' dir='ltr'><strong>atque</strong></span> <span class='ocrx_word' id='word_1_8' title='bbox 570 757 736 822; x_wconf 83' lang='lat' dir='ltr'><strong>possessor</strong></span> <span class='ocrx_word' id='word_1_9' title='bbox 756 745 805 802; x_wconf 90' lang='lat' dir='ltr'><strong>est</strong></span> <span class='ocrx_word' id='word_1_10' title='bbox 825 745 858 802; x_wconf 88' lang='lat' dir='ltr'><strong>et</strong></span> <span class='ocrx_word' id='word_1_11' title='bbox 872 757 944 802; x_wconf 88' lang='lat' dir='ltr'><strong>eum</strong></span> <span class='ocrx_word' id='word_1_12' title='bbox 957 737 1119 802; x_wconf 90' lang='lat' dir='ltr'><strong>hominem</strong></span> <span class='ocrx_word' id='word_1_13' title='bbox 1132 735 1341 801; x_wconf 88' lang='lat' dir='ltr'><strong>occidendum</strong></span> <span class='ocrx_word' id='word_1_14' title='bbox 1356 737 1492 814; x_wconf 82' lang='lat' dir='ltr'><strong>curarit,</strong></span> <span class='ocrx_word' id='word_1_15' title='bbox 1515 733 1555 799; x_wconf 90' lang='lat' dir='ltr'><strong>ds</strong></span> <span class='ocrx_word' id='word_1_16' title='bbox 1568 737 1660 801; x_wconf 87' lang='lat' dir='ltr'><strong>euius</strong></span> <span class='ocrx_word' id='word_1_17' title='bbox 1674 745 1773 802; x_wconf 88' lang='lat' dir='ltr'><strong>morte</strong></span> 
     </span>
     <span class='ocr_line' id='line_1_3' title="bbox 454 827 1773 916; baseline 0 -22"><span class='ocrx_word' id='word_1_18' title='bbox 454 833 626 916; x_wconf 86' lang='lat' dir='ltr'><strong>quaeritur.</strong></span> <span class='ocrx_word' id='word_1_19' title='bbox 669 827 741 897; x_wconf 81' lang='grc'><strong>404.</strong></span> <span class='ocrx_word' id='word_1_20' title='bbox 764 831 848 909; x_wconf 85' lang='lat' dir='ltr'><strong>Quid</strong></span> <span class='ocrx_word' id='word_1_21' title='bbox 870 839 923 907; x_wconf 92' lang='lat' dir='ltr'><strong>tu,</strong></span> <span class='ocrx_word' id='word_1_22' title='bbox 943 834 991 896; x_wconf 90' lang='lat' dir='ltr'><strong>vir</strong></span> <span class='ocrx_word' id='word_1_23' title='bbox 1012 832 1152 915; x_wconf 76' lang='lat' dir='ltr'><strong>optime?</strong></span> <span class='ocrx_word' id='word_1_24' title='bbox 1182 828 1298 916; x_wconf 78' lang='lat' dir='ltr'>ecquid</span> <span class='ocrx_word' id='word_1_25' title='bbox 1317 830 1433 906; x_wconf 87' lang='lat' dir='ltr'><strong>hahes,</strong></span> <span class='ocrx_word' id='word_1_26' title='bbox 1456 829 1543 914; x_wconf 91' lang='lat' dir='ltr'><strong>quod</strong></span> <span class='ocrx_word' id='word_1_27' title='bbox 1565 829 1674 894; x_wconf 78' lang='grc'><strong>444444</strong></span> <span class='ocrx_word' id='word_1_28' title='bbox 1697 830 1773 894; x_wconf 90' lang='lat' dir='ltr'><strong>mihi</strong></span> 
     </span>
     <span class='ocr_line' id='line_1_4' title="bbox 454 924 1773 1010; baseline -0.001 -21"><span class='ocrx_word' id='word_1_29' title='bbox 454 927 614 990; x_wconf 84' lang='lat' dir='ltr'><strong>ausculta:</strong></span> <span class='ocrx_word' id='word_1_30' title='bbox 642 926 730 1004; x_wconf 91' lang='lat' dir='ltr'><strong>vide,</strong></span> <span class='ocrx_word' id='word_1_31' title='bbox 752 948 794 991; x_wconf 89' lang='lat' dir='ltr'><strong>ne</strong></span> <span class='ocrx_word' id='word_1_32' title='bbox 815 927 872 991; x_wconf 88' lang='lat' dir='ltr'><strong>tihi</strong></span> <span class='ocrx_word' id='word_1_33' title='bbox 894 927 995 1003; x_wconf 72' lang='lat' dir='ltr'><strong>desis:</strong></span> <span class='ocrx_word' id='word_1_34' title='bbox 1024 935 1079 991; x_wconf 89' lang='lat' dir='ltr'><strong>tua</strong></span> <span class='ocrx_word' id='word_1_35' title='bbox 1102 944 1231 1010; x_wconf 92' lang='lat' dir='ltr'><strong>quoque</strong></span> <span class='ocrx_word' id='word_1_36' title='bbox 1253 944 1303 986; x_wconf 90' lang='lat' dir='ltr'><strong>res</strong></span> <span class='ocrx_word' id='word_1_37' title='bbox 1325 943 1498 1008; x_wconf 86' lang='lat' dir='ltr'><strong>permagna</strong></span> <span class='ocrx_word' id='word_1_38' title='bbox 1519 925 1631 1007; x_wconf 86' lang='lat' dir='ltr'><strong>agitur.</strong></span> <span class='ocrx_word' id='word_1_39' title='bbox 1674 924 1773 988; x_wconf 88' lang='lat' dir='ltr'><strong>hlulta</strong></span> 
     </span>
     <span class='ocr_line' id='line_1_5' title="bbox 452 1018 1771 1104; baseline -0.002 -22"><span class='ocrx_word' id='word_1_40' title='bbox 452 1020 620 1097; x_wconf 86' lang='lat' dir='ltr'><strong>scelerate,</strong></span> <span class='ocrx_word' id='word_1_41' title='bbox 652 1022 752 1086; x_wconf 84' lang='lat' dir='ltr'><strong>multa</strong></span> <span class='ocrx_word' id='word_1_42' title='bbox 781 1021 957 1097; x_wconf 83' lang='lat' dir='ltr'>audaciter,</span> <span class='ocrx_word' id='word_1_43' title='bbox 990 1022 1090 1084; x_wconf 90' lang='lat' dir='ltr'><strong>multa</strong></span> <span class='ocrx_word' id='word_1_44' title='bbox 1117 1020 1260 1104; x_wconf 82' lang='lat' dir='ltr'>improbe</span> <span class='ocrx_word' id='word_1_45' title='bbox 1288 1018 1411 1081; x_wconf 77' lang='lat' dir='ltr'><strong>fecisti:</strong></span> <span class='ocrx_word' id='word_1_46' title='bbox 1444 1039 1544 1083; x_wconf 89' lang='lat' dir='ltr'><strong>unum</strong></span> <span class='ocrx_word' id='word_1_47' title='bbox 1572 1018 1771 1103; x_wconf 80' lang='lat' dir='ltr'><strong>stultissime,</strong></span> 
     </span>
     <span class='ocr_line' id='line_1_6' title="bbox 429 1111 1772 1200; baseline -0.001 -23"><span class='ocrx_word' id='word_1_48' title='bbox 429 1114 595 1196; x_wconf 80' lang='lat' dir='ltr'><strong>eprofecto</strong></span> <span class='ocrx_word' id='word_1_49' title='bbox 624 1123 680 1179; x_wconf 92' lang='lat' dir='ltr'><strong>tua</strong></span> <span class='ocrx_word' id='word_1_50' title='bbox 706 1124 836 1200; x_wconf 92' lang='lat' dir='ltr'><strong>sponte,</strong></span> <span class='ocrx_word' id='word_1_51' title='bbox 864 1136 930 1178; x_wconf 90' lang='lat' dir='ltr'><strong>non</strong></span> <span class='ocrx_word' id='word_1_52' title='bbox 960 1115 1001 1178; x_wconf 94' lang='lat' dir='ltr'><strong>de</strong></span> <span class='ocrx_word' id='word_1_53' title='bbox 1027 1115 1134 1178; x_wconf 89' lang='lat' dir='ltr'><strong>Erucii</strong></span> <span class='ocrx_word' id='word_1_54' title='bbox 1156 1113 1327 1178; x_wconf 88' lang='lat' dir='ltr'><strong>sententia:</strong></span> <span class='ocrx_word' id='word_1_55' title='bbox 1360 1113 1441 1178; x_wconf 86' lang='lat' dir='ltr'><strong>nihil</strong></span> <span class='ocrx_word' id='word_1_56' title='bbox 1463 1134 1544 1197; x_wconf 93' lang='lat' dir='ltr'><strong>opus</strong></span> <span class='ocrx_word' id='word_1_57' title='bbox 1565 1112 1627 1177; x_wconf 80' lang='lat' dir='ltr'><strong>fuit</strong></span> <span class='ocrx_word' id='word_1_58' title='bbox 1647 1122 1679 1177; x_wconf 88' lang='lat' dir='ltr'><strong>te</strong></span> <span class='ocrx_word' id='word_1_59' title='bbox 1701 1111 1772 1175; x_wconf 90' lang='lat' dir='ltr'><strong>istic</strong></span> 
     </span>
     <span class='ocr_line' id='line_1_7' title="bbox 452 1207 1772 1292; baseline -0.002 -22"><span class='ocrx_word' id='word_1_60' title='bbox 452 1207 573 1272; x_wconf 88' lang='lat' dir='ltr'><strong>sedere.</strong></span> <span class='ocrx_word' id='word_1_61' title='bbox 614 1211 726 1292; x_wconf 87' lang='lat' dir='ltr'><strong>Neque</strong></span> <span class='ocrx_word' id='word_1_62' title='bbox 748 1211 832 1273; x_wconf 88' lang='lat' dir='ltr'><strong>enim</strong></span> <span class='ocrx_word' id='word_1_63' title='bbox 854 1219 1038 1273; x_wconf 78' lang='lat' dir='ltr'><strong>accusatore</strong></span> <span class='ocrx_word' id='word_1_64' title='bbox 1060 1217 1147 1270; x_wconf 90' lang='lat' dir='ltr'><strong>muto</strong></span> <span class='ocrx_word' id='word_1_65' title='bbox 1175 1228 1279 1292; x_wconf 91' lang='lat' dir='ltr'><strong>neque</strong></span> <span class='ocrx_word' id='word_1_66' title='bbox 1301 1216 1380 1272; x_wconf 90' lang='lat' dir='ltr'><strong>teste</strong></span> <span class='ocrx_word' id='word_1_67' title='bbox 1404 1208 1575 1292; x_wconf 90' lang='lat' dir='ltr'><strong>quisquam</strong></span> <span class='ocrx_word' id='word_1_68' title='bbox 1595 1207 1698 1271; x_wconf 87' lang='lat' dir='ltr'><strong>utitur</strong></span> <span class='ocrx_word' id='word_1_69' title='bbox 1720 1224 1772 1280; x_wconf 90' lang='lat' dir='ltr'><strong>eo,</strong></span> 
     </span>
     <span class='ocr_line' id='line_1_8' title="bbox 452 1299 1772 1386; baseline -0.001 -22"><span class='ocrx_word' id='word_1_70' title='bbox 452 1301 509 1384; x_wconf 91' lang='lat' dir='ltr'><strong>qui</strong></span> <span class='ocrx_word' id='word_1_71' title='bbox 544 1300 583 1365; x_wconf 93' lang='lat' dir='ltr'><strong>de</strong></span> <span class='ocrx_word' id='word_1_72' title='bbox 613 1303 805 1367; x_wconf 86' lang='lat' dir='ltr'><strong>accusatoris</strong></span> <span class='ocrx_word' id='word_1_73' title='bbox 835 1303 987 1366; x_wconf 87' lang='lat' dir='ltr'><strong>subsellio</strong></span> <span class='ocrx_word' id='word_1_74' title='bbox 1017 1303 1127 1384; x_wconf 80' lang='lat' dir='ltr'><strong>surgit</strong></span> <span class='ocrx_word' id='word_1_75' title='bbox 1170 1303 1240 1363; x_wconf 90' lang='lat' dir='ltr'><strong>Huc</strong></span> <span class='ocrx_word' id='word_1_76' title='bbox 1269 1302 1408 1377; x_wconf 90' lang='lat' dir='ltr'><strong>accedit,</strong></span> <span class='ocrx_word' id='word_1_77' title='bbox 1439 1300 1528 1386; x_wconf 93' lang='lat' dir='ltr'><strong>quod</strong></span> <span class='ocrx_word' id='word_1_78' title='bbox 1549 1299 1645 1384; x_wconf 88' lang='lat' dir='ltr'><strong>paulo</strong></span> <span class='ocrx_word' id='word_1_79' title='bbox 1669 1308 1772 1363; x_wconf 84' lang='lat' dir='ltr'><strong>tamen</strong></span> 
     </span>
     <span class='ocr_line' id='line_1_9' title="bbox 422 1393 1772 1480; baseline 0.001 -24"><span class='ocrx_word' id='word_1_80' title='bbox 422 1465 425 1471; x_wconf 43' lang='grc'><em>,</em></span> <span class='ocrx_word' id='word_1_81' title='bbox 451 1395 605 1459; x_wconf 87' lang='lat' dir='ltr'><strong>occultior</strong></span> <span class='ocrx_word' id='word_1_82' title='bbox 625 1403 722 1480; x_wconf 89' lang='lat' dir='ltr'><strong>atquc</strong></span> <span class='ocrx_word' id='word_1_83' title='bbox 744 1397 856 1460; x_wconf 87' lang='lat' dir='ltr'><strong>tectior</strong></span> <span class='ocrx_word' id='word_1_84' title='bbox 877 1406 982 1460; x_wconf 88' lang='lat' dir='ltr'><strong>vestra</strong></span> <span class='ocrx_word' id='word_1_85' title='bbox 1002 1396 1064 1459; x_wconf 91' lang='lat' dir='ltr'><strong>ista</strong></span> <span class='ocrx_word' id='word_1_86' title='bbox 1085 1397 1241 1479; x_wconf 75' lang='lat' dir='ltr'><strong>cupiditas</strong></span> <span class='ocrx_word' id='word_1_87' title='bbox 1264 1405 1356 1460; x_wconf 89' lang='lat' dir='ltr'><strong>esset.</strong></span> <span class='ocrx_word' id='word_1_88' title='bbox 1398 1399 1490 1460; x_wconf 90' lang='lat' dir='ltr'><strong>Nunc</strong></span> <span class='ocrx_word' id='word_1_89' title='bbox 1513 1393 1664 1480; x_wconf 91' lang='lat' dir='ltr'><strong>quidest</strong></span> <span class='ocrx_word' id='word_1_90' title='bbox 1686 1393 1772 1477; x_wconf 89' lang='lat' dir='ltr'><strong>quod</strong></span> 
     </span>
     <span class='ocr_line' id='line_1_10' title="bbox 452 1488 1771 1574; baseline -0.001 -23"><span class='ocrx_word' id='word_1_91' title='bbox 452 1489 621 1572; x_wconf 89' lang='lat' dir='ltr'><strong>quisquam</strong></span> <span class='ocrx_word' id='word_1_92' title='bbox 649 1510 691 1553; x_wconf 94' lang='lat' dir='ltr'><strong>ex</strong></span> <span class='ocrx_word' id='word_1_93' title='bbox 712 1490 802 1554; x_wconf 91' lang='lat' dir='ltr'><strong>vobis</strong></span> <span class='ocrx_word' id='word_1_94' title='bbox 823 1490 934 1555; x_wconf 84' lang='lat' dir='ltr'><strong>audire</strong></span> <span class='ocrx_word' id='word_1_95' title='bbox 962 1490 1138 1567; x_wconf 86' lang='lat' dir='ltr'><strong>desideret,</strong></span> <span class='ocrx_word' id='word_1_96' title='bbox 1169 1511 1242 1554; x_wconf 87' lang='lat' dir='ltr'><strong>cum</strong></span> <span class='ocrx_word' id='word_1_97' title='bbox 1270 1511 1351 1574; x_wconf 91' lang='lat' dir='ltr'><strong>quae</strong></span> <span class='ocrx_word' id='word_1_98' title='bbox 1379 1490 1484 1555; x_wconf 77' lang='lat' dir='ltr'><strong>facitis</strong></span> <span class='ocrx_word' id='word_1_99' title='bbox 1512 1488 1671 1554; x_wconf 90' lang='lat' dir='ltr'><strong>eiusmodi</strong></span> <span class='ocrx_word' id='word_1_100' title='bbox 1700 1489 1771 1563; x_wconf 92' lang='lat' dir='ltr'><strong>siut,</strong></span> 
     </span>
     <span class='ocr_line' id='line_1_11' title="bbox 413 1582 1770 1668; baseline -0.004 -20"><span class='ocrx_word' id='word_1_101' title='bbox 413 1601 442 1650; x_wconf 83' lang='grc'><strong>44</strong></span> <span class='ocrx_word' id='word_1_102' title='bbox 451 1589 487 1645; x_wconf 86' lang='lat' dir='ltr'><strong>ut</strong></span> <span class='ocrx_word' id='word_1_103' title='bbox 518 1601 556 1645; x_wconf 91' lang='lat' dir='ltr'><strong>ea</strong></span> <span class='ocrx_word' id='word_1_104' title='bbox 586 1582 694 1647; x_wconf 86' lang='lat' dir='ltr'><strong>dedita</strong></span> <span class='ocrx_word' id='word_1_105' title='bbox 725 1603 822 1668; x_wconf 88' lang='lat' dir='ltr'><strong>opera</strong></span> <span class='ocrx_word' id='word_1_106' title='bbox 854 1604 873 1646; x_wconf 92' lang='lat' dir='ltr'><strong>a</strong></span> <span class='ocrx_word' id='word_1_107' title='bbox 901 1584 993 1648; x_wconf 91' lang='lat' dir='ltr'><strong>nohis</strong></span> <span class='ocrx_word' id='word_1_108' title='bbox 1026 1595 1136 1648; x_wconf 85' lang='lat' dir='ltr'><strong>eontra</strong></span> <span class='ocrx_word' id='word_1_109' title='bbox 1166 1594 1289 1648; x_wconf 88' lang='lat' dir='ltr'><strong>vosmet</strong></span> <span class='ocrx_word' id='word_1_110' title='bbox 1323 1586 1411 1668; x_wconf 91' lang='lat' dir='ltr'><strong>ipsos</strong></span> <span class='ocrx_word' id='word_1_111' title='bbox 1442 1584 1546 1648; x_wconf 85' lang='lat' dir='ltr'><strong>facere</strong></span> <span class='ocrx_word' id='word_1_112' title='bbox 1578 1582 1770 1646; x_wconf 67' lang='lat' dir='ltr'><strong>videamini?</strong></span> 
     </span>
     <span class='ocr_line' id='line_1_12' title="bbox 449 1670 1688 1761; baseline 0.001 -23"><span class='ocrx_word' id='word_1_113' title='bbox 449 1670 521 1741; x_wconf 80' lang='grc'><strong>405.</strong></span> <span class='ocrx_word' id='word_1_114' title='bbox 543 1677 608 1760; x_wconf 79' lang='lat' dir='ltr'><strong>Age</strong></span> <span class='ocrx_word' id='word_1_115' title='bbox 630 1698 715 1741; x_wconf 90' lang='lat' dir='ltr'><strong>nunc</strong></span> <span class='ocrx_word' id='word_1_116' title='bbox 736 1679 792 1742; x_wconf 91' lang='lat' dir='ltr'><strong>illa</strong></span> <span class='ocrx_word' id='word_1_117' title='bbox 812 1678 995 1753; x_wconf 87' lang='lat' dir='ltr'><strong>videamus,</strong></span> <span class='ocrx_word' id='word_1_118' title='bbox 1017 1676 1157 1753; x_wconf 91' lang='lat' dir='ltr'><strong>iudices,</strong></span> <span class='ocrx_word' id='word_1_119' title='bbox 1181 1697 1263 1761; x_wconf 92' lang='lat' dir='ltr'><strong>quae</strong></span> <span class='ocrx_word' id='word_1_120' title='bbox 1286 1678 1391 1741; x_wconf 88' lang='lat' dir='ltr'><strong>statim</strong></span> <span class='ocrx_word' id='word_1_121' title='bbox 1412 1686 1583 1742; x_wconf 88' lang='lat' dir='ltr'><strong>consecuta</strong></span> <span class='ocrx_word' id='word_1_122' title='bbox 1604 1684 1688 1740; x_wconf 84' lang='lat' dir='ltr'><strong>sunt</strong></span> 
     </span>
     <span class='ocr_line' id='line_1_13' title="bbox 533 1770 1772 1855; baseline 0 -23"><span class='ocrx_word' id='word_1_123' title='bbox 533 1770 693 1835; x_wconf 85' lang='lat' dir='ltr'><strong>XXXVII.</strong></span> <span class='ocrx_word' id='word_1_124' title='bbox 721 1773 770 1836; x_wconf 80' lang='lat' dir='ltr'><strong>hd</strong></span> <span class='ocrx_word' id='word_1_125' title='bbox 793 1773 973 1837; x_wconf 88' lang='lat' dir='ltr'><strong>Volaterras</strong></span> <span class='ocrx_word' id='word_1_126' title='bbox 995 1773 1029 1837; x_wconf 93' lang='lat' dir='ltr'><strong>in</strong></span> <span class='ocrx_word' id='word_1_127' title='bbox 1051 1779 1154 1836; x_wconf 87' lang='lat' dir='ltr'><strong>eastra</strong></span> <span class='ocrx_word' id='word_1_128' title='bbox 1175 1774 1210 1835; x_wconf 92' lang='lat' dir='ltr'><strong>L.</strong></span> <span class='ocrx_word' id='word_1_129' title='bbox 1234 1772 1341 1836; x_wconf 88' lang='lat' dir='ltr'><strong>Sullae</strong></span> <span class='ocrx_word' id='word_1_130' title='bbox 1363 1791 1447 1834; x_wconf 92' lang='lat' dir='ltr'><strong>mors</strong></span> <span class='ocrx_word' id='word_1_131' title='bbox 1470 1773 1543 1836; x_wconf 86' lang='lat' dir='ltr'><strong>Sex.</strong></span> <span class='ocrx_word' id='word_1_132' title='bbox 1565 1770 1673 1835; x_wconf 91' lang='lat' dir='ltr'><strong>Roscii</strong></span> <span class='ocrx_word' id='word_1_133' title='bbox 1694 1789 1772 1855; x_wconf 85' lang='lat' dir='ltr'><strong>qna·</strong></span> 
     </span>
     <span class='ocr_line' id='line_1_14' title="bbox 450 1862 1771 1950; baseline 0.001 -25"><span class='ocrx_word' id='word_1_134' title='bbox 450 1862 580 1940; x_wconf 92' lang='lat' dir='ltr'><strong>driduo,</strong></span> <span class='ocrx_word' id='word_1_135' title='bbox 603 1886 667 1949; x_wconf 95' lang='lat' dir='ltr'><strong>quo</strong></span> <span class='ocrx_word' id='word_1_136' title='bbox 682 1866 710 1930; x_wconf 93' lang='lat' dir='ltr'><strong>is</strong></span> <span class='ocrx_word' id='word_1_137' title='bbox 729 1868 852 1931; x_wconf 91' lang='lat' dir='ltr'><strong>occisus</strong></span> <span class='ocrx_word' id='word_1_138' title='bbox 867 1875 930 1941; x_wconf 88' lang='lat' dir='ltr'><strong>est,</strong></span> <span class='ocrx_word' id='word_1_139' title='bbox 954 1866 1159 1950; x_wconf 81' lang='lat' dir='ltr'><strong>Chrysogono</strong></span> <span class='ocrx_word' id='word_1_140' title='bbox 1174 1868 1347 1930; x_wconf 88' lang='lat' dir='ltr'><strong>nuntiatur.</strong></span> <span class='ocrx_word' id='word_1_141' title='bbox 1382 1866 1552 1942; x_wconf 82' lang='lat' dir='ltr'><strong>Quaeritur</strong></span> <span class='ocrx_word' id='word_1_142' title='bbox 1566 1865 1663 1929; x_wconf 89' lang='lat' dir='ltr'><strong>etiam</strong></span> <span class='ocrx_word' id='word_1_143' title='bbox 1677 1882 1771 1938; x_wconf 89' lang='lat' dir='ltr'><strong>nunc,</strong></span> 
     </span>
     <span class='ocr_line' id='line_1_15' title="bbox 451 1959 1772 2046; baseline 0.002 -27"><span class='ocrx_word' id='word_1_144' title='bbox 451 1959 522 2041; x_wconf 90' lang='lat' dir='ltr'><strong>quis</strong></span> <span class='ocrx_word' id='word_1_145' title='bbox 544 1979 618 2023; x_wconf 91' lang='lat' dir='ltr'><strong>eum</strong></span> <span class='ocrx_word' id='word_1_146' title='bbox 639 1962 784 2024; x_wconf 91' lang='lat' dir='ltr'><strong>nuntium</strong></span> <span class='ocrx_word' id='word_1_147' title='bbox 805 1961 949 2025; x_wconf 78' lang='lat' dir='ltr'><strong>miseriti</strong></span> <span class='ocrx_word' id='word_1_148' title='bbox 992 1963 1104 2024; x_wconf 87' lang='lat' dir='ltr'><strong>Nonne</strong></span> <span class='ocrx_word' id='word_1_149' title='bbox 1126 1961 1329 2046; x_wconf 91' lang='lat' dir='ltr'><strong>perspicuum</strong></span> <span class='ocrx_word' id='word_1_150' title='bbox 1352 1970 1400 2025; x_wconf 89' lang='lat' dir='ltr'><strong>est</strong></span> <span class='ocrx_word' id='word_1_151' title='bbox 1420 1960 1573 2035; x_wconf 87' lang='lat' dir='ltr'><strong>eundem,</strong></span> <span class='ocrx_word' id='word_1_152' title='bbox 1590 1959 1658 2043; x_wconf 84' lang='lat' dir='ltr'><strong>¹qui</strong></span> <span class='ocrx_word' id='word_1_153' title='bbox 1679 1960 1772 2021; x_wconf 79' lang='lat' dir='ltr'><strong>Ame-</strong></span> 
     </span>
     <span class='ocr_line' id='line_1_16' title="bbox 412 2050 1773 2140; baseline -0.004 -21"><span class='ocrx_word' id='word_1_154' title='bbox 412 2050 550 2119; x_wconf 75' lang='lat' dir='ltr'><strong>seriam?</strong></span> <span class='ocrx_word' id='word_1_155' title='bbox 583 2054 679 2119; x_wconf 88' lang='lat' dir='ltr'><strong>Curat</strong></span> <span class='ocrx_word' id='word_1_156' title='bbox 702 2055 941 2140; x_wconf 77' lang='lat' dir='ltr'><strong>Chrysogonus,</strong></span> <span class='ocrx_word' id='word_1_157' title='bbox 965 2063 999 2118; x_wconf 87' lang='lat' dir='ltr'><strong>ut</strong></span> <span class='ocrx_word' id='word_1_158' title='bbox 1020 2056 1089 2120; x_wconf 92' lang='lat' dir='ltr'><strong>eius</strong></span> <span class='ocrx_word' id='word_1_159' title='bbox 1112 2057 1196 2120; x_wconf 92' lang='lat' dir='ltr'><strong>hona</strong></span> <span class='ocrx_word' id='word_1_160' title='bbox 1217 2064 1354 2120; x_wconf 90' lang='lat' dir='ltr'><strong>veneant</strong></span> <span class='ocrx_word' id='word_1_161' title='bbox 1373 2059 1494 2130; x_wconf 91' lang='lat' dir='ltr'><strong>statim,</strong></span> <span class='ocrx_word' id='word_1_162' title='bbox 1516 2056 1572 2139; x_wconf 93' lang='lat' dir='ltr'><strong>qui</strong></span> <span class='ocrx_word' id='word_1_163' title='bbox 1593 2075 1658 2119; x_wconf 94' lang='lat' dir='ltr'><strong>non</strong></span> <span class='ocrx_word' id='word_1_164' title='bbox 1681 2059 1773 2117; x_wconf 89' lang='lat' dir='ltr'><strong>norat</strong></span> 
     </span>
     <span class='ocr_line' id='line_1_17' title="bbox 448 2145 1772 2233; baseline -0.001 -24"><span class='ocrx_word' id='word_1_165' title='bbox 448 2145 610 2212; x_wconf 89' lang='lat' dir='ltr'><strong>hominem</strong></span> <span class='ocrx_word' id='word_1_166' title='bbox 641 2157 697 2214; x_wconf 90' lang='lat' dir='ltr'><strong>aut</strong></span> <span class='ocrx_word' id='word_1_167' title='bbox 724 2169 801 2212; x_wconf 87' lang='lat' dir='ltr'><strong>rem.</strong></span> <span class='ocrx_word' id='word_1_168' title='bbox 842 2150 884 2212; x_wconf 77' lang='lat' dir='ltr'><strong>At</strong></span> <span class='ocrx_word' id='word_1_169' title='bbox 916 2149 971 2233; x_wconf 92' lang='lat' dir='ltr'><strong>qui</strong></span> <span class='ocrx_word' id='word_1_170' title='bbox 1000 2151 1029 2212; x_wconf 96' lang='lat' dir='ltr'><strong>ei</strong></span> <span class='ocrx_word' id='word_1_171' title='bbox 1058 2152 1202 2214; x_wconf 89' lang='lat' dir='ltr'><strong>venitin</strong></span> <span class='ocrx_word' id='word_1_172' title='bbox 1231 2158 1369 2214; x_wconf 89' lang='lat' dir='ltr'><strong>mentem</strong></span> <span class='ocrx_word' id='word_1_173' title='bbox 1394 2148 1525 2233; x_wconf 86' lang='lat' dir='ltr'><strong>praedia</strong></span> <span class='ocrx_word' id='word_1_174' title='bbox 1545 2149 1772 2231; x_wconf 85' lang='lat' dir='ltr'><strong>concupiscere</strong></span> 
     </span>
     <span class='ocr_line' id='line_1_18' title="bbox 448 2237 1773 2328; baseline -0.001 -27"><span class='ocrx_word' id='word_1_175' title='bbox 448 2238 586 2303; x_wconf 90' lang='lat' dir='ltr'><strong>hominis</strong></span> <span class='ocrx_word' id='word_1_176' title='bbox 608 2242 724 2325; x_wconf 88' lang='lat' dir='ltr'><strong>ignoti,</strong></span> <span class='ocrx_word' id='word_1_177' title='bbox 756 2262 850 2327; x_wconf 90' lang='lat' dir='ltr'><strong>quem</strong></span> <span class='ocrx_word' id='word_1_178' title='bbox 873 2244 1002 2306; x_wconf 92' lang='lat' dir='ltr'><strong>omnino</strong></span> <span class='ocrx_word' id='word_1_179' title='bbox 1024 2263 1198 2328; x_wconf 90' lang='lat' dir='ltr'><strong>numquam</strong></span> <span class='ocrx_word' id='word_1_180' title='bbox 1220 2243 1362 2306; x_wconf 73' lang='lat' dir='ltr'><strong>viderat?</strong></span> <span class='ocrx_word' id='word_1_181' title='bbox 1398 2243 1531 2317; x_wconf 88' lang='lat' dir='ltr'><strong>Soletis,</strong></span> <span class='ocrx_word' id='word_1_182' title='bbox 1554 2262 1626 2306; x_wconf 92' lang='lat' dir='ltr'><strong>curn</strong></span> <span class='ocrx_word' id='word_1_183' title='bbox 1649 2237 1773 2324; x_wconf 88' lang='lat' dir='ltr'><strong>aliquid</strong></span> 
     </span>
     <span class='ocr_line' id='line_1_19' title="bbox 448 2333 1773 2419; baseline -0.005 -19"><span class='ocrx_word' id='word_1_184' title='bbox 448 2333 668 2400; x_wconf 89' lang='lat' dir='ltr'><strong>huiuscemodi</strong></span> <span class='ocrx_word' id='word_1_185' title='bbox 690 2336 823 2411; x_wconf 88' lang='lat' dir='ltr'><strong>auditis,</strong></span> <span class='ocrx_word' id='word_1_186' title='bbox 854 2337 993 2412; x_wconf 89' lang='lat' dir='ltr'><strong>iudices,</strong></span> <span class='ocrx_word' id='word_1_187' title='bbox 1015 2339 1166 2401; x_wconf 90' lang='lat' dir='ltr'><strong>continno</strong></span> <span class='ocrx_word' id='word_1_188' title='bbox 1190 2336 1313 2400; x_wconf 88' lang='lat' dir='ltr'><strong>dicere:</strong></span> <span class='ocrx_word' id='word_1_189' title='bbox 1342 2357 1471 2401; x_wconf 88' lang='lat' dir='ltr'><strong>necesse</strong></span> <span class='ocrx_word' id='word_1_190' title='bbox 1494 2345 1542 2401; x_wconf 90' lang='lat' dir='ltr'><strong>est</strong></span> <span class='ocrx_word' id='word_1_191' title='bbox 1563 2336 1703 2419; x_wconf 83' lang='lat' dir='ltr'><strong>aliquem</strong></span> <span class='ocrx_word' id='word_1_192' title='bbox 1725 2333 1773 2395; x_wconf 92' lang='lat' dir='ltr'><strong>di·</strong></span> 
     </span>
     <span class='ocr_line' id='line_1_20' title="bbox 448 2430 1773 2515; baseline 0 -21"><span class='ocrx_word' id='word_1_193' title='bbox 448 2431 534 2494; x_wconf 86' lang='lat' dir='ltr'><strong>xisse</strong></span> <span class='ocrx_word' id='word_1_194' title='bbox 556 2432 747 2514; x_wconf 86' lang='lat' dir='ltr'><strong>municipem</strong></span> <span class='ocrx_word' id='word_1_195' title='bbox 769 2439 825 2494; x_wconf 86' lang='lat' dir='ltr'><strong>aut</strong></span> <span class='ocrx_word' id='word_1_196' title='bbox 844 2431 1000 2508; x_wconf 74' lang='lat' dir='ltr'><strong>vicinum:</strong></span> <span class='ocrx_word' id='word_1_197' title='bbox 1029 2431 1052 2493; x_wconf 90' lang='lat' dir='ltr'><strong>ii</strong></span> <span class='ocrx_word' id='word_1_198' title='bbox 1074 2430 1262 2515; x_wconf 90' lang='lat' dir='ltr'><strong>plerumque</strong></span> <span class='ocrx_word' id='word_1_199' title='bbox 1284 2431 1442 2507; x_wconf 92' lang='lat' dir='ltr'><strong>indicant,</strong></span> <span class='ocrx_word' id='word_1_200' title='bbox 1470 2451 1528 2514; x_wconf 89' lang='lat' dir='ltr'><strong>per</strong></span> <span class='ocrx_word' id='word_1_201' title='bbox 1549 2451 1605 2495; x_wconf 89' lang='lat' dir='ltr'><strong>eos</strong></span> <span class='ocrx_word' id='word_1_202' title='bbox 1627 2430 1773 2515; x_wconf 87' lang='lat' dir='ltr'><strong>plerique</strong></span> 
     </span>
     <span class='ocr_line' id='line_1_21' title="bbox 410 2520 1773 2610; baseline -0.004 -20"><span class='ocrx_word' id='word_1_203' title='bbox 410 2525 635 2610; x_wconf 82' lang='lat' dir='ltr'><strong>soproduntur.</strong></span> <span class='ocrx_word' id='word_1_204' title='bbox 680 2520 750 2587; x_wconf 85' lang='grc'><strong>400.</strong></span> <span class='ocrx_word' id='word_1_205' title='bbox 780 2525 840 2588; x_wconf 83' lang='grc'><strong>4444</strong></span> <span class='ocrx_word' id='word_1_206' title='bbox 863 2524 942 2587; x_wconf 92' lang='lat' dir='ltr'><strong>nihil</strong></span> <span class='ocrx_word' id='word_1_207' title='bbox 965 2533 1029 2601; x_wconf 92' lang='lat' dir='ltr'><strong>est,</strong></span> <span class='ocrx_word' id='word_1_208' title='bbox 1059 2524 1145 2609; x_wconf 91' lang='lat' dir='ltr'><strong>quod</strong></span> <span class='ocrx_word' id='word_1_209' title='bbox 1168 2525 1191 2605; x_wconf 84' lang='lat'><em>†</em></span> <span class='ocrx_word' id='word_1_210' title='bbox 1213 2527 1428 2610; x_wconf 88' lang='lat' dir='ltr'><strong>suspicionem</strong></span> <span class='ocrx_word' id='word_1_211' title='bbox 1448 2525 1511 2589; x_wconf 87' lang='lat' dir='ltr'><strong>hoe</strong></span> <span class='ocrx_word' id='word_1_212' title='bbox 1532 2525 1660 2608; x_wconf 86' lang='lat' dir='ltr'><strong>putetis.</strong></span> <span class='ocrx_word' id='word_1_213' title='bbox 1701 2524 1773 2585; x_wconf 89' lang='lat' dir='ltr'><strong>Non</strong></span> 
     </span>
     <span class='ocr_line' id='line_1_22' title="bbox 450 2618 1775 2702; baseline -0.002 -18"><span class='ocrx_word' id='word_1_214' title='bbox 450 2619 533 2684; x_wconf 92' lang='lat' dir='ltr'><strong>enim</strong></span> <span class='ocrx_word' id='word_1_215' title='bbox 562 2637 620 2700; x_wconf 88' lang='lat' dir='ltr'><strong>ego</strong></span> <span class='ocrx_word' id='word_1_216' title='bbox 649 2619 693 2682; x_wconf 92' lang='lat' dir='ltr'><strong>ita</strong></span> <span class='ocrx_word' id='word_1_217' title='bbox 721 2618 906 2702; x_wconf 81' lang='lat' dir='ltr'><strong>disputabo:</strong></span> <span class='ocrx_word' id='word_1_218' title='bbox 936 2618 1126 2682; x_wconf 86' lang='lat' dir='ltr'><strong>verisimile</strong></span> <span class='ocrx_word' id='word_1_219' title='bbox 1149 2629 1197 2683; x_wconf 89' lang='lat' dir='ltr'><strong>est</strong></span> <span class='ocrx_word' id='word_1_220' title='bbox 1218 2620 1348 2684; x_wconf 86' lang='lat' dir='ltr'><strong>Roscios</strong></span> <span class='ocrx_word' id='word_1_221' title='bbox 1371 2621 1464 2683; x_wconf 89' lang='lat' dir='ltr'><strong>istam</strong></span> <span class='ocrx_word' id='word_1_222' title='bbox 1484 2640 1551 2683; x_wconf 90' lang='lat' dir='ltr'><strong>rem</strong></span> <span class='ocrx_word' id='word_1_223' title='bbox 1574 2618 1614 2682; x_wconf 88' lang='lat' dir='ltr'><strong>ad</strong></span> <span class='ocrx_word' id='word_1_224' title='bbox 1638 2618 1775 2702; x_wconf 85' lang='lat' dir='ltr'><strong>Chryso-</strong></span> 
     </span>
     <span class='ocr_line' id='line_1_23' title="bbox 450 2711 1773 2797; baseline -0.002 -21"><span class='ocrx_word' id='word_1_225' title='bbox 450 2733 566 2796; x_wconf 88' lang='lat' dir='ltr'><strong>gonum</strong></span> <span class='ocrx_word' id='word_1_226' title='bbox 596 2711 767 2788; x_wconf 88' lang='lat' dir='ltr'><strong>detulisse;</strong></span> <span class='ocrx_word' id='word_1_227' title='bbox 796 2720 864 2775; x_wconf 87' lang='lat' dir='ltr'><strong>erat</strong></span> <span class='ocrx_word' id='word_1_228' title='bbox 893 2712 976 2775; x_wconf 92' lang='lat' dir='ltr'><strong>euim</strong></span> <span class='ocrx_word' id='word_1_229' title='bbox 1005 2713 1049 2775; x_wconf 91' lang='lat' dir='ltr'><strong>eis</strong></span> <span class='ocrx_word' id='word_1_230' title='bbox 1078 2733 1151 2776; x_wconf 89' lang='lat' dir='ltr'><strong>curn</strong></span> <span class='ocrx_word' id='word_1_231' title='bbox 1181 2711 1385 2797; x_wconf 81' lang='lat' dir='ltr'><strong>Chrysogono</strong></span> <span class='ocrx_word' id='word_1_232' title='bbox 1414 2715 1476 2777; x_wconf 90' lang='lat' dir='ltr'><strong>iam</strong></span> <span class='ocrx_word' id='word_1_233' title='bbox 1503 2723 1597 2777; x_wconf 85' lang='lat' dir='ltr'><strong>antea</strong></span> <span class='ocrx_word' id='word_1_234' title='bbox 1617 2713 1773 2789; x_wconf 73' lang='lat' dir='ltr'><strong>amicitia:</strong></span> 
     </span>
     <span class='ocr_line' id='line_1_24' title="bbox 449 2805 1774 2892; baseline -0.002 -20"><span class='ocrx_word' id='word_1_235' title='bbox 449 2827 523 2872; x_wconf 90' lang='lat' dir='ltr'><strong>narn</strong></span> <span class='ocrx_word' id='word_1_236' title='bbox 544 2827 616 2870; x_wconf 89' lang='lat' dir='ltr'><strong>cum</strong></span> <span class='ocrx_word' id='word_1_237' title='bbox 638 2805 755 2869; x_wconf 90' lang='lat' dir='ltr'><strong>multos</strong></span> <span class='ocrx_word' id='word_1_238' title='bbox 776 2813 899 2870; x_wconf 89' lang='lat' dir='ltr'><strong>veteres</strong></span> <span class='ocrx_word' id='word_1_239' title='bbox 921 2825 940 2867; x_wconf 91' lang='lat' dir='ltr'><strong>a</strong></span> <span class='ocrx_word' id='word_1_240' title='bbox 962 2806 1134 2870; x_wconf 87' lang='lat' dir='ltr'><strong>maioribus</strong></span> <span class='ocrx_word' id='word_1_241' title='bbox 1152 2807 1258 2870; x_wconf 86' lang='lat' dir='ltr'><strong>Roscii</strong></span> <span class='ocrx_word' id='word_1_242' title='bbox 1280 2817 1430 2891; x_wconf 88' lang='lat' dir='ltr'><strong>patronos</strong></span> <span class='ocrx_word' id='word_1_243' title='bbox 1452 2808 1660 2892; x_wconf 85' lang='lat' dir='ltr'><strong>hospitesque</strong></span> <span class='ocrx_word' id='word_1_244' title='bbox 1676 2806 1774 2871; x_wconf 88' lang='lat' dir='ltr'><strong>hahe-</strong></span> 
     </span>
     <span class='ocr_line' id='line_1_25' title="bbox 449 2900 1772 2985; baseline 0.002 -22"><span class='ocrx_word' id='word_1_245' title='bbox 449 2909 534 2974; x_wconf 89' lang='lat' dir='ltr'><strong>rent,</strong></span> <span class='ocrx_word' id='word_1_246' title='bbox 557 2918 666 2963; x_wconf 91' lang='lat' dir='ltr'><strong>omnes</strong></span> <span class='ocrx_word' id='word_1_247' title='bbox 688 2919 744 2965; x_wconf 88' lang='lat' dir='ltr'><strong>eos</strong></span> <span class='ocrx_word' id='word_1_248' title='bbox 766 2900 870 2963; x_wconf 89' lang='lat' dir='ltr'><strong>colere</strong></span> <span class='ocrx_word' id='word_1_249' title='bbox 893 2906 989 2983; x_wconf 89' lang='lat' dir='ltr'><strong>alque</strong></span> <span class='ocrx_word' id='word_1_250' title='bbox 1012 2901 1178 2965; x_wconf 90' lang='lat' dir='ltr'><strong>ohservare</strong></span> <span class='ocrx_word' id='word_1_251' title='bbox 1201 2901 1390 2965; x_wconf 89' lang='lat' dir='ltr'><strong>destiterunt</strong></span> <span class='ocrx_word' id='word_1_252' title='bbox 1412 2922 1448 2965; x_wconf 92' lang='lat' dir='ltr'><strong>ac</strong></span> <span class='ocrx_word' id='word_1_253' title='bbox 1471 2921 1505 2965; x_wconf 92' lang='lat' dir='ltr'><strong>se</strong></span> <span class='ocrx_word' id='word_1_254' title='bbox 1525 2902 1559 2964; x_wconf 92' lang='lat' dir='ltr'><strong>in</strong></span> <span class='ocrx_word' id='word_1_255' title='bbox 1575 2901 1772 2985; x_wconf 86' lang='lat' dir='ltr'><strong>Chrysogoni</strong></span> 
     </span>
     <span class='ocr_line' id='line_1_26' title="bbox 412 2989 1770 3078; baseline -0.003 -15"><span class='ocrx_word' id='word_1_256' title='bbox 412 2992 542 3064; x_wconf 80' lang='grc'><strong>44044444</strong></span> <span class='ocrx_word' id='word_1_257' title='bbox 565 3001 597 3057; x_wconf 84' lang='grc'><strong>44</strong></span> <span class='ocrx_word' id='word_1_258' title='bbox 617 2994 796 3059; x_wconf 87' lang='lat' dir='ltr'><strong>clientelam</strong></span> <span class='ocrx_word' id='word_1_259' title='bbox 818 2995 1029 3060; x_wconf 83' lang='lat' dir='ltr'><strong>coutulerunt</strong></span> <span class='ocrx_word' id='word_1_260' title='bbox 1073 2989 1145 3057; x_wconf 88' lang='grc'><strong>407.</strong></span> <span class='ocrx_word' id='word_1_261' title='bbox 1167 2995 1253 3058; x_wconf 87' lang='lat' dir='ltr'><strong>ilaec</strong></span> <span class='ocrx_word' id='word_1_262' title='bbox 1275 3015 1405 3078; x_wconf 88' lang='lat' dir='ltr'><strong>possum</strong></span> <span class='ocrx_word' id='word_1_263' title='bbox 1426 2996 1534 3059; x_wconf 91' lang='lat' dir='ltr'><strong>omnia</strong></span> <span class='ocrx_word' id='word_1_264' title='bbox 1553 3014 1627 3058; x_wconf 88' lang='lat' dir='ltr'><strong>vere</strong></span> <span class='ocrx_word' id='word_1_265' title='bbox 1650 2992 1770 3059; x_wconf 88' lang='lat' dir='ltr'><strong>dicere:</strong></span> 
     </span>
     <span class='ocr_line' id='line_1_27' title="bbox 450 3087 1771 3173; baseline -0.002 -17"><span class='ocrx_word' id='word_1_266' title='bbox 450 3089 506 3156; x_wconf 91' lang='lat' dir='ltr'><strong>sed</strong></span> <span class='ocrx_word' id='word_1_267' title='bbox 535 3089 569 3151; x_wconf 89' lang='lat' dir='ltr'><strong>in</strong></span> <span class='ocrx_word' id='word_1_268' title='bbox 596 3089 656 3153; x_wconf 92' lang='lat' dir='ltr'><strong>hac</strong></span> <span class='ocrx_word' id='word_1_269' title='bbox 685 3108 781 3152; x_wconf 87' lang='lat' dir='ltr'><strong>eausa</strong></span> <span class='ocrx_word' id='word_1_270' title='bbox 811 3090 992 3152; x_wconf 87' lang='lat' dir='ltr'><strong>coniectura</strong></span> <span class='ocrx_word' id='word_1_271' title='bbox 1017 3087 1097 3152; x_wconf 91' lang='lat' dir='ltr'><strong>nihil</strong></span> <span class='ocrx_word' id='word_1_272' title='bbox 1119 3107 1199 3171; x_wconf 91' lang='lat' dir='ltr'><strong>opus</strong></span> <span class='ocrx_word' id='word_1_273' title='bbox 1222 3100 1278 3154; x_wconf 83' lang='lat' dir='ltr'><strong>est</strong></span> <span class='ocrx_word' id='word_1_274' title='bbox 1321 3092 1412 3173; x_wconf 91' lang='lat' dir='ltr'><strong>lpsos</strong></span> <span class='ocrx_word' id='word_1_275' title='bbox 1434 3098 1520 3155; x_wconf 91' lang='lat' dir='ltr'><strong>certo</strong></span> <span class='ocrx_word' id='word_1_276' title='bbox 1542 3092 1607 3154; x_wconf 88' lang='lat' dir='ltr'><strong>seio</strong></span> <span class='ocrx_word' id='word_1_277' title='bbox 1629 3110 1695 3154; x_wconf 93' lang='lat' dir='ltr'><strong>non</strong></span> <span class='ocrx_word' id='word_1_278' title='bbox 1715 3111 1771 3154; x_wconf 91' lang='lat' dir='ltr'><strong>ne·</strong></span> 
     </span>
     <span class='ocr_line' id='line_1_28' title="bbox 450 3182 1771 3269; baseline 0 -22"><span class='ocrx_word' id='word_1_279' title='bbox 450 3204 540 3269; x_wconf 87' lang='lat' dir='ltr'><strong>gare,</strong></span> <span class='ocrx_word' id='word_1_280' title='bbox 562 3182 602 3248; x_wconf 89' lang='lat' dir='ltr'><strong>ad</strong></span> <span class='ocrx_word' id='word_1_281' title='bbox 623 3184 703 3248; x_wconf 89' lang='lat' dir='ltr'><strong>haec</strong></span> <span class='ocrx_word' id='word_1_282' title='bbox 724 3183 809 3245; x_wconf 89' lang='lat' dir='ltr'><strong>hona</strong></span> <span class='ocrx_word' id='word_1_283' title='bbox 832 3182 1071 3267; x_wconf 86' lang='lat' dir='ltr'><strong>Chrysogonum</strong></span> <span class='ocrx_word' id='word_1_284' title='bbox 1095 3184 1267 3248; x_wconf 87' lang='lat' dir='ltr'><strong>accessisse</strong></span> <span class='ocrx_word' id='word_1_285' title='bbox 1289 3184 1430 3267; x_wconf 92' lang='lat' dir='ltr'><strong>impulsu</strong></span> <span class='ocrx_word' id='word_1_286' title='bbox 1451 3205 1520 3247; x_wconf 92' lang='lat' dir='ltr'><strong>sno.</strong></span> <span class='ocrx_word' id='word_1_287' title='bbox 1554 3186 1587 3248; x_wconf 90' lang='lat' dir='ltr'><strong>Si</strong></span> <span class='ocrx_word' id='word_1_288' title='bbox 1603 3204 1693 3259; x_wconf 92' lang='lat' dir='ltr'><strong>eum,</strong></span> <span class='ocrx_word' id='word_1_289' title='bbox 1715 3185 1771 3268; x_wconf 93' lang='lat' dir='ltr'><strong>qui</strong></span> 
     </span>
     <span class='ocr_line' id='line_1_29' title="bbox 449 3276 1770 3361; baseline -0.002 -16"><span class='ocrx_word' id='word_1_290' title='bbox 449 3278 557 3345; x_wconf 91' lang='lat' dir='ltr'><strong>indicii</strong></span> <span class='ocrx_word' id='word_1_291' title='bbox 580 3286 702 3361; x_wconf 87' lang='lat' dir='ltr'><strong>partem</strong></span> <span class='ocrx_word' id='word_1_292' title='bbox 724 3278 900 3361; x_wconf 86' lang='lat' dir='ltr'><strong>acceperit,</strong></span> <span class='ocrx_word' id='word_1_293' title='bbox 934 3277 1034 3341; x_wconf 89' lang='lat' dir='ltr'><strong>oeulis</strong></span> <span class='ocrx_word' id='word_1_294' title='bbox 1057 3276 1208 3352; x_wconf 87' lang='lat' dir='ltr'><strong>cernetis,</strong></span> <span class='ocrx_word' id='word_1_295' title='bbox 1237 3278 1423 3360; x_wconf 91' lang='lat' dir='ltr'><strong>poteritisne</strong></span> <span class='ocrx_word' id='word_1_296' title='bbox 1445 3277 1605 3354; x_wconf 87' lang='lat' dir='ltr'><strong>dubitare,</strong></span> <span class='ocrx_word' id='word_1_297' title='bbox 1633 3278 1770 3353; x_wconf 88' lang='lat' dir='ltr'><strong>iudices,</strong></span> 
     </span>
     <span class='ocr_line' id='line_1_30' title="bbox 450 3371 1772 3460; baseline 0 -24"><span class='ocrx_word' id='word_1_298' title='bbox 450 3374 505 3460; x_wconf 92' lang='lat' dir='ltr'><strong>qui</strong></span> <span class='ocrx_word' id='word_1_299' title='bbox 527 3371 694 3437; x_wconf 72' lang='lat' dir='ltr'><strong>indicarit?</strong></span> <span class='ocrx_word' id='word_1_300' title='bbox 732 3373 794 3448; x_wconf 85' lang='lat' dir='ltr'><strong>Qui</strong></span> <span class='ocrx_word' id='word_1_301' title='bbox 821 3380 896 3436; x_wconf 92' lang='lat' dir='ltr'><strong>sunt</strong></span> <span class='ocrx_word' id='word_1_302' title='bbox 916 3371 1012 3453; x_wconf 85' lang='lat' dir='ltr'><strong>igitur</strong></span> <span class='ocrx_word' id='word_1_303' title='bbox 1033 3371 1066 3434; x_wconf 93' lang='lat' dir='ltr'><strong>in</strong></span> <span class='ocrx_word' id='word_1_304' title='bbox 1089 3371 1159 3435; x_wconf 90' lang='lat' dir='ltr'><strong>istis</strong></span> <span class='ocrx_word' id='word_1_305' title='bbox 1180 3371 1290 3446; x_wconf 92' lang='lat' dir='ltr'><strong>honis,</strong></span> <span class='ocrx_word' id='word_1_306' title='bbox 1313 3373 1428 3455; x_wconf 91' lang='lat' dir='ltr'><strong>quihus</strong></span> <span class='ocrx_word' id='word_1_307' title='bbox 1449 3380 1572 3454; x_wconf 90' lang='lat' dir='ltr'><strong>partem</strong></span> <span class='ocrx_word' id='word_1_308' title='bbox 1595 3373 1772 3457; x_wconf 88' lang='lat' dir='ltr'><strong>Chrysogo-</strong></span> 
     </span>
    </p>
   </div>
   <div class='ocr_carea' id='block_1_3' title="bbox 359 3622 1776 5336">
    <p class='ocr_par' dir='ltr' id='par_1_3' title="bbox 359 3622 1776 5336">
     <span class='ocr_line' id='line_1_31' title="bbox 514 3622 1773 3686; baseline 0.002 -12"><span class='ocrx_word' id='word_1_309' title='bbox 514 3625 540 3674; x_wconf 90' lang='grc'><strong>4.</strong></span> <span class='ocrx_word' id='word_1_310' title='bbox 558 3624 645 3686; x_wconf 76' lang='lat' dir='ltr'><strong>quito</strong></span> <span class='ocrx_word' id='word_1_311' title='bbox 659 3623 702 3672; x_wconf 84' lang='lat' dir='ltr'><strong>cir</strong></span> <span class='ocrx_word' id='word_1_312' title='bbox 717 3628 740 3673; x_wconf 87' lang='grc'><strong>44</strong></span> <span class='ocrx_word' id='word_1_313' title='bbox 757 3629 880 3686; x_wconf 73' lang='lat' dir='ltr'><strong>amplam</strong></span> <span class='ocrx_word' id='word_1_314' title='bbox 896 3624 961 3686; x_wconf 82' lang='lat' dir='ltr'><strong>qaod</strong></span> <span class='ocrx_word' id='word_1_315' title='bbox 978 3622 1051 3673; x_wconf 78' lang='grc'><strong>444444</strong></span> <span class='ocrx_word' id='word_1_316' title='bbox 1067 3625 1096 3673; x_wconf 87' lang='lat' dir='ltr'><strong>G.</strong></span> <span class='ocrx_word' id='word_1_317' title='bbox 1117 3647 1144 3658; x_wconf 92' lang='lat'><em>-</em></span> <span class='ocrx_word' id='word_1_318' title='bbox 1164 3623 1253 3686; x_wconf 82' lang='lat' dir='ltr'><strong>ecquid</strong></span> <span class='ocrx_word' id='word_1_319' title='bbox 1268 3635 1324 3674; x_wconf 88' lang='lat' dir='ltr'><strong>ac:</strong></span> <span class='ocrx_word' id='word_1_320' title='bbox 1349 3629 1372 3673; x_wconf 86' lang='grc'><strong>44</strong></span> <span class='ocrx_word' id='word_1_321' title='bbox 1397 3623 1457 3686; x_wconf 76' lang='lat' dir='ltr'><strong>qaid</strong></span> <span class='ocrx_word' id='word_1_322' title='bbox 1472 3625 1532 3675; x_wconf 80' lang='lat' dir='ltr'><strong>liv.</strong></span> <span class='ocrx_word' id='word_1_323' title='bbox 1553 3650 1580 3661; x_wconf 96' lang='lat'><em>-</em></span> <span class='ocrx_word' id='word_1_324' title='bbox 1599 3623 1624 3676; x_wconf 87' lang='grc'><strong>4,</strong></span> <span class='ocrx_word' id='word_1_325' title='bbox 1643 3624 1773 3676; x_wconf 63' lang='lat' dir='ltr'><strong>andam:</strong></span> 
     </span>
     <span class='ocr_line' id='line_1_32' title="bbox 449 3696 1772 3763; baseline -0.001 -10"><span class='ocrx_word' id='word_1_326' title='bbox 449 3701 598 3753; x_wconf 77' lang='lat' dir='ltr'><strong>Priscianus</strong></span> <span class='ocrx_word' id='word_1_327' title='bbox 615 3699 677 3763; x_wconf 79' lang='lat' dir='ltr'><strong>(XV.</strong></span> <span class='ocrx_word' id='word_1_328' title='bbox 695 3697 719 3749; x_wconf 87' lang='grc'><strong>4.</strong></span> <span class='ocrx_word' id='word_1_329' title='bbox 739 3711 765 3762; x_wconf 93' lang='lat' dir='ltr'><strong>p.</strong></span> <span class='ocrx_word' id='word_1_330' title='bbox 779 3699 826 3749; x_wconf 81' lang='grc'><strong>444</strong></span> <span class='ocrx_word' id='word_1_331' title='bbox 841 3699 909 3760; x_wconf 69' lang='lat' dir='ltr'><strong>lini:</strong></span> <span class='ocrx_word' id='word_1_332' title='bbox 928 3699 1049 3749; x_wconf 80' lang='grc'><strong>44444444·</strong></span> <span class='ocrx_word' id='word_1_333' title='bbox 1065 3697 1143 3749; x_wconf 90' lang='lat' dir='ltr'><strong>codd.</strong></span> <span class='ocrx_word' id='word_1_334' title='bbox 1157 3699 1186 3749; x_wconf 91' lang='lat'><strong>0.</strong></span> <span class='ocrx_word' id='word_1_335' title='bbox 1213 3699 1310 3763; x_wconf 88' lang='lat' dir='ltr'><strong>Recepi</strong></span> <span class='ocrx_word' id='word_1_336' title='bbox 1326 3696 1401 3758; x_wconf 90' lang='lat' dir='ltr'><strong>illud,</strong></span> <span class='ocrx_word' id='word_1_337' title='bbox 1421 3699 1482 3762; x_wconf 90' lang='lat' dir='ltr'><strong>quia</strong></span> <span class='ocrx_word' id='word_1_338' title='bbox 1494 3699 1645 3752; x_wconf 87' lang='lat' dir='ltr'><strong>Priscianus</strong></span> <span class='ocrx_word' id='word_1_339' title='bbox 1657 3700 1692 3751; x_wconf 91' lang='lat' dir='ltr'><strong>ad</strong></span> <span class='ocrx_word' id='word_1_340' title='bbox 1703 3701 1772 3752; x_wconf 86' lang='lat' dir='ltr'><strong>hane</strong></span> 
     </span>
     <span class='ocr_line' id='line_1_33' title="bbox 450 3772 1772 3837; baseline 0 -10"><span class='ocrx_word' id='word_1_341' title='bbox 450 3776 562 3828; x_wconf 84' lang='lat' dir='ltr'><strong>termam</strong></span> <span class='ocrx_word' id='word_1_342' title='bbox 579 3772 789 3824; x_wconf 85' lang='lat' dir='ltr'><strong>confirmandam</strong></span> <span class='ocrx_word' id='word_1_343' title='bbox 805 3774 857 3825; x_wconf 91' lang='lat' dir='ltr'><strong>hoc</strong></span> <span class='ocrx_word' id='word_1_344' title='bbox 874 3777 931 3837; x_wconf 86' lang='lat' dir='ltr'><strong>ipso</strong></span> <span class='ocrx_word' id='word_1_345' title='bbox 948 3772 1005 3824; x_wconf 93' lang='lat' dir='ltr'><strong>loco</strong></span> <span class='ocrx_word' id='word_1_346' title='bbox 1023 3775 1112 3833; x_wconf 78' lang='lat' dir='ltr'><strong>utitur.</strong></span> <span class='ocrx_word' id='word_1_347' title='bbox 1134 3800 1161 3809; x_wconf 91' lang='lat'>-</span> <span class='ocrx_word' id='word_1_348' title='bbox 1179 3775 1204 3823; x_wconf 81' lang='grc'><strong>4.</strong></span> <span class='ocrx_word' id='word_1_349' title='bbox 1222 3775 1278 3823; x_wconf 75' lang='lat' dir='ltr'><strong>istic</strong></span> <span class='ocrx_word' id='word_1_350' title='bbox 1294 3775 1376 3824; x_wconf 83' lang='lat' dir='ltr'><strong>sedare</strong></span> <span class='ocrx_word' id='word_1_351' title='bbox 1393 3774 1499 3824; x_wconf 89' lang='lat' dir='ltr'><strong>Hotom.</strong></span> <span class='ocrx_word' id='word_1_352' title='bbox 1518 3777 1546 3824; x_wconf 88' lang='lat' dir='ltr'><strong>et</strong></span> <span class='ocrx_word' id='word_1_353' title='bbox 1562 3776 1710 3828; x_wconf 78' lang='lat' dir='ltr'><strong>Manutirn:</strong></span> <span class='ocrx_word' id='word_1_354' title='bbox 1732 3777 1772 3827; x_wconf 80' lang='grc'><strong>4444</strong></span> 
     </span>
     <span class='ocr_line' id='line_1_34' title="bbox 449 3847 1772 3916; baseline 0.002 -15"><span class='ocrx_word' id='word_1_355' title='bbox 449 3853 548 3902; x_wconf 78' lang='grc'><strong>4444444</strong></span> <span class='ocrx_word' id='word_1_356' title='bbox 565 3849 642 3901; x_wconf 87' lang='grc'><strong>4444.</strong></span> <span class='ocrx_word' id='word_1_357' title='bbox 664 3876 692 3885; x_wconf 96' lang='grc'><strong>-</strong></span> <span class='ocrx_word' id='word_1_358' title='bbox 711 3850 734 3899; x_wconf 84' lang='grc'><strong>4.</strong></span> <span class='ocrx_word' id='word_1_359' title='bbox 752 3850 829 3914; x_wconf 67' lang='lat' dir='ltr'><strong>mmo]</strong></span> <span class='ocrx_word' id='word_1_360' title='bbox 846 3850 923 3899; x_wconf 78' lang='lat' dir='ltr'><strong>multo</strong></span> <span class='ocrx_word' id='word_1_361' title='bbox 941 3850 1011 3913; x_wconf 68' lang='lat' dir='ltr'><strong>Cip3</strong></span> <span class='ocrx_word' id='word_1_362' title='bbox 1033 3848 1113 3899; x_wconf 79' lang='grc'><strong>444444</strong></span> <span class='ocrx_word' id='word_1_363' title='bbox 1130 3847 1208 3898; x_wconf 89' lang='grc'><strong>4444.</strong></span> <span class='ocrx_word' id='word_1_364' title='bbox 1222 3849 1317 3911; x_wconf 89' lang='lat' dir='ltr'><strong>Ursini,</strong></span> <span class='ocrx_word' id='word_1_365' title='bbox 1337 3848 1408 3912; x_wconf 91' lang='lat' dir='ltr'><strong>quod</strong></span> <span class='ocrx_word' id='word_1_366' title='bbox 1426 3850 1540 3900; x_wconf 76' lang='lat' dir='ltr'><strong>Faernus</strong></span> <span class='ocrx_word' id='word_1_367' title='bbox 1557 3863 1701 3916; x_wconf 82' lang='lat' dir='ltr'><strong>perperam</strong></span> <span class='ocrx_word' id='word_1_368' title='bbox 1717 3864 1772 3904; x_wconf 89' lang='lat' dir='ltr'><strong>ma·</strong></span> 
     </span>
     <span class='ocr_line' id='line_1_35' title="bbox 449 3923 1770 3988; baseline -0.001 -12"><span class='ocrx_word' id='word_1_369' title='bbox 449 3924 504 3977; x_wconf 86' lang='lat' dir='ltr'><strong>luit.</strong></span> <span class='ocrx_word' id='word_1_370' title='bbox 519 3951 546 3960; x_wconf 93' lang='lat'><em>-</em></span> <span class='ocrx_word' id='word_1_371' title='bbox 560 3923 651 3988; x_wconf 79' lang='lat' dir='ltr'><strong>tamea]</strong></span> <span class='ocrx_word' id='word_1_372' title='bbox 663 3929 721 3974; x_wconf 78' lang='grc'><strong>44444</strong></span> <span class='ocrx_word' id='word_1_373' title='bbox 732 3926 751 3976; x_wconf 92' lang='lat' dir='ltr'><strong>C</strong></span> <span class='ocrx_word' id='word_1_374' title='bbox 762 3924 850 3988; x_wconf 81' lang='grc' dir='ltr'><strong>Τνψ.</strong></span> <span class='ocrx_word' id='word_1_375' title='bbox 859 3952 886 3960; x_wconf 85' lang='grc'><strong>-</strong></span> <span class='ocrx_word' id='word_1_376' title='bbox 897 3924 923 3975; x_wconf 87' lang='grc'><strong>8.</strong></span> <span class='ocrx_word' id='word_1_377' title='bbox 933 3923 1026 3988; x_wconf 83' lang='lat' dir='ltr'><strong>tectior]</strong></span> <span class='ocrx_word' id='word_1_378' title='bbox 1039 3924 1131 3974; x_wconf 83' lang='lat' dir='ltr'><strong>certior</strong></span> <span class='ocrx_word' id='word_1_379' title='bbox 1139 3927 1168 3978; x_wconf 77' lang='lat' dir='ltr'><strong>G:</strong></span> <span class='ocrx_word' id='word_1_380' title='bbox 1181 3924 1274 3974; x_wconf 80' lang='lat' dir='ltr'><strong>rectior</strong></span> <span class='ocrx_word' id='word_1_381' title='bbox 1286 3924 1315 3973; x_wconf 88' lang='lat' dir='ltr'><strong>C.</strong></span> <span class='ocrx_word' id='word_1_382' title='bbox 1328 3950 1355 3958; x_wconf 92' lang='lat'>-</span> <span class='ocrx_word' id='word_1_383' title='bbox 1367 3929 1514 3975; x_wconf 73' lang='grc'><strong>4444444444,</strong></span> <span class='ocrx_word' id='word_1_384' title='bbox 1528 3926 1557 3975; x_wconf 86' lang='lat' dir='ltr'><strong>G.</strong></span> <span class='ocrx_word' id='word_1_385' title='bbox 1570 3951 1597 3961; x_wconf 91' lang='lat'><em>-</em></span> <span class='ocrx_word' id='word_1_386' title='bbox 1609 3927 1671 3988; x_wconf 77' lang='lat' dir='ltr'><strong>qaid</strong></span> <span class='ocrx_word' id='word_1_387' title='bbox 1680 3939 1735 3977; x_wconf 88' lang='lat' dir='ltr'><strong>om.</strong></span> <span class='ocrx_word' id='word_1_388' title='bbox 1744 3939 1770 3978; x_wconf 90' lang='lat' dir='ltr'><strong>v.</strong></span> 
     </span>
     <span class='ocr_line' id='line_1_36' title="bbox 451 3997 1770 4066; baseline 0.002 -16"><span class='ocrx_word' id='word_1_389' title='bbox 451 4027 480 4037; x_wconf 92' lang='lat'><em>-</em></span> <span class='ocrx_word' id='word_1_390' title='bbox 497 4000 522 4050; x_wconf 81' lang='lat'><strong>9.</strong></span> <span class='ocrx_word' id='word_1_391' title='bbox 540 4012 573 4049; x_wconf 78' lang='grc'><strong>44</strong></span> <span class='ocrx_word' id='word_1_392' title='bbox 588 3997 663 4063; x_wconf 81' lang='lat' dir='ltr'><strong>votis]</strong></span> <span class='ocrx_word' id='word_1_393' title='bbox 679 4005 788 4050; x_wconf 78' lang='lat' dir='ltr'><strong>ocstmm</strong></span> <span class='ocrx_word' id='word_1_394' title='bbox 804 3998 858 4050; x_wconf 85' lang='lat' dir='ltr'><strong>Pal.</strong></span> <span class='ocrx_word' id='word_1_395' title='bbox 870 4001 893 4050; x_wconf 90' lang='grc'><strong>4.</strong></span> <span class='ocrx_word' id='word_1_396' title='bbox 906 4027 933 4035; x_wconf 83' lang='grc'>-</span> <span class='ocrx_word' id='word_1_397' title='bbox 952 3999 993 4049; x_wconf 87' lang='grc'><strong>40.</strong></span> <span class='ocrx_word' id='word_1_398' title='bbox 1011 4012 1043 4048; x_wconf 83' lang='lat' dir='ltr'><strong>aa</strong></span> <span class='ocrx_word' id='word_1_399' title='bbox 1058 4000 1214 4062; x_wconf 88' lang='lat' dir='ltr'><strong>suspectum</strong></span> <span class='ocrx_word' id='word_1_400' title='bbox 1231 3998 1404 4061; x_wconf 81' lang='lat' dir='ltr'><strong>Heusingero.</strong></span> <span class='ocrx_word' id='word_1_401' title='bbox 1416 4025 1445 4036; x_wconf 91' lang='lat'>-</span> <span class='ocrx_word' id='word_1_402' title='bbox 1464 4012 1482 4048; x_wconf 85' lang='lat' dir='ltr'><strong>a</strong></span> <span class='ocrx_word' id='word_1_403' title='bbox 1496 3999 1567 4050; x_wconf 72' lang='lat' dir='ltr'><strong>nobis</strong></span> <span class='ocrx_word' id='word_1_404' title='bbox 1583 4002 1619 4063; x_wconf 87' lang='lat' dir='ltr'><strong>G,</strong></span> <span class='ocrx_word' id='word_1_405' title='bbox 1637 4003 1674 4052; x_wconf 85' lang='lat' dir='ltr'><strong>st.</strong></span> <span class='ocrx_word' id='word_1_406' title='bbox 1692 4004 1770 4066; x_wconf 77' lang='lat' dir='ltr'><strong>vict,</strong></span> 
     </span>
     <span class='ocr_line' id='line_1_37' title="bbox 449 4072 1769 4135; baseline 0.004 -11"><span class='ocrx_word' id='word_1_407' title='bbox 449 4076 479 4124; x_wconf 90' lang='lat' dir='ltr'><strong>ut</strong></span> <span class='ocrx_word' id='word_1_408' title='bbox 493 4073 586 4125; x_wconf 88' lang='lat' dir='ltr'><strong>Lamh.</strong></span> <span class='ocrx_word' id='word_1_409' title='bbox 605 4075 631 4124; x_wconf 92' lang='lat' dir='ltr'><strong>in</strong></span> <span class='ocrx_word' id='word_1_410' title='bbox 649 4073 709 4124; x_wconf 86' lang='lat' dir='ltr'><strong>adn.</strong></span> <span class='ocrx_word' id='word_1_411' title='bbox 730 4074 772 4126; x_wconf 93' lang='grc'><strong>44.</strong></span> <span class='ocrx_word' id='word_1_412' title='bbox 791 4075 863 4126; x_wconf 79' lang='grc'><strong>4466.</strong></span> <span class='ocrx_word' id='word_1_413' title='bbox 882 4074 1049 4125; x_wconf 86' lang='lat' dir='ltr'><strong>emendavit:</strong></span> <span class='ocrx_word' id='word_1_414' title='bbox 1068 4087 1086 4123; x_wconf 85' lang='lat' dir='ltr'><strong>a</strong></span> <span class='ocrx_word' id='word_1_415' title='bbox 1101 4073 1170 4124; x_wconf 79' lang='grc'><strong>44444</strong></span> <span class='ocrx_word' id='word_1_416' title='bbox 1186 4075 1297 4135; x_wconf 80' lang='lat' dir='ltr'><strong>hivae,</strong></span> <span class='ocrx_word' id='word_1_417' title='bbox 1316 4072 1390 4135; x_wconf 74' lang='lat' dir='ltr'><strong>Pal,</strong></span> <span class='ocrx_word' id='word_1_418' title='bbox 1408 4073 1557 4125; x_wconf 86' lang='grc'><strong>4444440.</strong></span> <span class='ocrx_word' id='word_1_419' title='bbox 1573 4102 1600 4113; x_wconf 90' lang='lat'>-</span> <span class='ocrx_word' id='word_1_420' title='bbox 1620 4075 1660 4126; x_wconf 88' lang='grc'><strong>43.</strong></span> <span class='ocrx_word' id='word_1_421' title='bbox 1678 4078 1701 4127; x_wconf 81' lang='lat' dir='ltr'><strong>is</strong></span> <span class='ocrx_word' id='word_1_422' title='bbox 1716 4091 1769 4129; x_wconf 92' lang='lat' dir='ltr'><strong>om.</strong></span> 
     </span>
     <span class='ocr_line' id='line_1_38' title="bbox 450 4149 1772 4215; baseline 0.002 -14"><span class='ocrx_word' id='word_1_423' title='bbox 450 4151 479 4201; x_wconf 87' lang='lat' dir='ltr'><strong>C.</strong></span> <span class='ocrx_word' id='word_1_424' title='bbox 500 4173 528 4184; x_wconf 95' lang='lat'><em>-</em></span> <span class='ocrx_word' id='word_1_425' title='bbox 546 4163 612 4200; x_wconf 81' lang='grc'><strong>444444</strong></span> <span class='ocrx_word' id='word_1_426' title='bbox 628 4149 703 4199; x_wconf 84' lang='lat' dir='ltr'><strong>ctiam</strong></span> <span class='ocrx_word' id='word_1_427' title='bbox 720 4151 749 4200; x_wconf 87' lang='lat' dir='ltr'><strong>G.</strong></span> <span class='ocrx_word' id='word_1_428' title='bbox 770 4176 798 4185; x_wconf 97' lang='lat'>-</span> <span class='ocrx_word' id='word_1_429' title='bbox 818 4151 858 4201; x_wconf 85' lang='grc'><strong>44.</strong></span> <span class='ocrx_word' id='word_1_430' title='bbox 874 4151 977 4201; x_wconf 65' lang='lat' dir='ltr'><strong>cesima</strong></span> <span class='ocrx_word' id='word_1_431' title='bbox 993 4150 1055 4201; x_wconf 86' lang='lat' dir='ltr'><strong>Gli.</strong></span> <span class='ocrx_word' id='word_1_432' title='bbox 1071 4175 1098 4184; x_wconf 93' lang='lat'>-</span> <span class='ocrx_word' id='word_1_433' title='bbox 1117 4163 1168 4198; x_wconf 80' lang='lat' dir='ltr'><strong>noa</strong></span> <span class='ocrx_word' id='word_1_434' title='bbox 1183 4151 1267 4215; x_wconf 80' lang='lat' dir='ltr'><strong>norat]</strong></span> <span class='ocrx_word' id='word_1_435' title='bbox 1284 4155 1391 4200; x_wconf 80' lang='grc'><strong>44444444</strong></span> <span class='ocrx_word' id='word_1_436' title='bbox 1407 4152 1436 4201; x_wconf 83' lang='lat' dir='ltr'><strong>G.</strong></span> <span class='ocrx_word' id='word_1_437' title='bbox 1456 4149 1557 4215; x_wconf 76' lang='lat' dir='ltr'><strong>(hamb.</strong></span> <span class='ocrx_word' id='word_1_438' title='bbox 1571 4149 1704 4203; x_wconf 80' lang='lat' dir='ltr'><strong>distinxit:</strong></span> <span class='ocrx_word' id='word_1_439' title='bbox 1721 4159 1772 4203; x_wconf 82' lang='lat' dir='ltr'><strong>sta·</strong></span> 
     </span>
     <span class='ocr_line' id='line_1_39' title="bbox 449 4224 1770 4289; baseline 0.003 -14"><span class='ocrx_word' id='word_1_440' title='bbox 449 4226 503 4275; x_wconf 80' lang='grc'><strong>4444.</strong></span> <span class='ocrx_word' id='word_1_441' title='bbox 530 4225 578 4288; x_wconf 82' lang='lat' dir='ltr'><strong>oni</strong></span> <span class='ocrx_word' id='word_1_442' title='bbox 597 4238 647 4274; x_wconf 81' lang='lat' dir='ltr'><strong>noo</strong></span> <span class='ocrx_word' id='word_1_443' title='bbox 666 4229 742 4274; x_wconf 80' lang='lat' dir='ltr'><strong>serat</strong></span> <span class='ocrx_word' id='word_1_444' title='bbox 760 4225 883 4276; x_wconf 79' lang='lat' dir='ltr'><strong>homiaem</strong></span> <span class='ocrx_word' id='word_1_445' title='bbox 900 4231 945 4276; x_wconf 81' lang='lat' dir='ltr'><strong>ast</strong></span> <span class='ocrx_word' id='word_1_446' title='bbox 959 4224 1045 4288; x_wconf 67' lang='lat' dir='ltr'><strong>remi)</strong></span> <span class='ocrx_word' id='word_1_447' title='bbox 1065 4249 1092 4261; x_wconf 95' lang='lat'><em>-</em></span> <span class='ocrx_word' id='word_1_448' title='bbox 1116 4225 1157 4275; x_wconf 90' lang='grc'><strong>46,</strong></span> <span class='ocrx_word' id='word_1_449' title='bbox 1175 4231 1202 4275; x_wconf 84' lang='lat' dir='ltr'><strong>ot</strong></span> <span class='ocrx_word' id='word_1_450' title='bbox 1218 4225 1262 4285; x_wconf 80' lang='lat' dir='ltr'><strong>qni</strong></span> <span class='ocrx_word' id='word_1_451' title='bbox 1277 4237 1344 4275; x_wconf 89' lang='lat' dir='ltr'><strong>vac</strong></span> <span class='ocrx_word' id='word_1_452' title='bbox 1361 4227 1388 4275; x_wconf 89' lang='grc'><strong>44</strong></span> <span class='ocrx_word' id='word_1_453' title='bbox 1403 4227 1445 4276; x_wconf 86' lang='grc'><strong>444</strong></span> <span class='ocrx_word' id='word_1_454' title='bbox 1462 4239 1497 4276; x_wconf 92' lang='lat' dir='ltr'><strong>m.</strong></span> <span class='ocrx_word' id='word_1_455' title='bbox 1516 4239 1587 4277; x_wconf 77' lang='lat' dir='ltr'><strong>seo:</strong></span> <span class='ocrx_word' id='word_1_456' title='bbox 1614 4231 1659 4276; x_wconf 80' lang='lat' dir='ltr'><strong>avt</strong></span> <span class='ocrx_word' id='word_1_457' title='bbox 1675 4227 1719 4289; x_wconf 78' lang='lat' dir='ltr'><strong>qai</strong></span> <span class='ocrx_word' id='word_1_458' title='bbox 1735 4229 1770 4288; x_wconf 73' lang='lat' dir='ltr'><strong>G:</strong></span> 
     </span>
     <span class='ocr_line' id='line_1_40' title="bbox 359 4296 1771 4366; baseline 0.001 -15"><span class='ocrx_word' id='word_1_459' title='bbox 359 4296 362 4301; x_wconf 77' lang='grc'><em>“</em></span> <span class='ocrx_word' id='word_1_460' title='bbox 450 4305 524 4363; x_wconf 78' lang='lat' dir='ltr'><strong>atque</strong></span> <span class='ocrx_word' id='word_1_461' title='bbox 540 4302 574 4353; x_wconf 87' lang='grc'><strong>44.</strong></span> <span class='ocrx_word' id='word_1_462' title='bbox 595 4326 622 4335; x_wconf 90' lang='grc'>-</span> <span class='ocrx_word' id='word_1_463' title='bbox 639 4300 706 4350; x_wconf 77' lang='lat' dir='ltr'><strong>venit</strong></span> <span class='ocrx_word' id='word_1_464' title='bbox 722 4300 744 4350; x_wconf 86' lang='grc'><strong>44</strong></span> <span class='ocrx_word' id='word_1_465' title='bbox 760 4314 786 4350; x_wconf 94' lang='lat' dir='ltr'><strong>v.</strong></span> <span class='ocrx_word' id='word_1_466' title='bbox 805 4327 832 4338; x_wconf 95' lang='lat'><em>-</em></span> <span class='ocrx_word' id='word_1_467' title='bbox 853 4301 892 4352; x_wconf 87' lang='grc'><strong>48.</strong></span> <span class='ocrx_word' id='word_1_468' title='bbox 912 4302 1016 4351; x_wconf 64' lang='lat' dir='ltr'><strong>audatis</strong></span> <span class='ocrx_word' id='word_1_469' title='bbox 1026 4302 1055 4350; x_wconf 87' lang='lat' dir='ltr'><strong>G.</strong></span> <span class='ocrx_word' id='word_1_470' title='bbox 1071 4327 1098 4334; x_wconf 96' lang='lat'>—</span> <span class='ocrx_word' id='word_1_471' title='bbox 1118 4300 1159 4350; x_wconf 84' lang='grc'><strong>49.</strong></span> <span class='ocrx_word' id='word_1_472' title='bbox 1177 4300 1196 4350; x_wconf 92' lang='grc'><strong>44</strong></span> <span class='ocrx_word' id='word_1_473' title='bbox 1213 4313 1266 4350; x_wconf 91' lang='lat' dir='ltr'><strong>om.</strong></span> <span class='ocrx_word' id='word_1_474' title='bbox 1279 4301 1329 4352; x_wconf 89' lang='grc'><strong>444.</strong></span> <span class='ocrx_word' id='word_1_475' title='bbox 1345 4324 1372 4335; x_wconf 91' lang='grc'>-</span> <span class='ocrx_word' id='word_1_476' title='bbox 1388 4301 1509 4366; x_wconf 78' lang='lat' dir='ltr'><strong>plerique]</strong></span> <span class='ocrx_word' id='word_1_477' title='bbox 1523 4301 1672 4364; x_wconf 65' lang='lat' dir='ltr'><strong>purumque</strong></span> <span class='ocrx_word' id='word_1_478' title='bbox 1688 4302 1771 4354; x_wconf 84' lang='lat' dir='ltr'><strong>llTv.</strong></span> 
     </span>
     <span class='ocr_line' id='line_1_41' title="bbox 452 4374 1774 4440; baseline 0.002 -14"><span class='ocrx_word' id='word_1_479' title='bbox 452 4403 479 4411; x_wconf 89' lang='lat'><em>-</em></span> <span class='ocrx_word' id='word_1_480' title='bbox 497 4377 538 4426; x_wconf 90' lang='grc'><strong>40.</strong></span> <span class='ocrx_word' id='word_1_481' title='bbox 555 4377 697 4439; x_wconf 67' lang='lat' dir='ltr'><strong>mudantur</strong></span> <span class='ocrx_word' id='word_1_482' title='bbox 714 4374 832 4427; x_wconf 76' lang='grc'><strong>044444</strong></span> <span class='ocrx_word' id='word_1_483' title='bbox 843 4389 875 4426; x_wconf 90' lang='lat' dir='ltr'><strong>c:</strong></span> <span class='ocrx_word' id='word_1_484' title='bbox 891 4378 1066 4440; x_wconf 76' lang='lat' dir='ltr'><strong>producantur</strong></span> <span class='ocrx_word' id='word_1_485' title='bbox 1082 4377 1119 4426; x_wconf 86' lang='grc'><strong>444</strong></span> <span class='ocrx_word' id='word_1_486' title='bbox 1132 4382 1176 4439; x_wconf 87' lang='grc' dir='ltr'><strong>ψ;</strong></span> <span class='ocrx_word' id='word_1_487' title='bbox 1192 4376 1302 4437; x_wconf 76' lang='lat' dir='ltr'><strong>prodant</strong></span> <span class='ocrx_word' id='word_1_488' title='bbox 1318 4376 1346 4425; x_wconf 88' lang='grc' dir='ltr'><strong>Τ.</strong></span> <span class='ocrx_word' id='word_1_489' title='bbox 1367 4404 1395 4412; x_wconf 92' lang='grc'>-</span> <span class='ocrx_word' id='word_1_490' title='bbox 1413 4376 1577 4438; x_wconf 62' lang='lat' dir='ltr'><strong>ammoneo</strong></span> <span class='ocrx_word' id='word_1_491' title='bbox 1592 4378 1637 4428; x_wconf 81' lang='lat' dir='ltr'><strong>hoc</strong></span> <span class='ocrx_word' id='word_1_492' title='bbox 1654 4377 1733 4428; x_wconf 89' lang='lat' dir='ltr'><strong>codd.</strong></span> <span class='ocrx_word' id='word_1_493' title='bbox 1746 4379 1774 4428; x_wconf 85' lang='grc'><strong>44</strong></span> 
     </span>
     <span class='ocr_line' id='line_1_42' title="bbox 450 4448 1772 4533; baseline 0.002 -33"><span class='ocrx_word' id='word_1_494' title='bbox 450 4449 512 4500; x_wconf 90' lang='lat' dir='ltr'><strong>edd.</strong></span> <span class='ocrx_word' id='word_1_495' title='bbox 530 4454 610 4533; x_wconf 49' lang='lat' dir='ltr'><strong>vetti:</strong></span> <span class='ocrx_word' id='word_1_496' title='bbox 638 4463 705 4513; x_wconf 78' lang='lat' dir='ltr'><strong>susp.</strong></span> <span class='ocrx_word' id='word_1_497' title='bbox 723 4450 787 4500; x_wconf 80' lang='lat' dir='ltr'><strong>hanc</strong></span> <span class='ocrx_word' id='word_1_498' title='bbox 810 4451 853 4502; x_wconf 90' lang='lat' dir='ltr'><strong>ed.</strong></span> <span class='ocrx_word' id='word_1_499' title='bbox 872 4453 901 4502; x_wconf 87' lang='lat' dir='ltr'><strong>C.</strong></span> <span class='ocrx_word' id='word_1_500' title='bbox 921 4453 1011 4517; x_wconf 88' lang='lat' dir='ltr'><strong>Steph.</strong></span> <span class='ocrx_word' id='word_1_501' title='bbox 1031 4454 1058 4501; x_wconf 91' lang='grc'><strong>44</strong></span> <span class='ocrx_word' id='word_1_502' title='bbox 1075 4451 1132 4501; x_wconf 90' lang='lat' dir='ltr'><strong>LO.</strong></span> <span class='ocrx_word' id='word_1_503' title='bbox 1159 4452 1288 4501; x_wconf 85' lang='lat' dir='ltr'><strong>intactam</strong></span> <span class='ocrx_word' id='word_1_504' title='bbox 1308 4448 1402 4514; x_wconf 89' lang='lat' dir='ltr'><strong>reliqui</strong></span> <span class='ocrx_word' id='word_1_505' title='bbox 1422 4452 1582 4515; x_wconf 85' lang='lat' dir='ltr'><strong>scripturam</strong></span> <span class='ocrx_word' id='word_1_506' title='bbox 1605 4455 1772 4517; x_wconf 83' lang='lat' dir='ltr'><strong>corruptam,</strong></span> 
     </span>
     <span class='ocr_line' id='line_1_43' title="bbox 449 4525 1772 4590; baseline 0.001 -14"><span class='ocrx_word' id='word_1_507' title='bbox 449 4538 510 4576; x_wconf 90' lang='lat' dir='ltr'><strong>eum</strong></span> <span class='ocrx_word' id='word_1_508' title='bbox 528 4525 678 4576; x_wconf 85' lang='lat' dir='ltr'><strong>emendatio</strong></span> <span class='ocrx_word' id='word_1_509' title='bbox 699 4525 800 4577; x_wconf 90' lang='lat' dir='ltr'><strong>incerta</strong></span> <span class='ocrx_word' id='word_1_510' title='bbox 816 4526 945 4578; x_wconf 88' lang='lat' dir='ltr'><strong>videatur.</strong></span> <span class='ocrx_word' id='word_1_511' title='bbox 970 4528 1047 4578; x_wconf 79' lang='grc'><strong>44444</strong></span> <span class='ocrx_word' id='word_1_512' title='bbox 1063 4528 1109 4576; x_wconf 79' lang='grc'><strong>4444</strong></span> <span class='ocrx_word' id='word_1_513' title='bbox 1130 4525 1274 4577; x_wconf 90' lang='lat' dir='ltr'><strong>delendum</strong></span> <span class='ocrx_word' id='word_1_514' title='bbox 1294 4529 1398 4586; x_wconf 86' lang='lat' dir='ltr'><strong>censet,</strong></span> <span class='ocrx_word' id='word_1_515' title='bbox 1424 4529 1453 4575; x_wconf 85' lang='lat' dir='ltr'><strong>ut</strong></span> <span class='ocrx_word' id='word_1_516' title='bbox 1475 4527 1525 4576; x_wconf 88' lang='lat' dir='ltr'><strong>sit:</strong></span> <span class='ocrx_word' id='word_1_517' title='bbox 1548 4526 1588 4576; x_wconf 80' lang='grc'><strong>4444</strong></span> <span class='ocrx_word' id='word_1_518' title='bbox 1611 4526 1772 4590; x_wconf 77' lang='lat' dir='ltr'><strong>(inhaere)</strong></span> 
     </span>
     <span class='ocr_line' id='line_1_44' title="bbox 448 4599 1774 4667; baseline 0.001 -16"><span class='ocrx_word' id='word_1_519' title='bbox 448 4602 510 4652; x_wconf 83' lang='grc'><strong>44444</strong></span> <span class='ocrx_word' id='word_1_520' title='bbox 525 4606 561 4651; x_wconf 86' lang='lat' dir='ltr'><strong>est</strong></span> <span class='ocrx_word' id='word_1_521' title='bbox 577 4601 643 4664; x_wconf 81' lang='lat' dir='ltr'><strong>qaod</strong></span> <span class='ocrx_word' id='word_1_522' title='bbox 658 4601 820 4664; x_wconf 68' lang='lat' dir='ltr'><strong>sepitionem</strong></span> <span class='ocrx_word' id='word_1_523' title='bbox 832 4604 932 4666; x_wconf 80' lang='lat' dir='ltr'><strong>potetis.</strong></span> <span class='ocrx_word' id='word_1_524' title='bbox 958 4601 1044 4654; x_wconf 83' lang='lat' dir='ltr'><strong>Madv.</strong></span> <span class='ocrx_word' id='word_1_525' title='bbox 1064 4602 1201 4667; x_wconf 86' lang='lat' dir='ltr'><strong>proposuit</strong></span> <span class='ocrx_word' id='word_1_526' title='bbox 1218 4603 1245 4653; x_wconf 88' lang='lat' dir='ltr'><strong>in</strong></span> <span class='ocrx_word' id='word_1_527' title='bbox 1262 4601 1304 4652; x_wconf 91' lang='lat' dir='ltr'><strong>ed.</strong></span> <span class='ocrx_word' id='word_1_528' title='bbox 1323 4602 1381 4651; x_wconf 91' lang='lat' dir='ltr'><strong>lll.:</strong></span> <span class='ocrx_word' id='word_1_529' title='bbox 1400 4601 1537 4664; x_wconf 74' lang='grc'><strong>4444444444</strong></span> <span class='ocrx_word' id='word_1_530' title='bbox 1553 4603 1692 4664; x_wconf 68' lang='lat' dir='ltr'><strong>competis:</strong></span> <span class='ocrx_word' id='word_1_531' title='bbox 1710 4599 1774 4652; x_wconf 86' lang='lat' dir='ltr'><strong>lilo-</strong></span> 
     </span>
     <span class='ocr_line' id='line_1_45' title="bbox 449 4672 1775 4742; baseline -0.004 -12"><span class='ocrx_word' id='word_1_532' title='bbox 449 4680 515 4730; x_wconf 87' lang='lat' dir='ltr'><strong>tzius</strong></span> <span class='ocrx_word' id='word_1_533' title='bbox 533 4676 582 4740; x_wconf 85' lang='grc'><strong>(4);</strong></span> <span class='ocrx_word' id='word_1_534' title='bbox 608 4677 769 4740; x_wconf 76' lang='lat' dir='ltr'><strong>suspiciosum</strong></span> <span class='ocrx_word' id='word_1_535' title='bbox 790 4679 836 4728; x_wconf 76' lang='lat' dir='ltr'><strong>hoc</strong></span> <span class='ocrx_word' id='word_1_536' title='bbox 855 4679 961 4742; x_wconf 75' lang='lat' dir='ltr'><strong>patetis:</strong></span> <span class='ocrx_word' id='word_1_537' title='bbox 989 4678 1053 4728; x_wconf 88' lang='lat' dir='ltr'><strong>mihi</strong></span> <span class='ocrx_word' id='word_1_538' title='bbox 1074 4679 1101 4727; x_wconf 90' lang='lat' dir='ltr'><strong>in</strong></span> <span class='ocrx_word' id='word_1_539' title='bbox 1126 4678 1244 4727; x_wconf 88' lang='lat' dir='ltr'><strong>mentem</strong></span> <span class='ocrx_word' id='word_1_540' title='bbox 1260 4677 1348 4726; x_wconf 89' lang='lat' dir='ltr'><strong>venit:</strong></span> <span class='ocrx_word' id='word_1_541' title='bbox 1374 4676 1507 4738; x_wconf 71' lang='grc'><strong>4444444444</strong></span> <span class='ocrx_word' id='word_1_542' title='bbox 1524 4688 1575 4726; x_wconf 82' lang='lat' dir='ltr'><strong>essa</strong></span> <span class='ocrx_word' id='word_1_543' title='bbox 1590 4676 1672 4725; x_wconf 78' lang='lat' dir='ltr'><strong>locrtm</strong></span> <span class='ocrx_word' id='word_1_544' title='bbox 1684 4688 1712 4737; x_wconf 81' lang='lat' dir='ltr'><strong>p.</strong></span> <span class='ocrx_word' id='word_1_545' title='bbox 1731 4672 1775 4726; x_wconf 88' lang='lat' dir='ltr'><strong>vel</strong></span> 
     </span>
     <span class='ocr_line' id='line_1_46' title="bbox 448 4747 1774 4818; baseline -0.002 -16"><span class='ocrx_word' id='word_1_546' title='bbox 448 4753 586 4816; x_wconf 75' lang='lat' dir='ltr'><strong>suspicions</strong></span> <span class='ocrx_word' id='word_1_547' title='bbox 601 4751 648 4801; x_wconf 79' lang='lat' dir='ltr'><strong>niti</strong></span> <span class='ocrx_word' id='word_1_548' title='bbox 664 4753 709 4802; x_wconf 83' lang='grc'><strong>444</strong></span> <span class='ocrx_word' id='word_1_549' title='bbox 723 4758 788 4816; x_wconf 82' lang='lat' dir='ltr'><strong>pst,</strong></span> <span class='ocrx_word' id='word_1_550' title='bbox 806 4753 879 4818; x_wconf 89' lang='lat' dir='ltr'><strong>quod</strong></span> <span class='ocrx_word' id='word_1_551' title='bbox 896 4753 930 4804; x_wconf 89' lang='lat' dir='ltr'><strong>ad</strong></span> <span class='ocrx_word' id='word_1_552' title='bbox 946 4751 1093 4805; x_wconf 85' lang='lat' dir='ltr'><strong>litterarum</strong></span> <span class='ocrx_word' id='word_1_553' title='bbox 1110 4752 1206 4802; x_wconf 87' lang='lat' dir='ltr'><strong>ductus</strong></span> <span class='ocrx_word' id='word_1_554' title='bbox 1223 4752 1341 4815; x_wconf 84' lang='lat' dir='ltr'><strong>proxime</strong></span> <span class='ocrx_word' id='word_1_555' title='bbox 1359 4751 1470 4801; x_wconf 88' lang='lat' dir='ltr'><strong>accedit.</strong></span> <span class='ocrx_word' id='word_1_556' title='bbox 1492 4752 1568 4812; x_wconf 83' lang='lat' dir='ltr'><strong>(Fert.</strong></span> <span class='ocrx_word' id='word_1_557' title='bbox 1581 4750 1720 4813; x_wconf 78' lang='lat' dir='ltr'><strong>suspiciam</strong></span> <span class='ocrx_word' id='word_1_558' title='bbox 1731 4747 1774 4814; x_wconf 78' lang='lat' dir='ltr'><strong>[ie]</strong></span> 
     </span>
     <span class='ocr_line' id='line_1_47' title="bbox 449 4825 1776 4893; baseline 0 -18"><span class='ocrx_word' id='word_1_559' title='bbox 449 4840 511 4890; x_wconf 72' lang='lat' dir='ltr'><strong>opta</strong></span> <span class='ocrx_word' id='word_1_560' title='bbox 523 4826 624 4888; x_wconf 76' lang='lat' dir='ltr'><strong>patetis.</strong></span> <span class='ocrx_word' id='word_1_561' title='bbox 651 4826 689 4878; x_wconf 86' lang='lat' dir='ltr'><strong>Cl.</strong></span> <span class='ocrx_word' id='word_1_562' title='bbox 707 4841 732 4879; x_wconf 93' lang='lat' dir='ltr'><strong>v.</strong></span> <span class='ocrx_word' id='word_1_563' title='bbox 751 4828 792 4878; x_wconf 85' lang='grc'><strong>46.</strong></span> <span class='ocrx_word' id='word_1_564' title='bbox 811 4841 838 4893; x_wconf 91' lang='lat' dir='ltr'><strong>p.</strong></span> <span class='ocrx_word' id='word_1_565' title='bbox 857 4828 897 4890; x_wconf 84' lang='grc'><strong>40,</strong></span> <span class='ocrx_word' id='word_1_566' title='bbox 916 4829 957 4879; x_wconf 79' lang='grc'><strong>44.</strong></span> <span class='ocrx_word' id='word_1_567' title='bbox 975 4829 1055 4891; x_wconf 75' lang='lat' dir='ltr'><strong>Bau.)</strong></span> <span class='ocrx_word' id='word_1_568' title='bbox 1075 4854 1104 4865; x_wconf 95' lang='lat'>-</span> <span class='ocrx_word' id='word_1_569' title='bbox 1122 4842 1172 4877; x_wconf 81' lang='lat' dir='ltr'><strong>ooo</strong></span> <span class='ocrx_word' id='word_1_570' title='bbox 1188 4840 1233 4890; x_wconf 76' lang='lat' dir='ltr'><strong>ego</strong></span> <span class='ocrx_word' id='word_1_571' title='bbox 1249 4827 1314 4877; x_wconf 80' lang='grc'><strong>44444</strong></span> <span class='ocrx_word' id='word_1_572' title='bbox 1325 4828 1354 4876; x_wconf 88' lang='lat' dir='ltr'><strong>G.</strong></span> <span class='ocrx_word' id='word_1_573' title='bbox 1375 4853 1402 4864; x_wconf 92' lang='lat'><em>-</em></span> <span class='ocrx_word' id='word_1_574' title='bbox 1420 4827 1461 4877; x_wconf 88' lang='grc'><strong>44.</strong></span> <span class='ocrx_word' id='word_1_575' title='bbox 1477 4827 1574 4889; x_wconf 75' lang='lat' dir='ltr'><strong>disputo</strong></span> <span class='ocrx_word' id='word_1_576' title='bbox 1586 4827 1615 4877; x_wconf 91' lang='lat' dir='ltr'><strong>C.</strong></span> <span class='ocrx_word' id='word_1_577' title='bbox 1631 4851 1659 4862; x_wconf 91' lang='lat'>-</span> <span class='ocrx_word' id='word_1_578' title='bbox 1676 4825 1776 4877; x_wconf 77' lang='lat' dir='ltr'><strong>Roscios</strong></span> 
     </span>
     <span class='ocr_line' id='line_1_48' title="bbox 450 4900 1772 4968; baseline -0.005 -14"><span class='ocrx_word' id='word_1_579' title='bbox 450 4905 511 4954; x_wconf 87' lang='lat' dir='ltr'><strong>Ge:</strong></span> <span class='ocrx_word' id='word_1_580' title='bbox 529 4902 746 4963; x_wconf 81' lang='lat' dir='ltr'><strong>Rosciumllva,</strong></span> <span class='ocrx_word' id='word_1_581' title='bbox 764 4904 854 4954; x_wconf 80' lang='grc'><strong>60444.</strong></span> <span class='ocrx_word' id='word_1_582' title='bbox 869 4931 897 4940; x_wconf 96' lang='grc'>-</span> <span class='ocrx_word' id='word_1_583' title='bbox 915 4903 1057 4955; x_wconf 69' lang='lat' dir='ltr'><strong>sacraris</strong></span> <span class='ocrx_word' id='word_1_584' title='bbox 1073 4904 1182 4954; x_wconf 85' lang='lat' dir='ltr'><strong>llvac.</strong></span> <span class='ocrx_word' id='word_1_585' title='bbox 1198 4928 1225 4938; x_wconf 92' lang='lat'><em>—</em></span> <span class='ocrx_word' id='word_1_586' title='bbox 1241 4900 1282 4952; x_wconf 85' lang='grc'><strong>44.</strong></span> <span class='ocrx_word' id='word_1_587' title='bbox 1297 4901 1377 4950; x_wconf 77' lang='lat' dir='ltr'><strong>osmi:</strong></span> <span class='ocrx_word' id='word_1_588' title='bbox 1392 4903 1474 4954; x_wconf 84' lang='grc'><strong>4444.</strong></span> <span class='ocrx_word' id='word_1_589' title='bbox 1494 4926 1523 4938; x_wconf 95' lang='grc'>-</span> <span class='ocrx_word' id='word_1_590' title='bbox 1541 4902 1582 4953; x_wconf 81' lang='grc'><strong>45.</strong></span> <span class='ocrx_word' id='word_1_591' title='bbox 1601 4902 1633 4968; x_wconf 78' lang='lat' dir='ltr'><strong>ot]</strong></span> <span class='ocrx_word' id='word_1_592' title='bbox 1650 4913 1682 4951; x_wconf 85' lang='lat' dir='ltr'><strong>nc</strong></span> <span class='ocrx_word' id='word_1_593' title='bbox 1697 4913 1724 4950; x_wconf 95' lang='lat' dir='ltr'><strong>v.</strong></span> <span class='ocrx_word' id='word_1_594' title='bbox 1744 4925 1772 4939; x_wconf 90' lang='lat'><em>-</em></span> 
     </span>
     <span class='ocr_line' id='line_1_49' title="bbox 448 4974 1774 5041; baseline -0.004 -12"><span class='ocrx_word' id='word_1_595' title='bbox 448 4976 613 5040; x_wconf 71' lang='lat' dir='ltr'><strong>comnlmat]</strong></span> <span class='ocrx_word' id='word_1_596' title='bbox 638 4977 795 5029; x_wconf 75' lang='lat' dir='ltr'><strong>tradidemnl</strong></span> <span class='ocrx_word' id='word_1_597' title='bbox 811 4980 842 5029; x_wconf 89' lang='grc' dir='ltr'><strong>Η.</strong></span> <span class='ocrx_word' id='word_1_598' title='bbox 862 5005 890 5016; x_wconf 88' lang='lat'>-</span> <span class='ocrx_word' id='word_1_599' title='bbox 914 4979 998 5029; x_wconf 79' lang='lat' dir='ltr'><strong>omnia</strong></span> <span class='ocrx_word' id='word_1_600' title='bbox 1014 4979 1135 5030; x_wconf 86' lang='lat' dir='ltr'><strong>Gllvc:</strong></span> <span class='ocrx_word' id='word_1_601' title='bbox 1162 4977 1261 5028; x_wconf 77' lang='lat' dir='ltr'><strong>omnino</strong></span> <span class='ocrx_word' id='word_1_602' title='bbox 1284 4977 1401 5037; x_wconf 74' lang='lat' dir='ltr'><strong>lisga,</strong></span> <span class='ocrx_word' id='word_1_603' title='bbox 1428 4988 1509 5041; x_wconf 88' lang='lat' dir='ltr'><strong>qnam</strong></span> <span class='ocrx_word' id='word_1_604' title='bbox 1525 4974 1668 5027; x_wconf 89' lang='lat' dir='ltr'><strong>lectionem</strong></span> <span class='ocrx_word' id='word_1_605' title='bbox 1685 4974 1774 5025; x_wconf 65' lang='lat' dir='ltr'><strong>Geni</strong></span> 
     </span>
     <span class='ocr_line' id='line_1_50' title="bbox 449 5049 1773 5119; baseline -0.002 -16"><span class='ocrx_word' id='word_1_606' title='bbox 449 5052 558 5119; x_wconf 87' lang='lat' dir='ltr'><strong>probat,</strong></span> <span class='ocrx_word' id='word_1_607' title='bbox 582 5064 645 5103; x_wconf 89' lang='lat' dir='ltr'><strong>eum</strong></span> <span class='ocrx_word' id='word_1_608' title='bbox 661 5052 705 5102; x_wconf 91' lang='lat' dir='ltr'><strong>vix</strong></span> <span class='ocrx_word' id='word_1_609' title='bbox 726 5052 778 5102; x_wconf 93' lang='lat' dir='ltr'><strong>duo</strong></span> <span class='ocrx_word' id='word_1_610' title='bbox 800 5054 853 5104; x_wconf 86' lang='lat' dir='ltr'><strong>sint</strong></span> <span class='ocrx_word' id='word_1_611' title='bbox 868 5066 937 5117; x_wconf 90' lang='lat' dir='ltr'><strong>quae</strong></span> <span class='ocrx_word' id='word_1_612' title='bbox 955 5054 1035 5105; x_wconf 92' lang='lat' dir='ltr'><strong>rnodo</strong></span> <span class='ocrx_word' id='word_1_613' title='bbox 1053 5053 1130 5114; x_wconf 81' lang='lat' dir='ltr'><strong>dixit,</strong></span> <span class='ocrx_word' id='word_1_614' title='bbox 1155 5054 1272 5114; x_wconf 87' lang='lat' dir='ltr'><strong>itemquo</strong></span> <span class='ocrx_word' id='word_1_615' title='bbox 1291 5052 1411 5103; x_wconf 88' lang='lat' dir='ltr'><strong>Osannus</strong></span> <span class='ocrx_word' id='word_1_616' title='bbox 1427 5052 1461 5102; x_wconf 81' lang='lat' dir='ltr'><strong>ad</strong></span> <span class='ocrx_word' id='word_1_617' title='bbox 1479 5053 1528 5103; x_wconf 86' lang='lat' dir='ltr'><strong>cic.</strong></span> <span class='ocrx_word' id='word_1_618' title='bbox 1547 5052 1577 5101; x_wconf 85' lang='grc'><strong>44</strong></span> <span class='ocrx_word' id='word_1_619' title='bbox 1592 5052 1651 5113; x_wconf 76' lang='grc'><strong>4444.</strong></span> <span class='ocrx_word' id='word_1_620' title='bbox 1669 5062 1696 5114; x_wconf 91' lang='lat' dir='ltr'><strong>p.</strong></span> <span class='ocrx_word' id='word_1_621' title='bbox 1715 5049 1773 5100; x_wconf 76' lang='grc'><strong>494.</strong></span> 
     </span>
     <span class='ocr_line' id='line_1_51' title="bbox 452 5127 1775 5189; baseline -0.004 -11"><span class='ocrx_word' id='word_1_622' title='bbox 452 5154 480 5165; x_wconf 91' lang='grc'>-</span> <span class='ocrx_word' id='word_1_623' title='bbox 503 5127 544 5178; x_wconf 86' lang='grc'><strong>46.</strong></span> <span class='ocrx_word' id='word_1_624' title='bbox 562 5131 628 5177; x_wconf 77' lang='lat' dir='ltr'><strong>certa</strong></span> <span class='ocrx_word' id='word_1_625' title='bbox 648 5127 698 5177; x_wconf 84' lang='lat' dir='ltr'><strong>scio</strong></span> <span class='ocrx_word' id='word_1_626' title='bbox 720 5141 736 5178; x_wconf 96' lang='lat' dir='ltr'><strong>v</strong></span> <span class='ocrx_word' id='word_1_627' title='bbox 758 5130 821 5178; x_wconf 89' lang='lat' dir='ltr'><strong>etG</strong></span> <span class='ocrx_word' id='word_1_628' title='bbox 841 5127 913 5180; x_wconf 90' lang='lat' dir='ltr'><strong>solus</strong></span> <span class='ocrx_word' id='word_1_629' title='bbox 936 5142 968 5179; x_wconf 85' lang='lat' dir='ltr'><strong>cx</strong></span> <span class='ocrx_word' id='word_1_630' title='bbox 989 5129 1067 5179; x_wconf 87' lang='lat' dir='ltr'><strong>notis.</strong></span> <span class='ocrx_word' id='word_1_631' title='bbox 1091 5154 1119 5165; x_wconf 87' lang='lat'>-</span> <span class='ocrx_word' id='word_1_632' title='bbox 1144 5129 1185 5179; x_wconf 82' lang='grc'><strong>44.</strong></span> <span class='ocrx_word' id='word_1_633' title='bbox 1203 5129 1264 5178; x_wconf 81' lang='lat' dir='ltr'><strong>haee</strong></span> <span class='ocrx_word' id='word_1_634' title='bbox 1280 5139 1334 5177; x_wconf 91' lang='lat' dir='ltr'><strong>om.</strong></span> <span class='ocrx_word' id='word_1_635' title='bbox 1353 5128 1382 5180; x_wconf 87' lang='lat' dir='ltr'><strong>G.</strong></span> <span class='ocrx_word' id='word_1_636' title='bbox 1402 5154 1430 5165; x_wconf 96' lang='lat'><em>-</em></span> <span class='ocrx_word' id='word_1_637' title='bbox 1453 5127 1495 5180; x_wconf 77' lang='grc'><strong>40.</strong></span> <span class='ocrx_word' id='word_1_638' title='bbox 1513 5128 1607 5189; x_wconf 84' lang='lat' dir='ltr'><strong>accepit</strong></span> <span class='ocrx_word' id='word_1_639' title='bbox 1624 5139 1651 5176; x_wconf 87' lang='lat' dir='ltr'><strong>v.</strong></span> <span class='ocrx_word' id='word_1_640' title='bbox 1672 5149 1699 5161; x_wconf 96' lang='lat'><em>-</em></span> <span class='ocrx_word' id='word_1_641' title='bbox 1718 5137 1775 5174; x_wconf 84' lang='grc'><strong>444·-</strong></span> 
     </span>
     <span class='ocr_line' id='line_1_52' title="bbox 449 5198 1775 5268; baseline -0.004 -13"><span class='ocrx_word' id='word_1_642' title='bbox 449 5205 511 5255; x_wconf 79' lang='lat' dir='ltr'><strong>astis</strong></span> <span class='ocrx_word' id='word_1_643' title='bbox 527 5204 619 5255; x_wconf 86' lang='lat' dir='ltr'><strong>live:</strong></span> <span class='ocrx_word' id='word_1_644' title='bbox 637 5207 805 5268; x_wconf 72' lang='lat' dir='ltr'><strong>scomma,</strong></span> <span class='ocrx_word' id='word_1_645' title='bbox 823 5206 923 5256; x_wconf 74' lang='lat' dir='ltr'><strong>emitis</strong></span> <span class='ocrx_word' id='word_1_646' title='bbox 940 5206 1023 5263; x_wconf 78' lang='lat' dir='ltr'><strong>lixa.</strong></span> <span class='ocrx_word' id='word_1_647' title='bbox 1039 5232 1067 5241; x_wconf 96' lang='lat'><em>-</em></span> <span class='ocrx_word' id='word_1_648' title='bbox 1085 5205 1127 5255; x_wconf 85' lang='grc'><strong>40.</strong></span> <span class='ocrx_word' id='word_1_649' title='bbox 1145 5204 1189 5267; x_wconf 82' lang='lat' dir='ltr'><strong>qui</strong></span> <span class='ocrx_word' id='word_1_650' title='bbox 1205 5202 1368 5268; x_wconf 65' lang='lat' dir='ltr'><strong>suatigltw,</strong></span> <span class='ocrx_word' id='word_1_651' title='bbox 1384 5203 1480 5256; x_wconf 76' lang='grc'><strong>44444444</strong></span> <span class='ocrx_word' id='word_1_652' title='bbox 1495 5202 1565 5254; x_wconf 59' lang='lat' dir='ltr'><strong>boos</strong></span> <span class='ocrx_word' id='word_1_653' title='bbox 1580 5199 1668 5267; x_wconf 73' lang='lat' dir='ltr'><strong>quibat</strong></span> <span class='ocrx_word' id='word_1_654' title='bbox 1684 5198 1775 5250; x_wconf 85' lang='lat' dir='ltr'><strong>distin·</strong></span> 
     </span>
     <span class='ocr_line' id='line_1_53' title="bbox 449 5278 587 5336; baseline -0.007 -6"><span class='ocrx_word' id='word_1_655' title='bbox 449 5281 487 5336; x_wconf 73' lang='grc'><strong>444</strong></span> <span class='ocrx_word' id='word_1_656' title='bbox 502 5279 545 5330; x_wconf 88' lang='grc'><strong>04.</strong></span> <span class='ocrx_word' id='word_1_657' title='bbox 561 5278 587 5334; x_wconf 88' lang='grc'><strong>4.</strong></span> 
     </span>
    </p>
   </div>
   <div class='ocr_carea' id='block_1_4' title="bbox 0 0 2188 6100">
    <p class='ocr_par' dir='ltr' id='par_1_4' title="bbox 0 0 2188 6100">
     <span class='ocr_line' id='line_1_54' title="bbox 0 0 2188 6100; baseline 0 0"><span class='ocrx_word' id='word_1_658' title='bbox 0 0 2188 6100; x_wconf 95' lang='lat' dir='ltr'><strong> </strong></span> 
     </span>
    </p>
   </div>
  </div>
 </body>
</html>
