4367 6109
448 574 511 644 tto
859 577 1010 646 ORATIO
1032 579 1111 647 PRO
1133 577 1171 647 A.
1193 578 1364 647 CAECINA

450 750 683 817 multitudinem
704 747 783 813 iuris
801 748 958 812 retinendi
978 769 1075 813 eausa
1093 770 1159 814 nou
1180 752 1345 827 convenit3
1366 770 1425 814 nee
1447 750 1508 815 iuri
1523 749 1704 835 quidquam
1717 754 1788 814 4444

450 847 613 909 inimicum
641 863 736 927 quam
763 844 827 918 ris,
863 863 922 907 nec
952 845 1104 927 aequitati
1133 845 1306 928 quidquam
1332 854 1396 910 tam
1424 845 1574 909 infestum
1601 852 1653 909 est
1683 863 1788 928 quam

450 939 614 1004 convocati
633 938 778 1002 homines
799 944 833 1000 et
852 937 973 1003 armati.
1019 938 1088 1000 llll.
1123 937 1216 1014 Quod
1243 959 1315 1002 oum
1336 940 1576 1024 itasitresque
1598 935 1787 1002 eiusmodi

451 1035 501 1106 sit,
522 1040 557 1097 ut
577 1032 611 1094 in
631 1031 741 1117 primis
763 1031 1030 1113 magistratibus
1045 1030 1323 1096 animadvertenda
1335 1033 1489 1108 rideatur,
1512 1032 1629 1098 iterum
1646 1052 1785 1116 quaero,

429 1126 532 1191 tsitne
554 1126 622 1190 eius
643 1124 688 1188 rei
710 1125 816 1210 aliqua
836 1126 919 1189 actio
940 1146 981 1190 an
1002 1125 1100 1190 nulla.
1141 1127 1268 1190 Nullam
1290 1147 1360 1192 esse
1383 1127 1490 1191 diceet
1527 1126 1648 1190 Audire
1672 1126 1783 1211 cupio.

451 1219 514 1296 Qui
534 1221 569 1283 in
588 1239 666 1304 pace
689 1225 720 1283 et
741 1219 824 1294 otio,
853 1240 924 1284 cum
946 1241 1073 1283 manum
1095 1220 1221 1296 iecerit,
1251 1221 1357 1305 copias
1378 1222 1513 1305 pararit,
1541 1221 1785 1286 multitudinem

448 1314 613 1379 bominum
635 1314 788 1396 coiqerit,
816 1315 959 1390 amarit,
987 1314 1188 1391 insturxerit,
1215 1315 1361 1380 homines
1382 1317 1536 1390 inermos,
1561 1313 1617 1398 qui
1638 1313 1680 1378 ad
1703 1334 1785 1377 oon-

449 1407 592 1471 stitutum
613 1409 800 1492 experiundi
822 1409 897 1472 iuris
919 1409 1019 1492 gratia
1039 1411 1210 1484 venissent,
1232 1411 1336 1486 umis,
1358 1411 1453 1484 viris,
1476 1416 1596 1473 terrore
1616 1408 1784 1491 periculo·

449 1522 515 1585 que
536 1502 646 1566 mortis
667 1502 848 1585 reppulerit,
869 1503 992 1587 fugarit,
1014 1504 1173 1579 averterit,
1194 1504 1255 1568 hcc
1277 1504 1374 1567 dicat:
1400 1505 1491 1568 «Feci
1512 1503 1672 1587 equidem,
1693 1522 1784 1587 quae

414 1596 547 1673 iudicis,
569 1597 693 1672 omnia,
719 1602 751 1660 et
771 1616 809 1660 44
830 1605 903 1661 suut
924 1605 957 1661 et
977 1597 1158 1662 turbulenta
1179 1605 1212 1663 et
1233 1599 1399 1663 temeraria
1420 1606 1453 1664 et
1472 1597 1666 1685 periculosa:
1697 1597 1783 1682 quid

450 1711 526 1775 ergo
548 1695 616 1756 esti
643 1692 772 1776 impune
793 1691 871 1768 icci;
901 1712 991 1768 uam,
1014 1690 1101 1776 quod
1122 1712 1198 1775 agas
1219 1714 1342 1756 mecum
1364 1714 1405 1756 ex
1427 1678 1495 1758 iure
1518 1694 1604 1761 cirili
1623 1714 1663 1760 ac
1683 1713 1782 1776 prae·

450 1787 540 1862 torio,
561 1806 627 1849 non
647 1784 773 1848 habes.»
819 1781 869 1849 34.
898 1788 986 1850 itane
1007 1804 1102 1862 vero,
1132 1791 1395 1871 recuperatores?
1423 1789 1484 1853 hoo
1506 1810 1564 1855 ros
1584 1789 1725 1855 audietis
1747 1795 1783 1852 et

450 1881 535 1966 apud
556 1901 612 1945 vos
634 1879 696 1943 dici
717 1881 879 1963 patiemini
902 1881 1050 1966 saepius?
1096 1882 1176 1945 Cum
1202 1882 1339 1945 maiores
1367 1884 1467 1946 nostri
1494 1891 1581 1948 tauta
1608 1883 1781 1967 diligentia

450 1977 680 2063 prudentiaque
700 1975 826 2051 luerint,
847 1983 883 2039 ut
903 1977 1009 2041 omnia
1030 1977 1170 2041 omnium
1191 1996 1255 2040 non
1276 1976 1372 2040 modo
1394 1984 1551 2043 tantarum
1571 1998 1696 2052 rerum,
1719 1977 1780 2040 sed

414 2072 545 2136 italiam
566 2071 820 2135 tenuissimarum
841 2072 910 2135 iura
932 2071 1100 2136 statuerint
1120 2072 1341 2155 persecutique
1364 2070 1444 2147 sint,
1471 2071 1532 2136 hoc
1553 2090 1654 2155 genus
1674 2092 1779 2136 unum

450 2167 501 2231 vel
521 2165 692 2230 maximum
713 2167 1012 2251 praetermitterent,
1033 2174 1078 2241 ut,
1100 2166 1127 2229 si
1150 2167 1204 2251 qui
1227 2185 1278 2229 me
1300 2167 1388 2230 exire
1411 2167 1505 2231 domo
1526 2186 1597 2230 mea
1617 2166 1781 2249 coegisset

449 2260 560 2334 armis,
586 2259 734 2324 haberem
760 2261 931 2336 actionem,
960 2261 987 2325 si
1011 2261 1065 2346 qui
1092 2261 1223 2325 introire
1251 2259 1478 2343 prohibuisset,
1509 2281 1574 2324 non
1600 2259 1778 2323 haberem?

448 2354 594 2418 Nondum
615 2354 655 2417 de
672 2355 825 2419 Caecinae
839 2375 934 2420 causa
949 2355 1087 2439 disputo,
1109 2354 1252 2419 nondum
1269 2354 1309 2418 de
1329 2355 1398 2418 iure
1418 2355 1626 2439 possessionis
1646 2362 1780 2419 nostrae

448 2447 580 2530 loquor:
609 2454 730 2512 tantum
752 2449 791 2512 de
813 2457 868 2514 tua
891 2450 1092 2524 defensione,
1127 2450 1160 2513 C.
1182 2449 1271 2524 Piso,
1302 2469 1432 2533 quaero.
1474 2446 1526 2513 35.
1555 2450 1711 2525 Quoniam
1732 2448 1780 2512 ita

412 2541 527 2605 todicis
550 2542 645 2606 etita
666 2543 848 2608 constituis:
883 2545 934 2608 osi
958 2543 1108 2619 Caecina,
1137 2564 1209 2607 cum
1230 2543 1383 2608 infundo
1404 2550 1506 2620 esset,
1534 2544 1609 2608 inde
1630 2545 1779 2608 deiectus

450 2642 548 2711 esset,
582 2644 649 2701 tum
679 2652 737 2721 per
767 2638 828 2702 hoc
857 2637 1059 2703 interdictum
1096 2658 1167 2701 eum
1199 2637 1323 2701 restitui
1351 2638 1547 2721 oportuisse:
1579 2658 1664 2701 nunc
1696 2656 1778 2701 vcro

449 2729 606 2794 deiectum
628 2731 716 2795 nullo
737 2733 832 2796 modo
854 2753 923 2796 esse
944 2733 1030 2807 iude,
1051 2732 1107 2795 ubi
1129 2752 1194 2796 non
1215 2731 1326 2795 suerit:
1346 2731 1409 2794 boc
1430 2731 1599 2795 interdicto
1619 2730 1699 2793 nihil
1714 2750 1778 2794 uos

450 2832 611 2890 assecutos
641 2847 753 2890 esser»
788 2847 925 2912 quaero,
954 2827 981 2890 si
1011 2835 1042 2890 te
1067 2826 1165 2890 hodie
1194 2826 1323 2889 domum
1352 2832 1438 2889 tuam
1463 2826 1648 2890 redeuntem
1671 2824 1777 2888 coacti

449 2917 593 2982 homines
615 2927 647 2983 et
667 2920 777 2984 armati
798 2942 863 2985 uon
885 2921 980 2984 modo
1001 2921 1112 2985 limine
1135 2928 1283 3003 tectoque
1304 2920 1430 2983 aedium
1444 2926 1576 2995 terarum,
1597 2921 1654 2984 sed
1669 2920 1776 3003 primo

413 3012 538 3076 nabitu
559 3014 779 3098 vestibuloque
799 3016 1035 3099 prohibuerint,
1065 3015 1144 3100 quid
1170 3021 1296 3079 acturus
1318 3015 1371 3077 sis.
1414 3016 1521 3077 blonet
1541 3015 1660 3077 amicus
1682 3034 1776 3077 meus

450 3115 499 3183 te,
520 3108 555 3170 L.
579 3107 783 3192 Calpurnius,
810 3117 846 3173 ut
867 3111 951 3173 idem
973 3110 1070 3184 dicas,
1093 3109 1180 3194 quod
1201 3109 1271 3193 ipse
1292 3116 1386 3172 autea
1407 3108 1502 3184 dixit,
1537 3108 1772 3173 «iniuriarum»

450 3200 536 3277 Quid
564 3203 598 3266 id
625 3203 666 3268 ad
694 3222 820 3269 causam
848 3203 1082 3288 possessionis?
1116 3203 1193 3288 quid
1224 3204 1265 3267 ad
1294 3202 1525 3267 resoluendum
1553 3225 1643 3279 eum,
1675 3224 1776 3288 quem

449 3303 574 3380 oportet
594 3297 740 3362 restituit
763 3299 841 3384 quid
863 3299 1002 3383 deniquo
1024 3299 1065 3362 ad
1086 3299 1136 3362 ius
1158 3298 1275 3362 cirilel
1314 3294 1380 3382 [aut
1406 3297 1447 3361 ad
1475 3298 1588 3362 actoris
1609 3299 1776 3364 notionem

515 3570 540 3621 2.
558 3570 705 3632 oeqoitotim
727 3570 861 3634 quicquam
881 3572 909 3621 T.
929 3597 956 3607 -
974 3570 1018 3636 est]
1039 3583 1064 3621 44
1083 3571 1112 3620 T.
1133 3595 1160 3606 -
1185 3569 1210 3619 3.
1232 3580 1309 3630 reque
1330 3567 1358 3617 T.
1378 3593 1405 3603 -
1424 3565 1450 3618 4.
1472 3568 1499 3617 in
1517 3567 1609 3631 primis
1624 3570 1646 3621 44
1662 3583 1680 3619 o
1696 3570 1725 3621 T.
1746 3598 1774 3607 -

448 3644 564 3695 44444444
580 3645 645 3696 ET:
663 3658 714 3697 4444
728 3646 843 3700 44444444
858 3642 1000 3698 nauto.
1019 3646 1058 3696 Ci.
1072 3644 1097 3709 5.
1111 3645 1151 3695 38.
1164 3644 1204 3696 78.
1216 3646 1247 3679 '-
1260 3645 1284 3693 5.
1304 3643 1406 3693 Nullam
1421 3655 1471 3694 esse
1486 3642 1570 3694 344444
1584 3642 1678 3694 Audire
1692 3646 1777 3708 nepio]

450 3721 539 3771 446444
559 3720 655 3771 nouom
676 3733 727 3771 4444
747 3721 813 3770 diem
833 3721 907 3784 44444
923 3721 951 3771 T.
972 3746 999 3758 -
1019 3722 1042 3770 6.
1062 3721 1116 3771 4444
1135 3720 1164 3770 Τ.
1184 3747 1212 3757 -
1229 3718 1323 3784 fecerit]
1346 3718 1398 3782 sm
1413 3719 1441 3769 Τ.
1462 3744 1489 3754 -
1508 3719 1533 3769 7.
1557 3719 1680 3783 mantnt
1695 3720 1725 3769 T.
1746 3748 1776 3757 -

449 3796 569 3856 44444444,
590 3796 633 3857 qut
650 3807 704 3859 mg.
725 3791 742 3848 a
760 3796 788 3846 et
804 3795 1169 3860 Orelliostorott.selt.XV.):
1187 3796 1321 3856 44444444
1337 3795 1372 3849 T:
1394 3793 1500 3844 44444444
1517 3794 1562 3856 qut
1580 3795 1626 3843 ka
1640 3794 1668 3843 44
1683 3790 1775 3853 tt0;

449 3871 601 3933 inenncsqoe
616 3883 674 3920 4444
690 3882 759 3921 corr.
778 3884 795 3934 q
808 3873 835 3920 et
845 3873 880 3930 A3
898 3871 1050 3934 inanesque
1066 3872 1086 3922 li
1105 3870 1194 3934 (etium
1210 3870 1248 3930 E).
1267 3868 1306 3920 Ct.
1318 3882 1368 3933 pro
1384 3867 1467 3918 altera
1479 3868 1563 3919 iorma
1575 3868 1599 3932 5.
1612 3868 1652 3919 66.
1666 3869 1707 3925 63.
1720 3869 1775 3930 93.;

450 3959 499 4011 pro
514 3944 595 3996 altera
611 3945 636 4009 5.
649 3945 690 3996 63.
703 3959 729 4010 p.
744 3943 824 3996 Tullio
836 3945 860 4009 5.
873 3943 913 3997 49.
929 3960 955 4011 p.
969 3947 1076 3997 Fonteio
1087 3944 1112 4008 5.
1125 3944 1165 3997 44.
1177 3972 1205 3981 -
1223 3943 1247 3995 9.
1261 3943 1397 4006 oppam
1412 3944 1433 3994 E
1447 3942 1489 4008 (de
1501 3942 1521 3993 T
1532 3941 1680 3994 Harlessius
1691 3941 1775 4007 silet):

449 4023 569 4084 repulerit
585 4018 726 4072 nureo.
741 4047 768 4057 -
786 4021 891 4085 sopori]
907 4022 994 4086 (opem
1010 4024 1038 4073 T.
1053 4050 1080 4059 -
1101 4022 1140 4071 44.
1153 4021 1220 4083 qood
1235 4033 1298 4084 eaor
1308 4019 1457 4070 Ernestius:
1475 4019 1536 4081 quid
1549 4031 1613 4083 opos
1628 4016 1681 4070 444
1693 4014 1774 4070 uso

452 4098 491 4150 Cl.
503 4098 527 4162 5.
540 4097 582 4149 34.
595 4098 635 4148 36.
655 4096 820 4161 Wesenberg
837 4097 870 4148 ad
889 4111 928 4148 or.
946 4111 973 4163 p.
985 4098 1070 4149 Sestio
1088 4110 1115 4161 p.
1128 4098 1169 4147 tt.
1182 4123 1210 4131 —
1230 4096 1270 4146 ⁴2.
1282 4108 1342 4146 cero
1352 4107 1406 4145 om.
1416 4095 1444 4144 T.
1463 4094 1502 4146 Ci.
1514 4107 1571 4145 var.
1583 4091 1644 4144 lect.
1656 4092 1681 4156 5.
1693 4092 1736 4145 46.
1745 4121 1775 4132 -

421 4179 425 4187 '
452 4174 492 4225 43.
504 4172 647 4224 motorirT.
662 4197 689 4207 -
704 4171 744 4222 44.
760 4171 907 4234 [ruerintT.
923 4198 950 4207 -
964 4173 1004 4223 46.
1017 4172 1079 4221 rint:
1097 4167 1213 4222 bechi:
1230 4171 1288 4231 4444,
1305 4167 1465 4228 444444444ς
1483 4171 1541 4232 rint,
1554 4169 1775 4234 [etlioe0.(rint,

451 4247 470 4297 44
480 4247 525 4297 boo
538 4244 673 4307 Halmius.)
685 4272 712 4282 -
726 4245 766 4295 46.
779 4246 839 4296 otri
850 4247 1045 4308 quimenoon
1054 4245 1187 4297 luheren?
1204 4244 1376 4306 Quintilianus
1387 4246 1419 4295 V.
1429 4246 1470 4306 44,
1482 4245 1534 4307 33,
1547 4245 1593 4296 ubi
1603 4243 1645 4296 bis
1657 4245 1777 4296 editurri

452 4324 518 4386 quir,
537 4334 600 4372 cum
615 4321 707 4385 optimi
724 4321 830 4372 codices
847 4320 999 4371 habeantet
1015 4322 1066 4384 qni.
1084 4321 1143 4371 Vid.
1155 4322 1266 4385 Zumptii
1283 4320 1418 4386 supplem.
1437 4320 1559 4371 editionis
1574 4319 1776 4384 spaldingianae

452 4412 478 4462 p.
488 4398 582 4449 484-
594 4396 710 4460 coepisset
726 4395 914 4447 ETGabkm
925 4399 961 4447 ta
974 4398 1001 4446 44
1012 4394 1197 4457 Quintilianus:
1215 4396 1346 4460 4449444444
1361 4393 1465 4447 Rati!
1477 4396 1537 4446 0.-
1556 4397 1597 4445 47.
1614 4396 1778 4458 prohibiti-sset

452 4472 657 4536 ETabirpqn
673 4473 701 4521 et
717 4469 903 4531 Quintilianus:
919 4471 1098 4533 prohibuissent
1114 4468 1255 4523 1444440.
1280 4470 1378 4521 Teleliit
1393 4469 1515 4521 librarios
1527 4469 1609 4520 iorma
1621 4470 1777 4520 nominativi

453 4548 519 4611 sing.
530 4549 581 4611 qui.
600 4547 638 4598 Ci.
652 4560 707 4596 ver.
717 4544 777 4597 lect.
787 4547 821 4596 ad
834 4561 873 4597 or.
885 4559 913 4610 p.
925 4548 1044 4607 Quinctio
1056 4547 1161 4610 574-
1173 4561 1224 4596 eon
1234 4545 1348 4596 44444444
1358 4558 1411 4596 om.
1424 4547 1486 4596 T.-
1500 4545 1540 4595 49.
1552 4558 1646 4607 quaero
1657 4545 1717 4596 ET:
1735 4545 1777 4594 to-

452 4637 516 4685 quor
527 4627 550 4684 t;
564 4625 684 4686 querorii
697 4623 784 4685 (etiam
796 4635 849 4685 mg.
860 4624 878 4686 t)
890 4619 991 4674 4440.
1009 4622 1062 4674 Sed
1073 4623 1192 4687 proxima
1203 4620 1288 4672 verba
1302 4622 1496 4685 quaestionem,
1509 4633 1563 4671 non
1574 4616 1697 4684 querelas
1709 4632 1778 4670 con·

454 4700 550 4758 tinent,
569 4696 651 4748 verba
662 4700 752 4748 autem
765 4697 789 4761 5.
801 4696 843 4747 44.
861 4711 1005 4760 4444444444,
1024 4699 1114 4761 inquit,
1131 4698 1186 4752 44444
1197 4698 1248 4746 cet.
1261 4708 1315 4746 uon
1326 4695 1378 4745 buc
1389 4697 1531 4760 pertinent,
1550 4695 1599 4745 sed
1611 4693 1645 4744 ad
1656 4693 1681 4757 5.
1693 4693 1734 4745 to.
1746 4721 1774 4729 —

455 4773 586 4837 Quoniam]
605 4771 700 4836 quom
720 4787 794 4836 quom
809 4786 851 4823 ae
869 4776 932 4835 (sec.
951 4775 997 4834 m.)
1014 4786 1077 4838 pq;
1096 4787 1173 4835 44444
1189 4774 1222 4832 Τ;
1240 4770 1384 4831 combm;
1403 4772 1523 4834 44444434
1540 4773 1587 4821 Ge
1606 4769 1654 4833 (pr.
1673 4769 1719 4830 m.)
1738 4767 1778 4828 4β

455 4852 483 4900 44
498 4852 533 4908 Δ;
551 4849 651 4909 quoodo
667 4845 852 4899 kaetLiO.
871 4847 1020 4910 6454.-
1035 4849 1077 4899 22.
1095 4849 1214 4898 4444444444
1228 4846 1305 4911 nudo]
1322 4847 1418 4897 4444444
1434 4848 1553 4897 deiectus
1568 4843 1777 4895 44444444-

455 4923 510 4989 qne]
527 4928 625 4985 totoque
635 4924 662 4973 T.
678 4950 706 4959 -
724 4924 764 4973 ab.
780 4922 960 4985 prohibuerunt
975 4923 1078 4986 Taeq
1097 4923 1145 4987 (pr.
1159 4922 1206 4983 m.)
1223 4924 1247 4980 t;
1262 4920 1418 4982 prohiberent
1434 4921 1528 4984 qiaec.
1540 4920 1597 4983 m.).
1611 4946 1639 4955 -
1657 4919 1698 4969 26.
1716 4920 1778 4971 eat-

452 4999 575 5062 4444444
592 4996 677 5058 edet
688 4999 718 5059 Α,
736 4998 875 5061 4444444ιὶ444
891 5010 915 5047 4.
936 5024 963 5033 -
981 4997 1022 5047 27.
1042 4997 1108 5058 044444
1122 4997 1151 5046 id
1165 4996 1200 5045 od
1215 4997 1365 5047 Erucstius:
1384 4997 1444 5058 quid
1459 4996 1494 5045 ad
1510 4991 1638 5053 tibh&
1656 4995 1716 5056 qnid
1732 4993 1776 5060 [id]

455 5075 489 5124 od
500 5075 530 5123 0.
549 5073 587 5124 Ci.
605 5085 654 5136 pro
673 5073 792 5133 Quinctio
808 5072 833 5136 5.
846 5071 886 5122 49.
904 5083 931 5135 p.
949 5069 1030 5122 Balbo
1047 5071 1072 5135 5.
1090 5070 1131 5122 34.
1148 5071 1225 5121 Verr.
1242 5073 1337 5121 Aecus.
1355 5072 1374 5120 1.
1393 5069 1434 5131 46,
1452 5070 1509 5121 446.
1528 5067 1603 5133 (iti.)
1616 5095 1644 5105 -
1656 5069 1698 5119 28.
1716 5070 1779 5130 qaid

455 5149 559 5210 3444444
569 5173 607 5184 --
617 5147 788 5198 iniuriarum?
803 5146 868 5211 Plus]
885 5147 945 5209 qnid
960 5147 1064 5208 (4444444
1079 5147 1114 5196 ad
1129 5147 1169 5196 ios
1183 5146 1254 5197 444444
1270 5150 1315 5197 ortt
1330 5146 1365 5195 od
1381 5146 1473 5196 actoris
1487 5146 1611 5196 4444444444
1626 5143 1778 5206 4444444444-

456 5223 651 5274 rnodcersionem
667 5225 718 5274 cies
734 5224 888 5274 iniuriarum
899 5222 957 5286 pios
973 5222 1007 5283 Ε;
1026 5222 1087 5285 quid
1102 5222 1207 5284 (4444444
1221 5222 1257 5272 od
1271 5222 1311 5272 444
1325 5221 1395 5271 444444
1412 5225 1457 5271 cut
1466 5220 1692 5271 nemrotioncm
1701 5224 1778 5280 otone

457 5298 696 5352 cncnauvrrstooen
711 5312 771 5367 apes
785 5297 1008 5362 intoriommptro
1023 5298 1058 5360 T,
1075 5297 1137 5363 qaid
1151 5296 1256 5360 (44444444
1270 5296 1305 5348 od
1319 5294 1776 5348 incommomodum
