4367 6109
454 603 496 672 8⁶
760 601 912 669 ORATIO
933 600 1012 669 PRO
1035 602 1074 681 Q.
1095 599 1242 667 ROSCIO
1264 596 1461 665 COMOEDO

453 774 615 859 indignius
646 779 752 857 potest
783 772 856 836 dici.
899 773 1025 849 Quaero
1054 769 1155 845 enim,
1189 769 1369 854 potueritne
1397 767 1530 831 Roscius
1556 778 1597 831 ex
1618 766 1773 830 societate

453 890 543 934 suam
564 875 685 952 partem
706 874 814 950 petere
836 868 957 930 necne?
990 865 1024 927 Si
1046 884 1111 927 non
1132 862 1253 946 potuit,
1277 861 1544 946 quemadmodum
1565 860 1717 926 abstulit?
1742 860 1772 925 si

451 963 572 1046 potuit,
600 961 868 1047 quemadmodum
894 980 959 1024 non
986 958 1046 1023 sihi
1072 958 1198 1040 exegit?
1230 958 1309 1018 Nam
1331 953 1419 1040 quod
1441 954 1502 1019 sihi
1523 957 1659 1039 petitur,
1686 964 1773 1021 certe

451 1056 542 1121 alteri
563 1076 628 1120 non
650 1056 795 1140 exigitur.
838 1052 889 1117 53.
910 1056 959 1117 An
981 1054 1025 1117 ita
1047 1053 1120 1115 estt
1142 1051 1169 1113 si
1191 1050 1279 1134 quod
1299 1049 1467 1113 universae
1480 1051 1643 1115 societatis
1657 1051 1773 1115 suisset

428 1149 598 1234 opetisset,
626 1150 713 1234 quod
741 1156 809 1213 tum
829 1149 992 1212 redactum
1014 1154 1098 1211 esset
1117 1146 1293 1229 aequaliter
1314 1163 1424 1208 omnes
1445 1146 1652 1228 partirentur:
1684 1166 1773 1209 nunc

450 1263 522 1307 cum
550 1243 680 1327 petierit
704 1244 792 1327 qnod
822 1263 899 1307 suae
928 1242 1026 1325 partis
1055 1246 1155 1314 esset,
1187 1258 1252 1302 non
1274 1240 1361 1323 quod
1384 1247 1451 1304 tum
1472 1239 1603 1303 abstulit
1624 1238 1686 1303 soli
1709 1239 1771 1303 sihi

450 1338 578 1423 exegit?
621 1336 733 1402 XVIII.
757 1336 842 1412 Quid
863 1336 995 1399 interest
1009 1336 1092 1397 inter
1107 1353 1198 1407 eum,
1222 1333 1277 1417 qui
1298 1353 1358 1416 per
1374 1353 1408 1396 se
1422 1333 1542 1417 litigat,
1568 1342 1699 1409 etcum,
1715 1335 1772 1418 qui

450 1433 594 1514 cognitor
614 1439 663 1494 est
684 1430 800 1493 datust
831 1429 893 1505 Qui
914 1450 972 1512 per
993 1450 1027 1493 se
1048 1430 1137 1492 litem
1158 1433 1367 1502 contestatur,
1389 1428 1451 1490 sihi
1473 1428 1533 1491 soli
1555 1428 1656 1511 petitr
1680 1429 1773 1493 alteri

449 1547 542 1592 nomo
564 1531 687 1611 potest,
709 1523 770 1587 nisi
794 1522 850 1608 qui
873 1522 1018 1605 cognitor
1039 1529 1087 1585 est
1108 1521 1219 1584 iactus.
1252 1521 1342 1584 Itane
1356 1524 1454 1585 vero‘t
1485 1520 1637 1604 Cognitor
1650 1522 1678 1585 si
1692 1522 1772 1585 iuis-

412 1633 440 1680 44
449 1628 497 1684 set
518 1627 609 1695 tuus,
641 1618 728 1702 quod
749 1617 877 1681 vicisset
904 1616 1023 1680 iudicio
1045 1616 1144 1679 serres
1166 1623 1264 1678 tuum.
1304 1617 1368 1679 Suo
1391 1616 1520 1680 nomine
1541 1616 1651 1699 petiit:
1683 1618 1772 1701 quod

448 1713 579 1778 obstulit
600 1713 677 1786 sihi,
699 1731 765 1775 non
787 1711 844 1774 tibi
867 1710 980 1793 exegit.
1015 1707 1065 1772 5l.
1089 1709 1183 1786 Quod
1198 1710 1225 1773 si
1240 1711 1410 1794 quisquam
1424 1718 1533 1793 petere
1548 1718 1656 1794 potest
1668 1712 1772 1788 alteri,

449 1808 505 1892 qui
527 1806 672 1888 cognitor
692 1825 758 1868 non
780 1812 828 1867 est
847 1803 966 1880 Iactus,
989 1823 1125 1888 quaero,
1157 1804 1234 1886 quid
1257 1804 1314 1879 ita,
1338 1825 1409 1866 cum
1430 1805 1594 1887 Panurgus
1616 1812 1702 1869 esset
1722 1806 1772 1868 in·

448 1900 597 1979 terfectus
626 1906 658 1962 et
681 1899 722 1963 lis
752 1903 927 1962 contestata
957 1919 1028 1962 cum
1055 1897 1164 1960 Flavio
1196 1897 1300 1960 damni
1323 1897 1438 1961 iniuria
1460 1906 1559 1973 esset,
1587 1898 1679 1961 tuin
1700 1916 1772 1962 eam

447 1992 536 2056 litem
558 1992 704 2075 cognitor
725 1991 830 2055 Roscii
853 1992 896 2054 sis
918 1991 1035 2055 iactus:
1059 2013 1130 2054 cum
1152 1991 1337 2074 praesertim
1360 2012 1399 2054 ex
1414 2000 1468 2056 tua
1483 1993 1644 2066 oratione,
1668 1992 1772 2075 quod-

410 2101 585 2171 tncumque
606 2086 664 2148 tibi
685 2093 826 2169 peteres,
847 2085 921 2148 huic
943 2094 1078 2168 peteres,
1100 2085 1322 2169 quodcumque
1345 2086 1402 2148 tibi
1424 2087 1585 2169 exigeres,
1608 2086 1641 2148 id
1662 2086 1698 2149 in
1719 2106 1772 2149 so-

448 2179 594 2246 cletatem
625 2182 790 2245 recideret.
834 2180 929 2254 Quod
956 2180 983 2243 si
1013 2181 1053 2243 ad
1076 2179 1224 2243 Roscium
1254 2179 1332 2241 nihil
1354 2182 1551 2263 perveniret,
1585 2182 1672 2265 quod
1696 2190 1772 2246 tua

448 2273 555 2337 Fluvio
576 2274 779 2349 abstulisses,
801 2274 863 2336 nisi
886 2280 916 2336 te
939 2274 972 2336 in
995 2294 1084 2337 suam
1105 2274 1194 2337 litem
1209 2274 1349 2337 dedisset
1362 2276 1574 2358 cognitorem,
1597 2276 1637 2338 ad
1651 2283 1683 2339 te
1698 2295 1771 2359 per-

383 2428 385 2432 ,
447 2367 556 2431 venire
578 2368 657 2432 nihil
680 2368 789 2443 debet,
821 2368 907 2451 quod
935 2368 1068 2431 Roscius
1097 2388 1155 2451 pro
1177 2386 1235 2430 sua
1256 2376 1345 2449 parte
1367 2370 1490 2451 exegit,
1522 2370 1673 2453 quoniam
1696 2375 1770 2432 tuus

449 2460 594 2543 cognitor
621 2480 687 2524 non
715 2467 764 2523 est
790 2460 901 2524 lactus.
945 2459 995 2523 55.
1025 2461 1110 2537 Quid
1138 2462 1223 2523 enim
1251 2461 1326 2524 huic
1347 2463 1394 2526 rei
1416 2464 1609 2545 respondere
1631 2463 1769 2544 poteris,

410 2554 571 2618 tol'annii
606 2555 685 2618 Cum
707 2555 746 2618 de
768 2574 827 2618 sua
848 2561 937 2637 parte
959 2556 1091 2619 Roscius
1114 2555 1267 2637 transegit
1288 2576 1359 2617 cum
1381 2556 1509 2629 Flavio,
1530 2558 1689 2620 actionem
1713 2557 1769 2621 tibi

448 2656 535 2713 tuam
556 2648 686 2733 reliquit
707 2668 748 2712 an
769 2653 857 2712 non‘l
892 2650 925 2711 Si
948 2670 1012 2712 non
1034 2650 1180 2733 reliquit,
1210 2651 1475 2731 quemadmodum
1498 2650 1557 2713 Hs
1580 2669 1710 2712 cccrono
1731 2652 1770 2715 ab

449 2762 487 2806 eo
507 2749 622 2826 postea
643 2742 799 2824 exegisti?
821 2742 848 2804 si
870 2743 1015 2827 reliquit,
1039 2742 1117 2826 quid
1138 2742 1177 2804 ab
1199 2741 1260 2804 hoc
1280 2743 1377 2824 petis,
1401 2744 1487 2827 quod
1501 2750 1604 2826 perte
1619 2744 1769 2829 persequi

449 2844 481 2902 et
501 2845 609 2921 petere
632 2836 749 2899 debes?
782 2836 949 2900 SImillima
963 2837 1047 2899 enim
1070 2843 1102 2899 et
1123 2836 1258 2898 maxime
1280 2837 1405 2918 gemina
1427 2837 1561 2900 societas
1582 2838 1769 2902 hereditatis

449 2938 506 2995 est.
551 2930 825 3006 Quemadmodum
846 2932 952 2994 socius
973 2930 1007 2992 in
1029 2929 1180 2992 societate
1201 2929 1297 2993 habet
1317 2938 1456 3013 partem,
1479 2932 1524 2994 sic
1544 2931 1638 2996 heres
1660 2933 1694 2996 in
1715 2932 1770 2996 he·

412 3026 582 3089 acreditate
606 3024 702 3087 hahet
728 3031 861 3108 partem.
905 3024 944 3087 Ut
971 3023 1063 3086 heres
1086 3023 1146 3085 sihi
1173 3024 1249 3099 soli,
1278 3044 1343 3087 non
1365 3024 1574 3089 coheredibus
1596 3030 1694 3110 petit,
1724 3030 1769 3093 sic

449 3120 555 3185 socius
586 3118 646 3182 sibi
674 3117 752 3194 soli,
783 3137 848 3179 non
876 3117 972 3180 sociis
999 3116 1094 3199 petit3
1128 3125 1160 3180 et
1187 3119 1453 3201 quemadmodum
1475 3127 1609 3203 uterque
1630 3142 1690 3204 pro
1713 3143 1770 3186 sua

449 3222 538 3299 parte
559 3214 654 3296 petit,
676 3212 722 3276 sic
742 3233 801 3297 pro
824 3231 882 3276 sua
902 3218 992 3294 parte
1014 3211 1174 3274 dissolvit:
1202 3211 1295 3276 heres
1317 3233 1358 3275 ex
1379 3234 1437 3277 sua
1457 3222 1564 3298 parte,
1594 3234 1658 3298 qua
1678 3214 1769 3279 here·

450 3309 580 3372 ditatem
601 3305 696 3381 adiit,
725 3306 830 3370 socius
852 3326 893 3368 ex
915 3325 968 3380 ea,
998 3325 1061 3388 qua
1082 3305 1265 3369 societatem
1289 3307 1376 3369 coiit.
1419 3305 1470 3369 56.
1494 3308 1769 3384 Quemadmodum

450 3420 539 3463 suam
565 3406 686 3483 partem
715 3400 848 3462 Roscius
869 3419 928 3463 suo
951 3399 1078 3461 nomine
1101 3399 1281 3464 condonare
1303 3402 1408 3483 potuit
1428 3403 1555 3477 Flavio,
1586 3410 1621 3467 ut
1643 3424 1713 3467 eam
1735 3412 1769 3466 tu

413 3508 515 3556 utnon
537 3501 679 3576 peteres:
709 3493 771 3568 sic,
794 3514 866 3556 cum
888 3493 995 3575 exegit
1016 3512 1106 3555 suam
1128 3498 1250 3574 partem
1272 3502 1304 3557 et
1325 3494 1382 3558 tihi
1405 3496 1559 3579 integram
1580 3497 1769 3580 petitIonem

450 3585 596 3669 reliquit,
618 3593 722 3649 tecum
743 3589 854 3670 partiri
870 3608 936 3651 non
950 3586 1057 3661 debet,
1079 3587 1141 3649 nisi
1158 3586 1238 3650 forte
1253 3593 1288 3649 tu
1303 3608 1452 3670 perverso
1467 3610 1555 3653 more
1572 3590 1659 3674 quod
1673 3589 1769 3654 huius

451 3686 499 3741 est
519 3679 558 3741 ab
580 3678 643 3742 alio
667 3688 857 3764 extorquere
879 3701 943 3745 non
964 3689 1071 3764 potes,
1099 3680 1175 3743 huic
1204 3681 1325 3763 eripere
1355 3690 1455 3764 potes.
1499 3685 1621 3748 Perstat
1641 3686 1676 3749 in
1698 3676 1769 3749 sen·

450 3772 550 3836 tentia
572 3773 731 3848 Saturius,
754 3774 978 3858 quodcumque
1001 3776 1060 3837 sibi
1081 3781 1169 3858 petat
1191 3776 1313 3850 socius,
1335 3776 1368 3838 id
1390 3777 1550 3840 societatis
1572 3774 1650 3840 fieri.
1674 3776 1769 3853 Quod

452 3864 478 3929 si
501 3867 545 3929 ita
566 3873 628 3941 est,
651 3887 724 3951 qua,
746 3869 878 3942 malum,
900 3868 1033 3931 stultitia
1047 3869 1108 3933 fuit
1120 3870 1263 3944 Roscius,
1283 3870 1339 3954 qui
1355 3890 1395 3933 ex
1409 3871 1488 3934 iuris
1503 3872 1677 3954 peritorum
1694 3891 1769 3935 con·

414 3958 524 4023 ussilio
547 3966 579 4022 et
599 3961 785 4024 auctoritate
807 3962 1046 4044 restipularetur
1067 3983 1086 4025 a
1107 3964 1227 4026 Fannio
1250 3963 1433 4046 diligenter,
1462 3971 1513 4039 ut,
1537 3966 1624 4049 quod
1646 3967 1673 4029 is
1696 3986 1769 4030 exe-

452 4052 550 4134 gisset
570 4072 590 4115 a
609 4052 734 4129 Flavio,
762 4054 926 4117 dimidiam
947 4062 1068 4138 partem
1089 4057 1151 4120 sihi
1173 4057 1374 4135 dissolveret,
1402 4060 1430 4122 si
1453 4060 1581 4144 quidem
1604 4060 1674 4124 sine
1695 4082 1769 4125 cau·

517 4326 542 4378 2.
560 4325 766 4389 quemadmodum
782 4323 902 4374 obstulit?
918 4325 1034 4387 sipotos't
1050 4337 1103 4375 om.
1121 4323 1182 4386 βΜ.
1204 4354 1231 4363 -
1250 4325 1273 4377 4.
1292 4326 1314 4375 rt
1330 4326 1403 4391 qaod]
1421 4327 1443 4375 44·
1460 4327 1520 4388 quid
1535 4328 1623 4378 aGA.
1639 4355 1667 4365 —
1685 4328 1710 4379 s.
1725 4342 1768 4391 po·

452 4402 528 4452 tttssct
543 4404 573 4453 Α.
594 4429 622 4438 -
639 4401 700 4464 tom]
717 4414 775 4451 com
790 4398 937 4460 chMA.
964 4400 1120 4451 Emendavil
1136 4403 1274 4453 Manutius.
1294 4429 1321 4439 -
1339 4401 1475 4466 reductam]
1500 4406 1619 4453 ccoctrcn
1634 4416 1698 4455 cum
1714 4405 1769 4455 Ms-

453 4476 525 4526 nutio
542 4478 569 4526 L.
590 4503 618 4512 -
635 4489 712 4537 nunc,
736 4476 800 4541 cum]
822 4476 943 4538 namquid
962 4473 1109 4536 orthMA.
1136 4476 1292 4528 EmendavR
1311 4478 1450 4529 Manutius.
1472 4505 1499 4515 -
1526 4478 1551 4530 o.
1568 4492 1619 4530 44444
1634 4480 1702 4541 quod
1716 4485 1769 4532 tam

454 4551 567 4601 Renotus
580 4550 744 4601 Marcholus:
761 4552 882 4614 compoto
897 4565 954 4601 casm
970 4549 1123 4612 chMA,
1141 4566 1192 4602 son
1207 4554 1272 4615 qood
1289 4566 1350 4604 cum
1362 4553 1476 4604 Manutio
1493 4553 1577 4609 LRO.
1592 4582 1620 4593 -
1638 4555 1663 4606 ’4.
1679 4555 1768 4618 puro]

452 4624 579 4678 Lambino
596 4625 639 4675 hic
657 4628 683 4676 et
698 4638 760 4676 mox
776 4625 918 4690 legendum
934 4626 1073 4678 videbatur
1085 4640 1135 4689 pro
1150 4641 1215 4677 44.-
1234 4633 1257 4677 et
1273 4642 1328 4678 scm
1341 4630 1413 4691 qor'G
1430 4628 1514 4691 (dors.
1524 4632 1557 4681 ‘ct
1572 4642 1629 4681 444444
1644 4625 1704 4692 quis
1716 4643 1767 4693 mg.

453 4699 492 4763 tt:
510 4701 586 4761 etqui
597 4699 699 4755 acto.
714 4728 741 4737 -
753 4701 882 4767 cognitore
894 4703 937 4752 dct
947 4700 998 4763 αβ,
1011 4702 1162 4765 cognitorem
1172 4704 1216 4752 dot
1227 4705 1311 4753 GMA.
1331 4703 1486 4754 Emendavit
1496 4704 1635 4755 Manutius.
1648 4703 1770 4769 (coguitor

453 4778 526 4826 dctus
541 4788 594 4825 om.
607 4780 642 4825 444
657 4774 771 4828 lllotzius
788 4777 830 4828 ed.
843 4776 897 4839 ott.)
912 4806 939 4814 -
957 4779 981 4830 8.
993 4777 1038 4827 solt
1054 4777 1099 4827 ribi
1109 4793 1137 4828 α.
1153 4807 1179 4815 -
1198 4779 1222 4829 9.
1236 4778 1368 4842 coguitor?
1379 4779 1461 4840 factus
1476 4775 1505 4840 β,
1523 4780 1675 4843 cognituros
1689 4779 1771 4842 foetor

453 4854 487 4904 M.
508 4878 535 4888 -
554 4851 593 4901 40.
612 4856 690 4902 tom
708 4866 765 4902 cum
780 4866 824 4903 4444
841 4855 868 4904 L.
890 4881 917 4890 -
932 4855 994 4916 peut
1010 4854 1100 4902 cGM.
1116 4880 1143 4889 -
1163 4854 1202 4904 tt.
1221 4853 1277 4915 4444,
1295 4854 1406 4903 nonsibi
1423 4853 1527 4918 coegit?
1543 4866 1606 4905 cum
1623 4855 1769 4906 llotomano

453 4929 481 4978 1..
497 4955 524 4964 -
542 4926 622 4990 octgtt
636 4924 698 4987 βΜ.
719 4954 746 4963 -
765 4927 805 4977 43.
823 4933 851 4977 444
865 4928 901 4987 tn]
920 4933 973 4978 tum
989 4929 1023 4988 G,
1041 4932 1093 4976 tom
1109 4928 1135 4975 io
1151 4924 1213 4987 βΜ.
1233 4956 1260 4964 -
1280 4928 1320 4978 43.
1338 4928 1395 4977 huic
1407 4934 1503 4990 peteres
1520 4943 1573 4979 om.
1592 4930 1618 4980 M
1635 4933 1662 4980 et
1678 4942 1769 4981 errore

454 5005 556 5068 typogr.
575 5000 601 5056 i.
622 5030 649 5039 -
667 5003 709 5053 st.
727 5001 805 5066 tuom]
816 5007 862 5052 44444
871 4999 900 5063 β.
916 5030 943 5039 -
961 5003 1002 5053 22.
1015 5015 1043 5051 co
1054 5003 1080 5051 in
1092 5001 1167 5052 lituro
1179 5018 1207 5052 α.
1220 5031 1246 5040 -
1260 5004 1305 5054 444
1322 5003 1346 5053 in
1358 5001 1435 5053 lituro
1446 5018 1475 5053 a.
1488 5031 1514 5041 —
1527 5004 1568 5054 23.
1582 5004 1679 5055 44444444
1690 5017 1770 5056 manu

452 5078 538 5141 prims
549 5092 577 5127 α.
593 5104 619 5114 -
638 5077 678 5128 st.
697 5077 773 5142 444444]
790 5077 871 5127 cluss
886 5074 914 5137 β.
935 5103 962 5113 -
980 5078 1113 5128 hereditate
1128 5078 1156 5140 β.
1172 5107 1199 5116 -
1218 5080 1258 5130 28.
1276 5080 1392 5129 rocs'etotc
1402 5076 1431 5139 β.
1447 5107 1473 5115 -
1492 5079 1532 5130 33.
1550 5080 1638 5146 socios]
1654 5079 1730 5130 4444444
1738 5095 1768 5131 α.

456 5178 483 5188 -
502 5151 542 5202 34.
561 5166 623 5214 quc,
640 5153 744 5215 motolo,
761 5152 865 5203 4444444444
879 5152 928 5216 soit
944 5153 1051 5215 Roscius,
1069 5156 1111 5217 qut
1127 5170 1188 5207 curn
1204 5155 1318 5206 Manutio
1330 5156 1364 5205 0:
1383 5168 1456 5217 quoe,
1471 5155 1575 5217 4444444444,
1586 5156 1691 5207 4444444444
1699 5154 1770 5220 usit?

454 5230 554 5279 Roscios
569 5230 613 5291 coi
627 5229 784 5296 4449644443,
801 5243 880 5292 quw,
903 5228 1010 5291 44444444,
1027 5230 1131 5281 4444444444
1147 5232 1196 5294 suit
1211 5230 1304 5291 Roscii,
1323 5231 1367 5293 qut
1382 5230 1409 5282 l..
1430 5258 1458 5269 -
1476 5230 1517 5283 33.
1535 5230 1564 5299 ir]
1581 5231 1633 5282 sior
1647 5228 1767 5294 ROMA.

457 5328 484 5341 ·-
503 5304 543 5356 36.
561 5304 698 5373 testum]
716 5307 764 5356 «L.
782 5304 835 5357 44444
850 5303 927 5355 dim.»
944 5315 997 5367 mg.
1015 5302 1043 5361 2.
1061 5330 1089 5343 -
1112 5305 1241 5361 dittolvtro
1255 5305 1348 5365 cGM.
