4367 6109
783 584 1099 652 enus-xxa.
1127 581 1356 674 sees-ee.
1684 580 1725 647 44

413 759 545 823 cautior.
578 756 673 835 Quod
694 757 720 821 si
741 755 813 819 luce
835 775 964 841 quoque
988 776 1081 820 canes
1103 756 1234 829 latrent,
1257 776 1329 819 cum
1350 756 1427 818 dees
1442 753 1613 818 salutatum
1626 754 1725 839 aliqui

411 855 571 930 venerint,
598 852 727 936 opinor,
756 849 795 912 iis
825 869 917 912 crura
944 851 1185 931 subringentur,
1215 849 1301 932 qued
1329 869 1417 912 acres
1439 850 1502 913 sint
1522 848 1617 912 etiam
1643 856 1725 922 tum,

413 971 485 1012 cum
513 947 655 1031 suspicio
684 945 772 1008 nulla
793 943 843 1006 sit
888 940 938 1005 57.
961 943 1127 1006 Simillima
1149 951 1197 1005 est
1217 951 1435 1007 accusatorum
1457 943 1547 1007 ratio.
1589 943 1652 1006 Alii
1673 963 1726 1005 ve·

413 1052 511 1106 strum
533 1059 660 1104 anseres
681 1046 771 1113 sunt,
794 1037 850 1121 qui
873 1036 1089 1100 tantummodo
1113 1036 1262 1110 clamant,
1284 1058 1400 1101 necere
1414 1058 1478 1101 nou
1500 1046 1650 1121 possunt:
1672 1036 1726 1099 alii

414 1157 526 1210 canes,
548 1135 604 1218 qui
626 1140 658 1195 ot
676 1132 790 1195 latrare
813 1138 844 1194 et
866 1130 1010 1193 mordere
1031 1138 1176 1211 possunt.
1221 1131 1344 1194 Cibaria
1365 1132 1456 1194 vobis
1477 1131 1619 1213 praeberi
1641 1130 1764 1193 vide-o

413 1250 503 1294 mus:
525 1249 583 1292 ves
604 1234 709 1289 autem
731 1225 866 1288 maxime
889 1223 1011 1287 debetis
1033 1223 1066 1284 in
1088 1243 1143 1285 ees
1165 1223 1317 1306 impetum
1338 1224 1459 1299 iacere,
1481 1225 1536 1308 qui
1558 1231 1726 1288 merentur.

413 1324 482 1388 llec
504 1320 623 1407 popule
645 1321 857 1404 gratissimum
879 1327 938 1382 est.
980 1319 1101 1382 Deinde
1124 1319 1151 1380 si
1172 1318 1301 1391 voletis,
1335 1318 1429 1381 etiam
1456 1327 1540 1393 tum,
1569 1339 1639 1382 eum
1660 1318 1726 1382 veri

414 1419 517 1482 simile
539 1415 599 1479 erit
619 1414 758 1498 aliquem
780 1413 989 1486 commisisse,
1012 1412 1044 1474 in
1067 1412 1248 1494 suspicione
1270 1413 1426 1475 latratete.
1458 1412 1494 1474 ld
1509 1433 1637 1497 quoque
1653 1434 1728 1478 eon·

415 1511 484 1575 cedi
505 1516 620 1594 potest.
653 1509 709 1572 Sin
731 1516 835 1589 autem
857 1508 904 1570 sic
925 1507 1041 1588 agetis,
1064 1514 1099 1568 ut
1120 1507 1258 1590 arguatis
1273 1506 1413 1590 aliquem
1428 1514 1548 1589 patrem
1563 1508 1727 1581 eccidisse,

414 1624 518 1689 neque
540 1603 646 1666 dicere
667 1603 796 1687 possitis
818 1609 873 1666 aut
894 1621 992 1686 quare
1014 1607 1069 1664 aut
1091 1621 1156 1684 que
1176 1600 1288 1674 modo,
1310 1621 1346 1664 ac
1362 1602 1578 1666 tantummode
1593 1604 1660 1667 sine
1675 1624 1728 1667 su·
1737 1613 1764 1662 44

414 1699 557 1782 spiciene
578 1696 748 1772 latrabitis,
771 1716 862 1760 crura
883 1695 1012 1780 quidem
1033 1695 1124 1759 vobis
1145 1715 1239 1758 nemo
1261 1695 1440 1778 suffringet,
1462 1696 1518 1758 sed
1540 1694 1567 1759 si
1590 1716 1647 1778 ege
1667 1695 1727 1760 hes

414 1792 495 1856 bene
517 1791 609 1866 novi,
631 1792 766 1855 litteram
788 1790 891 1865 illam,
914 1790 966 1853 cui
987 1810 1045 1853 ves
1066 1809 1169 1872 usque
1191 1810 1229 1854 ee
1252 1789 1373 1852 inimici
1395 1789 1487 1863 estis,
1509 1795 1546 1852 ut
1559 1790 1652 1852 etiam
1667 1790 1729 1853 Ka·

415 1886 523 1950 tendas
546 1906 656 1950 omnes
679 1885 826 1959 oderitis,
858 1886 901 1947 ita
923 1884 1125 1947 vehementer
1145 1883 1185 1947 ad
1207 1891 1302 1966 caput
1322 1879 1464 1965 affigent,
1486 1890 1523 1947 ut
1543 1891 1654 1966 postea
1674 1904 1730 1947 ne·

415 1972 532 2044 minem
560 1980 657 2043 alium
686 1980 747 2042 nisi
781 1979 922 2042 fortunas
950 1987 1071 2042 vestras
1100 1998 1248 2041 accusare
1281 1978 1420 2060 possitis.
1463 1978 1550 2040 xxl.
1571 1975 1622 2039 58.
1644 1978 1729 2054 Quid

415 2076 493 2139 mihi
523 2074 562 2138 ad
593 2073 826 2137 defendendum
858 2071 991 2145 dedisti,
1019 2070 1103 2134 bone
1132 2075 1317 2134 accusatori
1350 2071 1428 2154 quid
1455 2071 1542 2134 hisce
1564 2079 1668 2135 autem
1690 2072 1730 2135 ad
1739 2083 1767 2132 44

416 2168 664 2253 suspicandum?
695 2167 742 2229 Ne
764 2165 1022 2239 exheredaretur,
1043 2165 1163 2228 veritus
1185 2172 1242 2228 est.
1272 2165 1395 2241 hudio;
1417 2166 1473 2229 sed
1498 2185 1562 2249 qua
1583 2167 1622 2231 de
1637 2185 1731 2231 causa

415 2266 517 2329 vereri
539 2261 697 2335 debuerit,
718 2279 812 2323 neme
828 2259 914 2322 dicit.
944 2257 1089 2322 Habebat
1109 2264 1199 2342 pater
1212 2259 1246 2321 in
1260 2260 1376 2323 anime.
1409 2260 1540 2323 Planum
1554 2260 1614 2326 fac.
1646 2261 1731 2325 Nihil

418 2366 480 2433 est;
502 2378 584 2432 nou,
608 2358 739 2441 quicum
761 2355 957 2427 deliberarit,
980 2374 1074 2437 quem
1097 2353 1263 2417 certiorem
1284 2353 1411 2428 fecerit,
1431 2355 1516 2419 unde
1538 2355 1622 2420 istud
1641 2356 1731 2421 vobis

417 2453 569 2535 suspicari
601 2452 634 2515 in
663 2457 799 2514 mentem
825 2449 957 2512 venerit.
1001 2448 1078 2510 Cum
1106 2446 1168 2510 hec
1189 2446 1286 2510 medo
1307 2467 1456 2523 accusas,
1481 2449 1594 2526 Eruci,
1625 2471 1731 2515 nenne

416 2546 478 2610 hoc
492 2546 597 2630 palam
611 2546 710 2610 dicis:
731 2547 817 2628 Ege,
840 2541 1124 2628 quidacceperim,
1146 2541 1230 2616 scie,
1252 2541 1330 2624 quid
1346 2540 1464 2618 dicam,
1485 2544 1612 2620 nescio;
1633 2552 1769 2609 unumtt

416 2638 496 2704 illud
518 2640 672 2723 spectavi,
696 2641 783 2723 qued
805 2640 1028 2722 Chrysogonus
1050 2635 1170 2709 aiebat,
1204 2636 1362 2698 neminem
1384 2637 1436 2700 isti
1458 2646 1625 2720 patronum
1646 2638 1733 2704 iutu-

416 2755 503 2809 rum,
525 2734 565 2797 de
585 2734 741 2798 benonim
763 2733 923 2816 emptione
945 2731 1049 2814 deque
1071 2749 1109 2793 ea
1130 2730 1280 2793 societate
1302 2730 1460 2795 neminem
1483 2752 1568 2808 esse,
1590 2734 1645 2818 qui
1663 2752 1733 2797 rer-

416 2827 492 2892 bum
512 2827 616 2893 tacere
637 2829 768 2893 auderet
788 2829 849 2891 hec
872 2834 1022 2909 tempere.
1050 2825 1136 2887 llaec
1157 2831 1189 2887 te
1211 2824 1320 2908 opinio
1342 2825 1422 2889 salsa
1435 2827 1469 2888 in
1483 2827 1575 2889 istam
1589 2826 1732 2891 fraudem

418 2921 552 3005 impulit.
589 2925 661 2986 Non
689 2943 739 2986 me
766 2921 912 2986 hercules
933 2919 1071 2982 verbum‘
1085 2914 1232 2994 secis'ses,
1259 2919 1287 2983 si
1310 2920 1368 2984 tibi
1390 2939 1581 3005 quemquam
1601 2940 1733 3004 respen-

419 3038 526 3081 susum
547 3025 702 3099 putasses.
1741 3023 1770 3073 te

501 3109 553 3173 59.
580 3111 702 3194 Operae
723 3109 861 3194 pretium
882 3117 964 3183 erat,
993 3108 1020 3173 si
1041 3107 1322 3182 animadvertistis,
1349 3107 1488 3183 iudices,
1510 3108 1733 3193 negligentiam

420 3204 489 3269 eius
515 3206 549 3269 iu
578 3203 756 3269 accusando
787 3202 996 3267 considerare.
1041 3202 1160 3277 Crede,
1189 3223 1260 3265 cum
1280 3203 1427 3277 vidisset,
1458 3204 1514 3287 qui
1534 3205 1679 3269 homines
1700 3204 1734 3267 in

418 3300 506 3364 hisce
527 3300 687 3365 subselliis
709 3298 871 3372 sederent,
894 3298 1073 3381 quaesisse,
1097 3317 1174 3360 num
1194 3296 1250 3359 ille
1271 3305 1327 3360 aut
1347 3297 1401 3360 ille
1423 3296 1611 3363 defensurus
1633 3308 1733 3376 esset3

420 3395 459 3457 de
482 3415 531 3460 me
553 3415 593 3458 ne
615 3394 809 3477 suspicatum
832 3391 959 3475 quidem
982 3412 1068 3465 esse,
1091 3390 1180 3474 qued
1193 3399 1286 3454 antea
1300 3411 1427 3455 causam
1441 3391 1601 3475 publicam
1614 3394 1734 3458 nullam

420 3487 563 3551 dixerim.
605 3490 813 3570 Posteaquam
843 3486 963 3549 invenit
991 3485 1150 3550 neminem
1172 3504 1301 3560 cerum,
1329 3486 1384 3570 qui
1411 3493 1547 3570 possunt
1568 3495 1601 3551 et
1621 3488 1772 3562 solentne

419 3583 465 3646 ita
496 3582 657 3665 negligens
690 3600 759 3644 esse
791 3579 913 3662 coepit,
943 3588 994 3655 ut,
1026 3599 1097 3643 eum
1126 3578 1161 3641 in
1189 3587 1326 3643 mentem
1346 3581 1471 3645 reniret
1498 3580 1544 3656 ei,
1573 3581 1735 3658 resideret,

420 3675 534 3739 deinde
556 3676 761 3758 spatiaretur,
784 3693 1022 3758 nonnumquam
1044 3673 1139 3736 etiam
1160 3693 1294 3757 puerum
1314 3682 1459 3749 voearet,
1481 3674 1590 3751 erede,
1613 3676 1664 3740 cui
1685 3696 1736 3740 ee·

420 3789 493 3833 nam
514 3769 696 3851 imperaret,
717 3789 848 3853 prorsus
869 3776 905 3831 ut
925 3774 1031 3833 vestre
1053 3787 1205 3831 consessu
1227 3773 1259 3829 et
1278 3767 1340 3831 hee
1362 3775 1520 3832 conventu
1541 3789 1599 3853 pre
1615 3789 1737 3834 summa

421 3862 592 3927 solitudine
613 3864 804 3927 abuteretur.
847 3862 947 3924 llllll.
971 3859 1415 3945 60.1>er0ravitaliquand0,
1439 3862 1567 3927 assedit.
1607 3864 1736 3926 Surrexi

422 3976 491 4040 ege.
525 3957 691 4041 llespirare
712 3958 799 4020 visus
822 3963 885 4032 est,
908 3955 994 4040 qued
1016 3975 1081 4018 non
1102 3954 1183 4018 alius
1205 3955 1313 4037 petius
1329 3956 1455 4020 diceret.
1500 3957 1599 4041 Coepi
1620 3957 1774 4022 dicereas
1853 3979 1859 3990 .

421 4051 527 4135 Usque
549 4070 587 4114 ee
609 4050 831 4126 animadverti,
853 4049 994 4124 iudices,
1016 4068 1088 4111 eum
1110 4048 1209 4111 iocari
1231 4055 1326 4133 atque
1348 4049 1428 4114 alias
1449 4070 1499 4114 res
1520 4069 1628 4135 agere,
1650 4059 1737 4114 4444-

392 4301 395 4306 ,
487 4237 511 4286 4.
530 4237 586 4287 dees
602 4249 661 4288 ue:
679 4236 724 4286 dee
739 4238 773 4297 G;
791 4249 819 4286 ee
835 4237 893 4286 lla.
913 4234 1064 4287 «Glossema
1076 4248 1167 4285 veram
1178 4235 1335 4300 scripturam
1346 4233 1406 4287 leco
1418 4234 1548 4296 demovit;
1566 4237 1738 4301 nequeenim

422 4313 485 4376 pete
502 4311 583 4363 tuisse
601 4313 658 4364 dces
673 4326 701 4363 44
717 4312 877 4362 4444444444.»
895 4313 956 4361 Gau.
969 4310 994 4360 Ξ.
1016 4337 1042 4346 -
1061 4310 1085 4360 Ξ.
1104 4310 1135 4359 iis
1152 4322 1205 4360 om.
1219 4311 1248 4360 G.
1269 4337 1294 4349 -
1315 4311 1390 4361 444444
1405 4324 1462 4361 4444
1477 4316 1531 4362 tum
1546 4312 1575 4361 G.
1596 4338 1622 4348 -
1642 4310 1666 4361 3.
1683 4308 1737 4374 atis]

421 4385 457 4437 44ῑ
473 4389 502 4437 G.
523 4413 549 4425 -
576 4384 600 4438 4.
619 4392 701 4437 444444
716 4387 788 4437 44444
804 4400 829 4436 4.
850 4413 877 4423 -
905 4386 928 4436 6.
952 4386 979 4434 44
1002 4398 1058 4435 euos
1073 4385 1091 4433 i.
1108 4384 1128 4448 1.
1147 4384 1190 4447 qui
1205 4390 1314 4436 44444444
1329 4399 1355 4436 4.
1375 4413 1402 4423 -
1424 4386 1449 4437 t.
1466 4385 1643 4451 prouissisown
1658 4386 1687 4436 G.
1708 4412 1735 4422 -

421 4461 493 4511 oettis
508 4475 536 4521 χ.
557 4487 584 4498 -
609 4460 633 4510 8.
657 4461 764 4524 utiquam
785 4461 881 4523 ailquid
900 4459 1047 4510 commisisse
1063 4458 1132 4510 ceni.
1151 4459 1256 4510 lletom.
1276 4486 1304 4495 -
1327 4461 1365 4510 40.
1383 4461 1436 4511 sine
1451 4460 1593 4526 mspicieoc]
1611 4461 1678 4511 haec
1694 4474 1736 4509 vv.

422 4539 453 4586 ut
468 4533 585 4600 glossam
600 4549 660 4586 444.
679 4537 847 4586 tantummode
863 4533 976 4585 delenda
994 4536 1156 4585 censuerunt
1171 4533 1292 4585 Benecke
1309 4533 1335 4583 in
1352 4547 1440 4600 progr.
1460 4538 1554 4587 Pesen.
1573 4535 1644 4587 4833.
1668 4548 1694 4600 p.
1712 4534 1736 4586 8.

423 4614 451 4662 et
466 4611 560 4663 Rarius
572 4612 602 4661 44.
619 4624 646 4676 p.
661 4610 715 4663 ist.
737 4638 764 4647 -
785 4613 825 4662 43.
843 4611 900 4661 liei.
919 4622 1001 4660 444444
1012 4608 1130 4671 Pighius,
1149 4608 1225 4660 cuius
1237 4607 1450 4661 emendationem
1461 4614 1568 4676 praeter
1578 4610 1737 4662 scholiastae

423 4684 623 4752 explicationem
641 4685 745 4737 flrmaut
755 4687 808 4737 MC
826 4685 946 4736 4444444444
958 4683 983 4748 (i.
998 4696 1021 4733 e.
1034 4683 1091 4733 Kal.
1105 4682 1193 4747 omnis)
1211 4684 1238 4733 et
1251 4685 1310 4733 Per.
1323 4684 1347 4732 4.
1360 4682 1384 4734 4.
1403 4685 1452 4734 444.
1470 4699 1553 4736 444444
1569 4685 1736 4737 exhibentes:

422 4762 541 4812 44444444
556 4763 590 4821 G,
608 4761 738 4811 4444444444
753 4761 855 4822 torn,
874 4762 932 4810 Per.
950 4759 974 4810 3.
993 4758 1029 4819 3.,
1046 4771 1103 4819 va3
1120 4772 1164 4809 444
1179 4771 1261 4809 omnes
1278 4770 1305 4818 c,
1324 4756 1380 4809 Pel.
1395 4759 1419 4809 4.
1434 4787 1462 4797 -
1481 4760 1521 4811 43.
1539 4761 1640 4825 emeat
1656 4760 1737 4810 llic:

422 4837 547 4901 4444444444
563 4836 662 4887 GCTu
685 4834 742 4900 (sed
766 4835 838 4886 CTa
854 4833 927 4899 4444
953 4833 1089 4896 antioceni
1104 4846 1135 4893 v;
1161 4833 1263 4898 afflugit
1278 4846 1312 4894 χ;
1337 4834 1435 4898 empsit
1450 4836 1505 4898 444,
1531 4835 1645 4900 effugari
1660 4836 1689 4886 li.
1709 4861 1737 4870 -

423 4909 463 4963 44.
480 4915 576 4960 4444444
592 4922 645 4960 om.
659 4912 688 4961 G.
702 4936 729 4946 -
749 4911 789 4960 45.
808 4909 868 4960 boos
884 4922 966 4958 44444.
978 4920 1032 4958 em.
1045 4908 1074 4958 G.
1089 4934 1116 4944 -
1135 4908 1170 4957 ud
1184 4907 1374 4971 supplicandum
1389 4923 1467 4973 ecque
1482 4910 1538 4960 eat.
1552 4911 1581 4960 G.
1596 4937 1623 4946 -
1642 4910 1682 4960 48.
1695 4908 1740 4959 34-

422 4985 563 5037 tiberoosrit
579 4985 612 5045 C;
639 4985 782 5036 3444444444
798 4985 867 5046 Gli,
885 4983 987 5044 tou,
1005 4995 1054 5033 ve.
1075 5009 1103 5019 -
1121 4984 1162 5033 43.
1180 4997 1272 5033 444444
1288 4985 1317 5033 G.
1337 5009 1364 5019 -
1383 4984 1425 5035 20.
1444 4985 1523 5035 dicitis
1539 4986 1568 5035 G.
1589 5010 1615 5019 —
1634 4983 1675 5034 ts.
1693 4997 1740 5033 444-

424 5061 490 5111 44444
505 5061 550 5111 bec
566 5060 781 5122 ternporsGllv:
799 5059 844 5109 444
860 5063 933 5120 torp.
952 5057 1011 5106 aad.
1028 5068 1081 5118 ac,
1100 5056 1162 5108 edd.
1175 5056 1244 5122 vulg.
1259 5085 1287 5094 -
1304 5056 1398 5110 34444
1412 5058 1740 5110 hercuissGliCllltSa:

423 5135 641 5187 mebercuievc.
657 5162 684 5171 -
702 5133 742 5185 it.
760 5133 875 5199 44444444]
893 5132 1006 5183 benesG.
1022 5158 1048 5167 -
1067 5132 1109 5184 28.
1128 5134 1259 5196 4444444444
1275 5134 1334 5194 Gv,
1352 5131 1484 5185 4οη-
1502 5132 1543 5184 29.
1560 5132 1599 5198 44]
1615 5147 1666 5184 sou
1682 5135 1737 5185 Gr.

427 5238 454 5248 -
472 5210 570 5274 qiidsos
584 5221 634 5261 esso
651 5208 769 5271 Gltva,
788 5209 888 5270 eeu„
907 5208 978 5257 Perr.
998 5205 1111 5270 (sedtv
1127 5209 1209 5272 444444
1227 5221 1280 5259 em.
1299 5220 1350 5260 csse
1366 5209 1419 5260 Oc.
1434 5235 1461 5246 -
1480 5213 1538 5260 4444
1552 5220 1578 5258 s.
1594 5233 1620 5244 -
1639 5207 1679 5259 34.
1697 5220 1739 5260 44-

425 5286 567 5335 ssemGL:
585 5281 790 5349 eesmvulgo.
812 5310 839 5321 -
859 5281 899 5336 33.
917 5283 1113 5347 sperma.
1133 5307 1161 5323 -
1179 5281 1417 5346 444441444444.
1436 5281 1679 5336 4444444444.
