4367 6109
449 563 514 632 386
809 565 853 630 lli
872 564 1039 631 manau
1057 563 1182 631 acmo
1204 563 1390 630 saeuum

330 760 332 764 ⁴
451 759 509 804 eos
530 738 599 803 sine
614 734 740 800 consilii
754 734 912 800 sententia
927 754 985 798 sua
999 742 1112 819 sponte
1127 735 1215 799 omni
1229 733 1389 818 supplicio
1403 732 1560 798 liberarit
1592 726 1650 795 49.
1672 727 1783 808 Quidl

450 831 478 896 si
499 829 620 914 aliquid
641 829 681 892 ab
701 828 873 911 Apollonio
899 829 1105 892 commissum
1127 835 1191 903 est,
1212 829 1445 913 quamobrem
1465 829 1500 891 in
1521 847 1595 893 eam
1616 826 1692 891 iure
1713 826 1783 889 ani·

449 925 712 989 madvertcretur:
740 928 887 987 tamenne
915 923 1000 985 hanc
1027 944 1095 991 rem
1117 922 1163 986 sic
1184 943 1330 1006 agemus,
1358 931 1394 987 ut
1415 922 1539 987 crimini
1560 929 1618 987 aut
1637 920 1780 986 invidiae

449 1037 504 1082 reo
525 1024 672 1102 putemus
694 1035 764 1080 esse
785 1024 943 1100 oportere,
965 1016 993 1078 si
1015 1037 1079 1101 quo
1103 1017 1143 1080 dc
1156 1016 1287 1081 bomine
1303 1019 1446 1081 severius
1459 1016 1670 1082 iudicaveritl
1707 1015 1781 1078 Non

427 1124 541 1195 tagam
562 1119 626 1175 tam
646 1112 775 1176 acerbe:
802 1131 868 1175 non
895 1118 965 1174 utar
985 1111 1046 1173 ista
1073 1110 1269 1174 accusatoria
1299 1109 1546 1185 consuetudine,
1575 1110 1603 1175 si
1627 1108 1710 1195 quid
1731 1115 1781 1173 est

448 1206 566 1271 factum
587 1207 773 1284 clementer,
799 1212 837 1268 ut
857 1204 1010 1269 dissolute
1032 1201 1150 1265 lactum
1172 1204 1334 1280 criminer;
1361 1205 1388 1268 si
1410 1204 1489 1289 quid
1511 1204 1709 1270 vindicatum
1731 1212 1781 1268 est

448 1321 568 1376 severe,
589 1309 625 1364 ut
645 1310 687 1364 ex
708 1318 747 1364 eo
769 1298 964 1363 crudelitatis
985 1296 1137 1361 invidiam
1158 1296 1315 1380 colligam.
1347 1301 1419 1362 Non
1440 1318 1530 1383 aqum
1552 1299 1614 1363 ista
1634 1300 1779 1364 ratione:

448 1403 503 1460 tua
523 1414 639 1479 sequar
659 1394 792 1467 iudicia,
814 1401 900 1457 tuam
922 1391 1088 1456 delendam
1111 1393 1347 1468 auctoritatem,
1369 1394 1475 1477 quoad
1497 1401 1533 1456 tu
1553 1393 1660 1472 roles3
1682 1391 1780 1457 simul

448 1509 486 1553 ac
506 1494 574 1555 tute
597 1487 739 1574 coeperis
760 1494 815 1552 tua
842 1487 959 1552 iudicia
980 1484 1177 1559 rescindere,
1207 1485 1284 1549 mibi
1305 1506 1489 1550 suscensere
1511 1487 1659 1552 desinite.
1704 1487 1780 1550 lleo

413 1583 518 1660 sciprc
546 1584 631 1646 enim
658 1581 849 1646 contendam
878 1601 969 1656 eum,
1003 1580 1059 1663 qui
1087 1599 1147 1642 suo
1174 1579 1292 1644 iudicio
1320 1581 1484 1647 damnatus
1513 1583 1571 1658 sit,
1598 1582 1781 1646 iuratorum

447 1678 588 1742 iudicum
610 1676 773 1741 sententiis
795 1675 939 1739 damnari
960 1681 1117 1757 oportere.
1160 1670 1212 1736 20.
1234 1676 1306 1736 Non
1327 1675 1494 1739 delendam
1515 1675 1682 1759 Apollonii
1705 1695 1781 1740 ceu-

449 1791 535 1845 sam,
566 1769 660 1834 amici
687 1776 783 1853 atque
810 1769 945 1852 hospitis
975 1769 1054 1842 mei,
1082 1787 1124 1831 ne
1152 1776 1241 1831 tuum
1271 1768 1423 1832 iudicium
1444 1769 1554 1832 ridear
1573 1769 1779 1833 rescindere:

448 1863 529 1928 nihil
560 1864 599 1927 de
626 1861 765 1926 bominis
794 1863 990 1947 frugalitate,
1018 1863 1150 1936 virtute,
1179 1861 1344 1944 diligentia
1373 1863 1494 1926 dicam:
1525 1865 1780 1946 praetermittam

394 1968 396 1973 ’
449 1956 530 2021 illud
552 1958 658 2030 etiam,
680 1955 719 2019 de
741 1976 806 2040 quo
828 1964 901 2020 ante
924 1957 1001 2030 dixi,
1022 1955 1167 2019 fortunas
1182 1955 1252 2018 eius
1267 1956 1310 2018 ita
1326 1956 1514 2019 constitutas
1527 1956 1629 2020 luisse
1642 1955 1780 2032 familia,

414 2062 580 2135 sepecore,
609 2049 708 2125 villis,
739 2051 890 2136 pecuniis
912 2050 1055 2124 creditis,
1085 2056 1121 2112 ut
1150 2048 1269 2112 nemini
1298 2049 1403 2112 minus
1432 2049 1597 2132 expediret
1617 2050 1722 2114 ullum
1742 2051 1780 2114 in

448 2144 559 2223 Sicilia
579 2141 747 2207 tumultum
770 2152 824 2207 aut
850 2144 968 2208 bellum
989 2140 1196 2208 commoveri:
1225 2163 1288 2205 non
1318 2143 1421 2207 dicam
1448 2163 1490 2206 ne
1517 2142 1598 2207 illud
1631 2143 1779 2230 quidem,

448 2241 476 2306 si
494 2239 634 2303 maxime
655 2239 688 2302 in
711 2237 804 2322 culpa
824 2237 920 2302 luerit
939 2237 1145 2321 Apollonius,
1167 2243 1273 2299 mmen
1294 2237 1328 2299 in
1348 2236 1509 2300 hominem
1529 2237 1779 2304 honestissimae

448 2332 585 2399 civitatis
605 2330 865 2395 honestissimum
886 2339 951 2396 tum
972 2332 1110 2413 graviter
1131 2328 1338 2393 animadverti
1360 2350 1455 2394 cause
1468 2330 1587 2396 indicta
1600 2352 1667 2396 non
1682 2352 1781 2417 opor-

438 2428 557 2504 tuisse.
599 2420 651 2489 2⁴.
679 2424 805 2489 Nullam
827 2426 860 2488 in
882 2424 1085 2503 teinvidiam
1107 2443 1148 2487 ne
1170 2443 1211 2486 ex
1233 2423 1298 2487 illis
1327 2424 1457 2508 quidem
1478 2425 1574 2488 rebus
1596 2426 1780 2501 concitabo,

412 2531 528 2585 aoeum'
548 2525 632 2584 esset
658 2517 731 2584 talis
757 2519 806 2583 vir
826 2519 860 2582 in
882 2538 1023 2592 carcere,
1053 2518 1088 2581 in
1117 2517 1271 2592 tenebris,
1299 2518 1334 2581 iu
1360 2519 1525 2603 squalore,
1553 2519 1588 2583 in
1617 2520 1780 2595 sordibus,

447 2612 619 2698 tyrannicis
640 2611 817 2676 interdictis
838 2613 902 2677 tuis
923 2612 1006 2697 patri
1028 2619 1137 2676 exacta
1159 2619 1261 2675 aetate
1283 2619 1317 2675 et
1337 2612 1533 2677 adolescenti
1553 2609 1621 2676 filio
1636 2613 1781 2678 adeundi

447 2707 488 2773 ad
509 2708 600 2771 illum
621 2705 770 2769 miserum
790 2712 980 2790 potestatem
1001 2724 1175 2789 numquam
1197 2725 1267 2769 esse
1288 2705 1413 2769 laetam.
1448 2706 1552 2771 Etiam
1573 2707 1654 2772 illud
1683 2727 1781 2792 prae-

446 2802 570 2877 teribo,
601 2802 866 2884 quotiescumque
895 2801 1084 2863 Pauormum
1107 2799 1232 2862 veneris
1261 2799 1319 2863 illo
1346 2820 1431 2864 anno
1453 2808 1487 2864 et
1514 2820 1573 2865 sex
1601 2802 1780 2878 mensibus,

448 2892 530 2978 (nam
551 2900 616 2972 tam
638 2893 695 2956 diu
714 2893 776 2957 luit
796 2892 987 2977 Apollonius
1008 2894 1042 2958 in
1064 2891 1210 2975 carcere)
1240 2894 1334 2958 toties
1356 2901 1387 2957 te
1414 2901 1557 2958 senatuum
1578 2897 1780 2961 Panormita-

411 3004 522 3053 renum
543 2987 648 3052 adisse
671 2988 846 3071 supplicem
867 3008 938 3051 cum
960 2987 1192 3070 magistratibus
1214 2988 1496 3072 sacerdotibusque
1510 2989 1659 3072 publicis,
1681 3010 1780 3055 oren·

449 3088 630 3166 temetque
652 3081 884 3155 obsecrantem,
907 3081 1136 3166 utaliquando
1158 3082 1214 3145 ille
1235 3084 1447 3166 miseratque
1468 3084 1622 3148 innocens
1644 3085 1779 3149 calami·

449 3182 512 3242 tate
539 3176 595 3240 illa
621 3174 817 3244 liberaretur.
867 3175 1025 3259 Relinque
1052 3176 1132 3239 baec
1161 3178 1283 3241 omnia:
1316 3196 1399 3260 quae
1428 3179 1455 3240 si
1483 3178 1579 3242 velim
1611 3180 1778 3265 persequi,

447 3270 541 3336 iacile
563 3266 727 3335 ostendam
747 3275 802 3333 tua
824 3268 1008 3333 crudelitate
1036 3269 1070 3332 in
1096 3268 1176 3333 alios
1198 3290 1309 3334 omnes
1331 3271 1390 3334 tibi
1410 3271 1516 3335 aditus
1537 3272 1779 3339 misericordiae

448 3365 588 3430 iudicum
609 3365 672 3430 iam
692 3361 817 3446 pridem
838 3382 908 3427 esse
929 3363 1122 3447 praeclusos.
1158 3365 1214 3426 lx.
1235 3361 1287 3427 22.
1310 3365 1425 3428 Omnia
1446 3365 1503 3429 tibi
1524 3366 1586 3429 ista
1600 3368 1778 3432 concedam

411 3467 482 3524 etet
501 3459 668 3523 remittam.
709 3457 864 3521 Provideo
888 3458 983 3534 enim,
1004 3456 1082 3541 quid
1104 3458 1145 3521 sit
1166 3458 1353 3522 defensurus
1375 3459 1574 3524 Hortensius.
1613 3463 1780 3527 Fatebitur

449 3554 533 3638 apud
560 3552 656 3615 istum
683 3570 788 3635 neque
817 3558 1011 3616 senectutem
1040 3554 1138 3636 patris
1168 3573 1275 3635 neque
1304 3552 1552 3617 adolescentiam
1580 3555 1640 3620 lilii
1666 3577 1778 3642 neque

448 3644 592 3710 lacrimas
613 3645 779 3728 utriusque
799 3645 873 3728 plus
893 3646 1031 3710 valuisse
1052 3666 1148 3730 3444444
1169 3646 1337 3711 utilitatem
1359 3645 1556 3730 salutemque
1574 3651 1778 3733 provinciae:

448 3739 532 3803 dicet
561 3738 813 3822 rempublicam
841 3737 1054 3826 administrari
1087 3740 1157 3804 sine
1185 3748 1271 3803 metu
1298 3760 1336 3804 ac
1364 3741 1532 3805 severitate
1562 3761 1629 3807 non
1660 3763 1777 3829 posses

449 3839 598 3916 quaeret,
620 3851 715 3915 quam
729 3832 771 3896 ob
785 3853 853 3896 rem
872 3832 973 3898 lasces
987 3834 1187 3917 praetoribus
1201 3834 1435 3918 praeferantur,
1458 3854 1514 3898 cur
1528 3856 1656 3902 secures
1670 3838 1778 3920 datae,

411 3942 507 3992 accur
527 3944 633 3989 carcer
653 3923 846 4002 aedificatus,
868 3946 924 3989 cur
945 3933 991 3990 tot
1012 3927 1168 4011 supplicia
1188 3928 1253 3991 sint
1273 3929 1307 3992 in
1329 3928 1489 4013 improbos
1510 3949 1597 3993 more
1618 3931 1778 3996 maiorum

450 4019 642 4085 constituta?
686 4019 775 4096 Quae
798 4040 870 4083 cum
891 4021 997 4084 omnia
1017 4021 1153 4104 graviter
1173 4041 1347 4108 severeque
1369 4022 1501 4097 dixerit,
1528 4043 1697 4108 quaeram,
1718 4044 1778 4088 cur

449 4113 534 4178 hune
563 4113 698 4198 eundem
722 4113 928 4197 Apollonium
959 4114 1073 4178 Verres
1100 4114 1185 4180 idem
1206 4125 1352 4201 repente,
1379 4116 1468 4181 nulla
1494 4136 1531 4181 re
1558 4137 1644 4183 nora
1668 4117 1777 4194 allata,

450 4207 537 4272 nulla
564 4206 766 4283 defensione,
795 4207 864 4271 sine
893 4227 988 4274 causa
1015 4208 1054 4271 de
1076 4228 1200 4274 carcere
1222 4211 1323 4276 emitti
1344 4211 1491 4276 iusserit?
1522 4218 1709 4298 tantumque
1739 4212 1777 4277 in

390 4535 393 4541 ·
515 4515 540 4566 2.
558 4514 591 4565 ob
605 4513 652 4578 Ap.
670 4515 767 4577 44444444
782 4512 846 4565 dett.
865 4515 894 4565 0.
909 4537 937 4551 ·-
950 4528 1039 4566 comm.
1056 4521 1117 4567 44444
1132 4517 1212 4581 4433.
1225 4542 1253 4553 -
1266 4518 1322 4570 ture
1337 4518 1365 4567 444
1380 4530 1437 4568 eeu
1454 4517 1490 4568 63
1508 4518 1616 4571 detto.
1631 4545 1659 4558 -·
1671 4519 1697 4572 4.
1709 4521 1778 4572 44444-

451 4594 521 4642 cnret
535 4589 618 4654 4329ς
635 4590 756 4640 4444444444
771 4588 837 4639 dett.
856 4590 885 4640 0.
904 4615 932 4627 -
951 4592 975 4640 b.
994 4591 1015 4640 44
1031 4593 1098 4654 quod
1112 4592 1191 4656 bagg.
1208 4596 1316 4658 praeter
1332 4590 1373 4642 42.
1387 4618 1414 4628 -
1428 4593 1453 4643 7.
1471 4605 1554 4646 secere
1569 4600 1605 4647 cst
1620 4595 1685 4648 dett.
1699 4597 1729 4648 0.
1743 4622 1775 4634 -

452 4668 477 4719 9.
488 4678 626 4717 4444444444
636 4666 670 4717 ll:
687 4677 828 4715 succensere
838 4665 903 4715 0.-
918 4667 958 4716 40.
970 4666 1026 4716 tare
1041 4668 1107 4718 444444
1118 4667 1164 4717 lts
1175 4667 1253 4731 lagg.
1266 4679 1373 4718 omnes:
1393 4669 1459 4719 44444
1468 4671 1525 4722 turc
1534 4671 1580 4722 ctt.
1594 4671 1665 4722 0.-
1682 4672 1777 4723 coede-

451 4741 627 4792 444444444444.
641 4741 671 4790 0.
685 4767 712 4776 -
726 4741 767 4789 44.
779 4740 937 4790 4444444444.
952 4765 981 4778 -
992 4739 1185 4802 Apollonia-
1197 4742 1237 4793 40.
1248 4741 1404 4806 multatis
1416 4744 1445 4794 44.
1457 4769 1486 4782 -
1506 4743 1546 4796 tl.
1562 4746 1680 4798 44444404
1698 4751 1777 4799 oeten

453 4816 517 4867 dett
535 4817 565 4867 0.
578 4840 605 4852 -
619 4814 660 4865 t't.
676 4815 753 4878 444444
768 4815 796 4865 444
811 4815 886 4878 aspa
902 4816 979 4879 4329.
993 4841 1020 4851 -
1033 4815 1089 4866 bos.
1108 4816 1156 4867 444.
1172 4814 1275 4881 boacca]
1291 4817 1443 4869 4444444444
1458 4820 1589 4871 mecam
1604 4821 1672 4872 44444.
1689 4821 1777 4874 4444444-

451 4892 543 4941 44444444
557 4890 592 4950 44;
610 4888 775 4941 tonatim
789 4891 1060 4943 muocncesoboccst.
1074 4891 1126 4953 Gt,
1142 4892 1685 4946 mommorenciacensem.
1698 4896 1773 4947 0.-

453 4965 494 5017 40.
512 4963 657 5028 oportuisset
673 4965 703 5015 44.
723 4988 750 4998 -
770 4963 810 5014 49.
832 4964 953 5015 4444444444
974 4966 1001 5015 to
1017 4969 1041 5015 tc
1060 4965 1126 5017 dett.
1145 4967 1174 5017 0.
1193 4994 1223 5005 -
1240 4968 1282 5020 23.
1300 4970 1516 5031 quotcumque
1531 4971 1561 5021 44.
1580 4997 1607 5008 -
1626 4975 1650 5022 44
1664 4970 1719 5036 rec]
1740 4984 1776 5023 etc

452 5041 534 5092 eccll
551 5039 602 5101 (ll,
620 5051 653 5090 ec
669 5039 705 5089 et
722 5038 769 5090 Ld.
788 5064 817 5076 -
835 5038 877 5092 24.
894 5041 922 5090 44
937 5039 1172 5103 concresceret
1186 5042 1215 5092 0.
1230 5043 1354 5094 -tcll³:
1372 5045 1517 5096 odtcdett.
1531 5046 1560 5096 0.
1574 5045 1776 5109 -lbpsdltctt

453 5128 507 5167 om.
525 5114 604 5179 2329.
624 5139 652 5151 -
670 5115 711 5166 27.
728 5115 870 5178 4440434444
886 5114 951 5167 dett.
968 5116 997 5166 0.
1011 5142 1039 5153 -
1058 5117 1102 5175 28,
1118 5117 1204 5168 4444444
1218 5117 1249 5169 a.
1262 5144 1291 5155 -
1305 5119 1347 5170 29.
1365 5118 1409 5169 titt
1425 5120 1461 5172 440
1478 5118 1495 5170 λ
1511 5122 1593 5186 agat:
1610 5121 1689 5187 tpttrrr
1705 5120 1773 5172 dett.

454 5189 484 5240 0.
503 5215 530 5227 -
550 5190 591 5242 30.
610 5189 729 5254 prootdeo
746 5189 782 5241 444
799 5187 829 5252 λ,
851 5189 893 5241 elli
916 5191 954 5255 (ut
968 5204 996 5257 p.
1013 5191 1080 5244 blur.
1100 5191 1125 5257 8.
1142 5190 1328 5256 acroam,
1352 5195 1542 5259 3444444444»
1557 5196 1612 5261 atel:
1635 5196 1774 5261 praevideo

454 5260 1013 5328 rataowaaotccacanooett.
1034 5266 1478 5334 florulentum-ecesse
1498 5269 1564 5324 dett.
1582 5271 1613 5322 0.
