4367 6109
447 575 509 646 tlt
809 580 853 645 IN
873 580 1041 645 VERREM
1061 579 1186 646 acuo
1206 580 1391 646 SECUNDA

447 749 547 814 simus
578 748 787 813 existimetur.
829 744 880 810 95.
902 746 1096 813 Confirmant
1123 749 1184 833 ipsi
1212 768 1264 824 se,
1295 769 1368 813 cum
1396 749 1449 814 hic
1469 750 1567 815 etism
1588 756 1658 815 tun
1680 751 1776 815 seni·

447 862 577 908 somnus
598 848 755 925 stuperet:
782 861 869 905 arma
890 843 1034 926 capiunt:
1071 849 1172 906 totum
1193 843 1298 907 lorum
1320 851 1417 928 atque
1439 844 1596 919 40004000,
1618 863 1708 930 quas
1727 853 1776 908 est

447 937 535 1000 urbis
556 954 669 1017 magna
689 955 780 1017 pars,
809 936 979 1019 complent.
1022 938 1121 1001 Unam
1151 937 1238 1000 illam
1258 944 1385 1001 noctem
1406 938 1506 1002 solam
1527 937 1713 1022 praedones
1733 937 1775 1001 ad

447 1029 598 1093 Helorum
619 1029 814 1103 commorati,
837 1049 907 1092 cum
928 1028 1087 1094 fumantes
1110 1033 1205 1094 etiam
1225 1039 1350 1095 nostras
1368 1052 1465 1096 naves
1477 1024 1702 1116 reliquissent,
1721 1049 1776 1093 uo·

423 1121 560 1187 tccdere
581 1121 737 1205 incipiunt
757 1123 938 1206 Syracusas.
971 1123 1034 1199 Qui
1055 1123 1206 1188 videlicet
1226 1142 1321 1208 saepe
1342 1124 1508 1209 audissent
1520 1123 1602 1188 nibil
1615 1140 1689 1187 csse
1702 1121 1777 1206 pul-

448 1214 554 1279 abrius
576 1236 671 1299 quam
694 1217 922 1301 Syracusarum
944 1218 1071 1283 moenia
1091 1238 1130 1282 ac
1150 1225 1280 1302 portus,
1302 1226 1477 1284 statuerant
1497 1240 1548 1293 ss,
1570 1219 1597 1281 si
1619 1237 1660 1282 ea
1674 1217 1775 1282 Verre

447 1317 592 1392 praetore
614 1330 679 1375 non
701 1310 872 1387 vidissent,
894 1331 1068 1396 numquam
1088 1332 1160 1376 esse
1174 1311 1310 1377 visuros.
1342 1314 1504 1377 XXXVII.
1525 1309 1577 1376 96.
1598 1313 1646 1375 Ac
1667 1311 1776 1395 primo

446 1403 487 1469 00
516 1403 572 1468 illa
598 1406 720 1469 aestiva
745 1405 901 1489 praetoris
928 1404 1101 1479 accedunt,
1128 1407 1230 1490 ipsam
1252 1406 1338 1469 illam
1360 1406 1401 1470 sd
1422 1415 1544 1490 partem
1564 1406 1690 1481 litoris,
1716 1404 1776 1469 ulri

444 1496 507 1561 iste
533 1517 590 1581 per
614 1518 673 1563 eos
695 1497 765 1562 dies
786 1499 998 1563 tabernaculis
1019 1501 1132 1583 positis
1153 1508 1257 1564 castra
1276 1500 1423 1566 luxuriae
1444 1501 1622 1566 0044000004.
1668 1500 1775 1579 Quen

410 1597 655 1675 mposteaquam
682 1593 810 1657 inanem
836 1593 939 1657 locum
969 1593 1170 1658 offenderunt
1197 1601 1230 1658 04
1258 1604 1437 1679 praetorem
1463 1591 1640 1660 commosse
1669 1615 1713 1659 ex
1734 1612 1776 1657 so

447 1683 520 1748 loco
543 1692 644 1750 castra
664 1693 849 1762 senscrunt,
871 1687 976 1751 statim
998 1689 1066 1751 sins
1087 1688 1154 1752 ullo
1176 1697 1261 1753 metu
1284 1690 1318 1752 in
1340 1690 1443 1773 ipsum
1458 1697 1585 1773 portum
1602 1697 1777 1774 penetms

448 1789 629 1865 coepenmt.
672 1780 750 1846 Cum
773 1782 806 1845 in
827 1790 954 1864 portum
975 1782 1065 1859 dico,
1086 1783 1225 1858 iudices,
1255 1780 1500 1867 (explanandum
1521 1792 1570 1848 est
1591 1785 1678 1848 enim
1700 1781 1777 1847 dili·

448 1875 573 1960 000000
594 1897 703 1942 eorum
725 1897 837 1952 causa,
858 1877 914 1960 qui
936 1877 1042 1941 locum
1063 1875 1235 1960 ignorant.)
1256 1879 1289 1941 in
1311 1877 1421 1940 urbem
1437 1877 1618 1962 dicoatquo
1632 1877 1668 1939 in
1681 1875 1777 1939 urbis

448 1970 590 2034 intimam
612 1980 733 2056 partem
754 1971 881 2035 venisse
901 1973 1030 2054 piratas.
1061 1973 1133 2034 Non
1156 1972 1240 2034 enim
1261 1977 1355 2054 portu
1378 1970 1458 2033 illud
1479 1972 1632 2057 oppidum
1651 1970 1778 2035 claudi-

410 2073 440 2123 u
449 2071 514 2139 tur,
535 2063 592 2127 sed
613 2065 692 2128 urbe
714 2073 824 2149 portus
845 2066 914 2149 ipse
935 2065 1073 2148 cingitur
1094 2075 1127 2129 et
1148 2066 1344 2139 continetur,
1366 2072 1488 2129 utnon
1508 2066 1672 2130 alluantur
1692 2068 1778 2131 mari

448 2160 574 2222 moenia
606 2167 763 2235 extrema,
795 2159 851 2224 sed
884 2161 953 2245 ipse
978 2161 1090 2224 induat
1117 2161 1151 2224 in
1179 2160 1266 2223 urbis
1296 2160 1399 2224 sinum
1421 2167 1541 2244 portus.
1583 2157 1635 2225 94.
1658 2161 1722 2224 llic
1744 2169 1778 2225 te

448 2261 594 2334 praetore
615 2253 768 2317 Heracleo
790 2253 892 2337 pirata
913 2275 986 2317 cum
1005 2261 1156 2337 quattuor
1168 2254 1416 2338 myoparonibus
1429 2255 1535 2339 parvis
1549 2256 1589 2319 ad
1603 2255 1778 2321 arbitrium

449 2366 541 2410 suum
562 2347 733 2429 navigavit.
775 2349 835 2411 Pro
865 2348 898 2411 di
925 2347 1140 2411 immortalesl
1169 2347 1321 2430 piraticus
1349 2367 1517 2433 myoparo,
1545 2368 1617 2412 cum
1645 2347 1778 2432 imperii

449 2440 559 2524 populi
587 2440 719 2505 Romani
741 2461 857 2507 nomen
879 2462 916 2506 nc
937 2442 1039 2506 400000
1060 2449 1170 2505 essent
1190 2442 1370 2527 Syracusis,
1399 2461 1503 2525 usque
1523 2442 1564 2505 ad
1582 2442 1692 2506 ionum
1716 2442 1779 2525 Sy·

411 2541 673 2599 ttmcusanorum
694 2542 727 2600 st
746 2535 788 2599 ad
810 2555 920 2600 omnes
942 2535 1120 2620 crepidines
1141 2535 1230 2599 urbis
1250 2536 1400 2609 accessit,
1422 2554 1616 2619 quousque
1637 2533 1778 2598 Kartha·

450 2628 640 2711 giniensium
662 2629 910 2713 gloriosissimae
931 2629 1064 2706 classes,
1093 2649 1166 2694 curn
1187 2630 1266 2691 mari
1286 2629 1457 2712 plurimum
1480 2634 1643 2712 poterant,
1664 2627 1779 2692 multis

447 2720 540 2785 bellis
561 2741 656 2806 saepe
677 2731 818 2799 conatae,
840 2743 991 2808 umquam
1005 2725 1167 2809 adspirare
1185 2730 1365 2806 potuerunt,
1387 2741 1492 2805 neque
1510 2722 1622 2804 populi
1636 2719 1777 2784 Romani

449 2815 567 2880 invicta
595 2827 668 2881 ante
696 2826 727 2882 te
757 2826 932 2902 praetorem
961 2820 1063 2902 gloria
1083 2820 1140 2883 illa
1161 2818 1282 2882 navalis
1303 2837 1454 2902 umquam
1474 2823 1523 2878 tot
1543 2815 1672 2881 Punicis
1693 2815 1778 2879 Siai·

448 2909 666 2995 liensibusque
694 2913 786 2977 bellis
812 2922 978 2999 penetrare
1007 2915 1128 2997 potuit:
1159 2913 1215 2997 qui
1237 2912 1327 2974 locus
1348 2913 1417 2974 eius
1439 2909 1526 2973 modi
1547 2917 1612 2984 est,
1640 2916 1678 2972 ut
1698 2917 1777 2973 ante

411 3005 637 3088 ttSyracusani
659 3008 692 3069 in
715 3009 879 3073 moenibus
901 3010 984 3084 suis,
1014 3009 1046 3071 in
1069 3009 1167 3082 urbe,
1196 3008 1230 3069 in
1250 3004 1321 3068 loro
1342 3005 1466 3068 bostem
1487 3010 1644 3067 armatum
1666 3021 1705 3066 ac
1727 3002 1777 3065 ri-

450 3107 583 3173 ctorem,
608 3120 702 3185 quam
724 3102 757 3165 in
778 3111 872 3190 portu
894 3103 990 3167 ullam
1011 3102 1156 3165 bostium
1176 3119 1294 3193 navem.
1309 3099 1456 3163 viderint.
1486 3095 1538 3161 98.
1559 3097 1620 3160 Hic
1633 3103 1667 3160 40
1681 3116 1777 3182 0000-

449 3199 518 3256 tore
550 3194 746 3278 praedonum
774 3197 937 3262 naviculae
963 3202 1150 3282 pervagatae
1178 3200 1270 3267 sunt,
1304 3212 1368 3276 quo
1395 3189 1638 3255 Atheniensium
1660 3190 1777 3255 classis

515 3489 539 3538 l.
557 3487 596 3537 440
612 3485 721 3538 44349ε
745 3486 863 3546 400044.;
889 3487 936 3536 4040
952 3485 985 3536 00
1003 3481 1095 3535 bamb.
1114 3482 1182 3532 coni.
1201 3481 1231 3531 0.
1254 3504 1282 3516 -
1306 3479 1467 3530 000ιὲ000000
1482 3477 1672 3541 uulgaris:
1698 3480 1777 3530 00004-

448 3563 540 3614 somas't
555 3563 592 3614 Gt
609 3562 674 3614 dett.
690 3589 716 3599 -
735 3564 759 3612 0.
778 3563 859 3625 040004
871 3562 959 3626 plancis
974 3564 1082 3622 stuperet
1098 3558 1130 3607 V.
1150 3557 1211 3621 (440.)
1226 3583 1252 3593 -
1271 3555 1295 3606 3.
1313 3555 1400 3621 maru]
1417 3567 1479 3604 uam
1489 3554 1521 3604 V.
1534 3579 1562 3589 -
1581 3552 1662 3603 rotam
1677 3558 1777 3627 000400

450 3638 515 3688 0044.
534 3638 562 3688 0.
578 3664 605 3673 -
623 3636 648 3688 4.
666 3636 779 3686 Pelorum
796 3636 875 3688 codd.
889 3663 917 3672 -
934 3636 1054 3699 [00000440
1064 3635 1096 3683 V.
1117 3660 1143 3669 -
1162 3644 1239 3681 00000
1253 3635 1352 3680 corbas
1367 3630 1444 3693 4049.
1461 3654 1488 3665 -
1506 3629 1531 3678 4.
1550 3629 1692 3691 syrannum
1710 3625 1777 3679 4434

451 3712 492 3775 (ct.
511 3714 553 3764 lV.
572 3713 596 3778 4.
609 3715 665 3764 409.
684 3712 748 3764 Phil.
761 3714 803 3764 lli.
822 3715 863 3775 40,
874 3712 940 3777 idi:
958 3713 992 3762 00
1001 3707 1175 3773 9000000009
1192 3708 1268 3770 (Βο),
1287 3705 1351 3756 dett.
1370 3705 1399 3755 0.
1421 3701 1460 3754 Cl.
1473 3701 1540 3753 inira
1556 3703 1581 3768 fi.
1594 3703 1651 3754 409.
1663 3700 1732 3755 Phil.
1742 3704 1774 3754 11.

449 3788 474 3852 5.
495 3789 551 3839 400.
577 3787 617 3839 Ad
634 3789 793 3840 sententiam
809 3787 873 3853 quid
889 3787 1005 3848 intersit,
1028 3787 1109 3851 patet.
1131 3811 1157 3821 —
1183 3783 1226 3846 qui
1242 3795 1295 3833 om.
1315 3781 1397 3844 4009;
1420 3793 1478 3828 cum
1495 3779 1573 3841 naga.
1591 3775 1648 3828 rell.
1669 3803 1697 3813 —
1715 3778 1777 3840 004-

449 3862 563 3913 criusV.
583 3887 611 3898 -
630 3863 653 3913 6.
672 3863 796 3914 0044304
818 3862 949 3914 00000044.
968 3863 997 3913 0.
1019 3889 1045 3899 -
1069 3861 1095 3912 0.
1113 3857 1326 3923 004440]44404Ι.
1345 3881 1373 3892 -
1400 3855 1424 3905 9.
1441 3853 1645 3917 0000004009.
1666 3880 1693 3889 -
1713 3866 1776 3903 coa-

449 3939 547 3989 locaret
563 3939 627 3999 ilV;
653 3939 781 3990 collocarit
797 3940 881 4003 4049ς
906 3938 1035 3988 0044000044
1051 3934 1129 3998 iata.
1149 3959 1176 3968 -
1204 3933 1245 3983 40.
1263 3942 1395 3981 commate
1410 3928 1461 3979 ua:
1487 3927 1645 3978 00040οω4040
1660 3926 1683 3976 V
1700 3927 1776 3991 (440),

451 4013 515 4064 0044.
534 4014 563 4064 0.
584 4038 611 4049 -
635 4015 675 4064 44.
697 4019 799 4078 portum
814 4016 896 4077 400004
912 4013 977 4063 0044.
996 4013 1025 4062 0.
1046 4037 1073 4048 -
1093 4010 1133 4061 40
1152 4008 1215 4072 dico]
1232 4008 1337 4068 4000000
1351 4004 1429 4068 ugit.
1450 4029 1478 4041 -
1495 4003 1562 4053 00404
1577 4015 1631 4052 om.
1649 4000 1720 4065 4044
1731 4002 1776 4053 09.

453 4116 480 4130 ·-
500 4089 540 4140 43.
558 4090 613 4141 dico
629 4103 683 4141 om.
702 4091 785 4142 Maius
804 4090 865 4152 (oon
881 4090 904 4138 V
921 4090 988 4139 teste
1005 4086 1068 4148 440).
1089 4110 1116 4120 -
1140 4082 1180 4134 44.
1198 4083 1321 4132 internam
1337 4081 1399 4130 4444.
1419 4106 1447 4116 -
1474 4078 1515 4128 tt.
1533 4077 1672 4128 0004400400
1687 4077 1726 4129 443
1737 4077 1774 4126 V:

450 4165 605 4216 concluditur
621 4164 686 4216 0044.
704 4165 734 4214 0.
753 4190 781 4199 -
799 4177 849 4213 ooo
864 4163 928 4212 040
946 4164 1035 4212 contra
1053 4158 1132 4210 codd.
1150 4184 1177 4193 —
1196 4157 1331 4207 abluantur
1346 4152 1410 4206 4434
1428 4156 1469 4217 (ex
1484 4153 1635 4214 0040004400,
1653 4153 1683 4202 ut
1694 4153 1776 4204 estin

451 4240 490 4300 Vl.
511 4266 538 4278 —
556 4241 623 4291 mari
639 4237 763 4291 atvar
784 4239 830 4289 Ld.
850 4234 1098 4302 (p.u1aoc.5.6a.):
1118 4245 1171 4283 om.
1190 4232 1240 4292 0ος
1258 4245 1276 4281 0
1291 4232 1359 4282 mari
1374 4229 1481 4280 00440.
1500 4252 1529 4265 -
1546 4229 1598 4290 ipre
1614 4226 1698 4278 lth:
1718 4239 1775 4278 om.

451 4314 516 4367 dett.
536 4316 565 4366 0.
586 4341 613 4351 -
632 4316 673 4366 ta.
688 4315 777 4378 pirata
792 4313 828 4363 443
839 4314 874 4362 V:
898 4311 1057 4373 archipirata
1071 4310 1137 4361 dett.
1155 4310 1185 4360 0.
1206 4335 1234 4344 -
1257 4311 1375 4368 00044000
1396 4304 1478 4356 habet
1494 4305 1574 4354 eiiam
1590 4302 1622 4354 V.
1641 4329 1670 4341 -
1684 4304 1778 4364 paruis

451 4403 534 4452 00000.
553 4390 583 4440 V.
603 4415 632 4426 -
651 4390 692 4441 48.
709 4402 848 4452 0400000004
864 4386 910 4438 443.
931 4413 957 4422 -
976 4386 1074 4448 imperii
1086 4398 1146 4447 pop.
1165 4386 1234 4435 44000.
1253 4381 1300 4434 444
1313 4382 1380 4446 igis
1398 4378 1439 4443 (cl.
1453 4378 1539 4431 iladv.
1552 4391 1580 4442 p.
1592 4377 1657 4439 39.);
1674 4377 1779 4441 40400044

448 4467 574 4531 00004004
589 4465 639 4525 03;
657 4466 790 4529 inparium
803 4478 862 4528 000.
881 4464 908 4513 ll.
928 4461 992 4513 dett.
1011 4461 1044 4517 0;
1061 4461 1122 4523 imp.
1139 4461 1167 4510 P.
1179 4461 1207 4511 44.
1221 4458 1275 4522 (sic)
1292 4459 1329 4518 V,
1347 4456 1418 4508 unde
1434 4454 1516 4507 Klotz.
1534 4454 1603 4504 coni.
1615 4453 1779 4516 0000004040

448 4543 536 4606 populi
552 4544 580 4592 44.
599 4541 676 4606 prob.
695 4539 780 4592 Halm.
807 4538 855 4604 [Cl.
879 4551 959 4602 supra
976 4535 1010 4587 de
1028 4535 1125 4586 eodem
1142 4532 1302 4598 compendio
1319 4532 1354 4582 ad
1370 4531 1394 4595 S.
1413 4529 1453 4582 94.
1470 4542 1497 4580 v.
1515 4530 1556 4580 03.
1582 4529 1611 4578 ln
1629 4529 1650 4578 44
1666 4530 1710 4579 art
1725 4530 1779 4580 404-

450 4618 506 4681 0004
523 4617 567 4678 (m.
586 4615 636 4680 00.)
657 4617 690 4667 .Ρ.
703 4615 744 4679 44.)
768 4616 802 4666 At
818 4627 879 4665 cum
896 4614 1033 4676 imperator
1049 4611 1155 4676 proprie
1172 4610 1195 4660 is
1212 4609 1374 4669 nominetur,
1398 4606 1444 4670 qui
1461 4617 1523 4656 cum
1539 4605 1639 4654 victore
1657 4604 1779 4655 exercitu

452 4691 615 4758 provinciam
637 4690 753 4751 obtinet,
779 4692 836 4740 tum
857 4700 923 4738 vero
940 4685 1079 4751 appellatio
1096 4685 1129 4736 sit
1151 4683 1309 4744 honorifica,
1333 4683 1376 4731 vix
1395 4681 1447 4731 boc
1462 4677 1623 4730 vocabulum
1639 4677 1674 4728 ds
1690 4678 1778 4730 Verre

452 4765 606 4818 adhibuisse
623 4763 733 4816 Tullium
752 4762 921 4814 crediderim.
947 4764 1089 4813 Praetorem
1101 4759 1190 4822 000044
1201 4759 1305 4809 44000004
1322 4768 1384 4807 eum
1401 4754 1463 4806 alibi
1479 4752 1594 4820 appellat
1610 4755 1638 4803 et
1652 4765 1710 4802 0000
1725 4753 1778 4801 im-

450 4844 521 4906 perio
538 4841 618 4892 iusso
635 4839 711 4898 dicit;
730 4837 778 4890 sed
794 4840 969 4900 400000400οο0
985 4836 1096 4887 POPVLI
1110 4835 1235 4885 14044449)
1251 4834 1386 4884 bominem
1399 4830 1590 4894 nequissimum
1608 4829 1636 4879 et
1650 4828 1779 4879 inertissi-

454 4931 527 4970 mum
538 4929 554 4968 a
566 4915 648 4967 Tullio
660 4913 819 4979 appellatum
832 4926 892 4965 esse
905 4926 958 4963 nou
968 4912 1089 4962 arbitror.
1104 4909 1134 4975 [i]
1148 4935 1175 4945 -
1190 4909 1230 4960 49.
1243 4912 1318 4970 atoue
1332 4907 1412 4969 [arces
1423 4906 1500 4968 Lgso.
1515 4931 1543 4941 -
1556 4904 1779 4965 00000000ον0

453 4994 490 5045 440
501 4991 532 5043 i:
550 4993 737 5054 syracusam
753 4989 784 5038 V.
804 4989 864 5051 4440.)
883 4986 1001 5051 [optime]
1019 4986 1051 5036 ci.
1065 4984 1100 5036 ad
1116 4985 1140 5048 s.
1153 4983 1209 5042 8i.;
1227 4983 1316 5044 00000.
1329 4994 1383 5032 om.
1397 4980 1460 5030 dett.
1474 4979 1503 5029 0.
1519 5005 1546 5014 —
1564 4978 1605 5028 00.
1624 4977 1776 5029 0000404444.

455 5092 484 5105 -
502 5081 569 5130 0000.
587 5066 656 5116 urbis
673 5064 707 5115 443
719 5063 755 5112 V:
781 5061 850 5112 urbis
874 5075 940 5123 0000.
960 5061 1024 5111 0044.
1043 5061 1072 5111 0.
1097 5060 1269 5123 (crcpitudiacs
1285 5057 1372 5120 ngas.)
1392 5082 1419 5093 -
1446 5052 1689 5117 Gorucptoieraim
1706 5052 1776 5110 ilV;
1810 5120 1813 5125 .

454 5143 635 5195 444404400ιὶ00
651 5139 697 5191 lul.
716 5140 807 5190 sever.
828 5163 855 5174 -
873 5137 914 5187 00.
932 5137 1047 5199 aspirare
1062 5136 1093 5184 V.
1115 5161 1142 5172 -
1158 5138 1294 5196 0040000004
1308 5131 1386 5195 ngas.
1401 5156 1429 5167 -
1446 5131 1487 5181 03.
1502 5135 1586 5192 prust.
1603 5130 1730 5192 40444404
1749 5130 1778 5181 ln

454 5220 477 5269 V
494 5222 536 5270 est
551 5223 575 5268 40
589 5229 647 5281 sup.
666 5213 710 5265 lin.
730 5213 791 5277 4440.)
809 5238 836 5249 -
864 5210 904 5263 al.
923 5215 981 5260 0040
997 5222 1050 5260 om.
1068 5210 1147 5273 igis.
1167 5236 1195 5246 -
1220 5210 1261 5261 26.
1278 5208 1366 5259 000400
1382 5206 1412 5267 λ;
1437 5206 1541 5256 0004004
1556 5204 1603 5256 03.
1623 5231 1651 5242 -
1668 5205 1780 5257 uiderint

454 5289 519 5344 4434
536 5291 630 5360 (blada.
649 5304 675 5362 p.
694 5289 775 5356 444.);
792 5289 903 5341 uiderent
919 5289 941 5337 V
959 5287 1019 5353 (Βο.)
1036 5286 1102 5337 0044.
