4367 6109
673 567 741 632 ιιι.
762 566 817 631 ιι
844 565 919 631 ιιι.
941 563 1221 632 xcu-xcvn.
1246 562 1305 652 ii·
1326 561 1518 632 ase-see.
1689 561 1751 630 444

430 735 555 801 XCVII.
584 736 690 820 Atque
716 737 839 801 utinam
867 741 978 820 posset
998 737 1108 821 aliqua
1128 737 1249 801 ratione
1270 736 1333 802 hoo
1353 737 1473 802 crimen
1497 739 1642 821 quamvis
1663 736 1752 814 falsa,

429 831 525 894 modo
546 830 684 895 humana
704 839 801 916 atque
822 831 939 895 usitata
960 831 1151 895 delcndcrcl
1173 832 1296 896 minore
1316 831 1461 915 periculo
1483 839 1607 908 restro,
1628 833 1752 896 minore

429 924 572 1008 periculo
602 925 839 1008 provinciarum
871 926 1014 989 omnium
1046 926 1239 990 iudicaretis.
1282 920 1419 1009 Negaret
1444 925 1503 990 hac
1532 926 1753 991 aestimatione

429 1039 462 1082 sc
484 1038 596 1094 usum,
618 1038 676 1083 ros
698 1019 731 1082 id
753 1019 988 1083 credidissetis:
1017 1019 1140 1083 homini
1163 1020 1351 1095 credidisse,
1381 1041 1446 1084 non
1468 1020 1585 1084 lactum
1607 1039 1754 1104 compro-

427 1114 520 1177 basse
550 1113 748 1178 videremini.
791 1114 886 1178 Nullo
920 1113 1015 1177 modo
1044 1133 1160 1197 negare
1188 1123 1308 1197 potest:
1340 1124 1471 1198 urgetur
1498 1123 1606 1178 atota
1628 1114 1777 1178 Siciliart

428 1227 521 1271 nemo
545 1214 653 1271 estex
675 1214 764 1272 tanto
786 1228 919 1272 numero
941 1215 1117 1281 aratorum,
1139 1228 1244 1291 aquo
1265 1210 1403 1292 pecunia
1424 1209 1523 1273 cellae
1545 1211 1673 1273 nominc
1687 1227 1753 1272 non

428 1301 470 1365 sit
491 1308 611 1365 exacta.
655 1297 728 1364 225.
750 1302 873 1366 Vellem
895 1301 990 1364 etiam
1010 1299 1073 1364 hoc
1096 1311 1205 1385 posset
1225 1303 1347 1378 dicere,
1369 1301 1450 1366 nihil
1471 1304 1512 1366 ad
1534 1323 1568 1367 sc
1591 1304 1683 1367 istam
1704 1321 1755 1365 ra·

427 1396 547 1459 tionem
568 1396 746 1479 pertinere,
767 1417 826 1480 per
847 1403 1033 1480 quaestores
1055 1416 1122 1459 rem
1141 1396 1378 1461 frumentariam
1401 1417 1470 1461 csse
1492 1397 1753 1460 administratam.

426 1490 473 1552 Ne
495 1490 528 1553 id
551 1490 682 1573 quidem
705 1491 735 1553 ci
757 1490 831 1553 licet
854 1490 974 1564 dicere,
1004 1485 1174 1573 propt'crea
1196 1491 1283 1575 quod
1313 1490 1415 1575 ipsius
1437 1491 1561 1555 litterae
1583 1493 1755 1555 recitantur

427 1584 467 1646 ad
489 1584 633 1647 civitates
655 1584 696 1648 de
718 1584 816 1647 ternis
838 1584 977 1647 denariis
1000 1585 1125 1648 missae.
1159 1584 1249 1660 Quae
1271 1593 1321 1649 est
1340 1585 1437 1668 igitur
1451 1584 1618 1649 defensio?
1652 1585 1793 1660 «Facito

427 1678 514 1762 quod
535 1677 658 1760 arguis,
680 1677 771 1761 coegi
791 1679 945 1760 pecunias
964 1679 1117 1747 maximas
1134 1679 1233 1742 cellae
1247 1679 1395 1755 nominc;
1416 1679 1472 1742 sed
1486 1678 1547 1742 hoc
1563 1679 1640 1743 milri
1656 1680 1755 1754 licuit,

427 1772 533 1846 vohis,
557 1773 583 1835 si
606 1772 806 1856 prospicitis,
828 1772 963 1835 licchito
993 1772 1214 1837 Periculosum
1228 1772 1400 1857 provinciis
1414 1793 1515 1856 genus
1530 1773 1665 1837 iniuriae
1679 1794 1756 1837 oon·

428 1861 545 1929 firmari
566 1865 703 1942 iudicio,
725 1866 940 1950 perniciosum
962 1873 1072 1930 nostro
1096 1867 1200 1931 ordini
1213 1867 1368 1951 populum
1383 1867 1560 1931 Romanum
1574 1866 1756 1930 existimare

429 1979 493 2021 non
514 1979 611 2042 posse
633 1979 690 2024 cos
710 1959 872 2035 homines,
904 1960 960 2043 qui
982 1960 1044 2044 ipsi
1066 1960 1192 2044 legibus
1214 1967 1397 2037 teneantur,
1414 1961 1507 2045 leges
1528 1962 1562 2024 in
1583 1961 1756 2025 iudicando

430 2052 579 2136 religiose
601 2052 782 2117 defendere.
811 2055 916 2137 Atque
938 2054 999 2117 isto
1021 2062 1188 2138 praetore,
1210 2055 1348 2130 iudices,
1370 2075 1436 2119 non
1451 2055 1554 2119 solum
1568 2054 1795 2123 aestimandito

428 2147 578 2211 frumenti
607 2147 722 2210 modus
752 2146 916 2222 nonfuit,
948 2148 1004 2211 sed
1026 2167 1067 2211 ne
1089 2148 1266 2231 imperandi
1289 2149 1429 2232 quidem.
1472 2151 1583 2232 Neque
1605 2148 1691 2213 enim
1711 2146 1757 2223 id,

430 2243 517 2326 quod
545 2242 736 2317 debebatur,
770 2242 826 2304 sed
856 2249 1011 2325 quantum
1040 2242 1243 2306 commodum
1265 2243 1340 2318 tuit,
1373 2243 1550 2327 imperarit.
1595 2242 1756 2306 Summam

429 2335 542 2400 faciam
563 2336 655 2400 vobis
677 2356 718 2399 ex
739 2336 853 2400 litteris
875 2336 1011 2419 puhlicis
1031 2356 1068 2400 ac
1091 2337 1282 2400 testimoniis
1297 2337 1459 2401 civitatum
1478 2336 1631 2401 frumenti
1644 2337 1679 2400 in
1693 2335 1758 2400 cel·

430 2429 493 2493 lam
515 2430 679 2513 imperati:
703 2430 867 2513 reperietis
890 2430 1062 2514 quinquies
1085 2437 1189 2505 tanto,
1211 2430 1350 2506 iudices,
1371 2430 1510 2515 amplius
1531 2431 1637 2506 istum,
1659 2449 1758 2514 quam

431 2531 584 2608 quantum
606 2524 641 2587 in
661 2524 775 2588 cellam
797 2545 922 2589 sumere
938 2525 968 2588 ei
982 2524 1105 2588 licitum
1127 2524 1185 2600 sit,
1208 2525 1388 2588 civitatibus
1403 2525 1586 2609 imperasse.
1617 2523 1702 2599 Quid
1717 2516 1797 2593 adis

429 2616 511 2681 hanc
532 2617 763 2700 impudentiam
786 2619 860 2682 addi
881 2627 1006 2702 potest,
1028 2619 1055 2683 si
1078 2626 1111 2682 et
1131 2618 1310 2683 aestimarit
1331 2620 1427 2695 tanti,
1448 2627 1486 2684 ut
1505 2619 1652 2683 homines
1674 2618 1758 2682 lerre

430 2732 495 2776 non
516 2718 663 2795 possent,
686 2719 718 2775 ct
739 2719 827 2776 tanto
849 2713 938 2795 plus,
962 2733 1057 2797 quam
1072 2720 1141 2777 erat
1154 2713 1184 2776 ci
1206 2733 1392 2777 concessum
1408 2713 1548 2797 legibus,
1570 2712 1758 2797 imperarit?

515 2803 587 2871 226.
610 2804 814 2889 Quapropter
834 2807 961 2890 cognita
982 2815 1049 2871 tota
1070 2827 1105 2870 re
1119 2807 1343 2883 frumentaria,
1365 2807 1503 2883 iudices,
1525 2808 1588 2872 iam
1609 2807 1759 2872 facillime

429 2901 609 2983 perspicere
634 2900 779 2982 poteritis
801 2901 949 2964 amissam
971 2921 1041 2965 esse
1063 2901 1184 2985 populo
1206 2901 1350 2965 Romano
1372 2901 1522 2976 Siciliam,
1544 2900 1760 2966 fructuosissi-

431 3013 513 3056 mam
535 3001 632 3077 atque
654 2995 956 3077 opportunissimam
978 2996 1190 3077 provinciam,
1212 2995 1275 3058 nisi
1290 3015 1359 3059 eam
1374 3014 1432 3059 ros
1447 2996 1539 3059 istius
1554 2996 1797 3064 damnationem

430 3087 635 3170 recuperatis.
679 3086 765 3162 Quid
793 3095 843 3152 est
870 3089 957 3152 enim
987 3089 1113 3165 Sicilia,
1144 3090 1171 3154 si
1200 3089 1267 3172 agri
1290 3089 1464 3152 cultionem
1489 3091 1657 3155 sustuleris
1678 3098 1711 3155 ct
1731 3090 1759 3155 si

431 3189 591 3245 aratorum
612 3199 780 3245 numerum
802 3201 839 3245 ao
860 3202 976 3246 nomen
999 3184 1219 3248 exstinxeris?
1262 3182 1348 3258 Quid
1378 3190 1484 3247 autem
1505 3191 1612 3267 potest
1633 3204 1703 3248 esse
1724 3185 1760 3248 in

432 3275 608 3340 calamitate
629 3275 767 3352 residui,
791 3277 879 3361 quod
901 3297 968 3341 non
989 3277 1030 3341 ad
1051 3277 1187 3342 miseros
1208 3284 1351 3341 aratores
1365 3276 1427 3342 isto
1441 3285 1589 3361 praetore
1602 3299 1661 3362 per
1673 3299 1760 3344 sum-

432 3612 500 3678 4342
512 3615 542 3665 N.
556 3640 584 3650 -
604 3614 695 3666 «444444
710 3619 738 3665 tn
754 3614 788 3676 V;
814 3627 878 3678 ergo
894 3612 936 3666 vel
953 3629 978 3665 v.
995 3614 1033 3666 444
1049 3611 1092 3666 vel
1108 3630 1133 3667 o.
1151 3620 1229 3666 ms.
1247 3615 1337 3668 Mans.
1356 3614 1447 3680 [hebet
1462 3615 1486 3664 V
1504 3612 1561 3678 VA',
1579 3618 1610 3667 ut
1625 3618 1691 3670 item
1706 3625 1760 3674 4444

432 3686 510 3752 paulo
527 3691 588 3740 ante
605 3690 735 3755 scriptum
752 3688 813 3754 cst]
831 3716 859 3726 -
882 3691 907 3740 2.
925 3697 1006 3741 oestro
1022 3693 1084 3742 mis.
1098 3705 1155 3755 344.
1174 3704 1228 3742 om.
1246 3689 1325 3755 4342.
1351 3717 1378 3727 -
1402 3690 1428 3741 3.
1445 3691 1493 3742 trac
1508 3693 1578 3756 4329
1589 3694 1710 3748 ABFV:
1728 3713 1761 3751 44

432 3762 500 3827 4342
517 3762 580 3828 [non
596 3764 641 3828 29,
659 3766 689 3815 44
705 3767 747 3816 est
762 3764 834 3830 apud
850 3764 903 3830 Z.];
921 3766 960 3816 tic
976 3766 1041 3818 dett.
1061 3767 1090 3818 0.
1111 3794 1138 3803 -
1158 3765 1182 3818 4.
1200 3780 1226 3818 44
1241 3767 1324 3816 4444444
1340 3763 1418 3829 4342.
1437 3792 1465 3802 -
1483 3780 1528 3817 444
1542 3768 1570 3816 id
1584 3771 1760 3829 maletuti:

431 3838 524 3890 4444444
539 3839 671 3891 4444444446
685 3840 708 3891 V
725 3839 811 3906 (prob.
830 3840 959 3893 Wesenb.
978 3841 1013 3893 ad
1029 3843 1097 3894 sest.
1111 3855 1137 3907 p.
1150 3841 1174 3893 3.
1188 3860 1214 3881 ·
1232 3842 1259 3893 94
1275 3842 1386 3906 negaret
1402 3843 1429 3892 et
1444 3854 1493 3892 vos
1510 3841 1538 3893 id
1554 3845 1759 3917 credidissem:

430 3927 474 3964 oos
490 3915 516 3964 id
530 3915 669 3966 4444444444
689 3917 820 3966 credidisse
840 3915 909 3981 4342
921 3917 953 3977 F;
978 3930 1023 3967 oor
1040 3918 1068 3967 id
1086 3917 1218 3968 4444444444
1232 3917 1325 3967 lomim
1343 3914 1422 3967 codd.
1446 3913 1582 3981 plerique;
1607 3929 1761 3986 usqam..

431 3989 525 4041 444444
539 4006 585 4042 cor
599 3993 621 4042 44
637 3991 664 4042 id
678 3992 854 4052 44οά4444444,
872 3991 965 4042 inmisi
981 3993 1114 4043 4444444444
1130 3993 1200 4043 coni.
1213 3989 1295 4042 iilotz.
1314 3989 1382 4042 Nihil
1399 4004 1467 4056 opus
1484 3994 1526 4042 est
1541 3995 1708 4061 coniectum
1725 4000 1760 4052 ci.

432 4064 547 4131 interpp.
561 4066 595 4117 ad
608 4065 698 4118 Oidcia
715 4066 757 4116 111.
771 4066 811 4127 49,
824 4066 864 4116 46.
880 4091 907 4100 -
924 4065 1022 4129 {acum
1037 4079 1088 4118 4444
1100 4066 1220 4131 34444444
1230 4066 1366 4117 4444444444
1382 4064 1452 4130 4342
1464 4065 1558 4130 (conpr.
1571 4069 1612 4133 V).
1625 4096 1653 4107 -
1672 4073 1698 4124 o.
1716 4073 1762 4128 44

433 4140 460 4188 et
470 4138 506 4189 V:
525 4154 580 4192 om.
593 4140 670 4202 dott.;
688 4141 764 4192 uncis
779 4139 842 4192 incl.
856 4142 892 4202 0;
909 4155 1000 4206 443444
1010 4142 1108 4193 444844.
1121 4141 1190 4206 4342
1202 4140 1318 4206 (4434444
1328 4141 1360 4204 V,
1378 4153 1431 4192 non
1442 4142 1585 4208 44344444).
1599 4170 1626 4181 -
1645 4148 1670 4198 7.
1687 4149 1763 4202 444444

432 4223 544 4277 tortasse
560 4225 592 4276 V.
611 4225 711 4290 (444)-
731 4226 812 4276 dicero
823 4238 878 4276 om.
890 4224 967 4290 4342.
981 4252 1009 4262 -
1029 4226 1053 4276 9.
1071 4226 1119 4277 NB
1133 4209 1378 4290 444044οἶ444οη
1391 4225 1423 4276 V.
1436 4225 1498 4290 (tir.)
1512 4252 1540 4263 -
1559 4227 1590 4294 44)
1608 4243 1665 4281 m
1680 4231 1760 4298 4342.

435 4325 462 4336 -
480 4299 564 4350 liceret
584 4299 663 4364 4329.
688 4328 716 4338 -
737 4300 789 4364 ipre
808 4300 855 4351 4444.
877 4301 1034 4365 recipiantur
1054 4300 1131 4366 4342.
1151 4327 1180 4337 -
1208 4302 1248 4352 40.
1267 4302 1297 4352 ds
1319 4299 1398 4351 444444
1413 4301 1515 4351 44444444
1529 4301 1561 4354 V.
1586 4329 1613 4340 -
1639 4307 1696 4373 soci]
1719 4309 1764 4373 sac

432 4373 537 4438 64433.
550 4373 626 4436 (4644.;
643 4375 735 4438 44444.
751 4413 757 4426 .
770 4374 915 4440 34464342
927 4378 988 4438 (4.6.
1001 4374 1180 4428 utaittiieb.:
1197 4375 1246 4439 4444
1261 4377 1289 4427 id
1299 4377 1383 4440 quod).
1397 4402 1424 4412 -
1439 4377 1479 4426 ii.
1491 4379 1569 4444 44434)
1580 4383 1634 4444 cepi
1648 4383 1761 4448 4342.-
1820 4384 1824 4393 ’

432 4448 630 4515 laromam
640 4450 750 4515 4342.·
765 4451 805 4502 43.
814 4457 895 4502 vesco
908 4452 949 4514 (cl.
962 4452 997 4504 ad
1006 4453 1029 4517 S.
1041 4453 1108 4516 462.)
1118 4453 1253 4515 4444444344
1263 4453 1377 4505 idem-
1387 4453 1580 4515 wtstoenarcV3
1599 4456 1760 4522 4434444342.

434 4550 461 4560 -
475 4525 739 4590 comitatensium
757 4526 885 4591 4444344444
899 4528 941 4579 29.
954 4555 981 4566 -
1000 4527 1083 4593 443444]
1102 4542 1151 4591 quo
1167 4528 1194 4576 44
1210 4526 1325 4592 4342.-
1342 4526 1560 4578 4464444446ω.-
1580 4530 1620 4580 46.
1634 4545 1685 4582 non
1699 4534 1762 4584 anto

430 4598 479 4662 tuit
494 4612 548 4651 om.
566 4601 616 4666 434
631 4599 673 4652 42.
693 4627 721 4639 -
739 4603 872 4665 4434444464
888 4604 919 4654 V.
941 4631 968 4640 -
986 4604 1027 4654 tt.
1046 4602 1147 4653 6444444
1163 4601 1182 4652 F
1199 4604 1226 4652 et
1242 4601 1326 4666 4342;
1353 4601 1455 4652 datter
1470 4603 1502 4653 V.
1522 4629 1549 4638 -
1569 4604 1609 4655 48.
1628 4606 1676 4658 titt.
1689 4606 1760 4670 3444.

431 4672 500 4737 4342
511 4687 518 4722 2
533 4673 602 4737 pull.
615 4675 662 4727 4444.
674 4676 698 4727 V
710 4677 781 4740 (444),
800 4676 857 4730 rell.
871 4680 900 4731 0.
916 4703 943 4716 -
962 4693 994 4729 uc
1004 4679 1066 4729 Vct
1077 4676 1093 4729 4
1104 4691 1110 4727 :
1128 4682 1151 4727 ct
1163 4675 1228 4726 dett.
1243 4676 1272 4728 0.
1285 4704 1312 4713 -
1332 4678 1466 4728 4444444444
1476 4678 1507 4728 V.
1518 4704 1545 4713 -
1565 4679 1606 4731 49.
1619 4683 1764 4744 mereto

432 4748 518 4810 34443.
537 4748 593 4814 (sic)
610 4750 716 4801 444449
732 4752 797 4814 (44444
812 4765 862 4817 pro
877 4766 959 4815 44344.
973 4753 1060 4818 4342).
1079 4780 1108 4789 -
1126 4766 1203 4815 quom
1219 4753 1350 4819 34444444)
1368 4758 1499 4815 quamam
1509 4753 1540 4803 V.
1554 4754 1615 4821 (Βι.)
1630 4784 1658 4794 -
1676 4758 1717 4809 20.
1735 4757 1764 4808 ia

432 4823 689 4891 4444496443424
707 4827 1022 4893 444444424329ς
1041 4826 1360 4879 disertanaeda·
1378 4825 1539 4890 44)444342;
1552 4841 1607 4880 om.
1620 4828 1717 4883 rell.0.
1731 4829 1764 4898 [44

432 4911 482 4951 nos
499 4900 671 4965 scripsimus,
690 4903 815 4967 qnoniam
831 4904 963 4955 Brunnius
980 4904 1017 4954 ait
1033 4905 1114 4956 etiem
1130 4904 1156 4955 in
1168 4903 1191 4952 V
1201 4905 1262 4968 post
1272 4916 1369 4954 4444444
1384 4903 1499 4955 litteram
1510 4915 1650 4967 apparere.
1668 4905 1762 4972 44444.)

435 4999 463 5010 -
481 4973 522 5024 24.
540 4975 629 5038 44346.
647 4975 678 5026 V.
698 5002 726 5012 -
753 4977 813 5027 addi
829 4989 882 5029 om.
902 4978 917 5028 6
935 4978 1013 5042 4433.
1032 4978 1097 5030 dett.
1124 5005 1152 5016 -
1176 4983 1247 5042 34444
1262 4978 1293 5029 V.
1313 4977 1374 5041 (Br.)
1394 5005 1422 5015 -
1447 4978 1634 5028 4444444444
1650 4979 1712 5043 (om.
1730 4981 1763 5045 44)

433 5046 497 5097 V.-
516 5049 558 5098 22.
575 5048 640 5115 ptus]
653 5055 741 5112 344444
756 5050 866 5115 4342-
885 5053 926 5104 23.
945 5053 1107 5119 quopropter]
1124 5067 1169 5105 444
1184 5054 1265 5110 idem.
1286 5082 1314 5092 -
1331 5068 1361 5105 44
1376 5059 1430 5106 tota
1444 5053 1527 5106 idem.
1547 5081 1575 5090 -
1593 5055 1635 5107 24.
1649 5058 1766 5120 rotaith

434 5120 519 5185 4342;
534 5123 703 5186 3444444444.
717 5127 746 5178 0.
758 5152 787 5163 -
805 5128 846 5179 26.
862 5133 938 5190 atquc
954 5141 994 5190 43.
1003 5141 1078 5191 prou
1092 5140 1146 5179 om.
1158 5129 1237 5192 4342.
1253 5154 1280 5166 -
1298 5129 1341 5180 26.
1352 5129 1482 5192 4644344444
1497 5127 1577 5180 idem.
1593 5156 1620 5166 —
1638 5131 1661 5180 44
1676 5130 1761 5197 4342;

433 5197 456 5245 44
472 5197 494 5247 44
510 5196 566 5250 rell.
585 5199 615 5250 0.
630 5226 657 5236 -
675 5201 853 5266 4344444444
868 5203 996 5254 4444444444
1010 5216 1143 5254 mm
1159 5203 1231 5255 med.
1250 5203 1395 5268 4644342.
1410 5231 1438 5243 -
1456 5205 1498 5256 24.
1516 5209 1601 5257 444444
1615 5206 1762 5272 43294444

434 5271 500 5325 cain
515 5271 572 5326 rell.
591 5274 621 5326 0.
637 5301 664 5316 -
682 5275 723 5329 28.
740 5275 832 5342 4444344
846 5277 925 5343 4342.
937 5304 965 5317 -
981 5291 1029 5343 por
1043 5277 1176 5345 44444444]
1192 5291 1238 5332 ruo
1252 5278 1337 5332 idem.
