4367 6109
451 567 513 634 ild
821 570 863 633 IN
887 569 926 644 Q.
949 566 1169 633 clnculum
1188 566 1399 632 DIVINATIO

449 749 664 806 accusatorem
685 735 809 801 firmum
830 757 1005 820 verumque
1026 757 1097 801 esse
1120 744 1256 822 oportet
1297 737 1379 800 Eum
1402 756 1461 819 ego
1484 737 1511 799 si
1532 742 1565 799 te
1586 744 1697 818 putem
1719 756 1771 800 cu·

450 856 526 919 pere
548 854 633 908 esse,
655 832 747 895 facile
769 832 912 913 intelligo
936 851 1091 895 essenon
1114 851 1220 914 posse.
1253 832 1317 893 Nec
1340 848 1377 893 ea
1399 830 1488 904 dico,
1511 848 1595 914 quae
1617 828 1643 891 si
1660 829 1771 904 dicam,

450 937 555 993 tamen
587 924 744 989 infirmare
772 947 837 989 non
863 926 986 1008 possis:
1019 934 1069 1000 te,
1102 933 1271 1007 antequam
1305 924 1344 986 de
1378 923 1486 986 Sicilia
1517 920 1708 996 decesseris,
1740 921 1771 982 in

450 1024 581 1107 qratiam
607 1020 729 1083 redisse
758 1040 829 1083 cum
852 1021 967 1094 Verre;
995 1022 1218 1093 Potamonem,
1249 1019 1382 1082 scribam
1412 1025 1445 1080 et
1464 1016 1650 1080 familiarem
1674 1023 1770 1090 tuum,

426 1121 606 1180 tretentum
635 1134 703 1176 esse
731 1133 751 1176 a
772 1114 869 1176 Verre
891 1113 924 1175 in
946 1114 1128 1195 provincia,
1157 1133 1229 1175 cum
1254 1119 1287 1175 tu
1311 1113 1495 1189 decederes;
1523 1113 1566 1173 Μ.
1590 1108 1771 1182 Caecilium,

448 1208 576 1274 fratrem
599 1216 705 1281 tunm,
727 1207 935 1278 lectissimum
957 1215 1051 1290 atque
1072 1205 1308 1269 ornatissimum
1323 1205 1574 1280 adolescentem,
1597 1223 1664 1267 non
1678 1202 1771 1265 modo

448 1323 513 1366 non
534 1303 645 1365 adesse
668 1321 772 1386 neque
794 1310 898 1364 tecum
921 1309 991 1365 tuas
1015 1299 1148 1363 iniurias
1170 1298 1337 1382 persequi,
1359 1299 1416 1361 sed
1438 1318 1507 1361 esse
1530 1318 1603 1361 cum
1622 1297 1720 1360 Verre
1742 1304 1773 1359 et

449 1416 521 1460 cum
550 1397 605 1459 illo
633 1392 879 1459 familiarissime
907 1403 1003 1479 atque
1025 1393 1215 1458 amicissime
1239 1393 1354 1456 vivere.
1401 1393 1482 1455 Sunt
1502 1392 1634 1457 etbaec
1657 1389 1772 1454 atalia

447 1492 482 1554 in
503 1499 534 1554 te
555 1490 627 1553 falsi
648 1490 843 1554 accusatoris
865 1491 955 1572 signa
976 1488 1151 1573 permulta,
1174 1487 1290 1571 quibus
1313 1508 1371 1570 ego
1393 1509 1479 1552 nunc
1501 1508 1566 1551 non
1587 1497 1681 1552 utor:
1711 1485 1773 1548 boc

412 1586 537 1658 todico,
559 1592 606 1658 te,
629 1584 656 1646 si
679 1584 815 1646 maxime
837 1584 964 1666 cupias,
993 1592 1099 1647 tamen
1121 1602 1228 1645 verum
1251 1590 1466 1645 accusatorem
1489 1602 1646 1646 essenon
1668 1599 1772 1664 posse.

448 1676 499 1741 30.
521 1678 622 1742 Video
645 1678 730 1741 enim
751 1678 908 1761 permulta
930 1699 1000 1741 esse
1022 1678 1172 1752 crimina,
1195 1696 1331 1758 quorum
1353 1676 1410 1738 tibi
1433 1677 1569 1741 societas
1587 1699 1660 1741 cum
1675 1680 1772 1743 Verre

449 1773 606 1840 eiusmodi
635 1780 698 1845 est,
725 1781 761 1835 ut
789 1791 827 1836 ea
856 1774 889 1835 in
912 1772 1090 1858 accusando
1113 1771 1267 1853 attingere
1289 1790 1353 1832 non
1377 1771 1506 1834 audeas.
1554 1774 1595 1836 X.
1618 1773 1774 1849 Queritur

450 1866 558 1932 Sicilia
579 1872 646 1928 tota
668 1866 700 1928 C.
723 1867 853 1929 Verrem
875 1868 914 1928 ab
936 1867 1130 1938 aratoribus,
1153 1886 1225 1927 cum
1247 1864 1440 1929 frumentum
1460 1868 1521 1930 sibi
1536 1868 1570 1930 in
1584 1868 1699 1933 cellam
1714 1870 1771 1934 im·

449 1960 623 2043 peravisset
643 1966 676 2022 et
697 1981 768 2023 cum
791 1968 875 2024 esset
895 1961 990 2023 tritici
1014 1959 1140 2022 modius
1163 1959 1222 2021 Hs
1245 1960 1290 2033 ll,
1319 1979 1376 2042 pro
1402 1959 1561 2024 frumento
1592 1963 1625 2025 in
1648 1966 1772 2029 modios

411 2055 592 2137 losingulos
614 2054 780 2118 duodenos
802 2056 965 2119 sestertios
988 2056 1143 2138 exegisse.
1176 2056 1326 2137 Magnum
1341 2057 1475 2131 crimen,
1498 2057 1611 2139 ingens
1626 2059 1772 2141 pecnnia,

447 2149 567 2214 furtum
599 2150 782 2232 impudens,
813 2150 930 2214 iniuria
962 2171 1026 2214 non
1055 2150 1196 2214 ferenda.
1239 2151 1307 2231 Ego
1336 2151 1398 2213 hoc
1427 2171 1492 2214 uno
1522 2152 1654 2215 crimine
1682 2152 1771 2216 illum

448 2245 656 2309 condemnem
678 2262 807 2307 necesse
827 2250 894 2314 est:
917 2251 968 2318 tu,
993 2245 1123 2318 Caecili,
1149 2242 1227 2326 quid
1250 2243 1369 2306 faciest
1412 2240 1464 2306 3t.
1487 2246 1598 2309 Utrum
1618 2245 1683 2309 boc
1704 2256 1774 2310 tan·

448 2347 516 2403 tum
538 2338 657 2400 crimen
679 2339 910 2421 praetermittes
932 2360 973 2402 an
1003 2339 1158 2402 obiiciest
1194 2338 1227 2398 Si
1255 2337 1404 2413 obiicias,
1435 2339 1510 2402 idne
1532 2340 1625 2403 alteri
1648 2342 1772 2406 crimini

448 2432 553 2506 dabis,
576 2432 663 2515 quod
686 2432 799 2496 eodem
820 2440 963 2516 tempore
985 2435 1018 2496 in
1041 2433 1152 2497 eadem
1174 2432 1338 2514 provincia
1360 2439 1394 2495 tu
1418 2434 1486 2515 ipse
1507 2433 1634 2497 fecisti‘t
1666 2435 1774 2498 Aude-

410 2527 495 2592 aobis
517 2528 562 2589 ita
583 2547 732 2591 accusare
755 2527 904 2602 alterum,
927 2537 979 2602 ut,
1002 2549 1067 2611 quo
1091 2527 1196 2589 minus
1211 2534 1277 2588 tute
1294 2526 1522 2602 condemnere,
1543 2548 1694 2592 recusare
1710 2548 1774 2592 non

447 2622 573 2706 possis?
604 2621 659 2683 Sin
680 2623 927 2704 praetermittes,
950 2624 1055 2707 qualis
1078 2622 1138 2684 erit
1160 2629 1216 2685 tua
1230 2621 1292 2683 ista
1305 2622 1483 2696 accusatio,
1507 2642 1591 2705 quae
1607 2622 1773 2685 domestici

448 2715 582 2799 periculi
603 2722 689 2777 metu
712 2716 877 2779 certissimi
901 2726 932 2779 et
953 2718 1081 2780 maximi
1106 2715 1246 2779 criminis
1268 2735 1332 2777 nnn
1354 2717 1449 2779 modo
1472 2716 1699 2798 suspicionem,
1722 2736 1774 2780 ve·

447 2830 516 2874 rum
540 2810 634 2872 etiam
657 2810 850 2872 mentionem
872 2812 972 2893 ipsam
994 2812 1217 2894 pertimescat?
1251 2807 1301 2870 32.
1325 2812 1476 2893 Emptum
1490 2819 1538 2874 est
1553 2831 1594 2876 ex
1610 2811 1642 2873 S.
1659 2810 1693 2874 C.
1709 2811 1774 2875 fru-

448 2909 589 2967 mentum
618 2904 657 2966 ab
684 2903 799 2966 Siculis
827 2913 973 2986 praetore
1003 2907 1116 2980 Verre,
1146 2925 1203 2987 pro
1232 2924 1297 2988 quo
1328 2903 1486 2967 frumento
1511 2905 1649 2988 pecnnia
1671 2906 1773 2969 omnis

411 3000 552 3063 nactura
574 3005 719 3061 nonest.
763 2998 864 3061 Grave
888 2999 1017 3061 esthon
1041 3000 1160 3061 crimen
1183 3000 1216 3061 in
1238 3001 1385 3073 Verrem,
1409 3019 1502 3081 grave
1525 3020 1575 3062 me
1589 3007 1721 3081 agente,
1743 3008 1772 3064 te

447 3101 617 3158 accusante
638 3092 772 3156 nullum.
815 3094 893 3157 Eras
916 3094 1001 3156 enim
1022 3102 1057 3156 tu
1081 3100 1252 3175 quaestor:
1282 3093 1451 3173 pecuniam
1473 3093 1632 3175 publicam
1655 3102 1690 3159 tu
1713 3103 1774 3159 tra·

448 3188 573 3262 ctabas,
595 3208 635 3250 ex
658 3207 739 3270 qua,
762 3187 857 3250 etiam
879 3190 906 3251 si
929 3193 1060 3271 cuperet
1080 3194 1223 3269 praetor,
1246 3194 1351 3249 tamen
1373 3207 1413 3249 ne
1429 3207 1494 3270 qua
1508 3187 1658 3252 deductio
1676 3185 1773 3264 lieret,

448 3302 561 3364 magna
592 3303 633 3345 ex
666 3291 754 3364 parte
786 3290 842 3345 tua
872 3291 1012 3366 potestas
1039 3289 1115 3345 erat.
1159 3281 1263 3344 lluius
1292 3302 1422 3364 qunque
1451 3279 1548 3363 igitur
1578 3283 1720 3347 criminis
1740 3292 1771 3347 te

447 3385 617 3439 accusante
640 3378 758 3439 mentio
782 3378 870 3441 nulla
892 3376 954 3441 liet.
998 3376 1153 3439 Silebitur
1173 3383 1241 3438 toto
1265 3375 1385 3438 iudicio
1407 3374 1447 3439 de
1463 3377 1609 3440 maximis
1627 3386 1659 3441 et
1674 3380 1772 3441 notis-

410 3470 536 3533 aosimis
558 3470 644 3533 illius
665 3470 757 3534 furtis
781 3480 812 3534 et
835 3473 970 3536 iniuriis.
1014 3471 1092 3536 Mihi
1116 3470 1225 3544 crede,
1250 3470 1381 3545 Caecili,
1408 3490 1473 3533 nnn
1495 3477 1602 3552 potest
1623 3472 1658 3534 in
1679 3494 1772 3537 accu-

448 3561 548 3626 sando
578 3565 683 3626 socios
710 3585 784 3628 vere
814 3565 983 3629 defendere
1006 3566 1049 3640 is,
1079 3565 1136 3648 qui
1159 3585 1230 3627 cum
1253 3583 1309 3627 reo
1332 3564 1499 3628 criminum
1522 3566 1676 3631 societate
1698 3588 1772 3632 con·

448 3656 576 3719 iunctus
598 3667 655 3720 est.
698 3655 749 3722 33.
781 3660 943 3743 Mancipes
966 3681 984 3723 a
1007 3658 1186 3723 civitatibus
1209 3678 1266 3740 pro
1288 3657 1446 3720 frumento
1469 3660 1638 3742 pecuniam
1661 3681 1773 3744 exege-

447 3757 531 3810 runt.
575 3750 683 3825 Quid?
710 3753 772 3817 hoc
802 3755 899 3816 Verre
931 3762 1077 3836 praetore
1099 3752 1216 3815 factum
1239 3758 1288 3816 est
1309 3752 1435 3814 solumi
1473 3752 1559 3828 Non,
1592 3754 1648 3816 sed
1678 3755 1772 3819 etiam

449 3849 617 3925 quaestore
641 3846 788 3909 Caecilio.
823 3848 909 3923 Quid
931 3849 1050 3929 igiturt
1079 3848 1210 3910 daturus
1233 3867 1267 3909 es
1289 3846 1365 3909 buic
1386 3848 1526 3922 crimini,
1551 3846 1638 3932 quod
1662 3857 1695 3912 et
1715 3869 1772 3933 po·

327 3940 334 3952 '
411 3936 537 4001 assuisti
560 3938 726 4019 probibere
749 3961 788 4002 ne
812 3937 901 4003 fieret
923 3949 955 4003 et
977 3942 1141 4003 debuisti?
1170 3963 1210 4004 an
1232 3950 1334 4004 totum
1356 3941 1389 4003 id
1411 3942 1596 4025 relinques?
1631 3944 1717 4027 Ergo
1739 3944 1771 4006 id

447 4031 576 4093 omnino
594 4034 706 4095 Verres
730 4036 764 4096 in
786 4036 905 4098 iudicio
929 4056 987 4098 sun
1011 4056 1075 4096 non
1098 4036 1222 4112 audiet,
1246 4035 1334 4119 quod
1357 4055 1428 4097 cum
1450 4036 1596 4111 faciebat,
1619 4038 1774 4121 quemad-

448 4122 578 4185 modum
600 4124 788 4191 defensurus
810 4138 910 4204 esset,
934 4151 997 4191 non
1019 4130 1206 4212 reperiebat.
1242 4131 1298 4191 xl.
1320 4131 1424 4213 Atque
1448 4149 1506 4212 ego
1521 4130 1617 4207 baec,
1640 4134 1771 4216 quaein

447 4215 552 4277 medin
575 4220 679 4299 posita
700 4230 790 4296 sunt,
821 4244 1043 4287 commemoro.
1089 4225 1170 4286 Sunt
1199 4226 1261 4287 alia
1286 4224 1385 4307 magis
1408 4224 1533 4287 occulta
1554 4223 1654 4301 furta,
1691 4246 1773 4309 qnae

448 4308 517 4382 ille,
551 4317 587 4371 ut
615 4312 723 4388 istius,
757 4317 869 4392 credo,
899 4320 1022 4382 animos
1045 4329 1141 4403 atque
1169 4321 1306 4403 impetus
1328 4320 1514 4391 retardaret,
1547 4320 1773 4403 benignissime

412 4422 522 4470 locum
546 4413 714 4486 quaestore
736 4430 794 4473 suo
818 4414 1071 4476 communicavit.
1104 4410 1155 4475 34.
1177 4414 1264 4477 llaec
1286 4420 1321 4476 tu
1344 4413 1404 4475 scis
1427 4412 1467 4474 ad
1490 4433 1540 4475 me
1563 4433 1632 4477 esse
1655 4416 1773 4478 delata:

450 4516 532 4579 quae
561 4497 588 4558 si
615 4500 709 4568 velim
739 4505 897 4585 proferre,
930 4506 1022 4570 facile
1052 4528 1161 4570 ornnes
1189 4507 1368 4589 intelligent
1396 4506 1488 4568 vobis
1519 4508 1602 4570 inter
1629 4528 1688 4571 vos
1709 4527 1774 4571 non

450 4591 544 4652 modo
566 4593 761 4659 voluntatem
781 4599 880 4663 fuisse
904 4604 1123 4677 coniunctam,
1146 4602 1202 4664 sed
1218 4622 1257 4663 ne
1273 4600 1423 4684 praedam
1440 4598 1569 4683 quidem
1585 4602 1690 4666 adbuc
1705 4623 1774 4667 esse

450 4684 593 4748 divisam.
638 4688 839 4776 Quapropter
868 4697 894 4758 si
922 4697 979 4758 tibi
1012 4696 1167 4758 iudicium
1189 4696 1333 4778 postulas
1357 4694 1441 4768 dari,
1473 4695 1560 4777 quod
1582 4702 1688 4759 tecum
1709 4716 1775 4759 una

449 4779 575 4853 fecerit,
598 4786 757 4860 concedo,
780 4790 807 4850 si
829 4790 862 4851 id
884 4790 954 4873 lege
977 4790 1184 4874 permittitur:
1207 4790 1256 4852 sin
1279 4797 1385 4852 autem
1409 4789 1447 4851 de
1469 4791 1674 4853 accusatione
1695 4790 1775 4853 dici-

515 4965 540 5015 7.
559 4971 582 5015 et
598 4980 655 5017 cum
671 4969 713 5019 illo
725 4974 756 5021 Gt
770 4974 904 5038 trigae:
923 4991 980 5026 cum
996 4977 1038 5025 illo
1050 4976 1137 5027 dtt.0.
1153 5004 1180 5012 —
1199 4976 1223 5027 8.
1237 4981 1259 5025 ct
1275 4977 1336 5024 boec
1353 4975 1487 5036 Gligltz
1506 4974 1566 5023 boec
1583 4973 1631 5025 dtt.
1643 4976 1672 5025 0.
1687 4999 1714 5011 -
1735 4976 1774 5026 to.

450 5054 500 5090 oon
521 5051 571 5090 esso
587 5053 658 5104 possa
681 5045 806 5097 erent.
832 5078 860 5085 —
887 5053 926 5102 43.
949 5051 995 5099 sibi
1016 5064 1069 5101 om.
1089 5055 1109 5103 A
1127 5053 1153 5102 in
1176 5053 1311 5104 lemmate.
1339 5050 1377 5099 ct.
1396 5051 1438 5098 itt.
1458 5049 1483 5113 ἓ.
1502 5049 1558 5099 488.
1577 5047 1635 5101 art.
1655 5048 1713 5102 coll.
1733 5052 1774 5101 lll.

451 5116 475 5177 3.
494 5116 550 5165 toa.
571 5142 599 5154 —-
616 5118 659 5168 HS
674 5122 698 5171 Il
714 5125 750 5172 Gt
766 5126 802 5174 st.
822 5128 887 5177 Non.
907 5140 932 5191 p.
947 5127 1003 5176 290.
1023 5126 1055 5175 ct.
1074 5128 1116 5176 llt.
1136 5128 1159 5190 g.
1180 5128 1242 5178 tao:
1261 5124 1400 5182 HSVal.;
1419 5125 1505 5175 HSIV
1520 5127 1598 5188 [εις
1617 5138 1672 5177 om.
1685 5127 1731 5178 Gt.
1746 5154 1773 5162 -

452 5192 491 5239 at.
514 5188 601 5254 sinist
624 5196 684 5259 ng.
709 5203 817 5263 praeter
841 5203 880 5251 ἓξ).
902 5228 929 5238 -
955 5201 1132 5263 proctcnaittts
1154 5203 1256 5265 angae.
1278 5229 1304 5237 -
1328 5205 1373 5249 tua
1393 5200 1444 5249 isto
1461 5202 1506 5262 Gt,
1533 5200 1588 5251 tres
1605 5201 1690 5264 Parc,
1712 5199 1773 5263 ια.

452 5265 545 5336 pleriq.
564 5265 598 5320 ct.
616 5270 647 5321 11.
666 5271 690 5338 §-
704 5275 760 5325 rrr.
779 5277 809 5326 v.
830 5276 854 5344 ε.
868 5276 932 5328 rer:
950 5278 999 5327 nra
1014 5281 1060 5328 too
1077 5277 1113 5326 cr
1122 5275 1155 5328 ar.
1166 5277 1195 5330 0.
1216 5305 1243 5314 -
1262 5275 1303 5331 to.
1322 5288 1379 5326 mm
1395 5280 1489 5341 paese
1506 5287 1551 5327 so
1567 5274 1666 5342 omar.
1685 5273 1773 5326 auo.
