4367 6109
450 543 513 612 334
821 545 864 610 ΙΝ
885 545 1053 612 VERREM
1072 545 1195 612 ACTIO
1218 546 1404 613 SECUNDA

447 715 707 802 pervenissentne
727 713 949 796 Agrigentum:
972 716 1053 779 dixit
1073 717 1268 799 pervenisse.
1311 717 1462 793 Quaesivi
1478 714 1627 800 quemad
1642 714 1775 780 modum

446 813 665 875 revertissent:
701 807 827 890 negavit
853 810 957 873 adhuc
985 812 1164 876 revertisse.
1216 813 1309 877 Risus
1338 811 1447 896 populi
1480 819 1575 896 atque
1606 811 1774 875 admiratio

447 904 589 968 omnium
610 910 751 965 vestrum
772 901 856 967 iacta
878 912 935 968 est.
979 902 1030 969 28.
1060 907 1120 971 llic
1149 907 1206 970 tibi
1236 907 1270 970 in
1300 912 1438 969 mentem
1460 926 1525 969 non
1546 907 1633 970 venit
1652 907 1774 980 iubere,

446 1006 482 1062 ut
502 998 580 1062 baec
603 1016 732 1080 quoque
752 995 884 1062 referret
906 994 965 1055 IIS
987 1021 1020 1063 vr
1042 1001 1170 1064 milibus
1194 1017 1224 1064 ro
1247 1022 1281 1064 se
1304 1000 1361 1063 tibi
1390 1000 1592 1065 vendidisset
1621 1001 1774 1075 Metuisti,

422 1093 487 1156 5ne
515 1112 569 1156 aes
597 1091 737 1154 alienum
764 1092 821 1154 tibi
850 1103 1022 1170 cresceret,
1051 1095 1077 1158 si
1100 1093 1160 1154 Hs
1182 1116 1214 1159 vr
1242 1095 1369 1159 milibus
1390 1113 1422 1154 ro
1445 1095 1500 1157 tibi
1522 1102 1703 1159 constarent
1724 1114 1773 1169 ea,

446 1205 528 1270 quae
549 1193 585 1249 tu
606 1183 697 1249 facilc
719 1206 830 1269 posses
851 1186 989 1252 vendere
1011 1195 1070 1256 Hs
1094 1208 1130 1250 cc
1153 1188 1302 1252 milibus?
1345 1188 1418 1250 Fuit
1439 1189 1535 1263 tanti,
1561 1190 1639 1252 mibi
1660 1188 1773 1253 crede:

444 1279 588 1355 haberes,
611 1281 698 1363 quod
714 1280 919 1345 defenderes:
940 1301 1034 1345 nemo
1050 1289 1226 1365 quaereret,
1248 1282 1359 1366 quanti
1374 1282 1430 1345 illa
1444 1302 1495 1345 res
1510 1291 1612 1347 esset:
1634 1282 1773 1347 simodo

445 1381 476 1437 te
496 1393 609 1458 posses
631 1373 746 1438 docere
768 1376 893 1450 emisse,
917 1374 1021 1451 facile,
1044 1376 1096 1438 cui
1117 1374 1227 1451 velles,
1249 1384 1335 1439 tuam
1358 1396 1485 1440 causam
1507 1384 1540 1440 et
1559 1375 1677 1441 factum
1697 1395 1775 1460 pro-

444 1467 553 1532 bares:
582 1488 667 1530 nunc
689 1469 728 1531 de
750 1469 1003 1551 peripetasmatis
1026 1490 1121 1552 quem
1136 1468 1177 1531 ad
1192 1469 1321 1532 modum
1340 1476 1371 1533 te
1386 1469 1554 1554 expedias,
1577 1492 1642 1534 non
1663 1470 1773 1534 babes.

408 1568 436 1617 ⁴⁰
445 1559 496 1627 29.
519 1561 627 1637 Quid?
650 1583 670 1625 a
690 1561 866 1645 Phylarcho
882 1563 1100 1645 Centuripino,
1122 1562 1251 1627 homine
1265 1563 1425 1647 locuplete
1439 1585 1476 1628 ac
1490 1566 1602 1640 nobili,
1621 1565 1773 1649 phaleras

444 1656 657 1740 pulcherrime
678 1656 795 1730 factas,
818 1676 900 1739 quae
922 1657 1008 1739 regis
1029 1657 1179 1720 Ilieronis
1200 1656 1301 1720 fuisse
1323 1657 1486 1733 dicuntur,
1516 1665 1623 1722 utmm
1644 1658 1774 1723 tandem

445 1750 603 1815 abstulisti
623 1770 664 1814 an
687 1751 812 1814 emisti:
855 1753 892 1814 In
913 1751 1021 1814 Sicilia
1044 1752 1173 1835 quidem
1195 1770 1265 1813 cum
1289 1770 1411 1827 essem,
1438 1753 1484 1815 sic
1505 1773 1525 1815 a
1546 1751 1773 1835 Centuripinis,

444 1845 491 1910 sic
512 1865 533 1908 a
553 1844 667 1909 ceteris
687 1844 856 1908 audiebam
869 1878 912 1892 -
927 1845 1093 1908 nonenim
1115 1865 1228 1928 parum
1248 1864 1299 1908 res
1321 1852 1390 1908 erat
1404 1845 1488 1910 clara
1501 1868 1558 1908 -:
1573 1854 1638 1910 tam
1659 1854 1691 1911 te
1712 1846 1772 1909 bas

443 1935 591 2022 phaleras
612 1957 631 2001 a
652 1936 827 2021 Phylarcho
851 1939 1057 2023 Centuripino
1080 1940 1249 2003 abstulisse
1271 1938 1436 2014 dicebant,
1469 1961 1565 2024 quam
1593 1941 1672 2005 alias
1694 1941 1773 2002 item

406 2032 567 2096 sanabiles
597 2032 637 2094 ab
665 2032 771 2094 Aristo
798 2035 1037 2109 Panormitano,
1065 2053 1160 2118 quam
1188 2033 1296 2097 tertias
1324 2053 1344 2096 a
1367 2033 1515 2118 Cratippo
1547 2036 1772 2118 Tyndaritano.

442 2126 570 2190 Etenim
591 2126 618 2190 si
641 2124 835 2208 Phylarchus
856 2127 1068 2203 vendidisset,
1096 2148 1161 2191 non
1190 2127 1236 2203 ei,
1267 2135 1475 2212 posteaquam
1508 2148 1580 2192 reus
1601 2126 1704 2191 factus
1726 2146 1772 2200 es,

442 2221 642 2285 redditurum
663 2229 695 2283 te
717 2221 927 2302 promisisses.
971 2222 1066 2298 Quod
1089 2223 1164 2307 quia
1185 2222 1294 2285 vidisti
1316 2222 1424 2305 plures
1446 2223 1543 2296 scire,
1565 2222 1722 2305 cogitasti,
1744 2221 1772 2285 si

444 2315 474 2379 ei
495 2312 699 2389 reddidisses,
722 2323 752 2377 te
775 2314 879 2378 minus
900 2316 1093 2392 habiturum,
1116 2337 1183 2380 rem
1204 2317 1306 2379 nihilo
1322 2317 1427 2380 minus
1449 2324 1595 2380 testatam
1615 2315 1772 2379 suturam:

442 2429 509 2472 non
529 2407 706 2472 reddidisti.
749 2407 838 2471 Dixit
858 2408 1053 2493 Phylarchus
1075 2431 1133 2493 pro
1157 2411 1340 2473 testimonio
1363 2431 1414 2484 se,
1443 2410 1529 2494 quod
1551 2418 1661 2474 nosset
1681 2417 1773 2473 tuum

404 2502 540 2568 ”istum
563 2503 717 2576 morbum,
738 2509 775 2565 ut
795 2502 889 2565 amici
903 2504 950 2565 tui
965 2504 1137 2586 appellant,
1160 2505 1287 2587 cupisse
1302 2511 1333 2567 te
1349 2504 1451 2567 celare
1466 2505 1506 2566 de
1521 2503 1678 2587 phaleris:
1699 2523 1773 2566 cum

443 2596 499 2662 abs
522 2604 552 2661 te
574 2594 752 2680 appellatus
775 2602 875 2671 esset,
904 2616 1038 2679 negasse
1066 2597 1184 2662 habere
1214 2617 1301 2660 sese:
1331 2597 1415 2681 apud
1443 2597 1541 2660 alium
1568 2617 1697 2682 quoque
1718 2616 1773 2659 eas

441 2689 592 2756 babuIsse
615 2691 785 2773 depositas,
808 2712 849 2754 ne
873 2710 937 2775 qua
957 2691 1190 2756 invenirentur:
1213 2700 1299 2754 tuam
1315 2699 1433 2754 tantam
1447 2691 1545 2755 fuisse
1560 2691 1773 2774 sagacitatem,

441 2792 478 2849 ut
500 2803 554 2848 eas
575 2805 634 2868 per
653 2785 745 2849 illum
764 2785 866 2869 ipsum
882 2786 1066 2867 inspiceres,
1087 2786 1143 2848 ubi
1159 2792 1249 2848 erant
1264 2786 1443 2867 depositae:
1466 2794 1532 2848 tum
1546 2805 1581 2848 se
1597 2781 1773 2868 deprehen-

442 2899 513 2942 sum
535 2898 651 2961 negare
673 2899 738 2941 non
760 2880 917 2963 potuisse:
939 2879 985 2944 ita
1005 2881 1045 2943 ab
1068 2901 1103 2942 se
1125 2879 1226 2942 invito
1249 2878 1395 2960 phaleras
1417 2879 1538 2942 ablatas
1559 2879 1666 2963 gratis.

404 2974 433 3026 ¹⁵
526 2971 612 3036 XIII.
641 2969 693 3034 30.
724 2973 807 3048 Iam,
834 2979 870 3035 ut
897 2973 977 3036 haec
1005 2973 1112 3036 omnia
1139 2973 1279 3054 reperire
1307 2992 1344 3037 ac
1373 2973 1564 3056 perscrutari
1586 2973 1698 3036 solitus
1719 2972 1771 3046 sit,

442 3066 583 3143 iudices,
606 3073 655 3130 est
676 3085 792 3149 operae
814 3067 950 3149 pretium
979 3085 1181 3150 cognoscere.
1219 3067 1382 3151 Cibyratae
1405 3076 1478 3131 sunt
1498 3067 1610 3131 fratres
1633 3064 1771 3151 quidam,

442 3159 643 3245 Tlepolemus
666 3168 698 3224 et
719 3160 827 3235 Hiero,
850 3179 988 3244 quorum
1010 3161 1144 3224 alterum
1165 3162 1285 3245 fingere
1300 3163 1446 3246 opinare
1461 3161 1771 3233 cerasolitumesse,

443 3255 578 3320 alterum
600 3274 669 3320 esse
689 3254 855 3337 pictorem.
884 3253 988 3317 Hasce
1011 3257 1133 3338 opinor,
1157 3255 1288 3340 Cibyrae
1303 3277 1375 3319 cum
1390 3258 1422 3320 in
1437 3257 1652 3340 suspicionem
1665 3255 1771 3318 venis·

443 3359 514 3414 sent
536 3350 602 3414 suis
624 3349 746 3414 civibus
773 3348 882 3411 fanum
910 3349 1069 3431 expilasse
1090 3350 1263 3433 Apollinis,
1292 3351 1409 3414 veritos
1438 3371 1572 3434 poenam
1601 3349 1712 3413 iudicii
1734 3369 1771 3412 ac

404 3443 523 3527 elegis
546 3443 641 3507 domo
663 3441 851 3527 profugisse.
895 3442 989 3517 Quod
1011 3444 1143 3507 Verrem
1172 3444 1294 3508 artificii
1315 3445 1365 3508 sui
1387 3444 1539 3528 cupidum
1560 3448 1772 3528 cognoverant

444 3544 526 3613 tum,
555 3557 627 3601 cum
655 3538 732 3613 iste,
763 3537 796 3600 id
819 3536 904 3621 quod
933 3559 974 3602 ex
995 3539 1131 3602 testibus
1160 3540 1330 3615 didicistis,
1360 3540 1505 3624 Cibyram
1528 3560 1601 3603 cum
1622 3537 1771 3602 inanibus

444 3630 631 3716 syngraphis
652 3638 799 3706 venerat,
828 3631 924 3695 domo
946 3631 1105 3715 fugientes
1127 3634 1166 3697 ad
1189 3654 1262 3698 eum
1284 3653 1318 3698 se
1341 3633 1482 3708 exsudes,
1512 3653 1584 3697 cum
1604 3632 1666 3695 iste
1687 3638 1772 3695 esset

443 3860 568 3953 vitiosum
587 3899 887 3963 rememoramus,
913 3914 967 3951 non
989 3901 1114 3953 videntur
1136 3904 1266 3967 cogitasse
1288 3901 1379 3954 locum
1402 3903 1429 3953 in
1452 3904 1551 3968 optima
1574 3903 1652 3954 codd.
1671 3902 1769 3954 familia

333 3981 334 3984 ’
443 3975 548 4028 deesse.
576 3976 733 4027 Emendatio
754 3989 780 4027 se
800 3977 854 4027 iam
870 3979 1013 4041 propterea
1030 3978 1181 4029 necessaria
1199 3981 1253 4039 est,
1277 3977 1349 4041 quod
1366 3977 1443 4028 adest
1458 3977 1641 4042 praedicatum
1657 3977 1770 4030 audien·

442 4054 507 4104 tem.
526 4049 620 4115 lisam]
638 4078 666 4087 —
689 4051 713 4100 4.
733 4052 852 4113 quassas,
873 4052 1079 4113 qumaamaam
1096 4054 1142 4114 443,
1161 4052 1238 4104 codd.
1258 4053 1315 4114 lbi,
1334 4054 1368 4103 c:
1389 4053 1499 4115 poemat
1515 4066 1551 4102 aa
1567 4054 1668 4103 mmmm
1683 4053 1768 4116 [μὴ

442 4126 649 4190 quemadmodem
665 4125 729 4176 dett.
742 4128 772 4177 0.
787 4153 815 4162 -
828 4127 852 4176 2.
871 4128 1007 4177 admtratto
1022 4130 1134 4179 omnimo
1148 4135 1257 4180 oscham
1273 4126 1369 4179 lthb
1386 4126 1435 4178 al.:
1454 4133 1564 4178 cestram
1580 4140 1634 4178 om.
1653 4129 1685 4178 Gt
1701 4126 1768 4191 Lgt;

441 4201 643 4253 &memoratio
660 4215 683 4251 o.
700 4216 725 4251 o.
743 4202 800 4263 git)
819 4200 902 4264 agla:
925 4203 1127 4253 admurmuratio
1143 4204 1253 4254 maulam
1269 4204 1299 4253 0.
1320 4229 1348 4238 —
1366 4202 1391 4252 3.
1408 4203 1470 4253 base
1485 4201 1565 4253 dett:
1583 4201 1629 4252 bac
1644 4201 1690 4252 443.
1715 4201 1771 4265 [baa

442 4279 523 4330 ettam
534 4280 612 4341 Lagg.
625 4289 729 4337 omnes,
748 4275 782 4326 de
793 4289 846 4340 qua
857 4290 886 4327 re
898 4278 925 4327 Z.
939 4280 1017 4329 tacet.
1036 4280 1090 4328 Nee
1102 4281 1192 4329 tamen
1204 4278 1281 4329 video
1294 4291 1347 4342 quo
1360 4278 1440 4329 modo
1454 4277 1519 4328 terri
1530 4277 1633 4341 possit]
1647 4301 1674 4313 -
1688 4275 1712 4327 4.
1729 4276 1767 4326 Vl.

440 4353 579 4404 militasse
596 4351 677 4415 ngas:
705 4352 737 4402 D.
757 4351 838 4410 deta:
864 4365 917 4402 om.
937 4355 1021 4404 totum
1039 4366 1181 4405 numerum
1198 4354 1244 4405 443.
1264 4380 1293 4391 -
1312 4356 1336 4404 5.
1355 4354 1377 4402 rt
1393 4365 1447 4403 om.
1469 4353 1515 4403 443.
1536 4379 1564 4388 -
1581 4352 1631 4402 HS.
1648 4367 1673 4399 ee
1697 4352 1768 4402 oa.

442 4431 494 4491 om
519 4430 568 4480 IIS.
587 4442 617 4480 co
634 4428 685 4487 om
712 4427 738 4476 ln
755 4426 802 4476 Ld.
821 4439 874 4477 om.
893 4429 914 4477 ss'
930 4429 979 4479 IIS.
993 4429 1090 4479 niis.
1105 4430 1150 4480 CC.
1171 4455 1198 4463 —
1218 4429 1241 4479 6.
1264 4433 1293 4478 ta
1315 4441 1359 4478 om
1377 4427 1454 4491 Lg29.
1474 4451 1503 4463 -
1518 4426 1599 4489 possis
1618 4427 1648 4478 a.
1669 4453 1696 4463 -
1714 4425 1767 4476 HS.

441 4504 552 4555 doceatis
570 4501 669 4553 mildam
686 4503 707 4551 ll
724 4503 756 4551 Gt
776 4503 800 4551 2.
822 4528 850 4538 —-
868 4502 892 4552 8.
917 4504 998 4553 dicare
1014 4504 1059 4554 443.
1081 4529 1108 4540 -
1128 4506 1165 4554 tat
1187 4518 1293 4554 causam
1314 4504 1334 4554 44
1350 4505 1400 4561 (3⁴3
1429 4502 1470 4552 cai
1491 4515 1596 4553 acrama
1617 4503 1654 4552 (45
1671 4500 1718 4552 Ld.
1740 4528 1768 4537 -

442 4578 482 4628 to.
494 4576 789 4639 Platambodumptius:
808 4576 936 4627 Philemho
947 4577 989 4628 vel
1000 4579 1139 4629 Plutarcho
1150 4578 1270 4635 codices:
1290 4579 1338 4630 sed
1354 4592 1381 4628 v.
1395 4577 1435 4629 44.
1447 4579 1481 4628 lt:
1500 4577 1631 4639 maturae.
1646 4604 1673 4614 -
1687 4577 1727 4627 43.
1742 4576 1770 4626 to

441 4652 530 4703 Sicilia
545 4652 594 4704 113:
620 4652 722 4701 Siciliae
738 4650 803 4700 dett.
824 4679 851 4689 ·-
871 4654 910 4702 45.
930 4654 1123 4703 Panhormitano
1139 4655 1159 4704 lt
1176 4656 1204 4704 et
1220 4654 1297 4718 Lg29.
1318 4679 1345 4689 -
1366 4653 1537 4702 Taadaritaao
1553 4654 1582 4702 R.
1603 4678 1630 4688 -
1650 4651 1690 4701 47.
1707 4663 1771 4712 pro·

441 4728 535 4779 mdabat
550 4729 579 4780 lt.
600 4751 628 4763 -
646 4726 744 4775 sistatis
760 4727 789 4788 a,
808 4727 857 4777 sed
873 4739 886 4776 a
902 4728 929 4778 in
945 4729 977 4778 tis
992 4732 1126 4792 punctata.
1147 4755 1175 4764 -
1195 4731 1235 4781 48.
1252 4730 1372 4780 reaaasm
1387 4730 1417 4778 ll.
1433 4754 1461 4763 -
1479 4728 1562 4777 misera
1577 4727 1686 4777 inuidiae
1700 4725 1771 4775 5554·

440 4807 527 4854 tamm
543 4805 621 4866 lagg.
639 4804 746 4867 praeter
762 4802 803 4852 29.
819 4830 846 4839 -
859 4804 900 4853 20.
919 4804 1046 4866 appellant
1061 4805 1171 4854 amima
1186 4804 1281 4867 captas:
1297 4803 1363 4854 dett.
1377 4830 1404 4838 -
1418 4803 1508 4853 caess
1524 4806 1553 4853 et
1567 4800 1664 4852 deinde
1675 4813 1772 4863 maara

441 4875 508 4928 dett
535 4877 635 4927 luetur
651 4877 733 4928 estare
750 4876 829 4927 etiam
845 4879 922 4929 Arus.
942 4879 975 4930 ll.
994 4892 1021 4943 p.
1039 4879 1097 4930 sta.
1118 4907 1146 4917 -
1164 4880 1205 4931 22.
1224 4878 1302 4944 taam]
1326 4880 1396 4928 istim
1412 4879 1432 4929 44
1450 4879 1495 4928 Gt.
1516 4905 1544 4914 -
1562 4877 1603 4928 33.
1622 4876 1771 4939 dmrmmm

440 4951 471 5003 li.
491 4977 520 4989 ·-
537 4950 578 5003 34.
598 4965 616 5001 a
631 4965 656 5002 sa
672 4953 704 5002 Gt
720 4953 744 5002 3.
760 4979 788 4988 -
797 4952 918 5015 phalas:
933 4953 1031 5003 ablatas
1047 4954 1190 5005 Martianus
1208 4952 1314 5019 Capella
1332 4966 1357 5018 p.
1377 4954 1434 5003 545.
1452 4954 1524 5003 Grot.
1544 4953 1579 5017 (p.
1598 4949 1655 5003 Ill.
1673 4951 1768 5015 liopp.)

442 5027 470 5078 et
485 5026 570 5089 bagao
592 5026 634 5090 (de
651 5039 705 5092 quo
721 5028 748 5078 Ζ.
766 5029 858 5090 taceo:
882 5028 1099 5091 phalerasublatas
1114 5029 1149 5089 44,
1177 5028 1294 5079 additas
1316 5041 1399 5091 super
1419 5041 1452 5078 ra
1473 5029 1562 5092 (manu
1578 5025 1714 5087 secunda,
1739 5027 1770 5075 ut

440 5100 517 5153 Burs.
535 5102 670 5166 testatori:
684 5102 805 5166 phaleras
819 5103 931 5154 motata:
947 5103 997 5164 G³;
1015 5103 1114 5154 5545453
1126 5103 1196 5166 plat.
1215 5104 1280 5155 dett.
1298 5105 1334 5162 0;
1352 5102 1463 5153 54545454
1475 5101 1546 5165 pact.
1557 5103 1586 5152 l..
1606 5127 1635 5137 -
1652 5101 1695 5151 35.
1712 5112 1770 5161 rep·

436 5177 523 5240 parire
538 5178 568 5229 a.
583 5205 611 5215 -
629 5178 671 5229 26.
684 5179 814 5241 practicen
829 5179 900 5230 1:-
919 5178 1051 5241 ophiram
1067 5180 1103 5240 a,
1125 5176 1174 5229 sed
1191 5176 1258 5228 iutra
1275 5177 1395 5239 ciasc-
1413 5178 1454 5229 27.
1472 5189 1549 5228 caera
1564 5178 1594 5226 a.
1607 5200 1635 5212 -
1652 5174 1694 5225 34.
1710 5187 1770 5226 cram

443 5262 497 5302 om.
515 5250 561 5304 443.
581 5277 609 5290 -
628 5252 670 5305 33.
687 5253 828 5319 magmate
842 5254 872 5307 a.
891 5279 920 5291 -
936 5253 1058 5320 matese:
1072 5253 1120 5318 443,
1137 5251 1167 5305 λε
1187 5252 1358 5318 promotorem
1374 5251 1439 5304 dett.
1457 5251 1487 5303 0.
1507 5274 1536 5288 -
1553 5248 1639 5302 wales
1653 5249 1684 5301 lt.
