4367 6109
449 567 511 634 472
837 565 987 632 onemo
1010 567 1087 631 PRO
1109 565 1150 631 Μ.
1171 563 1347 631 FONTEIO

449 741 630 823 religionem
654 737 872 819 coniungctist
902 739 942 800 ab
970 737 1020 801 bis
1049 737 1217 821 quicquam
1246 743 1350 800 sancte
1377 740 1432 800 ant
1457 734 1617 800 moderate
1646 731 1771 796 dictum

450 834 624 918 putabitis?
666 829 716 893 32.
741 828 815 914 [22]
846 831 914 895 Hoc
938 839 1059 895 vestrae
1080 839 1201 895 mentes
1222 837 1284 894 mm
1307 837 1428 905 castae,
1456 837 1519 893 tam
1540 829 1688 911 integrae
1711 826 1772 889 sibi

451 927 634 1008 suscipient,
656 932 706 1000 ut,
728 945 799 988 cum
821 944 930 988 omnes
952 925 1045 1007 legati
1066 926 1180 999 nostri,
1203 925 1258 1008 qui
1278 924 1335 988 illo
1356 924 1492 988 triennio
1513 924 1546 986 in
1564 922 1702 986 Galliam
1716 939 1772 984 ve·

450 1028 578 1093 nerunt,
591 1039 714 1083 omnes
742 1021 864 1103 equites
889 1020 1036 1092 Romani,
1067 1020 1122 1102 qui
1150 1020 1183 1081 in
1212 1019 1266 1082 illa
1295 1018 1456 1101 provincia
1482 1016 1626 1090 fuerunt,
1654 1032 1770 1078 ornnes

426 1112 662 1193 onegotiatorcs
690 1113 757 1176 eius
786 1113 982 1196 provinciae,
1015 1112 1154 1196 denique
1183 1131 1292 1176 omnes
1321 1111 1353 1173 in
1380 1110 1481 1174 Gallia
1509 1109 1563 1194 qui
1594 1113 1670 1172 saint
1692 1107 1771 1170 socii

449 1204 559 1288 populi
581 1207 712 1269 Romani
733 1214 827 1288 atquc
849 1207 939 1268 amici
960 1207 1002 1270 Μ.
1017 1208 1180 1269 Fonteium
1201 1205 1389 1269 incolumem
1410 1224 1480 1268 esse
1501 1204 1647 1285 cupiant,
1671 1195 1770 1264 iurati

449 1298 593 1380 privatim
615 1307 647 1362 et
666 1301 790 1382 publice
812 1299 956 1372 laudent,
978 1319 1034 1363 vos
1057 1307 1160 1363 tamen
1183 1320 1253 1363 cnm
1274 1299 1371 1362 Gallis
1392 1299 1494 1361 iurare
1515 1295 1651 1361 malitist
1682 1291 1769 1368 Quid

450 1400 485 1454 ut
506 1393 606 1455 secuti
628 1413 697 1456 esse
718 1393 912 1456 videamini?
939 1393 1179 1457 Voluntatemnc
1206 1392 1389 1455 bominum?
1416 1393 1538 1474 gravior
1557 1389 1654 1472 igion
1675 1385 1769 1450 vobis

450 1485 508 1547 erit
533 1485 670 1550 hostium
697 1487 861 1559 voluntas,
891 1507 984 1570 quam
1012 1488 1150 1551 civium?
1185 1488 1233 1549 An
1256 1487 1437 1568 dignitatem
1458 1485 1605 1549 testium?
1632 1479 1770 1565 potestis

297 1594 301 1599 '
413 1579 543 1661 anigitur
563 1579 687 1662 ignotos
708 1580 806 1654 notis,
829 1581 955 1664 iniquos
977 1581 1105 1664 aequis,
1127 1579 1320 1661 alienigenas
1335 1578 1531 1652 domesticis,
1553 1575 1685 1660 cupidos
1700 1592 1771 1636 mo

450 1673 579 1747 deratis,
600 1674 831 1736 mercennarios
852 1675 1008 1756 gratuitis,
1032 1674 1144 1757 impios
1166 1672 1336 1754 religiosis,
1358 1673 1587 1735 inimicissimos
1607 1668 1686 1731 buic
1707 1667 1770 1730 im-

449 1766 535 1850 perio
557 1786 593 1830 ac
612 1768 731 1832 nomini
751 1767 843 1829 bonis
864 1786 900 1829 ac
921 1766 1068 1829 fidelibus
1090 1773 1123 1829 et
1143 1766 1236 1829 sociis
1258 1773 1290 1828 et
1310 1766 1429 1830 civibus
1451 1764 1628 1828 anteferret

532 1861 601 1922 XV.
616 1856 666 1921 33.
691 1856 834 1943 [x1.23.]
858 1862 905 1922 An
928 1880 1001 1923 vero
1024 1860 1185 1932 dubitatis,
1208 1859 1342 1935 iudices,
1364 1861 1441 1942 quin
1461 1860 1569 1922 insitas
1586 1856 1769 1921 inimicitias

449 1952 528 2016 istae
556 1960 664 2035 gentes
693 1972 800 2017 omnes
830 1963 862 2017 et
888 1954 1025 2017 habeant
1046 1961 1077 2016 et
1103 1960 1211 2035 gerant
1232 1973 1302 2015 cum
1323 1953 1434 2036 populi
1455 1952 1588 2015 Romani
1609 1950 1769 2013 nominet

413 2047 502 2109 aaSic
525 2048 711 2111 existimatis
733 2068 786 2112 eos
808 2048 859 2110 bic
882 2057 1004 2129 sagatos
1024 2048 1230 2130 bracatosque
1252 2046 1369 2109 versari
1390 2048 1493 2109 animo
1514 2044 1650 2108 demisso
1668 2051 1770 2126 atque

448 2140 578 2214 humili,
599 2148 636 2203 ut
655 2140 757 2203 solent
777 2141 816 2215 ii,
838 2142 892 2224 qui
914 2141 1015 2203 allecti
1037 2140 1157 2202 iniuriis
1174 2138 1214 2203 ad
1229 2160 1323 2222 opem
1343 2140 1482 2203 iudicum
1505 2138 1662 2222 supplices
1684 2134 1771 2198 infe-

450 2235 611 2317 rioresque
633 2233 840 2317 confugiunt?
872 2233 955 2296 Nihil
977 2253 1052 2297 vero
1075 2235 1187 2297 minus.
1225 2235 1251 2296 li
1274 2242 1381 2297 contra
1403 2241 1552 2315 vagantur
1572 2232 1645 2295 laeti
1669 2238 1769 2313 atque

450 2327 544 2390 erecti
566 2328 683 2409 passim
704 2334 768 2391 toto
790 2327 873 2402 foro,
899 2348 969 2392 cum
991 2328 1180 2412 quibusdam
1201 2329 1293 2391 minis
1315 2336 1347 2391 et
1365 2327 1497 2390 barbaro
1519 2334 1614 2410 atque
1634 2323 1770 2389 immani

450 2428 567 2484 terrore
588 2422 771 2484 verboruma
793 2420 879 2505 qnod
902 2442 959 2504 ego
980 2420 1121 2504 profecto
1143 2441 1207 2483 non
1229 2421 1406 2496 crederem,
1427 2421 1489 2483 nisi
1509 2419 1702 2503 aliquotiens
1724 2438 1770 2480 cx

412 2514 526 2596 aoipsis
547 2516 778 2578 accusatoribus
800 2516 959 2579 vobiscum
981 2515 1090 2589 simul,
1111 2515 1244 2590 iudices,
1273 2515 1429 2578 audissem
1452 2534 1522 2577 cum
1543 2513 1769 2596 praeciperent

448 2614 484 2671 ut
498 2609 662 2683 caveretis,
683 2629 723 2671 ne
739 2610 799 2672 boc
814 2608 958 2672 absoluto
973 2628 1089 2671 novum
1103 2609 1230 2692 aliquod
1245 2609 1361 2671 bellum
1377 2608 1530 2671 Gallicum
1546 2608 1768 2670 concitaretur.

449 2696 500 2761 34.
525 2696 599 2783 [db]
623 2701 657 2764 Si
675 2704 716 2765 Μ.
738 2704 919 2778 Fonteium,
942 2702 1082 2776 iudices,
1110 2703 1144 2765 in
1172 2722 1265 2767 causa
1287 2699 1455 2765 delicerent
1476 2701 1595 2764 omnia:
1625 2700 1652 2763 si
1681 2700 1768 2783 turpi

449 2794 675 2871 adolescentia,
697 2798 759 2861 vita
781 2796 906 2871 infami,
928 2797 1173 2879 magistratibus,
1196 2816 1276 2880 quos
1298 2802 1371 2858 ante
1392 2795 1499 2858 oculos
1513 2802 1632 2857 vestros
1656 2793 1767 2876 gessit,

449 2890 599 2953 convictis
621 2891 755 2954 virorum
777 2890 930 2954 bonomm
952 2891 1153 2965 testimoniis,
1180 2890 1387 2973 legationibus
1409 2889 1562 2971 flagitiose
1584 2888 1694 2962 obitis,
1716 2888 1768 2949 in·

411 2984 535 3047 revisus
563 2985 627 3047 suis
653 2985 797 3047 omnibus
825 2986 858 3047 in
885 2984 1036 3047 iudicium
1062 2992 1245 3059 vocaretur3
1273 2984 1300 3046 si
1329 2984 1361 3045 in
1383 3004 1422 3046 eo
1443 2983 1559 3045 iudicio
1581 2983 1765 3046 colonorum

447 3077 556 3161 populi
587 3079 717 3142 Romani
743 3079 1008 3152 Narbonensium,
1039 3078 1293 3141 fidelissimorum
1323 3078 1480 3141 sociorum
1511 3076 1765 3149 Massiliensium,

449 3170 563 3233 civium
593 3174 802 3236 Romanorum
832 3173 969 3236 omnium
996 3171 1182 3235 testimoniis
1210 3172 1387 3256 tabulisque
1415 3177 1627 3253 premeretur:
1656 3178 1765 3232 tamen

449 3271 533 3327 esset
557 3265 645 3328 vobis
677 3285 790 3347 magno
817 3286 912 3348 opere
942 3266 1169 3348 providendum
1198 3286 1254 3340 ne,
1286 3286 1367 3349 quos
1395 3268 1437 3328 ita
1458 3265 1589 3329 afflictos
1611 3285 1629 3327 a
1650 3264 1765 3328 vestris

447 3358 586 3440 patribus
601 3359 833 3442 maioribusque
847 3360 1062 3442 accepissetis,
1076 3366 1111 3421 ut
1126 3359 1346 3422 contemnendi
1362 3369 1477 3433 essent,
1492 3379 1546 3421 eos
1561 3357 1764 3444 pertimuisse

410 3459 479 3515 aoet
501 3471 608 3513 eorum
631 3453 725 3514 minis
747 3459 779 3515 et
800 3460 916 3515 terrore
939 3455 1082 3516 commoti
1105 3475 1174 3516 esse
1189 3453 1384 3517 videremini.
1413 3452 1464 3516 35.
1482 3449 1555 3537 [ab]
1572 3456 1661 3515 Nunc
1676 3470 1763 3525 vero,

448 3563 518 3609 cnm
548 3543 649 3608 laedat
675 3565 767 3609 nemo
795 3546 913 3619 bonus,
942 3545 1070 3609 laudent
1099 3567 1207 3611 omnes
1234 3550 1329 3611 vestri
1357 3549 1441 3612 cives
1463 3557 1558 3632 atque
1580 3545 1670 3619 socii3
1706 3565 1764 3628 op-

447 3646 587 3720 pugnent
614 3640 654 3712 ii,
682 3639 737 3722 qui
767 3639 948 3721 saepissime
976 3642 1056 3702 banc
1077 3641 1185 3703 urbem
1208 3649 1239 3704 et
1259 3641 1319 3704 boc
1340 3643 1502 3726 imperium
1525 3646 1762 3725 oppugnarunt3

448 3749 583 3812 cumque
609 3732 724 3795 inimici
746 3734 787 3794 Μ.
810 3735 920 3796 Fontei
940 3735 1028 3797 vobis
1053 3754 1089 3797 ac
1111 3735 1227 3817 populo
1250 3736 1389 3798 Romano
1411 3736 1586 3807 minentur,
1610 3732 1702 3796 amici
1724 3752 1762 3795 ao

448 3824 617 3907 propinqui
647 3826 824 3909 supplicent
849 3827 958 3891 vobis:
989 3827 1169 3891 dubitabitis
1199 3847 1263 3890 non
1290 3828 1383 3892 modo
1404 3831 1515 3893 vestris
1536 3828 1672 3902 civibus,
1706 3828 1763 3913 qui

513 4149 536 4200 t.
555 4149 587 4199 ob
602 4151 647 4217 lais]
665 4152 697 4202 ab
713 4155 744 4214 V,
762 4160 806 4205 orat
821 4157 838 4206 S
857 4157 918 4221 (om.
936 4158 989 4220 lats).
1011 4187 1038 4196 -
1062 4163 1146 4209 sancte
1162 4164 1207 4210 cast
1226 4160 1352 4210 modo-ate
1367 4158 1396 4207 S:
1418 4155 1562 4205 sanctoruni
1580 4155 1713 4205 moderatu
1727 4155 1761 4218 V,

448 4224 520 4285 quod
536 4238 621 4289 aeque
639 4231 712 4278 recte
730 4229 763 4279 lte
782 4233 912 4295 corrigere
929 4235 1027 4298 possis:
1052 4235 1133 4284 suncti
1150 4240 1194 4284 am
1209 4234 1338 4284 moderati.
1359 4260 1386 4270 -
1406 4230 1430 4282 l.
1449 4242 1531 4281 omnes
1546 4231 1665 4291 tnrqottrs
1679 4231 1711 4280 V.
1731 4257 1760 4267 -

447 4298 470 4347 r.
490 4303 572 4348 rames
587 4315 644 4350 cam
661 4303 691 4352 o.
709 4304 796 4354 curare
811 4306 848 4353 v:
868 4313 950 4356 rames
966 4308 1044 4358 carm
1059 4310 1159 4358 credero
1175 4310 1201 4358 s.
1220 4309 1341 4372 «opums
1353 4309 1387 4363 v;
1407 4307 1483 4355 iurati
1500 4305 1570 4355 enim
1585 4304 1686 4354 iudices
1698 4316 1762 4354 cum

446 4372 558 4424 testibus
576 4376 665 4426 iuratis
683 4381 755 4429 recte
774 4380 865 4443 (simul)
884 4383 969 4433 iurare
987 4383 1134 4434 dicuntur.»
1152 4385 1195 4434 Oa.
1216 4412 1243 4421 -
1270 4384 1294 4434 8.
1312 4382 1438 4432 oidscmiu
1453 4382 1484 4430 V.
1504 4406 1530 4415 -
1551 4379 1574 4429 9.
1593 4380 1713 4443 mundate
1729 4381 1761 4429 Μ.

449 4474 475 4483 -
495 4449 534 4499 ta.
552 4454 806 4504 mercennariosVS:
823 4459 989 4508 oscrcenurv'os
1005 4460 1033 4509 0.
1056 4457 1128 4509 illam
1145 4460 1302 4523 scripturam
1320 4471 1372 4507 non
1384 4458 1485 4506 tantum
1498 4453 1575 4505 codd.
1589 4454 1679 4518 optimi
1692 4465 1763 4504 sem-

445 4533 506 4585 per,
530 4522 674 4576 sedetiam
694 4527 840 4582 deteriores
860 4531 1015 4597 plerumque
1033 4532 1141 4584 babent.
1161 4561 1188 4569 -
1212 4534 1251 4584 ⁴2.
1273 4546 1305 4582 cc
1324 4533 1418 4582 auolat
1440 4544 1493 4580 om.
1512 4529 1571 4580 cod.
1590 4528 1709 4589 oehleri3
1733 4540 1760 4578 V·

445 4607 524 4660 supra
536 4609 563 4660 n·
575 4597 631 4650 ⁴6⁵.
645 4601 678 4650 ad
690 4603 714 4666 s.
726 4604 766 4654 io.
780 4605 821 4668 (aa
832 4620 880 4672 pro
892 4609 1008 4672 aava·
1022 4609 1061 4663 aa.
1074 4611 1153 4678 penta
1163 4612 1188 4661 s.
1200 4634 1227 4646 -
1241 4610 1282 4661 ts.
1296 4607 1537 4672 assumentem·
1556 4604 1719 4666 uacuoque
1729 4604 1759 4653 s:

958 4691 972 4726 ο

444 4724 609 4791 ΜΜΜΘΜΜΘ
620 4732 650 4793 Μ,
668 4733 844 4800 umectum,
854 4739 884 4791 0.
894 4767 920 4778 -
933 4745 1032 4794 uersari
1041 4744 1072 4805 Μ,
1091 4746 1118 4795 et
1129 4745 1167 4796 sic
1179 4744 1259 4793 ctiam
1271 4740 1295 4805 S.
1308 4738 1350 4790 27.
1358 4766 1385 4775 -
1404 4739 1501 4787 ociosos
1511 4737 1573 4786 V.-
1593 4735 1632 4787 td.
1647 4736 1667 4787 s’t
1677 4736 1708 4786 S:
1726 4735 1762 4785 bii

443 4803 475 4852 V·
489 4829 516 4838 -
535 4807 624 4868 wear
639 4809 729 4858 assos
745 4812 775 4861 ν.
797 4840 823 4849 -
844 4814 882 4864 cv.
900 4816 919 4864 a·
936 4830 997 4868 nos:
1016 4819 1051 4867 ars
1067 4820 1101 4879 v;
1119 4820 1144 4868 rs
1163 4819 1218 4869 so.
1238 4843 1265 4854 -
1284 4819 1362 4878 arque
1376 4814 1450 4862 oreos
1466 4814 1501 4863 s:
1519 4817 1594 4874 aequo
1608 4811 1670 4860 ms
1685 4810 1717 4861 v.
1730 4836 1759 4845 -

444 4877 483 4962 49·
497 4878 644 4941 “littwlltm
655 4884 713 4934 VS³
732 4886 862 4948 alflwb'et
873 4892 901 4941 O.
911 4917 937 4930 -
952 4893 992 4944 23.
1006 4895 1172 4944 canescentia
1183 4895 1213 4945 V.
1222 4919 1248 4929 -
1262 4889 1303 4942 tl.
1316 4889 1434 4939 convictis
1444 4889 1481 4936 V:
1498 4889 1643 4937 coniunctus
1655 4887 1682 4945 S,
1700 4899 1761 4935 cos-

440 4956 519 5001 vtctua
535 4955 583 5005 LO
601 4969 662 5008 cum
680 4959 722 5009 ed.
741 4961 839 5012 Veneta
857 4964 939 5030 tl83.‚
966 4981 1019 5031 quo
1036 4973 1144 5035 recepto
1161 4971 1324 5019 Hotomanus
1342 4965 1454 5015 incisum
1470 4963 1595 5012 convietus
1609 4974 1634 5010 o.
1653 4958 1675 5009 b.
1693 4959 1762 5008 tesel-

440 5029 530 5076 mom's's
554 5033 612 5093 post
637 5032 707 5084 obitis
732 5037 956 5100 transponendum
978 5046 1092 5105 censuit,
1118 5048 1148 5094 ut
1168 5044 1239 5094 obitis
1257 5043 1336 5092 etiam
1359 5038 1394 5088 ad
1414 5036 1602 5101 magistratibus
1617 5033 1760 5093 reseratum

442 5101 532 5185 eontra
550 5103 677 5158 Lambino
693 5112 754 5173 post
768 5113 841 5174 gessit
856 5113 954 5177 aliquid
970 5117 1148 5181 intercidisse,
1167 5117 1272 5169 utmnls
1283 5114 1332 5179 [vel
1346 5114 1459 5178 pontons)
1470 5113 1554 5176 gestis,
1572 5108 1721 5160 videbatur.
1732 5134 1760 5143 -

441 5186 534 5258 ‘'¹²'¹³.¹¹⁸
551 5179 694 5236 M³¹¹¹¹l³¹¹⁸=
715 5185 807 5236 inuitus
822 5188 853 5249 V.
871 5190 953 5240 savoa
969 5193 995 5242 s.
1014 5218 1043 5230 -
1061 5195 1104 5246 er.
1122 5196 1296 5256 „ramosos
1311 5191 1367 5242 vs.
1387 5213 1415 5223 -
1435 5188 1477 5238 aa.
1494 5198 1644 5250 mapsam
1659 5185 1718 5234 vs.
1732 5209 1761 5219 -
1824 5228 1830 5234 .

442 5247 553 5316 adflectes
570 5251 600 5303 V.
620 5280 646 5290 -
666 5257 706 5316 29,
725 5264 910 5333 contempnendi
925 5265 956 5314 V.
976 5291 1003 5302 —
1022 5267 1062 5323 31.
1082 5269 1135 5322 soci
1151 5268 1182 5331 Μ,
1202 5293 1230 5304 -
1248 5266 1289 5336 32,
1307 5265 1327 5318 il
1342 5264 1373 5332 S}
1391 5264 1418 5325 td
1434 5263 1466 5311 Μ.
