4367 6109
497 540 559 610 628
862 544 915 608 DE
937 542 1042 608 LEGE
1063 543 1241 608 AGRARIA
1262 544 1381 610 LIBER
1402 546 1442 609 11.

496 711 663 787 Falemns,
690 711 889 787 Litominus,
913 712 1089 788 Cumanus,
1113 713 1275 777 Casilinas.
1311 715 1422 777 Audio.
1453 713 1501 777 Ab
1522 714 1583 777 alin
1603 719 1695 798 porta
1718 713 1815 798 Cape·

495 827 568 882 nas,
590 805 743 879 Faliscus,
766 805 917 880 Sabinus,
939 806 1107 882 Reatinus,
1129 805 1536 884 Venalranus,‘Allisanns,
1558 809 1815 872 Trebulanus.·-

494 900 599 963 Habes
620 905 736 963 tantam
757 901 939 981 pecuniam,
963 920 1025 984 qna
1045 899 1142 963 hosce
1165 919 1274 963 omnes
1296 921 1387 984 agros
1410 908 1442 964 et
1457 910 1578 966 ceteros
1598 902 1713 966 horum
1732 904 1816 966 simi·

494 993 540 1056 les
562 1014 626 1057 non
647 991 740 1057 modo
763 1013 884 1067 emere,
905 1014 1013 1057 verum
1032 995 1125 1057 etiam
1141 1014 1323 1058 coacervare
1338 997 1459 1077 possis:
1483 1016 1608 1060 eureos
1624 1017 1688 1060 non
1704 994 1815 1059 definis

470 1091 598 1172 iineque
619 1086 780 1160 nominas,
803 1093 837 1148 ut
858 1086 970 1150 saltem
985 1087 1158 1150 deliberare
1180 1087 1288 1168 plebes
1305 1088 1444 1150 Romana
1459 1092 1577 1172 possit,
1600 1090 1678 1173 qnid
1692 1090 1815 1152 intersit

494 1201 567 1256 sua,
589 1180 667 1263 quid
690 1178 855 1263 expediat,
879 1189 1033 1263 qnantum
1055 1181 1111 1243 tibi
1133 1182 1165 1243 in
1184 1181 1323 1244 emendis
1339 1190 1371 1243 et
1384 1182 1417 1242 in
1431 1183 1606 1246 vendendis
1620 1184 1716 1247 rebus
1731 1203 1816 1247 com·

492 1273 679 1336 mittendum
707 1275 817 1355 putati
849 1274 991 1348 Definio,
1024 1275 1144 1358 inquit,
1176 1274 1307 1337 Italiam.
1345 1275 1426 1337 Satis
1449 1284 1533 1338 certa
1553 1277 1653 1358 regio.
1690 1276 1816 1340 Etenim

495 1365 681 1450 quantulum
702 1366 848 1441 interest,
877 1375 981 1430 utrum
1002 1370 1035 1430 in
1057 1369 1179 1431 Massici
1202 1367 1324 1430 radices
1346 1389 1386 1429 an
1413 1369 1446 1430 in
1466 1369 1613 1453 Apuliam
1635 1370 1740 1434 aliove
1762 1370 1816 1432 de·

493 1459 676 1522 ducamini?
713 1457 763 1522 67.
778 1462 860 1542 Age,
882 1480 947 1523 non
962 1458 1073 1523 definis
1094 1460 1213 1523 locum:
1252 1460 1350 1543 quid?
1374 1468 1516 1524 naturam
1530 1463 1621 1544 agri?
1644 1465 1746 1536 Vero,
1768 1464 1817 1525 in·

457 1554 579 1637 toqnit,
602 1572 657 1627 ovi
677 1572 772 1617 aanor
793 1575 855 1617 avr
876 1572 948 1617 conr
969 1575 1082 1617 rossrr.
1120 1554 1183 1628 Qui
1205 1554 1305 1636 possit
1320 1555 1419 1627 arari,
1441 1555 1557 1637 inquit,
1579 1565 1634 1620 aut
1648 1557 1729 1632 coti,
1752 1577 1816 1620 non

494 1647 549 1729 qui
578 1655 684 1712 aratus
706 1656 759 1710 aut
781 1647 882 1711 cultus
904 1648 954 1711 sit.
988 1649 1096 1710 Utrum
1117 1649 1196 1710 haee
1218 1648 1271 1711 lex
1293 1656 1341 1711 est
1362 1668 1402 1710 an
1425 1649 1530 1711 tabula
1551 1650 1739 1713 Veratianae
1760 1669 1817 1712 au·

493 1741 629 1803 ationis?
658 1742 692 1804 in
723 1761 787 1825 qna
816 1741 967 1824 scriptum
988 1741 1085 1804 luisse
1107 1742 1215 1804 aiunt:
1245 1762 1359 1805 aroana
1382 1762 1436 1816 cc,
1465 1763 1497 1805 m
1519 1763 1629 1817 oviam
1652 1762 1817 1807 onmem

492 1852 578 1897 rieul
605 1854 738 1911 cornsr3
767 1853 882 1897 rvoaan
910 1854 983 1908 ccc,
1011 1855 1063 1898 ver
1090 1853 1225 1898 rnsrrrvr
1253 1857 1369 1899 vinnan
1397 1856 1538 1899 oossvnr.
1582 1838 1650 1903 Hoc
1672 1846 1707 1901 tu
1729 1858 1816 1902 emes

491 1930 551 1992 ista
572 1929 792 1993 innumerabili
812 1929 961 2012 pecnnia,
984 1928 1070 2012 quod
1092 1929 1172 1990 arari
1193 1934 1248 1991 ant
1269 1929 1330 1991 coli
1353 1931 1476 2012 possiti
1510 1929 1603 2005 Quod
1625 1931 1729 1994 solum
1749 1938 1815 1994 tarn

456 2037 483 2083 nt
492 2026 575 2089 exile
604 2033 635 2088 et
663 2044 802 2088 macrum
831 2031 895 2097 est,
921 2021 1006 2106 quod
1028 2029 1132 2085 aratro
1154 2023 1322 2104 perstringi
1344 2042 1409 2084 non
1430 2023 1555 2106 possiti
1583 2032 1638 2087 aut
1659 2023 1745 2107 qnod
1767 2033 1817 2087 est

491 2127 555 2182 tam
576 2138 723 2201 asperum
745 2124 904 2190 saxetum,
925 2116 958 2178 in
980 2135 1044 2198 quo
1066 2115 1275 2198 agricolarum
1297 2115 1398 2178 cultus
1419 2135 1485 2177 non
1507 2116 1673 2181 elaboret?

575 2212 712 2287 ldcirco,
740 2210 858 2294 inquit,
887 2229 978 2291 agros
1000 2209 1162 2272 nominare
1184 2228 1248 2271 non
1270 2228 1416 2291 possum,
1443 2209 1518 2290 quia
1539 2216 1666 2293 tangam
1688 2211 1815 2275 nullum

491 2308 531 2371 ab
553 2305 662 2368 invito.
691 2304 770 2378 Hoc,
793 2302 943 2379 Quirites,
966 2302 1065 2364 multo
1088 2310 1137 2365 est
1159 2303 1388 2385 quaestuosius,
1411 2321 1505 2382 quam
1527 2303 1555 2364 si
1576 2304 1616 2365 ab
1639 2304 1739 2368 invito
1763 2326 1817 2369 su-

492 2408 608 2475 meret;
640 2397 770 2461 inibitur
791 2396 875 2459 enim
897 2394 977 2457 ratio
1000 2403 1149 2477 quaestus
1171 2395 1211 2458 de
1234 2401 1338 2457 vestra
1359 2397 1509 2476 pecnnia,
1531 2402 1564 2459 et
1584 2405 1653 2460 tum
1673 2398 1817 2483 deniqne

454 2507 566 2577 tuager
588 2499 722 2566 emetur,
752 2489 928 2554 cumidem
951 2489 1099 2573 expediet
1120 2488 1254 2570 emptori
1277 2497 1308 2551 et
1328 2488 1496 2551 venditori.
1539 2490 1653 2554 XXVI.
1676 2490 1727 2555 68.
1752 2493 1837 2556 sm

491 2587 595 2651 videte
617 2587 681 2649 vim
702 2586 780 2668 legis
802 2585 950 2666 agrariae.
994 2585 1039 2644 Ne
1062 2583 1091 2643 ei
1115 2582 1261 2666 quidem,
1284 2582 1339 2666 qui
1360 2602 1452 2665 agros
1474 2584 1618 2667 publicos
1639 2586 1816 2667 possident,

492 2679 645 2744 decedent
665 2678 705 2742 de
726 2677 944 2762 possessione,
970 2675 1032 2738 nisi
1054 2685 1147 2738 erunt
1167 2674 1294 2738 deducti
1316 2677 1434 2758 optima
1456 2678 1641 2742 condicione
1664 2687 1696 2742 et
1716 2700 1816 2763 pecu-

490 2774 544 2837 nia
565 2775 710 2837 manima.
749 2771 905 2834 Conversa
927 2770 1016 2832 ratio.
1051 2770 1170 2842 Antea,
1199 2789 1269 2831 cum
1293 2778 1360 2832 erat
1381 2790 1400 2832 a
1421 2771 1547 2834 tribuno
1570 2771 1672 2854 plebis
1694 2774 1816 2836 mentio

490 2866 569 2949 legis
599 2865 740 2949 agrariae
767 2864 864 2936 facta,
895 2863 1044 2926 continno
1075 2862 1130 2945 qni
1153 2881 1246 2943 agros
1274 2861 1419 2944 publicos
1441 2872 1496 2926 aut
1518 2866 1572 2947 qui
1593 2867 1815 2947 possessiones

452 2959 664 3024 minvidiosas
686 2958 836 3021 tenebant
857 2955 1112 3019 extimescebam.
1146 2956 1231 3019 llaec
1253 2955 1376 3018 lexeos
1400 2956 1545 3020 homines
1567 2957 1702 3022 fortunis
1724 2959 1816 3023 locu·

490 3053 605 3137 pietat,
634 3052 754 3115 invidia
782 3050 904 3113 liberat.
943 3050 1044 3124 Qnam
1067 3049 1182 3112 multos
1205 3049 1306 3122 enim,
1338 3050 1496 3125 Quirites,
1525 3051 1712 3115 existimatis
1733 3073 1815 3128 esse,

491 3148 547 3231 qni
576 3146 774 3209 latitudinem
803 3143 1036 3227 possessionum
1062 3143 1161 3215 tueri,
1192 3142 1245 3225 qui
1270 3142 1420 3205 invidiam
1443 3144 1644 3208 Sullanorum
1665 3165 1817 3228 agrorum

489 3241 570 3304 serre
592 3259 657 3302 non
679 3238 823 3321 possint?
855 3237 909 3320 qni
931 3235 1067 3299 vendere
1089 3237 1229 3318 cupiant,
1252 3245 1425 3318 emptorem
1447 3257 1511 3300 non
1532 3238 1714 3320 reperiant?
1742 3260 1816 3323 por-

489 3335 564 3397 dere
586 3334 649 3397 iam
671 3332 811 3415 denique
834 3330 905 3393 illos
927 3349 1018 3412 agros
1040 3330 1162 3392 ratione
1176 3328 1285 3412 aliqua
1298 3329 1418 3392 velint?
1450 3330 1512 3406 Qui
1528 3333 1624 3413 panio
1639 3338 1715 3396 ante
1730 3332 1816 3397 diem

452 3435 678 3511 aonootemque
700 3424 901 3489 tribunicium
923 3443 1039 3486 nomen
1059 3422 1246 3494 horrebant,
1269 3429 1405 3485 vestram
1420 3424 1482 3486 vim
1505 3425 1703 3502 metuebant,
1726 3446 1817 3490 men·

490 3522 608 3584 tionem
634 3520 713 3602 legis
742 3518 881 3600 agrariae
907 3516 1188 3598 pertimescebant,
1219 3515 1248 3577 ei
1278 3536 1361 3579 nunc
1390 3518 1485 3580 etiam
1512 3518 1596 3581 ultro
1617 3520 1817 3602 rogabuntur

489 3623 585 3698 atque
607 3614 796 3686 orabuntur,
818 3619 853 3674 ut
874 3629 966 3693 agros
987 3609 1100 3692 partim
1123 3608 1282 3692 publicos,
1304 3609 1417 3691 partim
1440 3611 1552 3693 plenos
1567 3612 1724 3690 invidiae,
1744 3614 1816 3697 ple·

555 3888 579 3938 i.
597 3885 737 3936 Literninus
753 3882 888 3934 Gebhardt
906 3880 931 3945 ll.
944 3880 961 3931 l.
974 3884 1016 3932 lii.
1030 3897 1055 3946 p.
1069 3884 1083 3932 7
1096 3883 1165 3946 sqq.)
1175 3897 1180 3931 :
1198 3882 1311 3933 liternino
1328 3884 1362 3941 E;
1380 3883 1487 3933 licernes
1496 3884 1528 3944 F;
1547 3885 1679 3937 tuamor
1694 3887 1812 3944 Anao.

492 3987 519 3998 -
538 3961 660 4013 Catilinas
676 3957 801 4009 Camillus
813 3957 986 4020 Peregrinus:
1005 3969 1039 4005 an
1055 3958 1172 4007 amianas
1188 3957 1277 4016 EFP3
1296 3957 1399 4007 Carinas
1414 3954 1532 4018 Albo,
1549 3961 1730 4023 Neapolitanus
1740 3951 1814 4016 Geb-

490 4036 569 4087 hardt
584 4035 601 4086 l.
619 4034 635 4085 l.
654 4047 680 4099 p.
699 4034 715 4084 8
732 4046 773 4096 sq.
796 4060 822 4068 —
848 4031 893 4096 Ab]
915 4031 945 4080 cb
965 4031 1050 4081 EFP.
1071 4058 1098 4066 —
1122 4033 1148 4081 2.
1166 4030 1281 4095 Saotero]
1298 4032 1405 4082 &Mnus
1421 4045 1482 4096 oper
1499 4033 1560 4093 FA;
1586 4035 1687 4088 minus
1702 4053 1767 4104 agar
1782 4041 1811 4092 Ε.

489 4115 589 4163 Vocem
606 4123 668 4174 ager
683 4107 782 4159 delevit
793 4105 947 4165 Lambinus3
967 4105 1085 4156 defendit
1097 4106 1231 4156 Gebhardt
1247 4106 1264 4156 l.
1277 4106 1294 4156 l.
1313 4120 1339 4171 p.
1353 4108 1425 4157 to-
1447 4108 1610 4174 Venafranae]
1625 4115 1810 4175 munerib

486 4199 627 4238 uanuanru
644 4186 669 4235 F.
690 4210 717 4217 -
735 4183 848 4245 Atttoous
865 4178 918 4230 Li.
938 4207 964 4215 -
984 4182 1008 4229 b.
1024 4180 1106 4242 pubes
1123 4181 1213 4229 El'A:
1228 4181 1296 4242 pleis
1313 4196 1375 4232 cum
1393 4183 1435 4232 ed.
1454 4181 1545 4233 Aldina
1564 4182 1647 4237 neo.
1666 4187 1706 4240 Cl.
1724 4190 1751 4255 5.
1769 4191 1810 4241 aa.

488 4290 515 4298 -
534 4264 558 4314 6.
576 4263 603 4311 in
619 4261 680 4309 ante
697 4271 723 4306 v.
741 4257 872 4307 vendendis
888 4268 941 4304 om.
960 4256 988 4305 T.
1010 4280 1037 4291 -
1055 4255 1080 4303 8.
1099 4252 1216 4315 Apuliam
1232 4255 1362 4318 Sigonius:
1390 4258 1490 4307 Italiam
1506 4259 1654 4322 elnam
1678 4264 1812 4329 Ligurian

483 4339 543 4387 Ant.
561 4334 730 4399 Augustinus.
752 4359 778 4367 —
798 4332 822 4380 9.
841 4330 890 4394 Aga
906 4343 956 4379 non
973 4330 1058 4392 delimo
1075 4328 1164 4377 locum
1183 4329 1242 4390 quid
1258 4337 1378 4382 nuaram
1393 4332 1473 4396 agri?
1494 4346 1566 4394 uero,
1584 4336 1667 4396 inquit
1682 4337 1746 4388 EF:
1765 4352 1812 4404 aga

482 4424 533 4460 non
549 4411 635 4473 manis
651 4408 740 4456 locum.
761 4405 825 4467 Quid
840 4409 928 4454 notam
942 4417 1001 4453 vero
1017 4403 1100 4463 inquit
1110 4405 1143 4462 P;
1162 4416 1209 4466 age
1220 4417 1270 4454 non
1281 4408 1366 4471 mann
1377 4407 1480 4458 boum?
1496 4410 1561 4470 Quid
1572 4411 1652 4461 nam?
1668 4413 1732 4477 Agri
1740 4427 1810 4476 cau,

481 4486 562 4547 inquit
579 4488 613 4544 G;
631 4484 683 4546 Age
699 4482 784 4544 dafinb
800 4481 889 4530 mcum.
909 4481 1033 4541 Quidnam
1049 4480 1108 4542 agri
1123 4493 1182 4529 uero
1199 4480 1300 4542 inquit?
1317 4486 1352 4541 A;
1370 4484 1504 4546 Agauero,
1522 4486 1709 4548 manniacum.
1730 4489 1812 4552 Quid-

481 4573 541 4609 nam
563 4559 621 4622 agri
642 4570 715 4616 oero,
738 4556 818 4617 inquit
840 4568 901 4605 cnm
919 4555 961 4604 ed.
987 4554 1159 4604 Cratandrina
1177 4553 1208 4612 t;
1233 4555 1283 4619 Age
1298 4571 1356 4607 uero
1373 4558 1458 4621 definis
1474 4558 1563 4608 burn.
1589 4561 1714 4622 Qrsidrtnm
1731 4562 1812 4626 agri?

480 4634 623 4698 Agriane,
641 4632 722 4694 inquit
733 4633 761 4680 L.
773 4657 800 4666 —
813 4631 853 4680 te.
865 4631 950 4692 possit.
971 4631 1153 4692 Quipossit--
1164 4630 1212 4679 coti
1223 4643 1276 4680 om.
1290 4632 1319 4681 E.
1332 4659 1358 4666 -
1371 4634 1411 4682 tt.
1428 4634 1577 4684 Veratianae
1588 4635 1621 4685 E:
1633 4637 1809 4698 wadone&

481 4709 637 4759 Neratiaoua
653 4707 711 4757 GO.
731 4706 771 4757 Ci.
784 4719 832 4769 pro
845 4704 937 4755 Flacco
949 4705 974 4769 ὅ.
987 4705 1028 4756 to.
1041 4732 1068 4740 -
1083 4707 1123 4756 iti.
1136 4705 1167 4769 et]
1180 4711 1225 4755 out
1235 4707 1262 4755 T.
1276 4734 1303 4742 -
1317 4708 1356 4758 t8.
1369 4709 1433 4769 Hoc,
1453 4710 1560 4772 Quirites
1570 4708 1699 4763 Klotzins:
1717 4712 1813 4774 hocque

481 4783 501 4833 E
511 4784 528 4832 F
537 4798 542 4841 ;
555 4784 600 4833 boc
611 4793 709 4845 quaqua
719 4776 832 4830 ALVO.
846 4808 873 4817 -
888 4781 927 4830 49,
940 4780 1063 4831 inhibetur
1074 4781 1093 4830 E
1103 4781 1121 4829 F
1131 4783 1163 4839 P,
1181 4781 1273 4830 inietur
1285 4784 1305 4831 G
1314 4784 1334 4832 A
1343 4781 1374 4842 b,
1386 4784 1525 4833 inueniatur
1532 4785 1561 4835 1..
1578 4785 1758 4838 Emendaium
1769 4787 1813 4836 esi

481 4859 507 4908 in
524 4871 607 4922 marg.
626 4859 657 4908 A.
677 4880 704 4891 -
723 4856 765 4906 20.
783 4855 895 4917 expetet
911 4856 972 4906 EF:
991 4855 1127 4918 expedierit
1143 4853 1257 4908 Atto.
1274 4883 1301 4892 —
1320 4858 1360 4907 at.
1379 4857 1401 4907 ci
1417 4859 1481 4909 EF:
1500 4859 1519 4908 ii
1534 4856 1647 4911 atto.
1662 4887 1689 4896 -
1709 4861 1752 4912 ἥ.
1769 4860 1812 4911 da·

480 4933 555 4995 ducti]
572 4933 669 4983 deducu
682 4931 790 4993 peonio
806 4931 840 4992 E,
860 4929 908 4980 sed
925 4929 1039 4981 verbum
1053 4931 1161 4994 pecunia
1177 4929 1271 4981 lineola
1289 4933 1440 4984 transversa
1457 4933 1587 4990 deletum.
1606 4962 1633 4971 -
1652 4939 1676 4986 at
1686 4932 1810 4998 amia]

480 5009 529 5058 «ln
544 5009 598 5058 ima
616 5007 709 5072 pagina
726 5006 778 5056 duo
796 5007 842 5056 aut
858 5006 907 5055 tria
924 5006 1053 5057 voeabula
1070 5019 1149 5057 erasa
1165 5010 1242 5057 erant
1259 5006 1415 5072 videturque
1432 5007 1528 5072 aliquid
1546 5007 1668 5065 deessem
1685 5011 1758 5059 Pica.
1779 5034 1807 5046 -

479 5081 520 5130 23.
538 5086 597 5131 ante
612 5095 669 5132 cum
686 5083 712 5132 F.
722 5108 749 5119 -
767 5082 808 5132 ib.
827 5082 1016 5133 wirundum
1027 5082 1152 5133 Klotzins:
1171 5083 1508 5144 experimentorum
1523 5082 1730 5146 pawmrowuut
1745 5095 1810 5134 cnm

480 5153 523 5204 ed.
537 5153 629 5205 Aldina
645 5153 728 5207 neo.
747 5155 785 5207 Ci.
799 5169 826 5221 p.
840 5156 918 5207 Caso.
938 5157 962 5221 5.
976 5157 1017 5208 98.
1029 5184 1059 5194 -
1077 5157 1118 5208 29.
1138 5156 1189 5209 dies
1204 5163 1332 5221 necarem
1343 5160 1371 5210 L.
1386 5185 1407 5196 -
1432 5159 1473 5210 at.
1491 5159 1515 5213 ai
1530 5157 1656 5214 Klotuus:
1674 5161 1700 5213 at
1715 5158 1814 5218 EFPi·

482 5229 501 5278 ii
517 5226 631 5282 ALVO.
654 5230 692 5283 Ci.
711 5230 735 5296 s.
752 5231 794 5284 8⁴.
813 5232 848 5297 (p.
867 5232 924 5285 632.
942 5245 968 5284 v.
986 5231 1020 5294 7.)
