4367 6109
410 553 417 571 '
460 553 523 622 256
832 558 875 623 ln
895 556 1062 624 VERREM
1081 556 1205 624 ACTIO
1227 556 1411 625 SECUNDA

460 748 532 792 cum
553 727 740 791 auctoritate
761 734 846 789 esset
865 726 1000 791 locutus.
1031 728 1202 804 Statuitur,
1223 736 1260 793 ut
1280 729 1369 804 dico,
1390 748 1490 812 eques
1506 729 1668 794 Romanus
1681 747 1784 795 00000

459 841 560 905 prope
581 841 621 885 xc
643 829 736 884 natus
757 821 791 883 in
813 822 945 903 Apronii
968 823 1134 898 convivio,
1156 843 1229 887 cum
1249 824 1371 888 interea
1389 824 1548 906 Apronius
1569 830 1665 906 caput
1684 831 1783 908 atque

460 937 496 980 os
518 937 611 981 suum
631 923 795 998 unguento
816 914 1014 980 confricaret.
1061 916 1166 994 «Quid
1188 924 1252 992 est,
1274 918 1380 981 Lolli‘l
1409 918 1531 1001 inquit;
1560 924 1595 980 tu
1616 916 1677 980 nisi
1698 916 1784 980 malo

459 1018 586 1075 coactus
611 1016 697 1072 recto
723 1008 829 1072 iacere
858 1010 1014 1073 nesciat»
1048 1011 1153 1073 Homo
1174 1010 1253 1094 quid
1273 1018 1399 1094 ageret,
1428 1017 1546 1076 taceret
1566 1008 1784 1094 responderet,

434 1104 535 1187 aquid
557 1105 675 1167 faceret
696 1103 834 1186 denique
856 1103 911 1166 illa
933 1110 1036 1167 aetate
1058 1111 1091 1166 et
1105 1104 1289 1168 auctoritate
1303 1105 1466 1188 praeditus
1481 1101 1653 1168 nesciebat.
1682 1104 1785 1186 Apro·

456 1203 529 1266 nius
550 1201 672 1263 interea
692 1217 802 1261 cenam
825 1218 862 1262 ac
884 1198 999 1281 pocula
1021 1198 1189 1281 poscebat;
1218 1200 1300 1262 servi
1324 1209 1429 1263 autem
1450 1199 1537 1274 eius,
1558 1200 1614 1283 qui
1636 1204 1669 1260 et
1689 1197 1785 1261 mori-

456 1294 516 1357 bus
536 1292 638 1354 isdem
660 1299 767 1356 essent
789 1293 905 1376 quibus
927 1292 1077 1358 dominus
1098 1302 1131 1357 et
1151 1293 1264 1357 eodem
1279 1311 1395 1375 genere
1414 1313 1452 1357 ac
1465 1293 1537 1356 loco
1552 1291 1636 1367 nati,
1659 1297 1784 1373 praeter

457 1387 567 1451 oculos
593 1386 688 1449 Lollii
716 1386 795 1450 haec
824 1387 931 1450 omnia
955 1385 1109 1452 ferebant.
1151 1385 1267 1450 Ridere
1298 1387 1467 1451 convivae:
1496 1386 1685 1450 cachinnare
1714 1385 1783 1467 ipse

456 1482 632 1566 Apronius:
655 1480 716 1544 nisi
737 1479 819 1543 forte
841 1481 1031 1545 existimatis
1053 1501 1126 1544 cum
1148 1481 1182 1543 in
1202 1481 1388 1563 vincatque
1403 1481 1481 1544 luxu
1498 1480 1704 1555 ncnrisisse,
1727 1480 1782 1563 qui

419 1596 448 1643 40
456 1596 541 1640 nunc
569 1576 602 1638 in
630 1574 773 1657 periculo
795 1583 892 1659 atque
914 1575 1011 1638 exitio
1034 1594 1093 1638 suc
1115 1575 1215 1638 risum
1236 1583 1344 1637 tenere
1365 1594 1431 1637 nou
1452 1576 1564 1657 possit.
1608 1576 1652 1637 Ne
1674 1572 1782 1646 multa,

355 1694 361 1702 ·
456 1671 598 1734 iudices:
627 1669 678 1733 bis
707 1670 907 1734 contumeliis
937 1669 1049 1732 scitote
1077 1667 1116 1744 Q.
1138 1667 1277 1731 Lollium
1304 1676 1447 1731 coactum
1476 1669 1518 1732 ad
1537 1667 1671 1751 Apronii
1695 1665 1782 1747 leges

456 1764 724 1847 condicionesque
747 1764 882 1827 venisse.
926 1760 977 1825 63.
1000 1762 1138 1836 Lollius,
1159 1768 1263 1825 aetate
1285 1767 1318 1824 et
1337 1762 1450 1825 morbo
1470 1763 1658 1844 impeditus,
1680 1761 1720 1825 ad
1736 1770 1783 1823 te·

455 1857 640 1924 stimonium
669 1857 840 1920 dicendum
868 1857 978 1922 venire
1005 1875 1071 1919 non
1092 1856 1207 1938 potuit.
1236 1852 1336 1932 'Quid
1357 1874 1439 1937 opus
1460 1863 1509 1919 est
1529 1855 1658 1919 Lollio?
1686 1874 1781 1918 nomo

454 1952 516 2018 boc
537 1950 655 2016 nescit:
675 1968 770 2013 nemo
792 1957 919 2013 tuorum
941 1950 1130 2022 amicorum,
1152 1966 1246 2011 nemo
1269 1948 1325 2011 abs
1348 1955 1378 2011 te
1401 1950 1591 2031 productus,
1613 1969 1707 2013 nemo
1724 1948 1781 2012 abs

417 2066 446 2114 tt
455 2056 486 2112 40
513 2048 724 2127 interrogatus
750 2063 836 2106 nunc
864 2064 898 2106 se
925 2045 1061 2127 primum
1090 2041 1153 2105 hoc
1175 2041 1295 2106 diceret
1316 2042 1436 2107 audire.
1479 2045 1522 2107 M.
1543 2044 1683 2118 Lollius,
1712 2044 1782 2106 eius

453 2138 554 2216 lilius,
581 2137 766 2203 adolescens
793 2136 998 2210 lectissimus,
1025 2143 1153 2220 praesto
1183 2144 1248 2199 est:
1276 2135 1374 2200 buius
1395 2138 1491 2200 rerba
1512 2137 1658 2200 audietis.
1701 2138 1781 2199 Nam

455 2236 494 2310 Q.
516 2233 655 2305 Lollius,
678 2232 747 2296 eius
768 2229 870 2307 lilius,
893 2233 949 2315 qui
971 2230 1128 2294 Calidium
1151 2230 1329 2304 accusarit,
1362 2230 1548 2295 adolescens
1570 2240 1602 2295 04
1622 2232 1727 2295 bonus
1749 2239 1782 2294 et

452 2326 544 2390 fortis
566 2326 652 2389 etin
673 2326 784 2408 primis
807 2326 961 2400 disertus,
990 2346 1062 2389 cum
1092 2324 1143 2388 bis
1172 2323 1296 2387 iniuriis
1318 2326 1581 2411 contumeliisque
1604 2334 1781 2390 commotus

453 2421 487 2484 iu
509 2418 648 2482 Siciliam
670 2427 756 2482 esset
775 2419 954 2501 profectus,
975 2419 1010 2483 iu
1031 2419 1145 2482 itinere
1160 2417 1284 2480 occisus
1307 2425 1365 2480 est.
1402 2420 1500 2482 Cuius
1519 2422 1631 2484 'mortis
1653 2440 1780 2484 causam

415 2512 578 2597 aniugitivi
600 2512 772 2575 sustinent:
802 2534 836 2577 re
859 2513 988 2596 quidem
1009 2533 1085 2577 vera
1106 2532 1200 2576 nemo
1227 2511 1261 2574 in
1284 2510 1391 2575 Sicilia
1413 2512 1553 2589 dubitat,
1576 2515 1654 2598 quin
1676 2535 1716 2577 eo
1738 2513 1780 2577 sit

454 2607 596 2680 occisus,
624 2606 713 2688 quod
741 2605 859 2670 babere
891 2607 999 2670 clausa
1019 2627 1085 2670 non
1107 2606 1247 2690 potuerit
1269 2624 1328 2669 sua
1349 2607 1481 2671 consilia
1502 2608 1542 2672 de
1564 2610 1672 2673 Verre.
1716 2608 1780 2670 Iste

451 2721 547 2785 porro
570 2720 634 2763 non
657 2699 835 2774 dubitabat,
858 2700 936 2784 quin
958 2701 1002 2775 is,
1025 2701 1080 2784 qui
1102 2701 1200 2764 alium
1221 2706 1316 2763 antea
1336 2701 1443 2764 studio
1462 2701 1618 2766 adductus
1632 2720 1780 2765 accusas·

452 2803 517 2870 set,
539 2793 599 2857 sibi
619 2793 801 2857 advenienti
823 2802 950 2877 praesto
973 2802 1058 2859 esset
1077 2793 1221 2868 iuturus,
1243 2814 1315 2857 cum
1337 2802 1422 2858 esset
1443 2797 1583 2878 parentis
1607 2796 1731 2860 iniuriis
1747 2802 1780 2857 et

452 2887 626 2951 domestico
649 2885 759 2950 dolore
781 2896 968 2952 commotus.

412 3000 442 3051 40
535 2981 649 3043 xxvi.
671 2977 723 3042 ot.
745 2981 853 3044 Iamne
875 2981 1068 3066 intelligitis,
1089 2983 1228 3057 iudices,
1250 3003 1332 3067 quae
1354 2985 1471 3067 pestis,
1494 3006 1577 3070 quae
1598 2984 1778 3048 immanitas

450 3076 485 3140 iu
506 3084 611 3141 vestra
624 3069 862 3160 antiquissima,
885 3073 1066 3140 fidelissima
1087 3077 1295 3160 proximaque
1313 3079 1477 3161 provincia
1491 3088 1615 3144 versata
1628 3079 1688 3144 siti
1714 3079 1777 3141 iam

449 3168 583 3244 videtis,
616 3188 710 3252 quam
741 3169 782 3232 ob
804 3189 932 3233 causam
954 3170 1079 3246 Sicilia,
1107 3178 1155 3234 404
1183 3170 1348 3235 bominum
1377 3181 1471 3238 antea
1498 3174 1599 3248 furta,
1630 3172 1776 3256 rapinas,

449 3264 633 3349 iniquitates
655 3263 911 3347 ignominiasque
933 3284 1101 3347 perpessa,
1128 3265 1190 3328 boc
1216 3284 1282 3328 non
1307 3267 1449 3349 potuerit
1469 3288 1588 3331 novum
1608 3286 1646 3330 ac
1668 3265 1778 3348 singu·

448 3357 515 3421 lare
535 3365 632 3441 atque
651 3357 836 3420 incredibile
857 3377 957 3439 genus
979 3359 1167 3422 iniuriarum
1182 3359 1510 3445 contumeliarumque
1525 3360 1688 3445 perferret
1710 3361 1777 3422 lam
1821 3399 1824 3405 ·

410 3471 558 3521 soomnes
579 3451 777 3534 intelligunt,
805 3473 861 3514 cur
886 3453 1034 3515 universa
1061 3452 1226 3536 provincia
1248 3452 1448 3517 defensorem
1471 3475 1547 3518 suae
1570 3453 1680 3518 salutis
1703 3473 1776 3516 eum

410 3553 415 3563 '
449 3545 656 3628 quaesiverit,
689 3547 779 3609 cuius
806 3547 865 3609 iste
899 3543 988 3621 fidei,
1022 3547 1220 3629 diligentiae,
1252 3549 1507 3630 perseverantiae
1537 3549 1625 3612 nulla
1653 3547 1776 3610 ratione

448 3638 529 3723 eripi
551 3638 662 3722 possit
698 3639 758 3702 Tot
779 3639 905 3704 iudiciis
927 3639 1129 3715 interfuistis,
1151 3648 1198 3704 404
1218 3640 1364 3706 homines
1387 3649 1537 3707 nocentes
1561 3648 1593 3706 et
1613 3640 1775 3725 improbos

513 3911 537 3960 4.
553 3922 632 3972 prope
647 3922 727 3960 canos
742 3912 762 3962 0
780 3914 871 3964 contra
888 3912 967 3963 codd.
988 3935 1016 3950 ·-
1035 3914 1060 3964 4.
1078 3913 1173 3977 Aproni
1189 3915 1220 3964 V.
1240 3914 1302 3977 [040.
1318 3914 1348 3965 ts
1361 3913 1423 3978 Aps.
1441 3927 1513 3964 0000.
1532 3913 1620 3977 4444.)
1635 3940 1662 3950 -
1681 3913 1705 3964 8.
1717 3927 1776 3963 cos·

445 3986 549 4052 [4400404
565 3983 648 4047 egla:
672 3987 823 4049 perfricaret
847 3990 892 4038 044.
911 3989 940 4039 0.
968 3989 1174 4052 [00044400404υ
1185 3994 1278 4039 taceret
1293 4000 1348 4039 om.
1366 3989 1455 4053 Lm.)
1475 4015 1503 4025 -·
1527 3988 1552 4040 4.
1570 3992 1655 4052 speret
1671 3988 1776 4051 4404440440

446 4060 524 4126 4449.
545 4085 572 4096 -
590 4061 615 4109 b.
634 4065 715 4111 4444040
731 4066 755 4111 04
771 4066 838 4111 auct.
858 4061 889 4114 l:
912 4067 979 4112 04404.
997 4067 1021 4113 04
1037 4067 1085 4112 aet.
1104 4062 1152 4113 dtt.
1170 4063 1200 4113 0.
1221 4089 1246 4101 -
1274 4063 1299 4113 4.
1317 4063 1408 4113 04044004
1424 4061 1501 4126 ista.
1522 4089 1549 4100 -
1574 4063 1598 4114 8.
1615 4061 1709 4126 404004
1724 4061 1772 4113 dtt.

448 4164 476 4175 -
493 4135 640 4186 0004400044
657 4135 705 4185 4444.
723 4136 753 4185 0.
774 4163 801 4172 -
820 4136 844 4186 9.
863 4141 937 4198 aquo
954 4136 1039 4199 agla:
1057 4150 1089 4186 00
1106 4135 1161 4187 4044.
1181 4137 1210 4187 0.
1225 4165 1252 4174 -
1271 4136 1336 4187 444044
1352 4136 1396 4188 044.
1414 4140 1475 4188 Asc.
1495 4137 1554 4187 4444
1576 4140 1604 4188 04
1619 4137 1634 4188 4
1649 4139 1726 4200 lagg.
1744 4139 1775 4187 ut

361 4257 364 4264 .
444 4211 566 4262 videtur:
584 4210 655 4260 lucro
671 4210 740 4272 44448
752 4208 784 4261 44
795 4211 921 4272 suco,
940 4210 995 4270 ulii3
1019 4211 1098 4261 400440
1114 4213 1166 4274 ugo
1178 4212 1218 4261 44.
1238 4212 1290 4273 [Sic
1306 4212 1467 4275 digerendae
1485 4213 1561 4261 eraut
1576 4209 1648 4262 40044.
1667 4212 1771 4269 40440ος

445 4286 543 4339 erravit
558 4284 629 4335 enim
646 4285 782 4348 Zumptius
800 4284 833 4335 de
851 4285 939 4349 Lglil
960 4312 987 4321 -
1011 4289 1054 4348 qut
1070 4302 1121 4338 000
1137 4289 1164 4337 tn
1177 4288 1267 4350 poculo
1284 4287 1362 4351 Lglt.
1382 4315 1410 4324 —
1429 4288 1470 4337 44.
1487 4287 1526 4336 tis
1541 4299 1595 4336 om.
1613 4284 1697 4348 agam
1720 4285 1774 4334 44440

444 4360 522 4424 Lata.
544 4360 577 4410 04.
597 4357 620 4421 S.
639 4359 681 4408 48.
701 4384 729 4395 -
748 4358 788 4410 44.
806 4360 890 4424 4400044]
907 4375 958 4409 nos
973 4363 1049 4411 044044
1065 4364 1096 4413 N.
1113 4389 1139 4397 -
1157 4376 1229 4412 004440
1246 4361 1291 4412 aba
1306 4368 1330 4412 40
1342 4363 1479 4426 productus
1495 4362 1561 4411 Non.
1580 4373 1606 4424 p.
1619 4359 1684 4410 37³:
1702 4373 1773 4410 440040

441 4440 555 4499 prosapta
572 4432 693 4482 0444004444
708 4435 743 4491 N;
761 4437 833 4484 nemo
846 4448 895 4498 pro
912 4440 967 4497 0040
983 4436 1104 4486 0444440440
1120 4436 1203 4500 4444;
1230 4448 1284 4487 004.
1303 4438 1350 4486 044.
1370 4463 1397 4475 -
1415 4449 1486 4485 00040
1503 4434 1547 4484 040
1563 4439 1586 4485 40
1601 4435 1689 4484 laten.
1708 4435 1771 4497 ng.

444 4521 547 4568 omues,
565 4508 614 4559 AB
625 4507 659 4557 C:
679 4507 723 4558 abs
734 4513 757 4559 40
767 4522 821 4560 040.
834 4511 900 4560 Non.
914 4511 943 4560 0.
964 4509 1017 4575 [044
1033 4516 1056 4560 40
1073 4515 1140 4561 teste
1157 4509 1233 4561 Nieb.
1252 4511 1278 4560 in
1296 4508 1354 4561 solo
1372 4511 1431 4572 Lug.
1445 4509 1477 4560 44
1489 4513 1516 4560 04
1527 4510 1555 4558 40
1566 4509 1629 4559 edit.
1644 4522 1716 4558 num.
1729 4509 1770 4559 88.

443 4584 563 4635 additum
580 4579 640 4644 est]
660 4612 686 4622 -
706 4585 746 4634 45.
764 4585 810 4634 boc
826 4585 917 4634 440ον04
932 4586 971 4635 N:
990 4586 1081 4635 diceret
1098 4585 1183 4649 4444ς
1209 4585 1255 4634 boc
1271 4586 1334 4635 dicet
1350 4588 1396 4635 044.
1414 4586 1444 4635 0.
1465 4608 1492 4620 -
1511 4584 1564 4634 04444
1577 4585 1613 4648 At.
1633 4583 1718 4646 43444
1734 4584 1771 4647 fil.

442 4661 495 4710 04440
510 4662 555 4710 044.
574 4658 603 4711 0.
618 4686 646 4699 ·-
666 4660 706 4710 46.
724 4658 831 4707 audictis
847 4658 907 4709 lN:
926 4660 1019 4709 auditis
1034 4659 1082 4709 4444.
1099 4684 1125 4694 -
1145 4659 1185 4709 44.
1205 4661 1313 4710 ciusdem
1326 4660 1394 4724 444440
1410 4657 1487 4723 4344.
1507 4658 1550 4723 [04.
1564 4657 1770 4723 Zumptium.]-

442 4735 486 4797 qsti
501 4735 611 4785 0044444444
627 4734 709 4799 4044,
728 4734 772 4794 qai
787 4733 911 4783 cubotium
928 4734 1005 4796 4349.
1034 4759 1062 4770 κ
1091 4735 1130 4785 48.
1149 4748 1180 4784 cc
1196 4735 1223 4784 40
1236 4749 1279 4797 pr.
1298 4734 1376 4798 4344.
1401 4760 1430 4772 -
1456 4734 1610 4784 contumetiis
1625 4734 1774 4795 iniuriisque

442 4807 520 4873 4444.
540 4809 602 4874 [000
618 4816 684 4861 cont.
702 4809 800 4871 totque,
819 4812 848 4858 ut
864 4810 900 4858 ait
915 4810 943 4858 Z.
961 4810 1024 4858 nota
1041 4808 1116 4859 Nieb.
1135 4821 1278 4873 perperam
1293 4808 1435 4860 intellecta.
1457 4809 1547 4859 Lectio
1564 4808 1664 4860 codicis
1680 4808 1773 4872 optlml

442 4884 495 4935 ium
512 4885 676 4936 restituenda
693 4884 762 4945 erit]
776 4908 803 4918 -
822 4897 872 4933 000
889 4888 1024 4933 commotus
1035 4881 1114 4946 egla.
1129 4909 1157 4920 ·-
1175 4885 1216 4934 44.
1234 4899 1285 4934 aas
1301 4897 1356 4934 om.
1370 4884 1448 4948 4449.
1463 4908 1491 4920 -
1510 4885 1590 4933 uttam
1606 4889 1681 4933 00400
1692 4881 1770 4946 msc:

442 4959 521 5009 0444440
536 4965 595 5010 0040
604 4960 673 5022 ngat
684 4958 747 5016 AB;
766 4962 842 5007 00400
857 4958 937 5007 cltum
953 4960 998 5006 044.
1012 4958 1040 5006 0.
1056 4984 1082 4994 -
1102 4958 1143 5006 25.
1160 4958 1301 5022 inteltiqstia
1316 4957 1386 5020 rata
1403 4956 1445 5021 [eu
1456 4956 1613 5022 tnoeltht'tisl.
1628 4983 1655 4993 -
1673 4957 1715 5007 48.
1728 4970 1773 5006 440-

440 5039 495 5083 4440
511 5035 589 5098 44444.
614 5059 641 5072 -
663 5033 786 5096 proxima
803 5031 880 5096 agla.
906 5060 931 5070 -
960 5034 1043 5083 404000
1059 5032 1092 5082 al.
1111 5033 1138 5083 40
1156 5047 1238 5097 marg.
1258 5032 1331 5085 4584.
1353 5058 1380 5071 -
1404 5032 1446 5082 at.
1462 5034 1535 5097 [urta
1550 5037 1626 5082 004044
1643 5031 1720 5094 44444.
1741 5058 1768 5069 -

441 5109 483 5159 48.
501 5110 546 5159 boc
561 5125 612 5161 non
625 5111 736 5173 potuerit
753 5109 847 5159 ooddz:
873 5124 924 5159 000
937 5123 965 5172 p.
984 5110 1028 5159 boc
1045 5110 1074 5159 0.
1096 5133 1123 5145 -
1148 5109 1188 5160 49.
1205 5110 1317 5173 person
1335 5107 1436 5172 Lgtan
1446 5122 1451 5156 :
1473 5108 1541 5172 404το
1557 5109 1603 5159 044.
1623 5127 1651 5141 ··
1669 5106 1711 5156 34.
1729 5106 1772 5155 40-

440 5183 553 5247 40440004
568 5183 646 5248 4344.
661 5208 689 5221 -
709 5185 750 5234 34.
768 5184 917 5247 quaesiuerit
927 5181 996 5247 agla
1006 5184 1042 5234 ll:
1061 5184 1195 5246 0000440444
1210 5185 1351 5249 lateam
1370 5183 1491 5246 quaeriue
1505 5182 1554 5234 dtt.
1569 5207 1595 5217 -
1615 5180 1656 5231 34.
1674 5181 1770 5230 040040

441 5259 517 5323 impr.
535 5271 588 5311 om.
607 5258 685 5324 44444.
