4367 6109
640 590 707 657 nr.
729 594 766 657 v.
790 593 863 658 cu.
886 557 1196 660 mvn-xnvm.
1223 594 1280 681 ss.
1302 593 1488 664 444-444.
1671 600 1727 667 su

418 754 606 848 supplicium
629 767 752 828 sumat'i
794 766 863 826 Non
894 771 943 826 est
970 765 1138 840 usitatum,
1167 785 1232 829 non
1259 769 1463 832 senatorium.
1505 770 1553 833 Ad
1578 773 1734 857 populum

416 860 591 922 Romanum
612 857 819 942 confugient?
850 858 965 921 Facitis
987 866 1035 921 est
1048 860 1159 942 popuii
1174 880 1285 936 cansa;
1307 861 1409 944 legem
1425 864 1508 926 enim
1525 884 1559 927 se
1575 867 1734 931 sociorum

415 971 511 1016 causa
538 953 668 1016 iussisse
698 953 780 1015 etei
803 973 860 1016 vos
888 952 948 1034 tegi
977 953 1126 1017 custodes
1154 973 1192 1017 ac
1218 956 1359 1018 vindices
1387 960 1610 1039 praeposuisse
1639 961 1733 1026 dicet.

414 1046 474 1108 llic
495 1046 586 1108 locus
607 1045 704 1128 igitur
725 1052 774 1109 est
793 1066 892 1120 unus,
923 1066 987 1129 quo
1008 1046 1201 1129 perfugiant,
1230 1048 1281 1111 hic
1303 1057 1426 1132 portus,
1455 1051 1534 1114 baec
1554 1073 1611 1117 arx
1618 1101 1628 1131 ,
1656 1055 1734 1121 haec

414 1158 468 1202 ars
489 1141 665 1215 sociorum3
693 1161 759 1224 quo
790 1141 919 1224 quidem
948 1161 1033 1204 nune
1062 1141 1192 1203 nonita
1214 1141 1414 1224 confugiunt,
1443 1151 1479 1206 ut
1499 1155 1591 1229 antea
1612 1149 1645 1211 in
1667 1150 1758 1213 suisti

413 1233 598 1317 repetundis
620 1234 716 1297 rebus
738 1234 891 1298 solebant.
920 1236 990 1297 Non
1012 1253 1133 1308 aurum,
1155 1254 1219 1297 non
1242 1242 1416 1317 argentum,
1438 1257 1502 1301 non
1517 1249 1646 1317 vestem,
1669 1264 1734 1307 non

412 1328 570 1410 mancipia
590 1336 747 1410 repetunt,
768 1347 834 1391 non
849 1336 1041 1401 ornaments,
1064 1348 1147 1412 quae
1162 1348 1202 1391 ex
1216 1328 1347 1391 urbibus
1361 1328 1508 1415 fanisque
1523 1343 1630 1417 erepta
1644 1345 1733 1400 sunt:

413 1429 559 1486 metuunt
579 1422 725 1485 homines
746 1421 904 1503 imperiti,
933 1441 973 1483 ne
994 1422 1056 1484 iam
1078 1422 1157 1485 haec
1186 1422 1325 1506 populus
1346 1424 1506 1488 Romanus
1528 1431 1681 1493 concedat
1702 1439 1734 1494 et

413 1517 457 1579 ita
478 1512 546 1578 fieri
568 1516 654 1579 velit
698 1515 837 1578 Patimur
858 1516 942 1578 enim
964 1517 1080 1580 multos
1104 1517 1166 1579 iam
1189 1535 1289 1578 annos
1311 1523 1343 1578 et
1364 1517 1509 1593 silemus,
1535 1542 1604 1584 cnm
1628 1524 1733 1587 videa·

412 1629 482 1672 mus
504 1610 545 1672 ad
567 1629 686 1693 paucos
707 1609 853 1672 homines
882 1629 992 1673 omnes
1022 1612 1163 1674 omnium
1191 1611 1353 1674 nationum
1385 1615 1535 1695 pecunias
1557 1617 1770 1697 pervenirem

413 1703 507 1780 Quod
531 1724 569 1767 eo
592 1706 690 1786 magis
711 1702 793 1770 ferre
815 1704 921 1767 animo
951 1725 1054 1787 aequo
1078 1713 1117 1768 'et
1145 1703 1319 1767 concedere
1347 1705 1506 1781 videmur,
1537 1710 1611 1792 quia
1639 1731 1736 1781 nemo,

412 1799 545 1861 istorum
567 1797 754 1870 dissimulat,
776 1817 871 1859 nemo
893 1797 1024 1872 laborat,
1046 1807 1082 1861 ut
1104 1800 1237 1863 obscura
1252 1818 1309 1860 sua
1324 1798 1482 1880 cupiditas
1496 1821 1566 1864 csse
1580 1804 1733 1867 rideatur.

413 1890 485 1956 t27.
508 1894 544 1955 ln
567 1893 644 1955 urbe
666 1899 773 1954 nostra
796 1891 1006 1973 pulcherrima
1028 1901 1123 1976 atque
1146 1892 1345 1955 ornatissima
1368 1891 1455 1975 quod
1478 1895 1618 1978 signum,
1651 1919 1733 1982 quae

412 1987 519 2050 tabula
540 1988 625 2068 picta
648 1994 705 2059 est,
727 2005 809 2068 quae
830 2006 893 2048 non
916 1986 956 2050 ab
978 1987 1122 2051 hostibus
1143 1987 1234 2049 victis
1257 1993 1348 2068 capta
1370 1994 1465 2068 atque
1488 1988 1651 2070 deportata
1672 1993 1733 2055 siti

412 2081 453 2142 At
473 2080 605 2142 istorum
629 2078 722 2142 villae
742 2079 898 2142 sociorum
914 2078 1168 2143 fidelissimorum
1184 2079 1328 2161 piurimis
1343 2086 1375 2141 et
1388 2080 1607 2161 pulcherrimis
1622 2085 1733 2167 spoliis
1742 2098 1770 2145 44

413 2180 543 2235 ornatae
564 2173 761 2255 refertaeque
785 2181 867 2235 sunt.
912 2175 968 2237 Ubi
990 2174 1142 2258 pecunias
1164 2182 1341 2237 exterarum
1372 2175 1537 2237 nationum
1561 2196 1631 2240 esse
1651 2179 1734 2241 arbi·

412 2267 555 2340 tramini,
585 2287 666 2350 quae
688 2287 772 2329 nune
794 2286 903 2330 omnes
925 2276 1036 2350 egent,
1059 2289 1131 2332 cum
1152 2268 1310 2342 Athenas,
1341 2268 1544 2349 Pergamum,
1575 2269 1732 2354 Cyzicum,

412 2360 564 2436 Miletum,
588 2361 710 2435 Chium,
734 2361 860 2424 Samum
884 2370 1044 2445 totamque
1065 2364 1183 2434 Asiam,
1204 2361 1371 2434 Achaiam,
1394 2362 1570 2438 Graeciam,
1593 2365 1732 2428 Siciliam

413 2462 477 2517 tam
499 2456 532 2518 in
554 2455 662 2536 paucis
683 2456 767 2518 viliis
789 2456 927 2518 inclusas
950 2475 1019 2518 esse
1041 2457 1199 2520 videatis?
1243 2455 1305 2517 Sed
1327 2454 1423 2529 haec,
1451 2463 1488 2519 ut
1509 2456 1598 2531 dico,
1627 2459 1733 2521 omnia

412 2549 475 2611 iam
496 2547 574 2610 socii
596 2548 692 2610 vestri
713 2547 898 2631 relinquunt
919 2555 951 2611 et
971 2549 1148 2631 negligunt,
1179 2549 1311 2612 iudices.
1355 2549 1402 2612 Ne
1423 2550 1550 2631 publice
1572 2570 1590 2613 a
1611 2553 1769 2634 populoso

412 2642 552 2705 Romano
574 2641 799 2724 spoliarentur,
830 2639 942 2705 officiis
973 2662 1010 2705 ac
1031 2642 1094 2705 fide
1122 2642 1344 2726 providerunt:
1373 2662 1545 2727 paucorum
1567 2645 1731 2727 cupiditati

412 2971 536 3021 4444444444
552 2970 615 3024 dett.
634 2971 664 3022 0.
684 2998 710 3006 -
730 2971 789 3034 quid
802 2977 829 3021 ut
845 2971 874 3021 de
891 2971 927 3022 443
945 2971 968 3021 V
986 2970 1080 3034 (Madv.
1100 2984 1126 3036 p.
1141 2968 1223 3033 teti:
1242 2970 1347 3031 quidde
1363 2968 1428 3020 dett.
1447 2969 1480 3030 0;
1499 2971 1552 3032 quit
1567 2976 1595 3020 ut
1611 2973 1641 3022 de
1659 2973 1734 3023 Verre

411 3046 541 3108 suplicium
557 3048 587 3097 V.
608 3047 668 3110 (Bc.)
694 3046 790 3108 (Verres
805 3046 952 3108 supplicium
969 3047 988 3095 R
1005 3058 1046 3110 pr.
1066 3047 1111 3105 m.)
1131 3072 1157 3079 -
1178 3047 1201 3096 4.
1220 3051 1302 3095 sumet
1318 3045 1398 3096 dett:
1415 3050 1515 3096 4444444444
1530 3046 1562 3107 V,
1580 3045 1624 3096 aa.
1644 3045 1731 3112 [Lagg.

413 3119 513 3170 babent
529 3127 653 3171 summunt
670 3125 776 3187 praeter
792 3122 833 3181 tt,
852 3122 877 3171 in
895 3134 948 3185 quo
965 3124 1007 3170 est
1021 3119 1149 3184 summat]
1173 3121 1229 3170 Non
1240 3119 1301 3170 licet
1312 3121 1339 3171 b.
1352 3121 1369 3171 t.
1383 3133 1444 3171 cum
1456 3122 1576 3186 znmptto
1587 3121 1732 3186 intelligere

413 3201 538 3247 4444444444
555 3210 587 3246 ex
604 3211 646 3256 eo,
665 3198 736 3260 quod
753 3198 889 3260 praeeedit
904 3200 938 3247 cd
948 3201 1073 3247 maun:
1090 3208 1153 3246 nam
1165 3208 1217 3246 non
1228 3199 1374 3258 senatores,
1392 3195 1441 3246 sed
1453 3198 1537 3246 totum
1549 3198 1623 3260 quasi
1635 3211 1733 3262 corpus

413 3275 566 3322 senatorum
584 3270 740 3335 supplicium
758 3270 879 3321 decernit
894 3285 925 3322 ac
942 3272 1030 3321 sumit.
1059 3272 1084 3320 Si
1101 3274 1200 3319 4444444444
1222 3270 1365 3320 defendere
1383 3270 1460 3331 veiis,
1484 3272 1544 3320 socii
1560 3275 1621 3321 sunt
1638 3271 1734 3323 inteili-

412 3346 505 3410 gendi,
524 3347 568 3410 qui
583 3360 630 3409 per
646 3352 759 3395 reustum
775 3345 934 3410 supplicium
951 3349 1087 3396 sumentes
1104 3345 1138 3394 de
1155 3345 1237 3393 Verre
1255 3347 1304 3409 ipsi
1321 3357 1428 3394 sumere
1446 3344 1581 3407 dicuntur,
1602 3349 1670 3397 444444
1686 3361 1733 3398 sc-

411 3423 518 3471 cusator
533 3432 604 3469 reum
622 3422 786 3470 coedesnucre
803 3420 905 3482 dicitur,
925 3422 968 3484 qui
985 3434 1031 3484 per
1046 3421 1138 3468 iudices
1154 3418 1269 3470 damnat.
1291 3446 1317 3456 -
1336 3435 1386 3470 uou
1402 3426 1544 3470 4444444444
1560 3423 1609 3480 443;
1633 3438 1683 3473 nou
1698 3429 1734 3475 est

411 3495 563 3546 senatorium
579 3494 609 3545 V.
629 3497 689 3558 (444.)
709 3523 736 3531 -
754 3496 778 3545 2.
795 3497 882 3558 popuii
898 3511 976 3546 casua
992 3494 1028 3545 443
1046 3492 1073 3544 t:
1091 3507 1170 3544 44444
1188 3496 1222 3544 ,Ρ.
1241 3496 1270 3544 14.
1288 3495 1323 3552 V;
1341 3508 1419 3544 ceusu
1433 3496 1519 3558 popuii
1534 3495 1598 3546 dett.
1617 3499 1646 3548 0.
1661 3525 1688 3533 -
1707 3511 1733 3548 se

411 3585 465 3622 om.
484 3569 548 3620 dett.
569 3596 597 3605 -
616 3569 639 3620 3.
659 3571 739 3620 etum
755 3570 811 3634 ispi]
834 3573 886 3621 eius
901 3572 960 3635 iepis
980 3571 1016 3621 443
1034 3569 1112 3626 dett.;
1139 3570 1191 3618 eius
1213 3569 1277 3625 tsine
1295 3570 1361 3633 lepis)
1385 3569 1420 3628 V;
1446 3583 1490 3619 uos
1505 3570 1558 3620 eius
1573 3573 1633 3636 iepis
1653 3570 1669 3621 it
1686 3574 1730 3635 (ης

410 3660 453 3697 uos
469 3647 522 3696 eius
538 3645 600 3708 iepes
616 3646 684 3709 Lgti
695 3645 740 3704 293
766 3647 800 3694 eir
816 3645 864 3709 ispi
881 3647 957 3710 Lagg.
977 3645 1110 3710 plerique;
1134 3658 1177 3694 uos
1193 3645 1215 3694 ri
1231 3643 1279 3708 iepi
1295 3644 1393 3694 Victor.
1412 3645 1441 3695 0.
1462 3673 1488 3681 -
1507 3657 1538 3694 ec
1553 3647 1661 3696 uindices
1677 3659 1731 3696 om.

411 3724 491 3786 Lagg.
510 3723 616 3787 praeter
632 3721 673 3771 29.
693 3747 721 3758 -
737 3721 910 3783 praeposuisse
929 3721 951 3768 V
968 3720 1043 3783 (Bri,
1067 3719 1148 3770 dett:
1173 3719 1327 3782 proposuisse
1343 3718 1388 3768 443.
1409 3746 1436 3756 -
1455 3719 1514 3769 dicit
1531 3719 1608 3783 Lagg.
1627 3724 1734 3784 praeter

411 3797 443 3850 te
455 3795 495 3847 45.
515 3822 542 3831 -
563 3794 587 3847 4.
606 3795 632 3844 bi
648 3797 716 3844 iocus
731 3796 762 3845 V.
779 3821 805 3831 -
820 3795 898 3859 ipitur
913 3799 947 3844 est
963 3795 982 3844 n
1001 3795 1032 3844 Gi
1054 3793 1088 3842 V:
1106 3806 1166 3858 erpo
1181 3799 1216 3844 est
1232 3796 1268 3844 Gi
1286 3793 1348 3853 m.;
1366 3799 1401 3843 est
1416 3794 1496 3858 ipitur
1511 3794 1576 3845 dett.
1594 3796 1623 3846 0.
1638 3825 1665 3833 -
1675 3810 1735 3859 per·

410 3873 505 3937 supteri
521 3871 554 3921 V.
574 3870 636 3933 (444.)
652 3898 679 3907 -
697 3870 757 3920 baec
773 3883 824 3920 444
841 3882 893 3920 om.
912 3870 962 3928 n3;
980 3870 1041 3918 baec
1056 3882 1101 3918 are
1116 3868 1146 3918 V.
1167 3898 1194 3907 -
1213 3869 1237 3919 6.
1254 3869 1395 3931 repetundis
1410 3869 1432 3917 V
1450 3870 1499 3919 Gi:
1517 3869 1653 3931 repetendis
1669 3872 1732 3922 cett.

411 3947 440 3997 0.
461 3973 488 3982 -
506 3959 556 3995 uon
573 3958 675 4006 cunum,
694 3958 744 3994 uois
760 3958 817 4008 erp.
834 3945 857 3993 V
873 3944 956 4007 Lgto:
974 3957 1024 3993 uon
1040 3957 1109 4006 erp,
1126 3954 1176 3993 44444
1192 3958 1250 3994 our.
1269 3942 1325 3994 rell.
1345 3944 1374 3993 0.
1394 3970 1421 3981 -
1440 3943 1465 3994 t.
1483 3949 1577 3993 44444444
1591 3944 1622 3994 V.
1643 3972 1669 3981 —
1688 3946 1734 3996 bec

411 4020 457 4073 Gi.
482 4021 544 4084 (non
561 4018 600 4082 44.)
620 4046 648 4055 -
667 4021 692 4070 Ρ.
709 4021 737 4070 ii.
757 4020 811 4082 (sic)
829 4017 911 4070 babet
926 4019 957 4081 V,
976 4032 1028 4069 om.
1047 4020 1140 4069 Maius.
1159 4045 1188 4057 -
1207 4020 1232 4070 9.
1250 4018 1295 4084 444]
1316 4019 1369 4067 iam
1391 4017 1453 4068 edd.
1473 4020 1538 4069 vett.
1558 4044 1585 4054 -·
1602 4019 1660 4068 uelit
1677 4022 1735 4084 pen·

410 4094 443 4146 V.
463 4120 489 4131 -
509 4093 599 4145 muitos
618 4095 671 4144 44444
693 4094 716 4143 V
732 4094 768 4145 443
785 4094 867 4157 ngas:
894 4094 947 4144 iem
961 4094 1052 4144 muitos
1068 4093 1132 4144 dett.
1151 4095 1180 4144 0.
1200 4121 1228 4129 -
1247 4107 1326 4143 aenos
1347 4105 1400 4144 om.
1419 4094 1497 4158 Lagg.
1520 4106 1623 4144 omnes.
1644 4121 1671 4130 —
1691 4095 1731 4145 44.

410 4171 520 4222 mutuos
536 4182 589 4221 oru.
608 4171 676 4234 ngat
693 4171 729 4220 St.
751 4195 778 4206 -
797 4182 880 4220 omues
895 4182 948 4220 om.
968 4168 1012 4219 443.
1032 4167 1121 4232 (babet
1136 4168 1159 4217 V
1176 4170 1255 4219 etiam
1273 4171 1341 4220 teste
1357 4168 1453 4284 Biip‘
1460 4169 1594 4284 perperim
1609 4167 1659 4218 na:
1674 4181 1734 4232 per-

409 4302 503 4352 uenisse
518 4299 576 4352 reit.
595 4302 624 4352 tn
641 4303 661 4352 n
678 4301 783 4351 additur
799 4314 838 4362 se,
856 4302 882 4351 in
899 4300 936 4351 443
953 4301 1006 4358 sed;
1030 4301 1056 4350 in
1073 4300 1096 4348 V
1112 4301 1167 4350 est:
1193 4300 1391 4351 rnut'nbttsstc
1408 4299 1579 4362 QVOdthiS.
1609 4297 1733 4364 [Apparet

410 4392 444 4429 ex
459 4379 521 4429 vitto
539 4379 565 4427 in
583 4378 602 4428 lt
617 4379 780 4440 4444444444,
799 4379 825 4427 in
842 4379 901 4440 eius
916 4389 1022 4441 quoqne
1040 4377 1185 4439 archetypo
1199 4378 1339 4437 peperisse
1349 4373 1450 4438 inisse]
1463 4400 1490 4409 —
1505 4375 1545 4424 44.
1558 4387 1637 4436 uepuc
1648 4377 1733 4427 44444444

410 4453 475 4504 dett.
494 4453 523 4504 0.
545 4480 571 4490 -
590 4459 613 4503 et
637 4454 712 4504 nav
729 4454 810 4516 Lpti:
831 4459 907 4515 etque
929 4450 984 4502 cett.
1003 4452 1032 4501 0.
1053 4479 1080 4488 -
1101 4451 1141 4501 tt.
1163 4451 1279 4499 eistorum
1301 4448 1464 4499 disseruistis
1483 4461 1555 4498 nesso
1571 4447 1683 4499 44444444
1699 4450 1731 4502 V.

412 4529 473 4590 (444.)
493 4553 520 4564 -
538 4528 654 4577 uideatur
669 4526 692 4575 V
715 4528 752 4588 (ut
768 4528 883 4577 Brunuio
900 4526 1019 4586 videtur,
1042 4538 1095 4574 non
1111 4525 1259 4585 4444444444).
1279 4549 1307 4559 -
1326 4523 1365 4573 ii.
1381 4523 1535 4584 puicerrim
1552 4523 1587 4583 V,
1604 4522 1653 4573 sed
1669 4536 1732 4574 mox

406 4602 588 4665 putchermis.
608 4629 635 4639 -
656 4600 696 4652 44.
724 4603 856 4664 deportate
876 4601 926 4651 ns:
953 4601 1087 4662 adportare
1103 4599 1139 4656 V.
1163 4599 1228 4650 dett.
1247 4600 1280 4659 03
1306 4603 1437 4661 morteto
1458 4595 1535 4659 ugit.
1555 4620 1584 4633 -
1603 4598 1642 4647 te.
1664 4597 1731 4661 fidei.
1814 4638 1817 4643 .

409 4678 533 4727 4444444444
550 4676 627 4740 ngas.
647 4703 676 4713 -·
690 4678 807 4739 pturiusis
828 4676 865 4726 443
881 4677 917 4725 V:
940 4680 964 4725 et
976 4675 1091 4738 piurimis
1112 4673 1176 4724 dett
1196 4675 1224 4725 0.
1248 4674 1380 4737 (pleuresis
1400 4676 1424 4723 et
1442 4672 1623 4734 puubemeuts
1643 4673 1683 4734 n.)
1701 4698 1729 4710 -·

411 4752 451 4802 46.
469 4753 612 4815 4444444444
627 4752 657 4802 V.
677 4753 738 4816 (444.)
759 4779 785 4789 -
806 4753 845 4800 44.
864 4765 929 4814 pune
945 4753 964 4801 R
981 4750 1004 4797 V
1015 4751 1047 4800 Gi
1062 4751 1091 4800 2:
1111 4763 1162 4812 pue
1177 4746 1207 4809 λς
1226 4762 1273 4810 pue
1289 4749 1351 4808 m.;
1370 4746 1457 4811 quibu
1474 4745 1538 4795 deit.
1557 4744 1586 4795 0.
1605 4746 1632 4807 (44
1650 4745 1732 4796 babet

410 4819 444 4897 ᾇ,
463 4835 479 4885 4.
499 4850 523 4885 c.
542 4849 589 4897 usse
605 4849 673 4886 corr.
692 4837 718 4885 in
736 4837 818 4897 quoe.)
833 4863 861 4872 -
881 4835 920 4885 48.
939 4835 1015 4884 citou
1031 4834 1124 4883 Somou
1141 4834 1219 4896 Lagp.
1238 4835 1344 4899 praeter
1360 4831 1400 4884 ii.
1420 4833 1481 4890 inon
1497 4828 1552 4890 R3.)
1566 4854 1593 4864 -
1606 4834 1731 4890 totamque

411 4909 446 4960 na
469 4910 526 4973 (sed
543 4912 579 4961 (32
596 4911 694 4973 44444444
719 4917 797 4961 totum
813 4911 916 4972 denique
931 4911 967 4970 V,
990 4909 1053 4959 dett.
1073 4909 1103 4957 0.
1124 4935 1151 4946 -
1170 4910 1255 4960 Asiam
1272 4920 1324 4958 om.
1343 4908 1374 4956 V.
1404 4907 1479 4969 [Sunt
1495 4905 1555 4967 post
1570 4907 1648 4951 444444
1664 4904 1690 4952 in
1707 4899 1751 4952 V'

411 4994 479 5044 duee
490 4993 593 5045 litterae
604 4981 644 5054 Μ’,
663 4998 693 5045 ut
708 4995 823 5046 Brunnto
840 4994 957 5053 videtur.
980 4996 1009 5042 ut
1026 4991 1197 5043 scribendum
1215 5005 1275 5042 esse
1298 4990 1434 5042 videatur:
1457 4993 1535 5037 totum
1555 4986 1640 5034 Arium
1660 4987 1731 5036 desi-

411 5073 526 5132 puscet.
546 5070 637 5134 444444]
657 5098 683 5106 -
709 5070 748 5120 ts.
767 5076 818 5120 tom
834 5071 871 5120 443
888 5071 910 5118 V
928 5070 1003 5134 tisri:
1027 5069 1081 5117 iam
1098 5066 1161 5117 dett.
1180 5068 1210 5117 0.
1231 5093 1259 5102 -
1276 5066 1373 5115 isicium
1388 5065 1410 5113 V
1428 5065 1499 5124 ((44.4,
1519 5062 1592 5109 recte
1610 5063 1639 5109 ut
1654 5060 1731 5111 vide·

412 5149 462 5194 tur.
484 5172 511 5182 -
529 5147 680 5196 uideaturit
699 5160 738 5210 pr.
758 5159 810 5206 m.;
835 5146 921 5195 uidetis
944 5147 1021 5208 tmgg.
1040 5143 1104 5193 dett.
1125 5168 1152 5179 -·
1170 5143 1210 5192 20.
1229 5142 1297 5192 sotici
1320 5141 1374 5202 (sic)
1395 5142 1472 5190 uestri
1488 5141 1520 5193 V.
1540 5163 1567 5173 —
1585 5137 1691 5186 44444444
1707 5137 1729 5187 V

413 5219 490 5281 (Bi-it
512 5221 652 5284 4444444444
668 5224 687 5272 n
704 5235 744 5288 pr.
763 5234 799 5272 m.
819 5248 848 5261 -
866 5226 889 5272 et
905 5233 958 5271 om.
977 5220 1054 5283 Agit.
1076 5246 1104 5257 -
1121 5216 1288 5283 septepuutR
1307 5216 1336 5267 V.
1356 5241 1384 5252 ·-
1401 5229 1433 5265 sse
1448 5216 1513 5266 euim
1531 5212 1628 5279 puiiiee
1648 5212 1679 5261 V.
1699 5236 1726 5248 -

412 5299 559 5359 epradue
574 5296 605 5346 V.
626 5324 653 5334 -
671 5297 712 5351 44.
731 5296 811 5362 effluo
826 5297 856 5347 V.
877 5323 904 5336 -
921 5295 1056 5361 cupiditate
1071 5294 1102 5346 V.
