4367 6109
748 601 753 617 ·
823 581 1077 647 orsx-xn
1105 575 1334 664 §osc-at.
1678 573 1740 642 ur

411 752 469 818 Gn.
490 751 698 827 Tremellius,
725 753 823 816 homo
852 773 974 816 summa
1002 751 1159 835 religione
1185 758 1217 814 et
1245 748 1426 833 diligentia,
1454 755 1517 812 tres
1539 747 1573 811 bi
1593 747 1740 812 homines

410 854 535 911 veteres
556 845 674 910 tribuni
697 846 851 910 militares
872 854 947 910 sunt
968 846 1143 928 designati;
1166 866 1206 908 ex
1224 845 1295 909 llal.
1309 844 1435 907 Ianuar.
1458 863 1523 905 non
1544 843 1740 906 iudicabunt.

412 941 651 1005 Subsortiemur
671 943 765 1005 etium
787 942 820 1004 in
835 942 878 1004 Μ.
892 941 1012 1005 Metelli
1028 942 1151 1015 locum,
1174 941 1326 1024 quoniam
1348 940 1375 1001 is
1393 937 1468 1001 huic
1482 938 1544 1020 ipsi
1560 936 1741 1021 quaestioni

411 1034 615 1120 praefuturus
642 1042 701 1099 est.
744 1036 793 1098 lta
820 1035 994 1100 secundum
1023 1034 1183 1098 llalendas
1210 1035 1336 1096 lanuar.
1358 1039 1391 1094 et
1417 1040 1565 1114 praetore
1587 1040 1620 1095 et
1639 1051 1741 1116 prope

413 1137 479 1193 toto
507 1128 645 1192 consilio
673 1135 866 1193 commutato
895 1149 1025 1211 magnas
1054 1130 1248 1192 accusatoris
1276 1128 1376 1189 minas
1398 1146 1609 1210 magnamque
1630 1126 1779 1190 iudiciis

413 1222 684 1306 exspectationem
706 1224 747 1286 ad
769 1230 913 1285 nostrum
927 1223 1091 1285 arbitrium
1107 1223 1338 1304 libidinemque
1354 1220 1529 1285 eludemus.
1566 1216 1617 1283 34.
1632 1223 1742 1284 Nonae

414 1325 488 1381 sunt
506 1318 604 1380 hodie
626 1317 782 1380 Sextilest
810 1316 892 1379 bora
920 1323 1031 1379 octava
1059 1317 1230 1380 convenire
1252 1315 1414 1398 coepistis.
1457 1315 1550 1378 Hunc
1572 1315 1656 1378 diem
1678 1316 1742 1378 iam

413 1433 453 1476 ne
481 1419 651 1476 numerant
678 1410 820 1496 quidem.
862 1413 978 1474 Decem
1009 1412 1077 1473 dies
1103 1418 1178 1474 sunt
1198 1419 1273 1474 ante
1294 1409 1388 1472 ludos
1409 1409 1550 1483 votivos,
1581 1429 1663 1493 quos
1686 1409 1742 1472 Cn.

413 1507 584 1590 Pompeius
603 1506 745 1569 facturus
767 1514 835 1570 est:
861 1506 893 1570 bi
916 1505 983 1569 ludi
1006 1506 1074 1569 dies
1096 1505 1280 1589 quindecim
1301 1505 1454 1568 auferent.
1497 1501 1619 1567 Deinde
1641 1503 1744 1566 conti·

414 1620 478 1663 nuo
499 1599 634 1664 Romani
656 1607 901 1683 consequentur.
930 1600 978 1663 Ita
998 1619 1099 1683 prope
1121 1620 1163 1663 xc
1187 1599 1300 1662 diebus
1314 1598 1509 1680 interpositis
1524 1605 1590 1661 tum
1606 1598 1744 1683 denique
1755 1609 1783 1658 to

415 1714 449 1758 se
470 1694 512 1758 ad
534 1715 588 1769 ea,
611 1714 694 1779 quae
715 1695 840 1757 anobis
856 1694 938 1756 dicta
957 1701 1066 1768 erunt,
1088 1713 1298 1776 responsuros
1314 1713 1383 1756 esse
1398 1692 1604 1755 arbitrantur:
1628 1691 1744 1754 deinde

414 1808 450 1852 se
470 1787 621 1851 ducturos
642 1796 674 1851 et
695 1787 830 1850 dicendo
852 1794 892 1850 et
906 1786 1087 1850 excusando
1109 1786 1201 1850 facile
1223 1786 1263 1848 ad
1286 1787 1379 1849 ludos
1393 1786 1560 1848 Victoriae.
1598 1784 1675 1847 Cum
1696 1785 1746 1849 his

414 1880 557 1965 plebeios
579 1900 649 1945 esse
671 1882 872 1955 coniunctos,
894 1881 1069 1945 secundum
1092 1901 1174 1965 quos
1195 1890 1249 1944 aut
1271 1881 1350 1943 nulli
1372 1887 1426 1942 aut
1446 1880 1596 1963 perpauci
1616 1879 1684 1943 dies
1705 1880 1746 1943 ad

414 1974 572 2060 agendum
592 1975 691 2039 iuturi
714 1985 796 2039 sunt.
830 1978 876 2038 lta
899 1975 1024 2038 defessa
1045 1996 1082 2039 ac
1102 1976 1284 2057 refrigerata
1299 1974 1498 2038 accusatione
1513 1993 1580 2036 rem
1594 1973 1746 2056 integram

413 2070 455 2134 ad
476 2070 696 2133 bibionellum
719 2078 897 2154 praetorem
920 2090 990 2133 esse
1012 2080 1192 2134 venturam:
1220 2089 1315 2153 quem
1338 2089 1396 2151 ego
1424 2068 1602 2140 hominem,
1631 2068 1657 2130 si
1680 2069 1785 2132 eiusts

414 2161 489 2227 fidei
510 2159 632 2226 diffisus
654 2182 772 2239 essem,
795 2164 930 2227 iudicem
952 2185 1017 2226 non
1032 2166 1241 2228 retinuissem.
1275 2160 1326 2225 32.
1341 2165 1432 2225 Nunc
1446 2170 1551 2225 tamen
1566 2162 1627 2225 hoc
1641 2162 1747 2226 animo

416 2278 504 2332 sum,
526 2264 561 2319 ut
581 2277 621 2320 eo
642 2256 745 2320 iudice
761 2278 857 2341 vam
879 2266 1025 2340 praetore
1039 2259 1120 2323 hanc
1135 2278 1202 2321 rem
1218 2258 1347 2339 transigi
1362 2257 1468 2320 malim
1484 2265 1516 2321 et
1529 2258 1631 2320 iurato
1647 2275 1749 2332 suam,

417 2371 512 2436 quam
533 2351 672 2415 iniurato
694 2351 827 2414 aliorum
849 2353 981 2415 tabellas
1003 2352 1207 2417 committere.

499 2445 557 2508 xl.
578 2446 669 2508 Nunc
683 2464 758 2528 ego,
780 2445 916 2519 iudices,
936 2447 1069 2510 iamvos
1085 2447 1227 2521 consulo,
1243 2445 1320 2530 quid
1334 2446 1411 2508 mibi
1429 2444 1607 2509 iaciendum
1623 2447 1748 2530 putetis.

417 2540 454 2603 ld
474 2540 561 2604 enim
581 2539 706 2603 consilii
728 2540 804 2602 mibi
825 2539 966 2622 profecto
986 2541 1070 2604 taciti
1085 2540 1215 2615 dabitis,
1238 2539 1324 2624 quod
1340 2548 1465 2623 egomet
1479 2540 1555 2603 mibi
1569 2541 1787 2604 necessariort

417 2632 607 2717 capiendum
632 2633 785 2716 intelligo.
830 2635 862 2696 Si
892 2642 962 2696 utar
989 2634 1221 2698 addicendum
1243 2654 1314 2697 meo
1336 2634 1477 2716 legitimo
1499 2642 1659 2717 tempore,
1687 2636 1749 2699 mei

378 2772 384 2779 -
418 2729 553 2803 laboris,
574 2727 749 2791 industriae
772 2727 1015 2812 diligentiaeque
1038 2729 1159 2812 capiam
1181 2728 1317 2792 fructum
1340 2736 1371 2791 et
1393 2747 1434 2789 ex
1455 2728 1656 2794 accusatione
1678 2748 1750 2811 per·

352 2892 362 2911 ¹
417 2819 535 2896 liciam,
556 2829 593 2885 ut
613 2839 708 2884 nemo
731 2841 881 2905 umquam
901 2830 975 2903 post
994 2821 1159 2885 bominum
1181 2824 1364 2885 memoriam
1387 2823 1540 2905 paratior,
1562 2822 1750 2905 vigilantior,

417 2916 624 2999 compositior
649 2914 690 2977 ud
718 2914 868 2977 iudicium
890 2916 1015 2978 venisse
1044 2915 1198 2979 videatur.
1243 2915 1305 2978 Sed
1326 2917 1358 2978 in
1380 2917 1441 2979 bac
1463 2915 1556 2978 laude
1578 2915 1751 2979 industriae

418 3030 509 3074 meae
535 3030 608 3073 reus
635 3028 677 3072 ne
699 3009 843 3072 elabatur
868 3029 1026 3071 summum
1048 3010 1224 3092 periculum
1247 3018 1305 3073 est.
1348 3009 1433 3086 Quid
1456 3016 1505 3071 est
1524 3009 1635 3091 igitur,
1665 3009 1790 3093 quodrs

418 3102 486 3168 lieri
506 3105 630 3188 possiti
663 3105 734 3166 Non
757 3103 942 3177 obscurum,
970 3105 1100 3187 opinor,
1131 3124 1236 3187 neque
1258 3100 1487 3167 absconditum.
1530 3099 1581 3164 33.
1604 3103 1752 3165 Fructum

417 3200 513 3263 istum
541 3198 661 3273 laudis,
693 3198 811 3281 quiex
840 3206 993 3280 perpetua
1016 3198 1157 3260 oratione
1178 3197 1301 3279 percipi
1322 3199 1442 3281 potuit,
1470 3198 1504 3260 in
1526 3197 1587 3259 alia
1608 3204 1753 3280 tempora

420 3313 634 3358 reservemus:
656 3312 741 3355 nunc
762 3292 923 3354 bominem
945 3290 1077 3364 tabulis,
1101 3292 1250 3366 testibus,
1273 3293 1403 3374 privatis
1417 3291 1618 3374 publicisque
1640 3292 1752 3356 litteris

420 3387 724 3469 auctoritatibusque
746 3404 940 3447 accusemus.
974 3387 1035 3446 Res
1058 3385 1161 3448 omnis
1182 3385 1258 3448 mibi
1280 3394 1383 3448 tecum
1406 3385 1481 3459 erit,
1509 3385 1668 3450 Hortensi.
1700 3388 1754 3450 Di-

421 3503 490 3546 cum
511 3489 631 3565 aperte.
667 3481 699 3543 Si
721 3489 752 3544 te
774 3500 898 3542 mecum
921 3478 1054 3541 dicendo
1077 3499 1115 3542 ac
1138 3478 1295 3542 diluendis
1317 3478 1498 3542 criminibus
1520 3481 1553 3542 in
1575 3480 1635 3544 bac
1658 3496 1792 3544 causato

422 3575 613 3640 contendere
634 3583 797 3659 putarem,
820 3594 878 3656 ego
901 3593 1031 3656 quoque
1052 3573 1086 3634 in
1108 3572 1288 3635 accusando
1310 3580 1406 3655 atque
1429 3573 1463 3634 in
1478 3573 1674 3657 explicandis
1695 3575 1754 3638 cri·

423 3671 559 3734 minibus
581 3689 710 3752 operam
732 3686 969 3731 consumerem:
997 3687 1098 3741 nunc,
1125 3668 1275 3750 quoniam
1298 3686 1441 3749 pugnare
1462 3675 1572 3731 contra
1593 3689 1644 3731 me
1665 3669 1755 3733 insti·

424 3765 508 3828 tuisti
530 3782 596 3826 non
619 3770 682 3825 tam
705 3782 747 3825 ex
767 3769 821 3824 tua
843 3768 955 3822 natura
977 3780 1072 3843 quam
1095 3761 1247 3824 eristius
1269 3770 1412 3844 tempore
1434 3769 1465 3825 et
1480 3781 1575 3826 causa
1589 3765 1755 3838 malitiose,

425 3877 554 3922 necesse
576 3866 626 3922 est
646 3856 823 3919 istiusmodi
845 3853 959 3918 rationi
981 3853 1089 3936 aliquo
1105 3854 1237 3917 consilio
1253 3856 1417 3919 obsistere.
1453 3851 1504 3917 34.
1520 3857 1588 3919 Tua
1603 3858 1683 3920 ratio
1699 3864 1757 3932 est,

425 3960 459 4014 ut
479 3951 654 4015 secundum
675 3951 768 4012 binos
790 3949 883 4012 ludos
905 3947 981 4010 mibi
1005 3948 1200 4031 respondere
1217 3950 1370 4032 incipias:
1393 3969 1479 4024 mea,
1500 3959 1537 4013 ut
1550 3958 1624 4014 ante
1638 3953 1796 4033 primostt

424 4044 516 4108 ludos
539 4044 825 4128 comperendinem.
847 4043 895 4106 lta
915 4039 986 4115 liet,
1008 4050 1044 4105 ut
1058 4051 1112 4105 tua
1126 4045 1188 4106 ista
1202 4044 1282 4106 ratio
1298 4045 1496 4107 existimetur
1509 4052 1630 4119 astuta,
1653 4065 1757 4107 meum

424 4139 485 4202 boc
506 4138 674 4202 consilium
695 4137 920 4201 necessarium.
964 4137 1035 4198 Xll.
1057 4138 1175 4199 Verum
1199 4137 1294 4212 illud,
1317 4137 1404 4222 quod
1426 4138 1625 4202 institueram
1644 4139 1758 4214 dicere,

424 4232 501 4296 mibi
523 4252 590 4296 rem
612 4241 716 4295 tecum
739 4252 825 4306 esse,
846 4229 1031 4294 huiusmodi
1053 4239 1110 4294 est.
1145 4231 1213 4314 Ego
1237 4222 1412 4295 cumbanc
1434 4252 1563 4297 causam
1579 4233 1757 4297 Siculorum

491 4540 515 4593 4.
532 4538 692 4604 praetoribus
710 4539 780 4600 (³35-
796 4565 823 4574 -
842 4538 866 4588 5.
885 4537 937 4587 lud.
956 4535 1137 4615 essm-dtis
1156 4551 1226 4601 exsp.
1245 4539 1298 4588 tud.
1317 4539 1350 4588 ct
1362 4540 1387 4589 4.
1404 4562 1431 4575 -
1454 4540 1479 4590 7.
1498 4545 1588 4591 octuoc
1605 4539 1656 4604 (vel
1673 4541 1761 4605 potius

426 4624 489 4690 44444)
503 4626 535 4675 ct
548 4627 576 4676 2:
596 4639 664 4674 oona
675 4623 723 4675 dtt.
735 4623 764 4672 0.
780 4647 807 4657 -
825 4623 849 4672 9.
863 4621 1011 4686 quindecim]
1029 4621 1086 4671 Xll
1102 4622 1179 4685 tgrs.
1200 4649 1228 4658 -
1255 4623 1295 4673 to.
1313 4629 1499 4687 consequuntur
1515 4625 1561 4675 Gt.
1575 4650 1605 4662 -
1624 4625 1664 4675 te.
1682 4637 1762 4675 ecca·

426 4702 504 4751 ruodo
524 4701 572 4750 ts
598 4703 669 4750 Parr.
693 4697 770 4749 Lali:
798 4697 939 4746 ucuucodo
962 4698 1024 4747 cett.
1050 4695 1143 4755 codd.;
1170 4698 1309 4747 reertrondo
1324 4698 1353 4749 L.
1376 4725 1402 4734 -
1431 4699 1470 4749 43.
1486 4699 1611 4762 perpauci
1627 4699 1659 4748 Gt
1673 4698 1760 4762 [ωε

425 4777 502 4840 pcuct
518 4778 564 4825 ctt.
575 4776 604 4826 0.
625 4801 652 4812 -
672 4774 712 4824 46.
731 4773 776 4822 boc
793 4769 1047 4834 mercuringas:
1067 4785 1095 4821 eo
1112 4773 1197 4821 ootmo
1215 4771 1263 4822 dtt.
1274 4774 1305 4824 0.
1320 4796 1348 4809 -
1368 4773 1408 4824 44.
1425 4774 1494 4823 moto
1510 4774 1576 4823 enim
1591 4774 1708 4822 iurutoA
1727 4772 1762 4836 (in

428 4851 571 4913 lemmate),
583 4851 651 4900 orato
661 4850 685 4899 et
694 4850 780 4898 turuto
791 4847 873 4897 Prisc.
886 4849 905 4897 1.
919 4859 945 4910 p.
959 4845 1016 4897 464.
1035 4846 1100 4896 Inde
1113 4844 1194 4896 Klotz.
1208 4846 1293 4897 Praei.
1306 4860 1334 4912 p.
1346 4847 1400 4897 vlt.
1416 4848 1484 4898 coni.
1497 4848 1600 4897 metior:
1616 4848 1686 4896 muto
1696 4848 1763 4898 erim

427 4928 477 4975 ior.
495 4923 578 4983 lirim
597 4937 660 4975 nam
678 4926 791 4987 uterque
809 4921 919 4973 alteram
937 4922 1085 4972 sententiae
1103 4923 1208 4985 partem
1225 4921 1340 4973 atterens
1356 4922 1445 4972 metim
1462 4922 1575 4972 mutavit
1590 4922 1616 4972 in
1633 4921 1715 4981 mab,
1734 4923 1764 4971 ut

428 5014 476 5065 par
493 5003 550 5051 erat
567 5000 665 5051 omissa
683 4997 809 5063 particula
826 5003 867 5059 ut,
886 4995 957 5046 unde
975 4996 1159 5047 coniunctivus
1177 4999 1254 5061 aptus
1266 4999 1331 5046 erat.
1346 5025 1374 5033 -
1393 4997 1434 5046 49.
1451 5010 1519 5046 nunc
1535 4995 1614 5047 codd.
1631 4997 1695 5047 ts:
1713 5010 1765 5046 scr

429 5077 497 5127 coni.
516 5077 578 5126 Ern.
598 5102 626 5110 -
644 5074 684 5123 44.
704 5078 728 5123 ct
743 5073 785 5136 sc]
803 5086 836 5122 etc
852 5072 904 5131 (ἧς
922 5077 946 5122 et
962 5084 993 5120 eo
1010 5069 1078 5120 coni.
1097 5069 1176 5130 Ern.;
1202 5072 1304 5133 cupium
1319 5072 1430 5134 fraretum
1446 5084 1480 5121 er
1496 5072 1670 5121 mutuos:
1685 5072 1765 5137 perfl-

428 5152 495 5201 cicm
505 5152 574 5202 coni.
587 5149 674 5200 ltadv.
687 5149 707 5198 1.
726 5161 753 5213 p.
766 5147 824 5199 tto.
842 5149 876 5197 at
893 5145 1015 5212 displicet
1031 5144 1180 5208 asyndeton
1192 5144 1391 5210 verborumque
1409 5144 1555 5198 collocatio.
1578 5147 1661 5209 ltagts
1676 5145 1766 5211 placet

429 5227 496 5276 coni.
514 5226 636 5276 Schuetz.
655 5228 678 5274 et
694 5223 860 5274 mercedem.
873 5246 901 5258 —
914 5221 1045 5285 conficiam
1061 5223 1123 5272 Asc.
1137 5219 1199 5270 edd.
1212 5222 1277 5270 vett.
1296 5223 1324 5271 et
1339 5222 1392 5271 bts.
1412 5219 1484 5271 Leid.
1499 5245 1527 5257 —
1546 5221 1588 5272 44.
1606 5221 1693 5287 igituir]
1704 5235 1766 5288 erpo

430 5300 475 5352 444.
496 5328 523 5340 -
541 5298 584 5352 46.
601 5296 688 5364 mue]
705 5302 781 5361 utque
797 5298 844 5349 ot.
861 5320 889 5334 -
907 5296 949 5347 29.
967 5294 1028 5347 ruiti
1044 5308 1100 5348 om.
1113 5296 1209 5358 Glic.
1225 5296 1261 5348 at
1276 5294 1310 5348 ct.
1323 5294 1348 5360 s.
1361 5293 1457 5348 3436.
1471 5321 1500 5333 -
1518 5295 1560 5349 48.
1577 5297 1764 5351 mutuor.
