4367 6109
693 594 761 659 nn.
783 595 808 659 1.
837 593 912 660 cn.
933 593 1158 662 cvm-nn
1185 593 1242 681 pp
1263 591 1457 662 leonine.
1673 590 1736 660 us

417 762 485 845 ipse
512 762 629 827 multos
655 782 756 828 annos
777 772 862 829 esset
882 766 916 829 ln
937 765 1102 843 sordibus,
1128 767 1225 850 paulo
1253 775 1358 831 tamen
1386 764 1560 831 obsoletius
1586 767 1735 831 vestitum

416 855 547 920 rideret
590 859 701 942 itaque
723 860 796 935 tibi,
818 860 985 935 Hortensi,
1008 879 1073 924 non
1093 862 1179 925 iliius
1201 869 1287 924 aetas
1309 862 1366 925 sed
1388 880 1501 937 causa,
1522 881 1588 925 non
1601 863 1734 926 vestitos

416 948 473 1012 sed
492 948 621 1013 lortuna
641 953 805 1035 popularis
826 953 1005 1028 ridebatur,
1034 974 1140 1038 neque
1167 962 1199 1018 te
1220 963 1284 1018 tam
1305 955 1539 1029 commovebat,
1571 956 1658 1040 qnod
1680 955 1734 1020 iile

417 1063 489 1106 cum
511 1052 585 1127 toga
606 1055 784 1128 praetexta,
806 1066 902 1131 quam
925 1046 1010 1130 quod
1033 1049 1102 1111 sine
1122 1047 1210 1110 bulla
1230 1056 1369 1111 venerat.
1413 1050 1551 1112 Vestitus
1574 1050 1657 1111 enim
1679 1069 1735 1113 no-

417 1138 532 1201 minem
554 1141 770 1204 commovebat
791 1143 834 1215 is,
863 1160 957 1224 quem
983 1140 1029 1202 iiii
1055 1160 1123 1203 mos
1146 1149 1177 1203 et
1198 1142 1246 1204 ius
1268 1143 1469 1224 ingenuitatis
1490 1142 1594 1205 dabat.
1639 1141 1758 1218 Quoue

416 1239 635 1294 ornamentum
662 1235 815 1315 pueritiae
843 1242 935 1317 pater
960 1232 1107 1307 dederat,
1140 1233 1290 1297 indicium
1312 1244 1407 1318 atque
1428 1236 1550 1317 insigne
1571 1235 1734 1311 fortunae,

415 1324 476 1387 boc
497 1325 537 1387 ab
565 1326 627 1388 isto
656 1327 816 1409 praedone
838 1335 981 1410 ereptum
1003 1346 1073 1390 esse
1093 1327 1230 1411 graviter
1250 1337 1316 1391 tum
1339 1337 1371 1391 et
1392 1329 1503 1391 acerba
1524 1328 1667 1391 bomines
1688 1328 1735 1392 ie-

415 1419 534 1482 rebant.
578 1414 649 1482 453.
671 1423 782 1504 Neque
804 1429 893 1485 erant
914 1421 985 1483 illae
1008 1420 1154 1484 lacrimae
1175 1421 1345 1504 populares
1367 1423 1466 1504 magis
1482 1442 1577 1505 quam
1596 1431 1734 1497 nostrae,

416 1532 511 1595 mam
533 1520 622 1589 tuac,
645 1514 684 1591 Q.
706 1515 870 1589 Hortensi,
893 1535 987 1598 quam
1006 1515 1136 1588 borum,
1158 1515 1213 1598 qui
1229 1516 1417 1577 sententiam
1432 1514 1525 1577 laturi
1539 1523 1628 1590 sunt,
1650 1516 1733 1590 ideo,

415 1606 501 1689 quod
522 1610 697 1672 communis
719 1617 767 1672 est
786 1628 896 1684 causa,
918 1628 1083 1671 commune
1098 1609 1291 1690 periculum:
1313 1608 1472 1671 communi
1487 1608 1646 1690 praesidio
1661 1609 1771 1680 talisss

414 1701 598 1782 improbitas
613 1710 774 1787 tamquam
786 1703 916 1787 aliquod
930 1702 1111 1765 incendium
1122 1701 1382 1783 restinguendum
1393 1711 1451 1765 ast
1473 1702 1633 1765 Habemus
1648 1703 1732 1766 enim

415 1794 530 1858 liberos
552 1816 683 1878 parvos:
711 1799 865 1860 incertum
887 1806 951 1871 est,
974 1817 1068 1880 quam
1092 1796 1186 1877 ionga
1205 1797 1358 1878 cuiusque
1379 1804 1521 1859 nostrum
1544 1798 1608 1859 vita
1627 1796 1734 1861 futura

415 1890 471 1951 sit:
493 1890 659 1953 consulere
672 1893 735 1954 rivi
758 1911 794 1953 ac
808 1892 988 1974 prospicere
1017 1891 1184 1964 debemus,
1206 1898 1241 1952 ut
1256 1890 1383 1953 iliorum
1398 1890 1535 1953 solitudo
1551 1899 1583 1954 et
1597 1893 1733 1974 pueritia

416 2000 511 2065 quam
532 1984 711 2048 firmissimo
732 1985 889 2068 pracsidio
910 1986 1031 2047 munita
1053 1985 1102 2047 sit.
1145 1983 1224 2059 Quis
1246 1993 1295 2046 est
1316 1985 1416 2058 enim,
1446 1983 1502 2067 qui
1531 1985 1613 2047 tueri
1633 1985 1735 2066 possit

414 2076 547 2140 liberum
569 2086 748 2141 nostrorum
769 2079 935 2162 pueritiam
958 2087 1066 2141 contra
1086 2077 1318 2159 improbitatem
1340 2079 1602 2160 magistratuum?
1623 2080 1771 2154 Matones

414 2170 520 2233 credo.
556 2171 684 2234 Scilicet
705 2192 818 2255 magno
841 2172 998 2254 praesidio
1019 2173 1080 2235 luit
1093 2173 1216 2234 Anniae
1238 2172 1379 2254 pupiilae
1394 2181 1509 2247 mater,
1531 2171 1649 2234 femina
1669 2174 1735 2255 pri·

415 2266 533 2327 maria:
555 2267 658 2329 minus
680 2265 734 2329 illa
756 2267 832 2329 deos
853 2266 1061 2350 hominesque
1082 2266 1269 2347 implorante
1291 2267 1351 2328 iste
1373 2264 1486 2328 infanti
1507 2267 1648 2349 pupiHae
1670 2267 1734 2332 for·

413 2365 506 2429 tonas
527 2358 646 2441 patrias
668 2358 793 2423 ademit
827 2361 1002 2422 Tutoresne
1023 2359 1217 2423 defendenti
1253 2358 1403 2422 Perfacile
1424 2379 1500 2423 vero
1529 2361 1614 2443 apud
1642 2362 1733 2426 istius

412 2450 499 2514 modi
520 2461 713 2535 praetorem,
735 2471 755 2516 a
776 2473 840 2538 quo
862 2454 904 2516 ii.
927 2454 1066 2516 Marcelli
1088 2454 1200 2517 tutoris
1220 2454 1253 2516 in
1275 2472 1372 2517 causa
1392 2453 1506 2536 pupilli
1520 2455 1602 2519 lonii
1617 2461 1648 2517 ei
1661 2475 1734 2518 ora·

412 2544 458 2607 tio
478 2552 511 2606 et
531 2545 679 2610 voluntas
701 2555 732 2610 ot
754 2548 922 2610 auctoritas
943 2548 1110 2630 repudiata
1130 2555 1188 2611 est.
1741 2568 1771 2619 tt

497 2639 578 2701 alx.
599 2634 672 2702 isi.
702 2639 889 2716 Quaerimus
912 2642 1022 2717 etiam,
1050 2643 1128 2726 quid
1154 2643 1213 2706 iste
1235 2642 1269 2705 in
1289 2641 1402 2705 ultima
1422 2639 1571 2725 Phrygia,
1600 2640 1678 2725 quid
1698 2641 1733 2705 in

413 2734 562 2796 extremis
577 2734 779 2816 Pampbyiiae
801 2736 942 2818 partibus
963 2736 1090 2811 iecerit,
1112 2737 1216 2821 qualis
1236 2737 1269 2799 in
1290 2736 1375 2799 bello
1397 2734 1594 2818 praedonum
1614 2735 1733 2818 praedo

412 2825 482 2908 ipse
502 2826 614 2901 suerit,
636 2830 692 2911 qui
713 2829 745 2892 in
767 2828 836 2891 lom
857 2830 967 2912 populi
982 2831 1115 2893 Homani
1136 2832 1238 2914 pirata
1258 2830 1397 2893 nefarius
1417 2831 1615 2911 reperiatur?
1637 2829 1734 2893 Dubi-

413 2926 535 2995 tamus,
557 2920 715 3005 quidiste
738 2923 773 2984 in
793 2923 932 2986 bostium
954 2924 1070 3007 praedo
1092 2925 1220 2988 molitus
1243 2927 1298 2999 sit,
1324 2924 1379 3007 qui
1400 2924 1564 2987 manubias
1586 2924 1644 2987 sibi
1665 2934 1734 2988 tan-

413 3021 462 3077 tas
484 3030 525 3078 ex
552 3016 588 3078 L.
611 3016 728 3079 bletelli
757 3017 913 3080 manubiis
941 3017 1067 3092 iecerit,
1101 3020 1156 3101 qui
1178 3020 1296 3082 maiore
1317 3018 1453 3101 pecunia
1475 3026 1626 3101 quattuor
1646 3018 1770 3088 colu-as

412 3127 501 3172 mnes
524 3110 731 3186 dealbandas,
754 3131 849 3194 quam
871 3111 925 3174 ille
946 3130 1055 3175 omnes
1070 3109 1280 3176 aedificandas
1295 3111 1471 3175 locaverit?
1494 3112 1732 3195 Exspectemus,

412 3201 490 3283 quid
524 3202 630 3267 dicant
661 3222 703 3266 ex
732 3204 840 3267 Sicilia
867 3208 987 3267 testes?
1030 3205 1111 3280 Quis
1132 3224 1283 3289 umquam
1303 3204 1457 3287 templum
1477 3205 1555 3269 iilud
1577 3207 1732 3290 adspexit,

412 3295 491 3378 quin
511 3297 661 3361 avaritiae
682 3306 770 3374 tuae,
799 3299 878 3383 quin
899 3299 1050 3374 iniuriae,
1074 3299 1153 3382 quin
1174 3299 1325 3363 audaciae
1346 3301 1436 3363 testis
1458 3302 1567 3362 esset‘l
1611 3300 1691 3376 Quis
1712 3321 1732 3364 a

410 3392 501 3473 signo
515 3392 678 3454 Vertumni
697 3392 730 3454 in
752 3393 870 3455 circum
891 3392 1063 3455 maximum
1077 3395 1181 3468 venit,
1204 3395 1281 3476 quin
1302 3394 1330 3456 is
1351 3413 1417 3456 uno
1432 3413 1562 3477 quoquc
1576 3394 1675 3477 gradu
1691 3395 1732 3458 de

410 3485 541 3549 avaritia
570 3492 625 3549 tua
657 3489 935 3549 commoneretur?
969 3505 1065 3569 qnam
1095 3493 1130 3549 tu
1159 3488 1242 3550 riam
1272 3487 1454 3550 tbensamm
1477 3494 1573 3570 atque
1594 3507 1769 3571 pompaeas

410 3579 564 3642 eiusmodi
584 3581 734 3664 exegisti,
756 3586 792 3643 ut
815 3575 872 3663 [tu]
893 3580 962 3662 ipse
984 3579 1040 3641 iila
1058 3579 1105 3643 ire
1126 3600 1191 3642 non
1213 3579 1341 3644 audeas.
1373 3581 1418 3644 Te
1439 3587 1529 3663 putet
1550 3582 1730 3665 quisquam,

409 3688 481 3737 cum
502 3673 653 3738 abitalia
679 3674 760 3737 freto
789 3674 947 3737 diiunctus
975 3692 1076 3749 esses,
1107 3673 1200 3736 sociis
1227 3681 1435 3756 temperasse,
1463 3673 1518 3757 qui
1538 3674 1650 3737 aedem
1673 3675 1731 3739 Ca·

409 3769 503 3832 stolis
530 3774 643 3831 testem
672 3767 827 3831 furtorum
852 3775 978 3830 tuorum
1007 3786 1076 3830 esso
1097 3767 1251 3841 volueris,
1280 3788 1377 3851 qnam
1403 3767 1543 3850 populns
1570 3769 1731 3834 Romanus

409 3859 568 3946 qnotidie,
589 3861 710 3925 iudices
732 3862 826 3924 etiam
847 3869 931 3934 tum,
953 3880 1026 3924 cum
1047 3860 1087 3924 da
1109 3867 1141 3923 te
1161 3863 1350 3925 sententiam
1371 3860 1490 3936 ferent,
1511 3860 1688 3926 videbunt?

492 3956 558 4018 Lx.
581 3951 653 4018 loe.
674 3957 779 4040 Atque
801 3955 894 4018 etiam
916 3953 1068 4018 indicium
1087 3954 1123 4018 in
1144 3963 1293 4037 praetura
1309 3955 1471 4038 publicum
1486 3958 1643 4034 exercuit;
1665 3975 1768 4031 nonas

475 4173 500 4223 t.
517 4175 579 4222 asset
593 4170 632 4219 V:
650 4173 686 4219 est
701 4170 746 4218 cti.
765 4168 794 4219 0.
809 4190 837 4205 -
855 4168 880 4219 4.
898 4168 948 4230 ssd]
965 4173 1000 4219 ast
1017 4168 1064 4230 isic
1080 4167 1160 4218 etiem
1177 4167 1252 4231 inira)
1270 4164 1302 4218 V.
1317 4194 1344 4204 -
1363 4167 1388 4218 3.
1406 4173 1430 4218 ta
1445 4169 1507 4234 tom]
1524 4173 1607 4222 tornea
1623 4172 1659 4233 V;
1677 4177 1731 4223 tous

409 4247 530 4301 esKiota.
551 4241 771 4295 -moosoaseu
792 4269 819 4281 -
843 4242 1066 4294 bcoorosonctv.
1086 4268 1115 4277 -
1137 4242 1365 4305 itrsniibgtil:
1388 4255 1442 4293 om.
1466 4243 1515 4294 ott
1533 4245 1562 4296 0.
1583 4273 1610 4282 —
1630 4247 1731 4301 &litua

408 4320 448 4372 V:
472 4322 522 4372 tce
540 4322 585 4370 ctt.
605 4321 634 4370 0.
654 4347 682 4356 -
712 4318 750 4369 44.
771 4317 992 4382 reclamasset
1014 4316 1199 4368 Lachmannus
1222 4316 1255 4366 ad
1280 4318 1383 4367 Locret.
1402 4331 1428 4384 p.
1447 4318 1504 4379 00.;
1529 4321 1731 4386 maiomam

408 4399 440 4448 sit
455 4397 492 4457 νς
517 4394 692 4459 reuinpueudo
711 4397 745 4443 est
765 4395 810 4442 cti.
828 4393 858 4442 0.
886 4392 920 4443 ci.
938 4393 1054 4455 interpp.
1078 4391 1113 4441 ad
1135 4395 1202 4442 orat.
1220 4405 1246 4456 p.
1265 4390 1315 4455 leg.
1334 4393 1402 4443 bion.
1420 4394 1445 4453 e,
1463 4394 1503 4443 44.
1522 4394 1616 4447 salust.
1635 4397 1728 4462 iram.

407 4486 436 4538 p.
453 4470 510 4522 044.
530 4472 617 4522 Corte.
638 4496 665 4506 -
688 4468 728 4519 44.
746 4468 862 4530 maiusque
878 4471 989 4516 murore
1005 4466 1107 4529 vigit
1130 4466 1172 4529 (ci.
1191 4467 1286 4531 Zumpt
1301 4466 1395 4528 addi:
1420 4471 1499 4519 metr.
1516 4471 1613 4533 cairam.
1631 4472 1679 4523 dtt.
1698 4472 1728 4524 0.

410 4573 439 4584 —
456 4547 498 4598 43.
514 4547 655 4610 prospicere
670 4541 826 4606 ngitit:
843 4543 967 4606 proppere
983 4540 1031 4591 dti.
1052 4563 1079 4576 -
1100 4542 1140 4591 444.
1158 4541 1262 4592 mm
1277 4546 1355 4592 sose.
1374 4542 1455 4593 Prisc.
1474 4543 1493 4592 i.
1511 4555 1539 4608 p.
1557 4544 1614 4594 307.
1632 4543 1728 4608 vulgo:

406 4628 485 4672 rosv.
503 4622 608 4672 libmm
624 4621 652 4670 i..
680 4645 707 4655 -
735 4619 775 4670 48.
799 4619 925 4682 delmdant
948 4617 1016 4668 coni.
1035 4615 1121 4667 iiadv.
1139 4620 1206 4682 App.
1228 4630 1254 4681 p.
1272 4616 1313 4668 lt.
1337 4615 1414 4680 prob.
1438 4616 1549 4682 Zumpt:
1576 4618 1731 4681 &scudem

408 4695 486 4747 codd.
504 4696 534 4745 0.
555 4721 582 4733 -
608 4696 649 4747 44.
668 4696 811 4757 emorimur
832 4695 912 4745 Prisc.
931 4695 961 4743 ii.
981 4705 1006 4756 p.
1025 4692 1091 4742 ies:
1113 4704 1260 4752 quaetenus
1282 4690 1361 4742 codd.
1386 4717 1413 4728 -
1437 4691 1478 4742 23.
1497 4693 1549 4754 ipse
1572 4706 1626 4744 om.
1645 4695 1727 4745 Prisc.

409 4771 452 4823 ed.
470 4772 524 4833 iis..
541 4770 591 4822 sed
607 4769 689 4820 babet
705 4769 765 4820 cod.
783 4771 852 4820 bion.
872 4795 899 4805 -
920 4768 962 4819 46.
981 4767 1070 4816 locoru
1086 4768 1167 4818 Prisc.
1185 4769 1216 4817 ii.
1235 4780 1261 4831 p.
1281 4769 1337 4817 405.
1357 4791 1384 4802 -
1403 4773 1574 4829 apetamus
1590 4769 1658 4819 coni.
1677 4768 1729 4820 lie·

408 4845 457 4898 rel.
477 4870 501 4885 -
528 4846 570 4897 40.
591 4845 717 4896 Pertransi
732 4845 830 4895 Prisc:
851 4844 950 4894 Verumi
966 4842 1048 4905 batth
1069 4842 1197 4892 Postremi
1212 4844 1243 4893 Α.
1264 4869 1291 4878 —-
1309 4855 1456 4904 scopaeque
1473 4841 1561 4904 codd,
1579 4843 1676 4894 Prisc:
1702 4842 1729 4893 s's

408 4932 557 4984 nocuoque
567 4924 628 4985 post
638 4921 737 4972 Victor.
754 4921 782 4972 0.
804 4921 880 4980 (Fors.
893 4920 953 4982 pota
962 4918 990 4966 io
999 4929 1050 4966 raso
1061 4930 1085 4979 q.
1104 4917 1137 4969 ci.
1150 4931 1176 4966 v.
1186 4917 1227 4969 444.
1241 4917 1371 4979 40441.)-
1385 4916 1426 4967 30.
1439 4922 1636 4968 commoneretis
1646 4918 1726 4969 Prisc.

410 4994 480 5059 igit
495 4993 591 5058 vulgo:
612 5000 805 5045 cmnmousrstor
821 4993 898 5045 codd.
917 4991 1010 5057 pleriq.
1031 5017 1059 5027 -
1082 5005 1159 5054 quom
1180 4998 1233 5043 tasas
1249 4993 1317 5043 coni.
1335 4992 1395 5043 Hot.
1414 4992 1491 5056 prob.
1508 4993 1578 5043 Bake
1595 4992 1630 5042 ad
1647 4994 1726 5057 legg.

410 5083 437 5136 p.
454 5070 511 5122 030.
532 5096 561 5107 -
578 5069 619 5120 34.
638 5070 682 5135 [te]
699 5082 753 5120 om.
771 5071 852 5120 Prisc.
873 5096 899 5105 -
919 5068 959 5118 34.
978 5067 1102 5117 attoarios
1117 5068 1201 5131 igit:
1220 5068 1355 5118 diametra
1370 5070 1416 5117 ctt.
1435 5068 1464 5117 Ο.
1484 5094 1512 5105 -
1533 5066 1573 5117 33.
1590 5066 1652 5130 {art
1669 5072 1728 5118 too-

410 5157 470 5196 m
484 5145 581 5196 Prisc:
599 5149 664 5195 seor.
681 5146 743 5208 sert.
762 5145 839 5196 codd.
852 5144 914 5195 noti.
930 5171 957 5179 -
972 5142 1060 5204 popuii
1070 5142 1099 5193 il.
1119 5142 1186 5206 agae
1203 5144 1231 5193 et
1242 5142 1289 5193 dtt.
1303 5143 1383 5193 Prisc.
1398 5168 1426 5178 -
1444 5140 1485 5194 34.
1502 5142 1634 5192 namtas
1645 5142 1726 5194 Prisc.

413 5242 443 5257 -·
459 5216 539 5282 feast
557 5219 591 5269 de
608 5220 677 5271 coni.
694 5222 802 5270 Graec:
826 5219 921 5282 forest
940 5218 1020 5267 Prisc.
1039 5213 1118 5269 codd.
1136 5216 1165 5267 0.
1185 5242 1211 5256 -
1236 5215 1352 5268 oldebrssi
1366 5214 1445 5281 ngas,
1463 5218 1517 5268 tres
1534 5211 1592 5267 alii:
1618 5217 1728 5270 sirim

411 5293 494 5345 Prisc.
512 5294 546 5354 0;
563 5294 678 5345 cidem
693 5295 738 5345 ctt.
759 5317 786 5329 -
806 5292 847 5344 35.
864 5292 936 5355 mosi
949 5291 1011 5345 eod.
1028 5291 1085 5344 iJrs.
