4367 6109
756 598 824 665 Lra.
845 599 883 664 V.
918 599 991 666 Car.
1013 600 1159 665 Ill-X.
1189 595 1246 684 ss.
1268 592 1423 664 te-25.
1685 592 1748 663 387

422 767 484 831 boc
505 766 637 832 crimine
659 766 850 852 suspicionis
872 787 942 832 esse
964 768 1145 845 affirmabo,
1165 778 1203 834 nt
1222 772 1285 835 iam
1306 770 1384 855 ipsis
1406 768 1565 834 iudicibus
1588 771 1657 834 sine
1678 788 1748 835 mea

423 861 696 945 argumentatione
718 863 931 927 coniecturam
946 863 1049 928 iacere
1064 865 1252 948 permittam,
1275 865 1361 949 quod
1375 864 1437 927 boc
1452 884 1551 949 genus
1565 863 1748 948 praedandi,

423 972 517 1038 quam
545 955 739 1038 improbum,
768 974 864 1042 quarn
889 958 1053 1041 indignum
1081 978 1240 1043 quamque
1263 958 1303 1021 ad
1325 958 1575 1041 magnitudinem
1597 967 1748 1044 quaestus

422 1050 610 1113 immensum
631 1047 852 1134 infinitumque
874 1072 945 1116 esse
967 1052 1122 1116 rideatur.
1165 1050 1216 1116 23.
1238 1055 1316 1115 Nam
1339 1073 1420 1137 quae
1442 1053 1502 1117 iste
1523 1056 1556 1117 in
1578 1052 1748 1138 Apollonio

422 1143 513 1218 lecit,
546 1146 742 1229 caprimum
767 1145 905 1209 breviter
927 1147 1109 1229 cognoscite
1132 1155 1211 1231 quot
1232 1154 1264 1210 et
1285 1155 1403 1230 quanta
1424 1148 1501 1222 sint;
1533 1147 1649 1212 deinde
1669 1146 1772 1210 bacci

424 1237 596 1321 expendite
618 1247 713 1323 atque
734 1239 899 1303 aestimate
914 1241 1064 1324 pecunia:
1087 1241 1251 1323 reperietis
1266 1241 1384 1303 idcirco
1400 1241 1478 1305 baec
1492 1243 1526 1305 in
1540 1262 1605 1305 uno
1621 1241 1748 1304 bomine

420 1332 594 1415 pecunioso
616 1340 663 1395 tot
684 1333 868 1408 constituta,
896 1341 932 1397 ut
954 1335 1067 1397 ceteris
1089 1334 1275 1398 formidines
1305 1334 1455 1397 similium
1477 1335 1747 1398 incommodorum

421 1432 517 1510 atque
539 1427 687 1509 exempla
708 1426 920 1510 periculorum
943 1435 1146 1512 proponeret.
1190 1429 1329 1492 Primum
1349 1428 1543 1493 insimulatio
1565 1438 1613 1493 est
1634 1450 1749 1513 repen·

420 1521 488 1583 tina
509 1522 654 1607 capitalis
684 1529 779 1604 atque
806 1521 956 1586 invidiosi
986 1523 1142 1586 criminis:
1164 1557 1206 1570 -
1227 1525 1371 1596 statuite,
1403 1525 1514 1607 quanti
1541 1522 1602 1587 hoc
1629 1521 1747 1608 pritetis

420 1622 452 1677 et
474 1635 570 1699 quam
591 1616 706 1679 multos
727 1617 917 1681 redemisse:
939 1619 1118 1681 -deinde
1141 1617 1257 1682 crimen
1280 1619 1348 1681 sine
1370 1625 1569 1693 accusatore,
1591 1620 1748 1682 sententia
1757 1632 1785 1678 ro

420 1709 489 1773 sine
518 1709 668 1784 consilio,
697 1711 857 1774 damnatio
888 1713 956 1775 sine
986 1710 1190 1776 detensiones
1212 1713 1438 1776 -aestimate
1465 1711 1578 1775 barum
1606 1713 1747 1776 omnium

419 1824 525 1867 rerum
545 1805 647 1889 pretia
670 1812 703 1868 et
724 1805 861 1888 cogitate
883 1806 915 1868 in
937 1805 988 1869 bis
1010 1807 1231 1890 iniquitatibus
1251 1826 1350 1870 unum
1372 1805 1513 1870 haesisse
1534 1805 1747 1889 Apollonium,

420 1904 542 1962 ceteros
570 1897 712 1980 proiecto
742 1898 858 1962 multos
889 1920 930 1963 ex
956 1900 1007 1964 bis
1037 1901 1247 1965 incommodis
1280 1903 1416 1984 pecunia
1446 1920 1482 1965 se
1510 1900 1677 1964 liberasse:
1705 1932 1747 1945 -

419 2000 579 2074 postremo
595 1991 755 2067 tenebrae,
778 1993 893 2069 vincla,
916 2014 1031 2069 carcer,
1053 1994 1211 2057 inclusum
1226 1994 1417 2079 supplicium
1431 2004 1527 2078 atque
1542 2013 1561 2056 a
1575 1998 1746 2077 conspectu

419 2092 586 2167 parentum
614 2105 651 2148 ac
679 2085 832 2162 liberum,
861 2087 1001 2173 denique
1024 2089 1165 2152 alibero
1192 2088 1305 2171 spiritu
1333 2095 1430 2172 atque
1451 2109 1470 2152 a
1491 2090 1649 2152 communi
1676 2086 1784 2150 lrrcern

420 2176 595 2242 seclusum:
628 2179 707 2244 baec
736 2202 829 2256 vero,
860 2202 942 2266 quae
971 2183 1023 2246 vel
1051 2183 1117 2246 vita
1146 2182 1258 2245 redimi
1287 2190 1372 2246 recte
1399 2190 1551 2267 possunt,
1579 2184 1747 2247 aestimare

418 2272 555 2354 pecunia
570 2292 635 2335 non
651 2294 745 2359 queo.
776 2271 826 2339 24.
842 2275 928 2340 Haec
943 2277 1051 2340 omnia
1064 2296 1137 2341 sero
1152 2275 1288 2340 redemit
1300 2276 1498 2360 Apollonius,
1520 2274 1584 2342 iam
1605 2294 1747 2340 maerore

419 2383 454 2430 ac
483 2367 620 2431 miseriis
648 2369 809 2452 perditns;
846 2370 903 2434 sed
936 2378 1043 2435 tamen
1075 2378 1197 2434 ceteros
1230 2370 1338 2434 docuit
1370 2377 1442 2434 ante
1472 2370 1563 2435 istius
1597 2370 1747 2434 avaritiae

419 2460 596 2544 scelerique
627 2480 810 2527 occurrere:
844 2466 907 2528 uisi
939 2484 1015 2529 vero
1048 2464 1237 2528 existimatis
1263 2462 1424 2527 bominem
1451 2463 1747 2547 pecuniosissimum

419 2555 488 2618 sine
510 2575 606 2620 causa
627 2565 778 2641 quaestus
801 2557 935 2635 electum
964 2558 1004 2622 ad
1026 2565 1089 2623 tam
1118 2557 1304 2622 incredibile
1331 2557 1450 2620 crimen
1471 2564 1526 2622 aut
1545 2559 1615 2623 sine
1636 2557 1785 2622 eademst

418 2668 514 2714 cansa
534 2660 666 2737 repente
688 2671 706 2715 e
729 2670 854 2717 carcere
884 2653 1035 2717 emissum
1062 2660 1119 2716 aut
1146 2652 1207 2715 boc
1234 2649 1407 2736 praedandi
1436 2668 1536 2736 genus
1562 2652 1602 2716 ab
1630 2652 1692 2716 isto
1707 2650 1749 2714 'ln

420 2741 477 2807 illo
498 2764 563 2808 uno
586 2744 763 2811 adhibitum
785 2766 821 2810 ac
836 2753 989 2811 tentatum
1005 2754 1036 2811 et
1050 2766 1116 2809 non
1131 2766 1189 2831 per
1202 2744 1292 2810 illurn
1313 2742 1459 2811 omnibns
1478 2744 1748 2830 pecuniosissimis

419 2836 535 2903 Siculis
557 2845 676 2903 metum
698 2842 899 2926 propositum
922 2847 955 2905 et
975 2842 1137 2906 iniectum.

502 2932 542 2997 X.
572 2930 625 2997 25.
655 2932 756 3018 Cupio
784 2934 860 2999 mibi
888 2934 928 2998 ab
957 2934 1032 3011 ilio,
1061 2935 1198 3008 iudices,
1232 2932 1362 3008 subiici,
1384 2932 1535 3018 quoniam
1558 2932 1598 2997 de
1619 2931 1747 2998 militari

419 3026 486 3090 eius
517 3027 620 3110 gloria
649 3027 741 3104 dico,
768 3029 796 3091 si
826 3029 904 3112 quid
931 3029 1013 3094 forte
1041 3037 1215 3114 praetereo.
1267 3029 1346 3090 Nam
1373 3024 1451 3091 mibi
1479 3027 1592 3091 videor
1616 3028 1678 3090 iam
1707 3025 1786 3092 desc

418 3121 565 3185 omnibus
594 3120 690 3185 rebus
719 3123 788 3185 eius
810 3124 909 3205 gestis
938 3122 1073 3198 dixisse,
1105 3142 1187 3206 quae
1214 3119 1343 3205 quidem
1371 3119 1412 3184 ad
1438 3118 1515 3183 belli
1530 3121 1748 3205 ¹lugitivorum

418 3215 635 3297 suspicionem
657 3216 868 3299 pertinerent:
891 3224 976 3281 certe
997 3216 1079 3280 nibil
1102 3216 1205 3280 sciens
1226 3214 1434 3299 praetermisi.
1464 3210 1596 3279 Habetis
1609 3212 1748 3277 bominis

418 3306 561 3383 consilia,
584 3307 801 3393 diligentiam,
822 3310 1033 3393 vigilantiam,
1056 3310 1231 3374 custodiam
1252 3308 1534 3392 defensionemque
1555 3308 1747 3392 provinciae.

418 3400 548 3466 Summa
569 3402 646 3468 illuc
661 3404 811 3486 pertinet,
833 3411 868 3467 ut
882 3404 1000 3480 sciatis,
1022 3407 1173 3489 quoniam
1187 3403 1278 3488 plura
1293 3421 1409 3486 genera
1424 3407 1499 3466 sunt
1511 3401 1748 3486 imperatorum,

417 3513 459 3557 ex
480 3514 544 3578 quo
567 3515 682 3580 genere
704 3500 765 3562 iste
788 3500 837 3573 sit,
859 3519 900 3562 ne
923 3500 978 3582 qui
1002 3498 1122 3564 diutins
1143 3499 1176 3562 in
1199 3504 1286 3561 tanta
1306 3496 1440 3579 penuria
1459 3494 1598 3560 virorum
1618 3492 1785 3560 tantumn

417 3586 511 3652 talem
534 3588 758 3674 imperatorem
780 3593 924 3675 ignorare
946 3593 1057 3677 possit.
1100 3595 1172 3656 Non
1194 3590 1234 3655 ad
1265 3590 1304 3666 Q.
1326 3590 1456 3653 Maximi
1481 3588 1671 3672 sapientiam
1691 3606 1748 3651 ne-

416 3702 479 3765 que
507 3683 547 3746 ad
576 3684 663 3748 illius
691 3686 864 3768 superioris
893 3686 1033 3751 Africani
1064 3688 1097 3750 in
1126 3706 1161 3750 re
1189 3683 1330 3769 gerunda
1358 3682 1553 3747 celeritatem
1580 3680 1747 3766 nequead

414 3776 527 3853 buius,
557 3779 615 3863 qui
642 3786 754 3864 postea
782 3779 857 3855 fuit,
886 3780 1045 3864 singulare
1067 3779 1250 3855 consilinm,
1280 3796 1385 3863 neque
1407 3777 1448 3841 ad
1469 3775 1571 3840 Paulli
1593 3777 1747 3839 rationem

416 3889 453 3936 ac
474 3870 675 3956 disciplinam
696 3893 801 3959 neque
823 3872 864 3938 ad
888 3872 921 3937 C.
943 3874 1035 3939 Marii
1055 3874 1121 3938 vim
1149 3879 1247 3957 atque
1267 3872 1430 3948 uirtutem,
1459 3869 1518 3934 sed
1538 3869 1626 3935 aliud
1647 3886 1747 3953 genus

481 4176 1744 4246 naepnneorr.-tpsiesngaa.-3.nprcinnett.tnmernnrr1r.-n.qcoceq.

415 4256 446 4306 ii.
465 4279 493 4291 -
512 4254 538 4307 8.
553 4261 756 4320 proponerentur
771 4255 836 4308 dett.
856 4256 885 4307 0.
905 4283 933 4292 -
953 4255 993 4308 40.
1012 4270 1089 4321 qnam
1104 4256 1182 4308 etalio
1198 4256 1249 4317 Gt,
1272 4255 1352 4320 4433.
1370 4256 1478 4320 praeter
1493 4250 1534 4304 44.
1554 4277 1583 4289 -
1602 4251 1644 4302 44.
1660 4263 1747 4302 rer-ren

415 4329 528 4381 44444444
545 4328 610 4382 dett.
630 4331 659 4382 0.
679 4357 706 4367 -
726 4329 767 4382 44.
788 4331 873 4381 vincte
888 4332 910 4383 R
926 4333 963 4382 St.
981 4335 1009 4384 4.
1027 4334 1124 4397 4433.;
1149 4328 1253 4381 onena
1268 4330 1298 4380 0.
1317 4353 1345 4365 -
1365 4333 1441 4390 mern
1461 4340 1545 4390 444444·
1566 4326 1601 4386 lli
1628 4338 1646 4375 ⁰
1661 4337 1744 4389 ⁶0⁸2·

416 4403 467 4465 (333
494 4417 560 4469 apae
575 4418 659 4470 consp.
679 4408 748 4458 coni.
767 4405 811 4458 Or.
829 4407 859 4467 2;
886 4420 904 4457 a
919 4407 1051 4470 cooptecn
1071 4411 1147 4469 etque
1162 4408 1292 4468 conspecto
1309 4404 1377 4455 coni.
1396 4400 1478 4453 444444.
1498 4428 1526 4438 -
1544 4399 1585 4450 ro.
1601 4399 1746 4462 perculisse

415 4479 638 4545 [nonperentnm]
656 4482 685 4531 li.
701 4507 728 4518 -
747 4479 882 4532 iiberonnn
898 4483 944 4532 Gt.
959 4507 986 4517 -
1001 4487 1076 4544 ntqae
1091 4494 1110 4531 n
1125 4476 1340 4531 4444444044
1357 4472 1604 4534 acconnn.G2bd;
1621 4477 1744 4524 44444444.

414 4555 480 4607 dett.
493 4557 523 4609 0.
538 4583 566 4594 -
579 4557 620 4609 46.
638 4557 699 4608 baec
714 4570 896 4621 oero··qneo
912 4560 989 4609 brus.
1007 4558 1041 4608 44.
1059 4570 1086 4622 p.
1099 4554 1157 4607 440.
1172 4555 1305 4617 -possint
1321 4554 1353 4604 04
1369 4553 1399 4615 4;
1413 4554 1512 4615 possem
1527 4547 1575 4600 bd.
1589 4573 1617 4584 —
1631 4550 1671 4599 47.
1684 4548 1746 4598 baec

414 4632 500 4683 444444
522 4631 619 4685 deesse
642 4631 669 4682 in
686 4629 733 4682 Ld.
757 4629 822 4682 laiso
844 4630 983 4683 traditor.
1001 4631 1026 4682 4.
1047 4657 1074 4667 -
1102 4629 1143 4680 49.
1167 4643 1198 4680 cc
1220 4629 1305 4681 accim
1327 4627 1393 4679 dett.
1411 4629 1442 4678 0.
1465 4652 1493 4662 -
1519 4622 1561 4675 40.
1582 4623 1635 4673 sine
1656 4622 1745 4686 ntique

412 4718 492 4757 censa
508 4705 573 4758 dett.
593 4707 622 4757 0.
651 4705 688 4756 cl.
708 4703 795 4757 liedv.
813 4719 840 4772 p.
860 4706 916 4757 404.
937 4732 963 4742 -
983 4705 1085 4756 electrnn
1102 4704 1138 4755 443
1155 4701 1184 4753 i:
1211 4704 1314 4756 sixteen
1330 4703 1365 4763 C;
1389 4702 1507 4752 iniectrnn
1523 4697 1589 4750 dett.
1607 4724 1635 4734 -
1654 4698 1694 4750 44.
1713 4712 1745 4749 cc

413 4784 560 4845 terrrptatnrn
576 4783 612 4840 li:
639 4784 663 4832 et
683 4785 742 4832 tent.
764 4780 810 4831 Ge.
831 4808 859 4818 -
874 4781 1081 4843 pecuniosissimis
1098 4778 1148 4830 ne:
1173 4778 1313 4842 pecrnricsis
1332 4776 1397 4828 dett.
1416 4777 1445 4827 0.
1464 4800 1491 4810 -
1510 4773 1552 4825 43.
1575 4778 1668 4823 nretrsn
1687 4785 1742 4824 orn.

413 4855 459 4907 443.
479 4882 507 4895 -
525 4854 568 4908 44.
586 4854 688 4916 tuden,
706 4854 739 4904 ab
754 4855 797 4906 iilo
814 4856 892 4919 lagg.
911 4856 1018 4919 praeter
1032 4854 1074 4917 49,
1092 4855 1129 4915 0;
1151 4853 1183 4902 ab
1199 4853 1252 4916 ipso
1268 4863 1341 4917 susp.
1361 4848 1447 4913 lialm,
1465 4846 1525 4900 coll.
1542 4847 1574 4898 V.
1592 4846 1617 4911 5.
1636 4846 1694 4899 440.
1712 4873 1740 4886 -

414 4930 456 4983 43.
474 4933 506 4983 de
521 4930 634 4983 44444444
649 4932 703 4981 inm
718 4929 784 4982 dett.
802 4931 832 4981 0.
852 4956 879 4966 -
899 4931 941 4981 47.
961 4935 1027 4993 pert.
1048 4943 1116 4993 resp.
1140 4928 1202 4993 433.
1224 4928 1331 4992 praeter
1347 4925 1393 4987 49,
1415 4923 1445 4976 0.
1472 4921 1638 4986 (sepitionem
1654 4922 1693 4985 li.)
1712 4948 1739 4960 -

414 5005 457 5056 44.
474 5006 613 5057 anodiam
633 5018 688 5056 om.
708 5005 788 5070 4433.
809 5006 917 5070 praeter
939 5003 980 5056 44.
1001 5031 1028 5041 -
1047 5004 1088 5056 49.
1110 5003 1171 5054 iiiuc
1189 5015 1288 5053 4444444
1309 5000 1388 5064 4349.
1408 5023 1436 5036 -
1455 4997 1497 5048 30.
1519 4997 1565 5047 ists
1583 5008 1638 5047 cm.
1662 4997 1740 5061 4433.

415 5082 523 5145 praeter
538 5081 580 5132 49.
600 5107 627 5117 -
645 5093 677 5131 ne
693 5082 737 5143 qni
752 5079 790 5132 rte
812 5079 869 5145 ised
886 5080 918 5131 Gt
943 5092 976 5130 ne
991 5080 1069 5143 quisi:
1090 5092 1122 5131 ne
1137 5077 1202 5130 dett
1222 5078 1251 5128 0.
1277 5075 1478 5127 Distinctiouem
1495 5070 1607 5122 mutavit
1622 5070 1740 5134 Zumpt.;

416 5168 479 5207 nem
496 5157 575 5209 antea
591 5157 631 5209 sic
647 5158 706 5208 eret
721 5155 889 5208 distinctum:
907 5155 953 5207 iste
967 5156 1006 5206 sit.
1023 5156 1062 5206 Ne
1072 5154 1230 5221 ··pcsrr'iis:
1246 5166 1298 5203 non
1314 5153 1360 5203 ctt.
1374 5176 1402 5187 —
1411 5148 1539 5215 pecnnia
1554 5146 1584 5197 R.
1603 5145 1650 5210 (sic
1660 5146 1741 5198 ettam

417 5227 501 5294 alias.)
514 5256 541 5268 -
555 5230 596 5282 34.
612 5228 733 5295 porcilli:
748 5231 891 5294 pomae&
906 5228 1080 5294 penitisdett.
1094 5230 1123 5280 0.
1137 5254 1166 5266 -
1179 5226 1220 5280 34.
1231 5224 1401 5292 3444444444.
1412 5222 1491 5289 4349.
1506 5245 1534 5260 -
1548 5219 1589 5272 33.
1602 5221 1739 5291 Mares]

416 5306 631 5373 mirae.
645 5331 673 5345 -
689 5305 987 5374 3i.adpnimarili.-
1000 5293 1739 5370 nqnlecngae.-nscncene:nsceatiundett0.
