4367 6109
442 571 504 641 l22
830 580 873 644 Ili
894 579 1061 645 VERREM
1080 578 1204 644 ACTIO
1225 579 1352 645 PRIMA

442 750 584 813 omnium
598 749 760 814 voluntate
782 749 965 833 iudicioque
981 750 1160 812 damnatam
1174 749 1282 834 aliqua
1295 769 1336 813 ex
1356 756 1446 833 parte
1461 750 1563 833 possit
1576 748 1772 814 defendere?

443 838 494 905 ll.
511 843 620 919 cuius,
642 852 678 907 ut
691 842 924 907 adolescentiae
939 844 1079 906 maculas
1094 845 1347 928 ignominiasque
1361 852 1568 926 praeteream,
1588 852 1773 928 quaestura,

443 938 563 1022 primus
585 938 701 1020 gradum
721 938 870 1014 honoris,
900 937 978 1021 quid
999 938 1085 1000 aliud
1108 937 1203 1001 babet
1223 939 1256 1000 in
1279 958 1313 1000 se
1335 939 1395 1001 nisi
1419 939 1476 1002 Cu.
1500 938 1676 1002 Carbonem
1699 958 1775 1020 spo·

442 1033 553 1094 liatum
575 1040 776 1115 aquaestore
792 1052 851 1095 suo
871 1034 1007 1115 pecunia
1021 1031 1166 1115 publica,
1188 1032 1341 1095 nudatum
1365 1040 1397 1095 et
1415 1032 1577 1116 proditum
1592 1032 1775 1106 consulem,

419 1125 603 1188 odesertum
625 1128 815 1201 exercitum,
842 1126 984 1189 relictam
1005 1126 1216 1210 provinciam,
1246 1127 1339 1189 sortis
1360 1126 1627 1190 uecessitudinem
1648 1126 1777 1209 religio·

444 1240 581 1303 nemque
603 1221 775 1283 violatam?
798 1222 888 1283 cuius
909 1221 1025 1303 legatio
1048 1222 1180 1284 exitium
1201 1220 1369 1284 fuitdsiae
1391 1222 1488 1285 totius
1510 1230 1541 1284 et
1558 1222 1776 1306 Pamphyliae,

445 1312 560 1396 quibus
582 1314 614 1376 iu
637 1316 808 1398 provinciis
830 1314 944 1377 multas
967 1313 1095 1389 domos,
1116 1313 1268 1397 plurimas
1286 1314 1397 1388 urbes,
1420 1316 1527 1378 omuia
1541 1314 1616 1379 fana
1630 1316 1777 1399 depopu-

443 1408 526 1470 latus
549 1415 597 1470 est
618 1417 702 1482 turn,
725 1429 797 1471 cum
819 1410 851 1470 in
875 1408 930 1471 Cn.
946 1407 1144 1471 Dolabellam
1166 1428 1259 1470 suum
1281 1408 1385 1470 scelus
1404 1407 1482 1471 illud
1498 1410 1666 1492 pristinum
1682 1428 1777 1471 reuo-

443 1501 530 1566 vavit
549 1510 582 1565 et
601 1504 788 1566 instauravit
808 1504 1038 1585 quaestorium3
1061 1523 1133 1564 cum
1157 1521 1247 1576 eum,
1270 1502 1322 1565 eui
1345 1502 1468 1584 legatus
1482 1511 1515 1566 et
1531 1523 1588 1588 pro
1605 1511 1776 1587 quaestore

407 1597 572 1672 sciuisset,
602 1605 634 1660 et
660 1598 693 1659 in
720 1597 870 1659 invidiam
898 1598 963 1660 suis
985 1593 1148 1659 maleficiis
1170 1596 1305 1659 adduxit
1326 1603 1358 1658 et
1380 1596 1412 1658 in
1435 1596 1512 1680 ipsis
1534 1598 1686 1681 periculis
1709 1618 1775 1660 non

444 1691 547 1753 solum
577 1692 733 1765 deseruit,
766 1689 822 1753 sed
851 1692 945 1753 etiam
967 1691 1163 1773 oppugnavit
1183 1710 1220 1753 ac
1248 1689 1405 1774 prodidit:
1439 1686 1490 1754 la.
1513 1693 1603 1755 euius
1625 1698 1777 1773 praetura

443 1785 566 1848 urbana
586 1786 712 1849 aedium
734 1805 894 1848 sacrarum
914 1784 976 1848 fuit
996 1784 1262 1868 publicorumque
1285 1804 1418 1868 operum
1434 1784 1656 1868 depopulatio,
1680 1784 1776 1847 simul

445 1879 478 1941 in
499 1880 568 1941 iure
590 1879 728 1942 dicundo
750 1879 907 1941 bonomm
927 1878 1234 1963 possessionumque
1256 1886 1365 1941 contra
1388 1880 1531 1942 omnium
1552 1879 1699 1943 instituta
1720 1879 1777 1941 ad·

446 1971 541 2035 dictio
570 1978 602 2035 et
629 1972 831 2036 condonatio.
873 1974 939 2034 lam
967 1991 1042 2035 aero
1071 1974 1211 2035 omnium
1239 1973 1389 2036 vitiorum
1418 1994 1548 2037 suorum
1576 1972 1714 2056 plurima
1745 1979 1778 2035 et

409 2082 437 2131 ts
445 2068 584 2130 maxima
603 2068 769 2130 coustituit
789 2073 994 2130 monumenta
1015 2073 1047 2128 et
1067 2065 1185 2129 indicia
1207 2069 1239 2130 iu
1260 2068 1425 2150 provincia
1448 2067 1573 2142 Sicilia,
1597 2086 1694 2149 quam
1715 2067 1777 2129 iste

445 2180 503 2243 per
523 2161 693 2224 triennium
715 2163 760 2226 ita
780 2160 907 2224 vexavit
926 2180 963 2222 ac
984 2159 1139 2243 perdidit,
1161 2168 1197 2222 ut
1218 2180 1255 2223 ea
1278 2162 1401 2225 restitui
1424 2163 1457 2225 in
1477 2161 1644 2245 antiquum
1659 2167 1777 2224 statum

446 2254 534 2316 nullo
555 2253 650 2317 modo
671 2256 789 2338 possit,
810 2255 865 2317 vix
886 2261 991 2317 autem
1013 2274 1071 2337 per
1093 2254 1209 2317 multos
1231 2275 1331 2319 annos
1347 2257 1598 2339 innocentesque
1613 2262 1778 2337 praetores

446 2348 553 2432 aliqua
575 2369 616 2411 ex
637 2357 727 2432 parto
748 2348 883 2412 recreari
905 2348 1076 2432 aliquando
1099 2367 1194 2431 posse
1215 2349 1369 2440 videatur.
1402 2345 1452 2412 l3.
1475 2350 1544 2413 lloc
1566 2357 1714 2432 praetore
1729 2349 1779 2411 Si·

446 2444 510 2507 culi
530 2457 637 2527 neque
659 2463 733 2507 suas
755 2444 841 2542 legep
860 2463 964 2527 neque
980 2450 1089 2507 nostra
1104 2443 1380 2507 senatusconsulta
1395 2463 1500 2527 neque
1515 2444 1696 2507 communia
1708 2444 1780 2506 iura

409 2546 633 2604 insenuerunt:
655 2545 777 2601 tautum
800 2539 937 2621 quisque
958 2537 1055 2600 habet
1074 2539 1109 2600 in
1132 2538 1254 2611 Sicilia,
1277 2544 1432 2621 quantum
1450 2538 1587 2601 bominis
1601 2538 1779 2601 avarissimi

447 2638 479 2695 ot
507 2630 757 2695 libidinosissimi
786 2640 841 2695 aut
869 2632 1113 2715 imprudentiam
1144 2632 1334 2715 subterfugit
1362 2639 1418 2695 aut
1445 2633 1583 2696 satietati
1611 2629 1778 2714 superfuit.

447 2725 485 2787 V.
507 2724 601 2787 Nulla
622 2745 673 2789 res
695 2747 753 2810 per
773 2728 943 2789 triennium
965 2727 1027 2789 nisi
1048 2724 1089 2787 ad
1111 2734 1223 2789 nutum
1244 2727 1336 2788 istius
1357 2726 1496 2789 iudicata
1518 2732 1585 2801 est3
1617 2724 1706 2788 nulla
1727 2744 1779 2786 res

448 2827 512 2882 tam
541 2822 642 2903 patria
671 2822 859 2903 cuiusquam
887 2828 984 2903 atque
1005 2821 1089 2883 avita
1109 2820 1184 2895 fuit,
1213 2839 1295 2903 quae
1318 2839 1384 2882 uon
1406 2821 1445 2882 ab
1468 2840 1506 2883 eo
1528 2820 1662 2903 imperio
1685 2818 1779 2882 istius

448 2914 691 2978 abiudicaretur.
733 2914 982 2977 Innumerabiles
1004 2916 1160 2997 pecuniae
1183 2921 1401 2977 exaratorum
1421 2914 1514 2976 bonis
1536 2933 1620 2976 novo
1642 2913 1781 2977 nefario-

411 3024 513 3092 saque
527 3009 672 3072 instituto
687 3015 831 3082 coactae,
853 3009 931 3071 socii
945 3005 1119 3071 fidelissimi
1133 3009 1166 3070 in
1181 3008 1321 3071 hostium
1337 3027 1469 3070 numero
1484 3008 1672 3082 existimati,
1695 3009 1780 3072 cives

448 3104 582 3167 Romani
604 3103 749 3166 servilem
771 3104 804 3166 in
825 3103 955 3166 modum
977 3103 1107 3165 cruciati
1123 3111 1153 3165 et
1168 3103 1290 3175 necati,
1310 3102 1458 3165 homines
1474 3103 1692 3166 nocentissimi
1707 3122 1781 3186 pro-

449 3206 520 3283 pter
545 3198 697 3281 pecunias
726 3196 844 3259 iudicio
873 3197 1014 3270 liberati,
1042 3196 1258 3259 honestissimi
1287 3203 1384 3278 atque
1415 3196 1610 3278 integerrimi
1632 3198 1780 3260 absentes

449 3292 495 3354 rei
515 3292 606 3377 facti,
629 3291 747 3355 indicta
769 3311 865 3355 causa
887 3291 1026 3354 damnati
1048 3298 1080 3353 et
1102 3292 1210 3364 eiecti,
1237 3297 1348 3371 portus
1377 3290 1595 3365 munitissimi,
1624 3292 1781 3353 maximae

450 3386 693 3469 tutissimaeque
707 3386 801 3449 urbes
822 3388 932 3470 piratis
954 3384 1233 3469 praedonibusque
1255 3383 1446 3467 patefactae,
1468 3390 1592 3446 nautae·
1600 3384 1782 3467 militesque

412 3480 646 3555 toSiculorum,
669 3482 746 3544 socii
768 3482 867 3544 nostri
889 3489 985 3563 atque
1007 3480 1117 3554 amici,
1139 3478 1222 3541 fame
1243 3479 1365 3553 necati,
1388 3479 1506 3542 classes
1529 3480 1668 3561 optimae
1683 3486 1782 3562 atque

451 3575 737 3655 opportunissimae
765 3596 837 3638 cum
865 3594 978 3658 magna
1004 3575 1178 3656 ignominia
1203 3571 1315 3656 populi
1343 3574 1476 3635 Romani
1498 3574 1633 3635 amissae
1656 3579 1689 3634 et
1709 3592 1782 3656 pen

453 3667 546 3731 ditae.
596 3661 646 3730 ll.
677 3668 765 3731 Idem
797 3671 857 3732 iste
884 3677 1013 3753 praetor
1041 3674 1244 3730 monumenta
1277 3667 1498 3750 antiquissima
1526 3668 1641 3750 partim
1671 3686 1781 3748 regum

451 3760 789 3843 locupletissimorum,
819 3783 901 3846 quae
929 3763 975 3826 illi
998 3768 1184 3824 ornamento
1206 3760 1337 3823 urbibus
1361 3779 1430 3823 esse
1452 3760 1639 3835 voluerunt,
1667 3760 1782 3844 partim

453 3855 547 3916 etiam
568 3862 748 3918 nostrorum
770 3857 1013 3938 imperatorum,
1036 3876 1119 3939 quae
1133 3857 1268 3918 victores
1291 3851 1469 3919 civitatibus
1485 3854 1600 3918 Siculis
1616 3863 1672 3919 aut
1686 3855 1783 3918 dede·

416 3955 528 4011 ssrunt
547 3955 603 4012 aut
624 3948 846 4024 reddiderunt,
868 3950 1017 4033 spoliavit
1037 3950 1232 4033 nudavitque
1254 3951 1370 4013 omnia.
1403 3950 1515 4032 Neque
1537 3949 1598 4013 hoc
1621 3950 1724 4013 solum
1747 3952 1781 4013 in

520 4179 543 4229 t.
558 4180 637 4241 possit
647 4195 663 4241 ς
673 4180 702 4243 (i)
712 4178 772 4230 dtt.:
787 4186 869 4243 posset
883 4183 915 4231 Gt
928 4182 983 4231 33).
999 4208 1026 4217 -
1048 4181 1072 4230 3.
1092 4180 1213 4242 quidnam
1229 4178 1301 4229 babet
1317 4178 1388 4228 uliud
1404 4179 1430 4228 ia
1446 4192 1472 4229 ss
1486 4179 1608 4230 Diomed.
1626 4193 1653 4245 p.
1667 4179 1724 4232 tos.
1743 4184 1783 4243 Ρ..

454 4254 514 4317 quid
528 4254 600 4305 iubet
616 4256 686 4305 aliud
702 4257 728 4305 iu
744 4270 794 4306 sesa
810 4256 930 4306 Diomed.
954 4256 1012 4306 cod.
1037 4257 1139 4306 Monac.
1159 4255 1234 4304 Saec.
1254 4254 1295 4303 lX.
1316 4280 1341 4289 -
1363 4252 1387 4305 l.
1406 4255 1530 4321 ausimum
1546 4256 1652 4317 inquom
1669 4269 1687 4305 o
1704 4268 1785 4317 quas-

453 4334 519 4379 stors
534 4336 557 4379 st
569 4332 643 4392 prod.
663 4332 735 4380 Pars.
755 4331 876 4383 Diomed.
895 4333 923 4381 P.
943 4333 970 4381 et
987 4329 1046 4381 cod.
1066 4332 1135 4382 Mon.
1157 4356 1184 4364 —
1209 4330 1234 4380 7.
1253 4330 1417 4391 depopulatus
1439 4335 1474 4379 est
1491 4329 1609 4390 (33ch
1628 4328 1707 4379 codd.
1727 4329 1783 4380 Lbi.

454 4403 487 4454 ci.
506 4405 590 4455 Diviu.
609 4405 633 4469 5.
652 4408 692 4456 li.
712 4406 777 4457 inira
795 4408 819 4471 ἓ.
839 4408 879 4457 li.
900 4405 938 4457 tl.
958 4406 1015 4456 Lib.
1034 4408 1053 4455 l.
1073 4406 1098 4469 ἓ.
1117 4404 1163 4455 i8:
1183 4405 1340 4466 depeculatus
1361 4409 1397 4455 cst
1413 4405 1430 4454 S
1447 4404 1541 4464 dtt.0,
1559 4404 1632 4469 quod
1649 4418 1786 4455 commen-

454 4479 532 4529 datur
555 4480 582 4528 b.
601 4478 618 4529 l.
644 4482 671 4531 et
691 4481 757 4532 inira
779 4482 803 4546 5.
824 4481 863 4533 tl.
886 4480 1015 4533 similibus
1037 4478 1165 4543 exemplis
1187 4493 1212 4528 v.
1232 4493 1255 4529 c.
1275 4480 1316 4530 lV.
1342 4480 1367 4544 Β.
1386 4480 1426 4530 37.
1445 4480 1485 4530 79.
1511 4479 1785 4544 Fin.111.5.32.ad

455 4554 569 4605 Herenn.
583 4555 624 4605 lV.
644 4555 667 4619 5.
687 4556 726 4606 37.
749 4584 773 4594 -
795 4557 818 4607 8.
837 4562 903 4616 tum,
921 4570 978 4606 cum
995 4557 1027 4605 Gi
1040 4553 1271 4617 alieniginis.
1292 4554 1351 4605 cod.
1371 4556 1443 4607 Urs:
1467 4560 1550 4604 tomen
1566 4568 1624 4604 cum
1641 4554 1706 4614 dtt.;
1733 4560 1787 4605 tum

455 4642 508 4678 om.
523 4630 551 4678 0.
573 4656 600 4665 -
618 4643 691 4680 mum
706 4635 784 4682 scelus
799 4633 861 4681 iilud
877 4634 909 4682 Gl
923 4633 979 4681 ds:
996 4631 1052 4680 scel.
1070 4643 1143 4679 suum
1159 4630 1221 4679 illud
1237 4632 1282 4680 ott.
1296 4632 1325 4681 0.
1346 4658 1374 4667 -
1392 4630 1417 4680 9.
1435 4631 1476 4679 cui
1493 4630 1534 4679 illo
1549 4629 1596 4694 leg.
1616 4632 1648 4680 Gt
1661 4645 1691 4691 ς,
1710 4632 1751 4680 cui
1767 4630 1785 4681 l.

455 4706 481 4765 [i.
500 4717 524 4753 e.
543 4702 593 4766 vel)
611 4704 657 4768 leg.
677 4707 728 4767 63,
751 4708 792 4755 cui
812 4707 857 4755 ilic
877 4707 923 4770 lep.
943 4706 993 4767 Ld,
1017 4706 1058 4755 cui
1074 4710 1097 4755 st
1113 4706 1159 4769 laq.
1179 4706 1257 4769 igit).
1279 4733 1306 4741 -
1332 4707 1371 4755 tl.
1391 4712 1466 4768 utque
1483 4704 1575 4756 arud.
1597 4734 1624 4743 -
1651 4707 1690 4756 43.
1709 4708 1786 4769 depo-

451 4778 558 4843 potorio]
575 4780 726 4841 depeculatio
743 4782 811 4831 coni.
830 4781 877 4832 Lb.
898 4807 926 4817 -
954 4782 994 4831 ta.
1013 4781 1115 4830 dicendo
1132 4782 1209 4842 636,
1232 4778 1297 4830 dido
1315 4781 1360 4829 Gt.
1383 4808 1410 4816 —
1431 4782 1470 4830 45.
1489 4782 1641 4831 moniawato
1659 4782 1690 4831 Gi
1704 4782 1786 4833 BCD

455 4855 524 4918 ugia
541 4853 574 4905 al.
595 4882 622 4892 -
642 4856 681 4905 ⁴6.
699 4857 801 4905 uocauit
817 4854 950 4921 Gigia:
968 4856 1090 4917 vastavit,
1116 4857 1219 4906 cecavit
1235 4856 1281 4906 Gi.
1309 4857 1342 4906 at
1359 4855 1393 4905 cl.
1412 4855 1498 4905 ltladv.
1517 4858 1536 4906 l.
1555 4869 1582 4921 p.
1602 4858 1658 4908 333.
1677 4857 1735 4908 338.
1757 4885 1784 4893 -

457 4929 497 4980 48.
516 4930 653 4991 aliquando
670 4944 723 4981 om.
742 4932 787 4981 Gt.
808 4956 836 4968 —
863 4933 903 4981 34.
925 4932 1106 4993 {inpudentiam
1128 4932 1196 4981 coni.
1215 4932 1312 4981 Osann.
1331 4929 1366 4979 ad
1388 4931 1451 4994 liep.
1471 4944 1497 4995 p.
1516 4931 1573 4981 383.
1595 4959 1622 4967 -
1648 4933 1789 4983 susumus

456 5006 505 5067 63,
523 5006 645 5055 satistatis
660 5008 689 5069 B,
707 5008 820 5056 sotietate
835 5007 890 5056 SC.
904 5034 931 5041 -
950 5007 991 5056 33.
1006 5011 1117 5068 paterna
1134 5007 1186 5067 Ld,
1203 5007 1301 5069 potr-ito
1318 5007 1386 5055 Man.
1406 5009 1434 5055 et
1449 5004 1531 5056 lilotz.
1552 5005 1595 5068 (ad
1608 5006 1713 5057 Tuscul.
1732 5007 1789 5059 Ad-

457 5078 502 5130 dit.
521 5093 547 5144 p.
565 5081 607 5130 33.
626 5094 658 5131 ex
676 5082 750 5132 libris
766 5081 856 5131 nescio
873 5080 970 5144 quibus
989 5080 1116 5144 fabritii),
1134 5084 1283 5145 cuiusquam
1299 5081 1456 5143 compatris
1472 5096 1497 5142 ς.
1524 5079 1663 5144 vulgatam
1680 5085 1790 5134 tuentur

458 5156 579 5221 exempla
601 5157 694 5209 similia
716 5170 742 5208 v.
761 5169 785 5206 c.
804 5170 829 5220 p.
849 5154 899 5219 leg.
919 5158 986 5207 blan.
1010 5155 1034 5219 5.
1053 5157 1093 5206 it.
1113 5172 1138 5222 p.
1158 5157 1229 5208 Cael.
1254 5157 1278 5220 5.
1297 5154 1337 5206 33.
1357 5157 1413 5206 Cat.
1432 5158 1466 5206 Μ.
1485 5156 1525 5205 33.
1545 5155 1655 5220 Capitol.
1674 5158 1701 5207 in
1718 5159 1787 5213 liar.

459 5233 485 5280 et
501 5231 574 5283 Balb.
588 5247 611 5283 c.
624 5234 649 5283 3.
669 5230 741 5284 Paul.
754 5233 884 5283 Sententt.
902 5229 947 5281 lib.
960 5232 1002 5281 lll.
1016 5231 1050 5281 de
1068 5233 1172 5283 testam.
1188 5260 1215 5268 -
1235 5233 1276 5283 37.
1294 5232 1413 5295 pumenius
1425 5232 1457 5280 Gt
1470 5230 1511 5280 33
1527 5229 1575 5280 al.:
1591 5232 1727 5293 mnium
1738 5231 1787 5283 dtt.

459 5305 488 5357 0.
501 5331 527 5341 —
541 5321 559 5357 a
575 5308 666 5360 iudicio
678 5311 723 5362 63.
739 5335 766 5345 -
780 5307 820 5363 33.
833 5312 982 5360 omomeutu
993 5308 1085 5361 franc.
1095 5308 1173 5358 Mein.
1190 5310 1224 5359 At
1235 5307 1268 5360 ci.
1282 5308 1301 5358 l.
1314 5306 1355 5368 33,
1368 5305 1410 5359 38.
1422 5332 1450 5341 -
1469 5306 1510 5358 36.
1522 5306 1723 5370 manuducimus
1733 5305 1788 5361 Pal.
