4367 6109
676 603 746 668 Lm.
768 603 805 667 V.
834 601 908 667 (lar.
930 598 1174 665 xvl-xvm.
1201 593 1258 681 55.
1279 590 1427 659 33-15.
1661 577 1724 646 393

405 794 473 839 rum
495 771 610 836 tabella
632 792 721 855 spem
744 770 804 835 sibi
825 771 963 855 aliquam
984 771 1150 854 proponit,
1181 786 1316 853 quorum
1344 763 1483 829 omnium
1505 759 1611 846 palam
1632 771 1725 817 causa

404 865 566 949 incognita
587 885 664 929 voce
687 865 851 929 damnatus
878 869 950 928 esti

489 960 586 1023 lllill.
608 956 658 1022 42.
681 962 777 1022 Esto:
799 958 880 1023 nibil
902 980 943 1023 ex
963 959 1170 1042 lugitivorum
1184 957 1268 1022 bello
1283 964 1338 1020 aut
1359 954 1539 1038 suspicione
1561 949 1636 1014 belli
1658 947 1726 1011 lau·

405 1055 455 1118 dis
483 1053 615 1136 adeptus
644 1061 710 1128 cst,
740 1053 826 1136 qnod
855 1072 960 1137 neque
990 1054 1107 1116 bellum
1134 1053 1201 1115 eius
1224 1052 1309 1115 modi
1329 1068 1434 1132 neque
1454 1046 1530 1111 belli
1551 1041 1724 1130 periculum

404 1147 464 1211 luit
496 1148 528 1211 in
563 1147 669 1212 Sicilia
702 1168 806 1232 neque
838 1147 877 1209 ab
907 1146 967 1209 isto
995 1147 1158 1231 provisum
1186 1153 1250 1219 est,
1282 1164 1322 1206 ne
1345 1142 1431 1229 quod
1454 1149 1547 1205 esset.
1589 1139 1630 1200 At
1650 1142 1749 1199 veroi

404 1249 513 1306 contm
534 1241 652 1304 bellum
683 1242 879 1325 praedonum
901 1240 1032 1304 classem
1054 1239 1166 1302 babuit
1187 1245 1327 1301 ornatam
1350 1235 1608 1321 diligentiamque
1630 1230 1663 1294 in
1685 1247 1726 1291 eo

404 1335 614 1419 singularem
635 1337 742 1421 itaque
764 1337 803 1399 ab
825 1337 886 1400 islo
909 1333 1066 1419 praeclare
1090 1332 1218 1396 deieusa
1239 1331 1401 1415 provincia
1423 1337 1481 1392 est.
1514 1329 1565 1393 Sic
1586 1322 1727 1389 debello

403 1429 618 1514 praedonum,
647 1432 693 1494 sic
715 1429 755 1493 de
777 1430 877 1493 classe
900 1428 1079 1500 Siciliensi,
1109 1426 1246 1500 iudices,
1276 1425 1395 1498 dicam,
1422 1431 1458 1486 ut
1486 1423 1547 1485 boc
1569 1422 1631 1484 iam
1652 1424 1727 1480 ante

406 1521 602 1600 continuem,
624 1525 657 1587 in
679 1525 741 1588 boc
762 1544 827 1587 uno
849 1542 964 1607 genere
987 1541 1098 1585 omnes
1114 1522 1218 1584 inesse
1234 1520 1342 1605 culpas
1356 1519 1448 1582 istius
1463 1518 1633 1590 maximas,
1654 1530 1726 1577 ara·

406 1730 548 1796 expono,
570 1732 708 1795 quaeso,
729 1720 765 1775 ut
786 1712 906 1775 fecistis
928 1709 1047 1786 adbuc,
1069 1709 1238 1793 diligenter
1259 1706 1422 1772 attendite.

489 1802 540 1869 13.
562 1807 639 1870 llem
660 1805 804 1869 navalem
826 1806 961 1888 primum
981 1806 1028 1899 jta
1049 1804 1122 1867 dico
1141 1823 1211 1866 esse
1229 1801 1492 1874 administratam,
1513 1819 1578 1862 uon
1594 1798 1639 1861 uti
1653 1816 1728 1880 pro-

405 1900 510 1964 vincia
530 1899 769 1974 defenderetur,
792 1899 849 1963 aed
870 1899 916 1961 uti
938 1897 1047 1961 classis
1069 1900 1198 1961 nomine
1219 1895 1353 1980 pecunia
1377 1900 1589 1981 quaereretur.
1627 1891 1728 1974 Supe-

405 1995 524 2058 riorum
545 2002 726 2078 praetorum
749 1992 945 2057 consuetudo
967 2012 1039 2055 cum
1053 1992 1132 2055 baec
1153 1991 1283 2065 fuisset,
1304 1998 1341 2053 ut
1355 2008 1452 2052 nares
1467 1985 1645 2050 civitatibus
1659 2002 1727 2046 cer-

405 2098 523 2173 tusque
544 2108 694 2151 numerus
715 2094 880 2150 nautarum
898 2085 1095 2169 militumque
1118 2086 1340 2168 imperaretur,
1363 2083 1517 2147 maximae
1532 2088 1565 2143 et
1585 2077 1763 2160 locuple-u

406 2183 548 2246 tissimae
569 2181 688 2245 civitati
703 2181 906 2244 Mamertinae
928 2178 1008 2241 nibil
1030 2178 1143 2242 borum
1164 2179 1367 2261 imperavisti.
1404 2176 1452 2238 Ob
1473 2174 1555 2238 banc
1568 2193 1635 2236 rem
1650 2168 1727 2256 quid

405 2277 465 2340 tibi
494 2275 672 2339 Mamertini
701 2275 780 2337 clam
801 2273 954 2358 pecuniae
976 2272 1138 2346 dederint,
1159 2279 1252 2355 post,
1275 2273 1302 2334 si
1323 2270 1495 2345 videbitur,
1523 2267 1728 2352 exipsorum

406 2371 519 2434 litteris
547 2368 743 2452 testibusque
772 2386 970 2451 quaeremus.
1013 2362 1063 2428 11.
1094 2368 1211 2430 Navem
1239 2384 1314 2428 vero
1344 2358 1518 2452 [cybaeam]
1548 2363 1728 2432 maximam,

407 2464 542 2528 triremis
564 2463 681 2536 instar,
702 2461 943 2545 pulcherrimam
964 2468 1059 2543 atque
1080 2459 1312 2523 ornatissimam
1328 2459 1493 2544 cybaeam,
1514 2455 1619 2541 palam
1640 2450 1728 2517 aedi·

405 2554 527 2621 licatam
559 2563 688 2640 sumptu
710 2555 854 2638 publico,
883 2561 938 2618 tuo
963 2554 1110 2628 nomine,
1131 2553 1274 2636 publice,
1298 2554 1416 2616 sciente
1436 2560 1502 2615 tota
1525 2548 1649 2623 Sicilia,
1669 2556 1764 2631 perat

406 2652 687 2735 magistratumque
718 2650 938 2713 llamcrtinum
969 2648 1026 2710 tibi
1053 2646 1156 2710 datam
1185 2646 1398 2731 donatamque
1428 2665 1497 2710 esse
1519 2645 1599 2707 dico.
1642 2641 1727 2704 llaec

408 2745 497 2809 navis
519 2750 634 2807 onusta
654 2742 772 2825 praeda
796 2742 969 2816 Siciliensi,
991 2763 1062 2804 cum
1083 2743 1155 2824 ipsa
1175 2761 1305 2827 quoque
1326 2748 1410 2805 esset
1424 2761 1465 2803 cx
1478 2737 1611 2823 praeda,
1634 2734 1727 2798 simul

407 2858 478 2903 aum
499 2839 568 2922 ipae
590 2835 775 2910 decederet,
797 2835 929 2919 appulsa
951 2836 1073 2899 Veliam
1097 2843 1147 2900 est
1168 2856 1238 2899 cum
1253 2836 1398 2920 plurimis
1417 2836 1511 2897 rebus
1526 2838 1559 2897 et
1572 2832 1627 2906 iis,
1648 2848 1727 2915 quaa

406 2934 466 2996 iste
488 2932 619 2994 Romam
641 2932 764 2993 mittere
786 2949 858 2993 cum
880 2930 997 2997 ceteris
1013 2928 1105 2994 frutis
1126 2928 1244 3004 noluit,
1267 2928 1351 3015 quod
1367 2937 1455 2993 erant
1469 2928 1648 2992 carissimae
1662 2942 1728 2987 ma·

407 3027 557 3109 timeque
579 3043 651 3086 eum
673 3023 881 3087 delectabant
913 3024 991 3086 Eam
1012 3042 1125 3087 narem
1147 3043 1250 3107 nuper
1269 3031 1394 3109 egomet
1414 3022 1479 3088 vidi
1493 3021 1602 3086 Veliae
1623 3019 1765 3083 multi-ae

407 3138 469 3203 que
491 3117 546 3181 alii
566 3116 730 3192 viderunt,
752 3117 995 3201 pulcherrimam
1016 3125 1113 3202 atquc
1129 3118 1378 3193 ornatissimam,
1399 3117 1538 3192 iudices3
1559 3134 1641 3201 quae
1656 3112 1728 3198 qui·

408 3212 478 3274 dem
507 3211 669 3286 omnibns,
700 3214 756 3296 qui
786 3231 854 3275 eam
884 3211 1113 3295 adspexerant,
1141 3220 1342 3295 prospectare
1370 3212 1433 3275 iam
1462 3210 1610 3276 exsilium
1631 3215 1727 3293 atque

408 3305 575 3389 explorare
595 3305 702 3388 fugam
728 3306 848 3369 domini
869 3304 1046 3370 ridebatur.
1089 3306 1204 3368 lll'lll.
1225 3301 1276 3368 ti.
1299 3304 1384 3382 Quid
1406 3305 1483 3367 mibi
1504 3304 1565 3367 boc
1586 3303 1657 3366 loco
1679 3320 1729 3366 re·

408 3555 467 3616 lii,
489 3558 688 3607 contaminarint
705 3558 737 3607 Gi
758 3556 822 3607 dett.
842 3559 871 3607 0.
897 3558 1009 3608 Secutus
1028 3568 1089 3607 sum
1112 3557 1261 3621 Zumptium
1278 3558 1305 3604 et
1324 3553 1464 3615 Klotzium,
1491 3555 1535 3618 qul
1552 3556 1650 3619 puncto
1668 3554 1729 3617 post

409 3633 509 3695 Tempsa
524 3633 610 3696 posito
627 3633 780 3682 indicativos
793 3631 959 3683 induxerunt.
982 3622 1082 3692 Quodsi
1095 3633 1152 3695 quis
1165 3633 1190 3682 ln
1203 3630 1346 3693 asyndeto,
1366 3630 1437 3694 quod
1449 3631 1581 3695 sequitur,
1600 3628 1725 3688 offendat,

407 3706 489 3758 multo
510 3709 627 3771 praestat
648 3709 819 3757 coniunctius
840 3721 872 3757 ex
895 3704 942 3757 444
963 3707 1077 3771 receptis
1100 3705 1274 3757 anacoluthon
1298 3708 1415 3756 statuere
1432 3717 1512 3768 quam
1529 3718 1591 3756 cum
1608 3704 1728 3755 Emestio

407 3785 508 3845 gratam
525 3783 592 3832 liano
608 3781 683 3832 ‘lullii
699 3781 895 3845 negligentiam,
914 3795 995 3846 quam
1013 3780 1128 3847 appellat
1145 3781 1270 3840 orellms,
1289 3781 1431 3843 corrigere.
1452 3807 1480 3817 -
1498 3785 1522 3831 et
1536 3781 1574 3830 lis
1590 3782 1622 3833 S:
1640 3780 1683 3830 aad
1697 3780 1730 3829 444

406 3860 440 3918 44;
457 3857 537 3908 sedis
553 3858 590 3908 (44
605 3856 668 3917 Ld.;
685 3859 727 3907 sed
742 3859 779 3906 nis
796 3859 842 3913 Gt;
859 3857 897 3906 1444
913 3858 996 3920 agam
1015 3863 1039 3908 et
1054 3859 1076 3907 is
1092 3859 1170 3920 lagg.
1188 3856 1246 3907 rell.
1266 3883 1293 3894 -
1311 3857 1456 3936 convinctus
1472 3856 1526 3918 (sic)
1545 3856 1574 3906 14.
1594 3881 1622 3891 -
1645 3856 1669 3904 4.
1687 3859 1730 3904 te·

407 3949 470 4000 1441144
485 3950 521 4001 143
533 3947 563 3998 l:
582 3950 677 4001 tabeitis
692 3950 757 4001 dett.
770 3950 799 4001 0.
814 3976 842 3985 -
857 3952 975 4013 proponit
992 3950 1028 4000 143
1041 3949 1135 4013 (144414.
1153 3963 1180 4015 p.
1194 3950 1274 4012 loen:
1292 3950 1364 4012 ponit
1380 3949 1445 4000 dett.
1458 3949 1488 3999 0.
1507 3949 1576 4012 (144414.
1595 3962 1621 4014 p.
1634 3948 1685 4011 34.)
1699 3975 1727 3988 -

406 4026 431 4076 3.
449 4026 583 4088 suspitione
599 4027 627 4076 14.
649 4052 675 4064 -
696 4026 719 4075 6.
735 4026 893 4087 proedonaon
909 4036 962 4074 om.
982 4025 1026 4075 143.
1047 4052 1075 4062 -
1093 4025 1295 4088 diligentiamque
1310 4023 1421 4073 adbibeit
1436 4023 1464 4072 in
1479 4036 1507 4073 eo
1523 4021 1583 4073 eod.
1595 4021 1729 4085 lambit)

415 4101 481 4150 ·-'l.
499 4099 531 4150 ab
547 4099 659 4150 44441434
677 4099 902 4162 nbiatoproetore
918 4095 992 4162 11114
1013 4098 1391 4162 nonannoeane-e.
1410 4097 1731 4150 comen-stantes·

409 4176 459 4225 dita
475 4177 503 4225 ll.
522 4200 550 4211 -
570 4175 610 4224 43.
628 4176 722 4224 sedati
739 4174 871 4237 nangae:
889 4174 975 4224 sedat
991 4174 1055 4225 dett.
1073 4176 1103 4225 0.
1118 4201 1146 4212 -
1164 4175 1205 4225 46.
1223 4175 1287 4224 lonc
1304 4172 1463 4238 adauges:
1483 4186 1559 4236 queens
1574 4172 1638 4222 dett.
1657 4172 1726 4221 0.-

408 4250 455 4299 t'l.'
466 4249 532 4298 elom
544 4262 599 4312 pec.
617 4250 729 4300 4144444444
745 4251 777 4299 u:
803 4251 870 4300 cient
885 4251 940 4300 ded.
960 4263 1014 4314 pec.
1034 4249 1070 4301 G3
1083 4249 1165 4314 Lglt,
1184 4250 1219 4309 0;
1242 4263 1297 4312 pec.
1315 4250 1382 4300 clean
1401 4249 1512 4300 dederint
1527 4249 1605 4313 Lagg.
1623 4244 1679 4297 rell.
1700 4271 1728 4284 -

406 4325 428 4373 si
444 4324 480 4375 143
491 4325 561 4388 ngas
578 4325 672 4387 (lladv.
691 4338 716 4390 p.
730 4326 786 4375 ⁴05.
805 4324 864 4376 coll.
882 4326 945 4376 Bak.
963 4339 990 4391 p.
1002 4326 1068 4390 3114
1087 4338 1140 4375 om.
1155 4324 1219 4374 deit.
1232 4327 1262 4376 Ο.
1279 4352 1306 4362 -
1324 4338 1358 4376 eso
1373 4337 1460 4376 eonem
1475 4323 1553 4387 ngas.
1567 4348 1596 4359 -
1614 4321 1654 4371 i8.
1666 4319 1732 4370 teeti-

406 4400 498 4463 bnsqne
514 4401 550 4451 143
561 4401 644 4464 Lgtt:
667 4406 690 4451 et
705 4399 804 4450 44444444
819 4399 884 4450 dett.
903 4402 932 4451 ⁰.
957 4426 985 4437 -
1011 4399 1131 4462 cybaeam
1148 4401 1183 4451 lt:
1207 4399 1310 4461 cebenna
1325 4402 1370 4450 ott.
1388 4400 1418 4449 0.
1437 4425 1465 4436 -
1489 4399 1529 4450 49.
1547 4396 1732 4448 ornetioinest

406 4473 525 4536 sybam
541 4475 623 4534 llGi;
641 4477 924 4525 mmmmm-ornos.
942 4488 996 4526 orn.
1017 4476 1053 4525 (44
1070 4473 1118 4525 Ld.
1137 4474 1170 4525 ci.
1189 4476 1266 4525 trus.
1285 4475 1319 4524 ll.
1338 4487 1363 4539 p.
1382 4474 1439 4525 238.
1462 4473 1653 4538 Repetitionem
1670 4482 1729 4520 voc.

405 4550 540 4611 monson,
559 4563 628 4614 quoe
646 4552 756 4601 Graevio
773 4562 825 4601 non
843 4552 899 4601 sine
916 4552 941 4600 vi
958 4564 990 4601 ac
1002 4552 1139 4601 venustate
1157 4560 1218 4599 esse
1234 4549 1291 4599 visa
1309 4551 1364 4608 est,
1383 4547 1596 4600 molestissimam
1613 4558 1673 4596 esse
1690 4556 1732 4593 ar·

406 4624 538 4676 bitramur
560 4637 647 4688 neque
666 4623 783 4675 debebat
800 4637 860 4674 eam
877 4625 904 4675 ln
920 4628 1022 4675 textum
1046 4624 1165 4688 recipere
1185 4622 1311 4674 Halmius.
1342 4621 1430 4674 Altero
1445 4625 1505 4673 utro
1521 4621 1579 4672 loco
1596 4620 1663 4670 haec
1679 4629 1731 4668 vox

407 4699 520 4751 delenda
538 4703 592 4760 est;
617 4702 704 4764 itaque
722 4700 835 4751 Klotrius
851 4702 940 4764 priore
957 4699 1016 4750 loeo
1032 4701 1109 4749 uocis
1126 4697 1243 4758 inclusit,
1267 4711 1336 4762 quae
1357 4700 1423 4749 ratio
1444 4697 1479 4747 ab
1495 4695 1646 4748 testimonio
1662 4695 1731 4744 Aru·

407 4777 474 4826 siant
491 4774 751 4830 commendationem
769 4773 863 4833 habet,
888 4775 932 4838 qui
955 4772 991 4823 lbi
1015 4773 1084 4823 hauc
1101 4785 1196 4823 vocem
1214 4774 1318 4824 omittit.
1337 4771 1413 4837 [Nihil
1429 4773 1506 4823 atlert
1521 4772 1665 4822 Arusianus
1681 4767 1730 4818 nlsi

406 4852 488 4902 baec:
510 4865 600 4902 nocem
619 4851 760 4900 monimum
782 4850 891 4899 triremis
910 4849 1010 4912 instem]
1029 4875 1056 4885 -
1081 4849 1184 4899 4114444
1200 4851 1299 4899 nomiae
1312 4850 1409 4912 publice
1425 4848 1473 4908 143,
1497 4845 1557 4897 4441.
1575 4847 1648 4897 Urs:
1674 4853 1729 4892 om.

407 4925 486 4976 codd.
504 4924 561 4976 rell.
579 4926 608 4976 0.
640 4923 691 4988 [Sic
716 4937 766 4975 nos
787 4923 985 4974 adnotationem
1007 4923 1176 4984 refluximus3
1202 4925 1332 4976 londanus
1354 4926 1426 4976 enim
1447 4936 1491 4972 44.
1508 4925 1609 4984 4444444444
1620 4917 1729 4982 publico,

407 5015 477 5065 quae
494 5005 555 5052 ente
572 5005 615 5050 tuo
630 5000 729 5049 nomine
745 4997 880 5063 leguntur,
903 4997 1038 5049 deleverat
1059 5001 1089 5048 ut
1105 4996 1238 5061 glossema
1255 5013 1314 5050 voc.
1329 4999 1437 5063 publice,
1461 4998 1552 5049 nescio
1569 5008 1622 5060 quo
1639 5006 1729 5044 errore

408 5079 482 5126 ratus
499 5089 531 5126 ea
549 5077 574 5127 in
592 5075 692 5138 optimo
709 5074 729 5124 14
746 5073 861 5139 deesse]
880 5100 907 5110 -
926 5079 978 5124 toto
994 5086 1047 5123 om.
1067 5074 1145 5137 lagg.
1166 5101 1193 5111 -
1217 5087 1266 5137 per
1280 5075 1503 5139 mopiarotmnqne
1519 5071 1568 5122 us:
1583 5082 1631 5133 per
1645 5068 1730 5132 mosi·

407 5155 514 5200 4444444444
533 5155 694 5214 motamque
715 5150 795 5213 dett.;
816 5164 863 5214 per
877 5153 1041 5216 magistratus
1056 5156 1216 5213 sanamque
1231 5150 1323 5200 Franc.
1342 5151 1372 5201 0.
1392 5176 1420 5187 -
1444 5150 1486 5198 2⁴.
1504 5148 1564 5198 inec
1579 5146 1652 5195 nonis
1667 5155 1728 5208 sqq.

409 5227 496 5287 Quint.
514 5225 557 5277 lx.
576 5226 606 5289 3,
624 5225 665 5278 34.
686 5253 713 5264 -
738 5226 780 5278 43.
799 5227 850 5290 lpse
865 5227 918 5281 443;
936 5228 981 5277 iata
997 5225 1061 5277 deit.
1080 5227 1110 5278 0.
1129 5251 1158 5261 -
1176 5225 1284 5287 anonim
1299 5226 1328 5277 ll.
1343 5251 1370 5262 -
1388 5229 1412 5277 et
1426 5224 1449 5274 is
1464 5223 1493 5275 44.
1514 5248 1542 5259 -
1560 5220 1602 5274 Si.
1619 5220 1665 5272 iste
1681 5218 1726 5273 tls:

407 5305 466 5352 onte
481 5300 545 5351 dett.
564 5301 594 5352 0.
614 5326 643 5339 -·
660 5302 757 5353 antem
771 5302 876 5353 1144444444
890 5301 967 5372 1343.
988 5327 1015 5338 -
1034 5300 1187 5356 einim
1202 5299 1250 5357 lta.
