4367 6109
438 569 502 636 658
839 569 881 631 IN
903 568 938 631 L.
961 566 1183 634 CATILINAM
1204 568 1324 633 LIBER
1344 568 1368 631 i.

438 742 460 791 n
477 754 504 774 ¹-
522 738 601 790 codd.
620 735 714 800 reliqui
730 739 837 801 praeter
853 737 1009 788 nominatim
1025 735 1126 789 allatos.

439 816 459 864 1.
477 833 503 853 =
522 812 564 863 cd.
584 811 753 862 Lambiniane
770 825 795 861 e.
814 811 887 862 4666.

440 889 460 938 0
478 911 504 930 =
523 888 566 939 ed.
584 886 712 939 Orelliena
729 888 803 951 prior
818 900 843 935 a.
863 887 934 937 4846.

506 964 614 1014 Praeter
630 963 856 1025 eekqxszV
873 975 969 1012 novem
987 959 1052 1011 elios
1069 958 1148 1010 codd.
1163 959 1373 1022 ingomarsinius
1385 955 1509 1020 contulit,
1524 970 1603 1023 quos
1616 957 1665 1007 his
1679 957 1798 1008 numeris

439 1038 563 1100 signavit:
583 1039 623 1089 46.
641 1039 683 1089 2⁰.
701 1039 743 1088 24.
762 1037 802 1088 43.
821 1036 861 1087 46.
881 1038 921 1087 66.
940 1036 980 1088 63.
999 1036 1040 1086 67.
1059 1034 1099 1085 se.
1124 1034 1179 1097 ligo
1196 1034 1221 1082 in
1241 1034 1433 1084 commentario
1450 1035 1551 1084 critico
1571 1034 1720 1097 integram
1739 1032 1798 1084 dedi

439 1110 582 1164 lectionum
600 1113 779 1165 diversitatem
797 1112 876 1163 codd.
895 1110 1318 1175 celredeiopqrstuxyz,
1337 1107 1463 1159 selectam
1481 1107 1682 1173 reliquorum.

997 1289 1203 1301 *-

903 1456 1101 1534 ORATIO
1130 1456 1297 1532 enimn

840 1615 1039 1667 4440444
1073 1614 1366 1666 inservare.

526 1911 550 1973 l.
573 1905 603 1972 i.
626 1909 802 1991 Quousque
826 1908 952 1971 tandem
975 1909 1120 1981 abutere,
1154 1906 1306 1981 Catilina,
1337 1905 1490 1990 patientia
1512 1909 1656 1970 nostrai
1690 1927 1790 1993 quam

443 2006 498 2069 diu
526 2004 620 2068 etiam
648 2002 736 2066 furor
764 2001 824 2065 iste
853 2010 925 2065 tuus
954 2022 1013 2065 nos
1042 2001 1169 2066 eludet?
1202 2021 1298 2085 quem
1330 2002 1370 2064 ad
1396 1998 1490 2065 finem
1521 2021 1597 2065 sese
1629 2002 1791 2065 effrenata

443 2099 571 2163 iactabit
592 2096 744 2162 audaciai
766 2095 888 2159 nihilne
911 2102 941 2159 te
970 2102 1159 2159 nocturnum
1189 2095 1383 2180 praesidium
1410 2096 1544 2172 Palatii,
1575 2095 1665 2159 nihil
1695 2094 1788 2159 urbis

442 2192 585 2275 vigiliae,
618 2190 697 2254 nihil
725 2190 816 2252 timor
843 2189 970 2273 populi,
1005 2188 1086 2252 nihil
1117 2209 1288 2253 concursus
1316 2190 1471 2253 bonorum
1498 2189 1669 2265 omnium,
1706 2189 1788 2254 nihil

418 2286 496 2349 5hic
525 2284 753 2348 munitissimus
790 2282 929 2346 habendi
961 2292 1088 2346 senatus
1126 2283 1230 2357 loeus,
1264 2283 1346 2345 nihil
1374 2283 1487 2347 homm
1517 2303 1576 2348 ora
1606 2284 1786 2367 vultusque

443 2381 632 2442 moverunt?
654 2382 762 2461 patere
777 2382 832 2439 lua
847 2376 980 2439 consilia
994 2397 1059 2439 non
1074 2378 1196 2440 sentis?
1212 2377 1412 2441 constrictam
1427 2378 1489 2442 iam
1502 2376 1624 2442 horum
1639 2376 1786 2440 omnium

444 2472 576 2537 scientia
597 2470 698 2535 teneri
720 2470 970 2533 coniurationem
993 2477 1077 2532 tuam
1103 2490 1168 2533 non
1190 2471 1300 2533 vides‘l
1331 2471 1407 2554 quid
1429 2472 1594 2555 proxime,
1626 2470 1711 2555 quid
1734 2490 1787 2533 su·

443 2566 568 2650 periore
587 2571 679 2629 nocte
695 2564 814 2646 egeris,
836 2564 890 2626 ubi
904 2562 1019 2636 fueris,
1042 2584 1123 2647 quos
1144 2565 1383 2638 convocaveris,
1406 2565 1482 2648 quid
1499 2563 1630 2628 consilii
1644 2562 1786 2647 ceperis,

445 2680 541 2745 quem
563 2667 707 2723 nostmm
735 2658 880 2740 ignorare
908 2657 1092 2719 arbitraris?
1135 2654 1165 2718 2.
1196 2658 1404 2741 Otcmporal
1438 2657 1607 2722 omoresl
1643 2657 1785 2720 Senatus

406 2753 522 2817 adhaec
542 2750 710 2833 intelligit,
733 2749 844 2812 consul
865 2748 968 2812 videt:
998 2749 1051 2812 hic
1074 2758 1180 2814 tamen
1201 2750 1287 2814 vivit.
1331 2751 1437 2815 Vivit?
1458 2752 1554 2814 immo
1576 2769 1659 2814 vero
1684 2750 1784 2813 etiam

442 2849 478 2911 in
499 2854 643 2911 senatum
664 2843 767 2919 venit,
792 2843 829 2905 iit
850 2842 970 2925 publici
993 2844 1118 2907 consilii
1139 2844 1313 2927 particeps,
1344 2853 1433 2908 notat
1453 2853 1486 2909 et
1506 2844 1659 2927 designat
1679 2842 1784 2907 oculis

443 2941 483 3005 ad
507 2940 637 3005 eaedem
658 2956 758 3001 unum
779 2956 936 3020 quemque
959 2945 1112 3001 nostrum.
1142 2940 1207 3002 Nos
1229 2946 1345 3014 autem,
1366 2938 1463 3002 fortes
1485 2937 1556 3013 viri,
1578 2936 1661 3001 satis
1675 2936 1783 3002 faeere

444 3033 657 3120 reipublicae
687 3031 845 3104 videmur,
874 3030 900 3093 si
927 3030 1017 3094 istius
1043 3029 1186 3094 furorem
1215 3052 1251 3095 ac
1281 3031 1345 3095 tela
1371 3033 1515 3096 vitemus.
1559 3029 1612 3094 Ad
1643 3039 1784 3096 mortem

508 3329 654 3378 4400444440.
688 3323 724 3372 44.
744 3319 816 3371 llettii
833 3320 956 3370 Oiemonie
971 3320 999 3369 in
1016 3320 1152 3371 cattinam
1167 3320 1353 3370 lnaectiaamnn
1368 3318 1431 3369 liter
1445 3319 1544 3383 prienaee
1560 3320 1662 3385 tecspn.
1693 3322 1785 3374 Oratio

443 3403 528 3455 habita
544 3403 571 3451 in
586 3404 674 3451 4000444
691 3396 721 3456 44;
740 3397 776 3446 44.
795 3396 820 3445 T.
840 3396 866 3446 C.
886 3396 1070 3446 invecticarum
1086 3396 1147 3445 tiber
1165 3397 1194 3445 ,4.
1213 3409 1240 3453 s;
1258 3397 1294 3446 lli.
1315 3396 1340 3445 T.
1354 3396 1380 3446 C.
1399 3397 1585 3448 inanem
1602 3398 1669 3449 tiber
1680 3399 1786 3461 μὴν

443 3482 470 3529 in
486 3478 621 3530 Omitinam
637 3476 661 3535 t;
677 3475 729 3523 inc.
748 3472 809 3523 itaer
824 3473 859 3521 il.
875 3472 900 3521 T.
914 3471 940 3521 C.
958 3472 1144 3523 invecticarum
1159 3472 1186 3520 in
1203 3471 1337 3521 Catilinam
1348 3483 1379 3530 u3
1396 3472 1486 3534 Incipit
1496 3472 1581 3524 40444444
1590 3473 1786 3526 inum

442 3557 471 3605 in
486 3555 615 3605 catilinam
631 3550 663 3607 bz
681 3549 754 3601 Liber
769 3549 957 3598 lnmctinamem
971 3548 999 3596 in
1015 3547 1151 3598 Catilinam
1164 3546 1263 3608 primm
1280 3546 1340 3607 lein
1357 3546 1481 3597 Ciceronis
1490 3548 1573 3598 marai
1588 3548 1642 3600 ine.
1661 3548 1683 3609 1;
1703 3551 1744 3601 st.
1758 3549 1783 3600 4.

444 3631 470 3681 C.
489 3630 515 3680 tn
532 3627 667 3680 Catilinam
682 3624 764 3673 oratio
779 3622 898 3685 foeliciter
914 3622 963 3671 inc.
982 3622 1012 3678 h;
1031 3622 1186 3671 innescionee
1196 3620 1268 3670 Tullii
1284 3621 1310 3669 in
1322 3620 1456 3672 Catilinam
1470 3635 1498 3682 e;
1516 3621 1646 3686 Incipiunt
1654 3624 1786 3675 1444400ὶὸ444

444 3707 465 3763 i:
487 3708 514 3756 in
534 3702 679 3755 cattitinam
702 3700 823 3749 innectine
844 3699 966 3761 incipiunt
986 3709 1015 3760 33
1038 3697 1148 3746 lnnectio
1169 3697 1198 3745 in
1219 3696 1354 3746 Catilinam
1370 3709 1399 3756 e;
1422 3697 1553 3747 1440404400
1568 3698 1597 3748 in
1614 3697 1674 3750 004.
1689 3700 1782 3762 peine

443 3782 488 3843 Lg.
507 3779 548 3831 46.
568 3779 612 3837 66;
633 3775 821 3826 innectioamm
843 3774 870 3822 in
886 3773 941 3824 Cat.
958 3786 988 3833 x,
1011 3773 1057 3834 ig.
1077 3772 1101 3821 4.
1119 3772 1144 3821 8.
1163 3772 1204 3821 46.
1222 3770 1263 3822 43.
1281 3772 1322 3821 so.
1341 3770 1384 3821 63.
1403 3773 1450 3830 64;
1474 3773 1502 3822 in
1518 3771 1573 3824 cat.
1591 3773 1680 3823 040440
1695 3772 1786 3836 peine

442 3855 550 3914 Beira,
569 3853 614 3915 Lg.
628 3852 651 3902 6.
671 3852 695 3901 6.
713 3848 754 3900 si.
775 3847 859 3899 Codd.
877 3846 971 3911 reliqui
987 3845 1062 3897 titulo
1080 3848 1180 3897 carent.
1198 3848 1219 3897 Α
1236 3847 1430 3909 grammaticis,
1448 3846 1617 3907 4404404440,
1636 3844 1783 3907 Diomede,

443 3931 572 3980 Arusiano
595 3927 706 3982 Messio,
731 3925 878 3983 Priscieno,
906 3922 1031 3974 Cledonio
1055 3922 1088 3985 lp.
1110 3919 1172 3971 4934
1189 3919 1233 3971 044.
1252 3921 1304 3982 Ρ.),
1331 3920 1395 3971 440444
1415 3920 1449 3971 eh
1472 3920 1620 3984 Augustino
1642 3919 1678 3972 de
1704 3921 1784 3971 civit

444 4005 491 4053 Dei
508 4004 550 4053 444.
570 4003 601 4052 m
618 4003 664 4050 aut
680 3998 737 4048 44444·
758 3998 921 4048 incusant
941 3998 1127 4047 lnnecneomm
1148 3994 1206 4045 lieri
1229 3996 1304 4046 citari
1324 3993 1419 4046 solent.
1449 3996 1488 4047 ci.
1512 4008 1582 4060 quae
1604 3994 1738 4048 0444044444
1758 3996 1786 4046 44

445 4079 488 4129 ed.
507 4079 579 4143 Lips.
597 4089 621 4126 a.
640 4076 700 4126 eset
722 4086 748 4137 p.
767 4073 799 4124 43
816 4074 870 4123 not.
889 4073 930 4123 eo.

510 4155 533 4203 4.
552 4156 576 4203 et
592 4162 669 4213 044004
684 4149 728 4198 dia
745 4150 763 4198 t.
784 4173 810 4182 -
829 4148 854 4196 4.
873 4146 948 4196 etiam
965 4158 1018 4196 om.
1039 4147 1058 4196 C
1077 4159 1139 4197 cum
1155 4146 1281 4210 Pompeio
1298 4159 1325 4211 p.
1343 4146 1371 4196 8i
1393 4146 1437 4197 ed.
1456 4145 1547 4207 444444,
1565 4146 1593 4198 in
1610 4158 1628 4196 e
1646 4147 1690 4198 est
1706 4145 1786 4198 etin

445 4242 503 4294 sup.
521 4225 582 4286 iin.;
604 4224 653 4275 sed
675 4223 781 4273 firmant
802 4233 898 4272 vocem
919 4219 998 4271 lulius
1016 4221 1107 4271 Victor
1124 4234 1151 4286 p.
1169 4222 1217 4272 468
1235 4220 1279 4274 ed.
1300 4221 1365 4270 Bait.
1384 4223 1412 4269 et
1428 4219 1528 4272 Anecd.
1546 4220 1670 4273 Parisino
1691 4221 1783 4274 Etis&

444 4316 471 4368 p.
488 4304 513 4354 6.
533 4326 561 4337 ·-
580 4300 626 4349 iste
641 4297 786 4361 inniterer
803 4309 832 4354 e;
855 4300 912 4345 tam
928 4308 981 4344 om.
1000 4292 1016 4344 1.
1035 4320 1062 4331 -
1082 4296 1161 4346 etadet
1176 4309 1222 4345 nos
1239 4309 1269 4353 e;
1292 4308 1338 4345 noe
1353 4309 1408 4346 om.
1426 4296 1516 4347 Victor
1531 4293 1550 4347 l.
1569 4309 1594 4347 0.
1613 4298 1644 4348 et
1660 4297 1784 4348 Donatus

445 4377 480 4428 ad
500 4377 606 4428 Terent.
628 4373 694 4424 Eun.
719 4373 738 4422 1.
762 4372 789 4430 t,
814 4370 858 4425 am
884 4382 929 4419 nos
950 4373 1011 4434 post
1032 4384 1110 4431 qoam
1130 4371 1174 4420 dia
1196 4368 1297 4420 hebent
1317 4368 1429 4432 bosv,
1454 4369 1547 4430 salii,
1569 4370 1598 4420 L.
1623 4368 1683 4434 (nos
1702 4370 1786 4422 dena

446 4449 546 4503 4400044.
565 4451 624 4500 Ρ444.
644 4446 660 4497 l.
679 4447 713 4508 0.)
738 4473 765 4482 -
790 4448 912 4508 emanata
928 4457 978 4495 sese
995 4445 1046 4507 gh.
1067 4472 1094 4481 -
1114 4445 1138 4496 3.
1156 4446 1436 4496 nihilne-mevenni
1453 4442 1559 4506 Quintil.
1576 4444 1621 4496 ix.
1640 4445 1672 4507 3,
1690 4444 1735 4495 30.
1754 4470 1781 4481 -

446 4533 469 4577 40
485 4538 538 4577 cm.
557 4523 610 4586 gh.
630 4548 655 4556 -
678 4521 773 4583 palacii
787 4521 942 4581 praesidinm
959 4533 984 4569 ο.
1004 4547 1031 4554 -
1057 4520 1081 4571 4.
1107 4521 1206 4569 timores
1229 4521 1280 4582 qh.
1301 4547 1328 4555 -
1351 4534 1482 4572 0004044444
1501 4522 1521 4572 L
1538 4521 1601 4584 etq
1622 4518 1698 4572 solus
1718 4530 1783 4571 sum

447 4597 552 4662 Quintil.
571 4596 715 4661 (0000044444
730 4594 872 4645 Diomedes
890 4607 916 4658 p.
936 4593 1003 4657 439.)
1023 4621 1050 4630 -
1070 4594 1188 4659 omnium]
1206 4596 1298 4645 eieiaem
1314 4609 1343 4656 z,
1362 4596 1439 4658 44456.
1456 4596 1497 4646 444.
1518 4621 1546 4632 -
1563 4596 1590 4645 o.
1607 4592 1649 4644 iic
1666 4605 1683 4644 o
1700 4592 1785 4646 nabet

448 4678 508 4727 ante
525 4683 660 4724 concam
675 4683 734 4735 sup.
752 4668 797 4719 lin.
818 4697 845 4706 -
863 4675 962 4720 senates
977 4670 1082 4720 tacendi
1099 4670 1242 4721 Diomedes
1259 4673 1352 4722 contra
1369 4670 1474 4731 Quintil.
1493 4673 1521 4722 et
1537 4670 1619 4721 Prisc.
1638 4670 1660 4721 1.
1680 4682 1707 4735 p.
1723 4668 1782 4722 404.

447 4753 479 4801 44.
497 4764 525 4816 p.
543 4748 601 4800 434.
621 4773 648 4783 -
673 4746 698 4796 6.
715 4750 814 4795 movent
835 4745 929 4795 Bedr
951 4747 1043 4795 contra
1064 4746 1150 4796 Diem.
1175 4747 1202 4795 et
1223 4744 1328 4805 Quintil.
1349 4771 1375 4780 -
1395 4747 1449 4796 40444
1470 4758 1525 4796 om.
1546 4743 1617 4796 bis.
1639 4769 1669 4780 -
1691 4743 1783 4794 m

448 4825 560 4874 omnium
575 4822 749 4883 licaeory
766 4819 834 4882 44446
852 4819 911 4870 cod.
926 4818 1033 4872 colon:
1052 4822 1163 4871 omniaem
1178 4821 1268 4871 44040444
1284 4822 1410 4871 44440-
1425 4818 1613 4873 neomenia
1628 4818 1779 4882 vermi

449 4896 498 4949 soli
515 4911 548 4948 04
564 4898 644 4958 meis,
668 4896 725 4945 LO.
746 4917 774 4930 -
792 4895 915 4956 superiori
932 4893 983 4943 ad.
1004 4921 1032 4930 -
1051 4897 1076 4946 8.
1095 4908 1165 4959 apere
1182 4909 1215 4954 u3
1236 4896 1340 4959 passeris
1356 4911 1382 4955 ς.
1401 4921 1431 4933 -
1448 4907 1510 4957 quos
1526 4893 1706 4946 mmocaeeeia
1722 4893 1783 4959 post

448 4972 542 5035 ceperis
558 4971 658 5022 habent
674 4970 776 5034 ghor,
795 4969 843 5019 sed
861 4982 877 5018 o
895 4980 956 5019 cum
974 4970 1048 5031 signo
1066 4970 1286 5034 transpositionis.
1307 4994 1333 5003 -
1354 4970 1378 5018 9.
1396 4974 1420 5019 04
1436 4982 1509 5033 poan
1525 4969 1566 5033 (ex
1581 4966 1696 5031 mquam)
1712 4979 1740 5018 o.
1753 4989 1780 5001 -

450 5040 1783 5109 moitrared.-to.nacvzettialiiiogg.-nicodtactameny.-oemom.v,epost

451 5124 527 5173 etiam
543 5135 602 5187 sup.
621 5122 665 5173 liu.
683 5119 774 5172 habet.
793 5118 879 5183 (immo
894 5133 954 5169 vero
972 5120 1075 5178 Quintil.
1095 5122 1136 5172 444.
1156 5120 1185 5183 3,
1204 5119 1256 5181 44.)
1270 5146 1297 5154 -
1316 5120 1392 5169 etiam
1408 5131 1461 5169 om.
1481 5118 1539 5182 Cy.
1552 5143 1580 5154 -
1597 5118 1639 5171 ll.
1653 5116 1784 5179 partim

450 5209 519 5246 00444.
538 5210 563 5247 0.
578 5201 690 5248 -440004
705 5196 791 5248 0444400
806 5198 830 5243 04
845 5194 903 5253 hle,
920 5199 991 5244 natat
1007 5209 1038 5244 00
1055 5209 1081 5246 ο.
1096 5221 1122 5230 -
1138 5196 1178 5247 44.
1197 5201 1281 5246 antem
1296 5207 1350 5245 om.
1370 5208 1392 5246 s.
1407 5195 1524 5259 -lortes
1537 5192 1783 5257 misceam

453 5270 532 5335 Leto.
549 5270 581 5325 ts
599 5274 627 5326 et
640 5285 671 5335 5:
688 5272 740 5323 oiri
753 5270 830 5335 [04404
845 5270 932 5323 44440.
951 5268 990 5320 Ci.
1008 5270 1051 5320 lli.
1069 5269 1100 5333 3,
1118 5269 1142 5322 3.
1156 5296 1183 5306 -
1197 5270 1238 5322 43.
1256 5269 1306 5323 telo
1321 5282 1353 5320 oc
1367 5270 1481 5333 4440044444
1496 5269 1528 5324 C.
1541 5266 1696 5334 4449441414
1710 5264 1741 5321 d.
