<?xml version="1.0" encoding="UTF-8"?>
<!DOCTYPE html PUBLIC "-//W3C//DTD XHTML 1.0 Transitional//EN"
    "http://www.w3.org/TR/xhtml1/DTD/xhtml1-transitional.dtd">
<html xmlns="http://www.w3.org/1999/xhtml" xml:lang="en" lang="en">
 <head>
  <title>
</title>
<meta http-equiv="Content-Type" content="text/html;charset=utf-8" />
  <meta name='ocr-system' content='tesseract 3.04.00' />
  <meta name='ocr-capabilities' content='ocr_page ocr_carea ocr_par ocr_line ocrx_word'/>
</head>
<body>
  <div class='ocr_page' id='page_1' title='image "./operaquaesupers02halmgoog_0581.png"; bbox 0 0 4367 6109; ppageno 0'>
   <div class='ocr_carea' id='block_1_1' title="bbox 759 571 1739 664">
    <p class='ocr_par' dir='ltr' id='par_1_1' title="bbox 759 571 1739 664">
     <span class='ocr_line' id='line_1_1' title="bbox 759 571 1739 664; baseline -0.005 -19"><span class='ocrx_word' id='word_1_1' title='bbox 759 576 1400 664; x_wconf 74' lang='lat' dir='ltr'><strong>cn.xxx1-xxx11.§§.83-sa.</strong></span> <span class='ocrx_word' id='word_1_2' title='bbox 1675 571 1739 642; x_wconf 75' lang='lat' dir='ltr'><strong>aar</strong></span> 
     </span>
    </p>
   </div>
   <div class='ocr_carea' id='block_1_2' title="bbox 413 750 1779 4125">
    <p class='ocr_par' dir='ltr' id='par_1_2' title="bbox 413 750 1779 4125">
     <span class='ocr_line' id='line_1_2' title="bbox 419 750 1739 834; baseline -0.004 -16"><span class='ocrx_word' id='word_1_3' title='bbox 419 752 561 818; x_wconf 79' lang='lat' dir='ltr'><strong>ordinem</strong></span> <span class='ocrx_word' id='word_1_4' title='bbox 590 752 752 834; x_wconf 88' lang='lat' dir='ltr'><strong>accepisse</strong></span> <span class='ocrx_word' id='word_1_5' title='bbox 780 750 945 814; x_wconf 82' lang='lat' dir='ltr'><strong>confessus</strong></span> <span class='ocrx_word' id='word_1_6' title='bbox 977 756 1078 824; x_wconf 90' lang='lat' dir='ltr'><strong>esset,</strong></span> <span class='ocrx_word' id='word_1_7' title='bbox 1110 751 1230 814; x_wconf 90' lang='lat' dir='ltr'><strong>salvum</strong></span> <span class='ocrx_word' id='word_1_8' title='bbox 1258 770 1328 815; x_wconf 89' lang='lat' dir='ltr'><strong>esse</strong></span> <span class='ocrx_word' id='word_1_9' title='bbox 1354 771 1419 815; x_wconf 93' lang='lat' dir='ltr'><strong>non</strong></span> <span class='ocrx_word' id='word_1_10' title='bbox 1440 770 1551 834; x_wconf 91' lang='lat' dir='ltr'><strong>posse,</strong></span> <span class='ocrx_word' id='word_1_11' title='bbox 1582 750 1687 815; x_wconf 92' lang='lat' dir='ltr'><strong>minus</strong></span> <span class='ocrx_word' id='word_1_12' title='bbox 1708 750 1739 813; x_wconf 92' lang='lat' dir='ltr'><strong>ei</strong></span> 
     </span>
     <span class='ocr_line' id='line_1_3' title="bbox 417 843 1738 928; baseline -0.002 -19"><span class='ocrx_word' id='word_1_13' title='bbox 417 844 512 909; x_wconf 85' lang='lat' dir='ltr'><strong>fidele</strong></span> <span class='ocrx_word' id='word_1_14' title='bbox 534 846 702 909; x_wconf 89' lang='lat' dir='ltr'><strong>consilium</strong></span> <span class='ocrx_word' id='word_1_15' title='bbox 724 845 859 908; x_wconf 89' lang='lat' dir='ltr'><strong>dedisse.</strong></span> <span class='ocrx_word' id='word_1_16' title='bbox 889 846 925 906; x_wconf 93' lang='lat' dir='ltr'><strong>ln</strong></span> <span class='ocrx_word' id='word_1_17' title='bbox 948 844 1009 907; x_wconf 91' lang='lat' dir='ltr'><strong>boc</strong></span> <span class='ocrx_word' id='word_1_18' title='bbox 1031 844 1058 907; x_wconf 93' lang='lat' dir='ltr'><strong>si</strong></span> <span class='ocrx_word' id='word_1_19' title='bbox 1080 843 1242 927; x_wconf 90' lang='lat' dir='ltr'><strong>improbus</strong></span> <span class='ocrx_word' id='word_1_20' title='bbox 1257 845 1412 928; x_wconf 74' lang='lat' dir='ltr'><strong>Cethegus</strong></span> <span class='ocrx_word' id='word_1_21' title='bbox 1426 843 1502 920; x_wconf 80' lang='lat' dir='ltr'><strong>luit,</strong></span> <span class='ocrx_word' id='word_1_22' title='bbox 1523 845 1648 910; x_wconf 89' lang='lat' dir='ltr'><strong>videtur</strong></span> <span class='ocrx_word' id='word_1_23' title='bbox 1662 843 1738 908; x_wconf 90' lang='lat' dir='ltr'><strong>mihi</strong></span> 
     </span>
     <span class='ocr_line' id='line_1_4' title="bbox 417 938 1738 1014; baseline -0.002 -11"><span class='ocrx_word' id='word_1_24' title='bbox 417 939 632 1003; x_wconf 89' lang='lat' dir='ltr'><strong>adversarium</strong></span> <span class='ocrx_word' id='word_1_25' title='bbox 659 959 819 1003; x_wconf 89' lang='lat' dir='ltr'><strong>removere</strong></span> <span class='ocrx_word' id='word_1_26' title='bbox 847 938 1004 1002; x_wconf 76' lang='lat' dir='ltr'><strong>voluisses</strong></span> <span class='ocrx_word' id='word_1_27' title='bbox 1033 939 1082 1001; x_wconf 91' lang='lat' dir='ltr'><strong>sin</strong></span> <span class='ocrx_word' id='word_1_28' title='bbox 1112 944 1178 1002; x_wconf 88' lang='lat' dir='ltr'><strong>erat</strong></span> <span class='ocrx_word' id='word_1_29' title='bbox 1199 939 1268 1003; x_wconf 86' lang='lat' dir='ltr'><strong>eius</strong></span> <span class='ocrx_word' id='word_1_30' title='bbox 1290 939 1376 1002; x_wconf 92' lang='lat' dir='ltr'><strong>modi</strong></span> <span class='ocrx_word' id='word_1_31' title='bbox 1398 958 1509 1014; x_wconf 88' lang='lat' dir='ltr'><strong>causa,</strong></span> <span class='ocrx_word' id='word_1_32' title='bbox 1534 945 1570 1002; x_wconf 88' lang='lat' dir='ltr'><strong>ut</strong></span> <span class='ocrx_word' id='word_1_33' title='bbox 1592 939 1738 1002; x_wconf 89' lang='lat' dir='ltr'><strong>Staienus</strong></span> 
     </span>
     <span class='ocr_line' id='line_1_5' title="bbox 416 1031 1739 1116; baseline -0.002 -20"><span class='ocrx_word' id='word_1_34' title='bbox 416 1052 562 1096; x_wconf 83' lang='lat' dir='ltr'><strong>nummos</strong></span> <span class='ocrx_word' id='word_1_35' title='bbox 583 1052 618 1096; x_wconf 88' lang='lat' dir='ltr'><strong>se</strong></span> <span class='ocrx_word' id='word_1_36' title='bbox 640 1034 800 1116; x_wconf 89' lang='lat' dir='ltr'><strong>accepisse</strong></span> <span class='ocrx_word' id='word_1_37' title='bbox 821 1051 937 1114; x_wconf 88' lang='lat' dir='ltr'><strong>negare</strong></span> <span class='ocrx_word' id='word_1_38' title='bbox 959 1051 1023 1095; x_wconf 95' lang='lat' dir='ltr'><strong>non</strong></span> <span class='ocrx_word' id='word_1_39' title='bbox 1046 1039 1157 1113; x_wconf 88' lang='lat' dir='ltr'><strong>posset</strong></span> <span class='ocrx_word' id='word_1_40' title='bbox 1176 1064 1218 1078; x_wconf 92' lang='lat'><em>-</em></span> <span class='ocrx_word' id='word_1_41' title='bbox 1232 1031 1312 1095; x_wconf 90' lang='lat' dir='ltr'><strong>nibil</strong></span> <span class='ocrx_word' id='word_1_42' title='bbox 1327 1039 1433 1096; x_wconf 90' lang='lat' dir='ltr'><strong>autem</strong></span> <span class='ocrx_word' id='word_1_43' title='bbox 1448 1041 1516 1097; x_wconf 89' lang='lat' dir='ltr'><strong>erat</strong></span> <span class='ocrx_word' id='word_1_44' title='bbox 1529 1031 1739 1115; x_wconf 79' lang='lat' dir='ltr'><strong>periculosius</strong></span> 
     </span>
     <span class='ocr_line' id='line_1_6' title="bbox 416 1124 1763 1211; baseline -0.003 -20"><span class='ocrx_word' id='word_1_45' title='bbox 416 1149 476 1192; x_wconf 92' lang='lat' dir='ltr'><strong>nec</strong></span> <span class='ocrx_word' id='word_1_46' title='bbox 497 1128 620 1211; x_wconf 80' lang='lat' dir='ltr'><strong>turpius</strong></span> <span class='ocrx_word' id='word_1_47' title='bbox 641 1146 734 1210; x_wconf 90' lang='lat' dir='ltr'><strong>quam</strong></span> <span class='ocrx_word' id='word_1_48' title='bbox 752 1126 793 1189; x_wconf 90' lang='lat' dir='ltr'><strong>ad</strong></span> <span class='ocrx_word' id='word_1_49' title='bbox 812 1144 907 1209; x_wconf 89' lang='lat' dir='ltr'><strong>quam</strong></span> <span class='ocrx_word' id='word_1_50' title='bbox 925 1145 991 1188; x_wconf 93' lang='lat' dir='ltr'><strong>rem</strong></span> <span class='ocrx_word' id='word_1_51' title='bbox 1007 1125 1179 1206; x_wconf 81' lang='lat' dir='ltr'><strong>accepisset</strong></span> <span class='ocrx_word' id='word_1_52' title='bbox 1194 1126 1337 1189; x_wconf 84' lang='lat' dir='ltr'><strong>confiteri</strong></span> <span class='ocrx_word' id='word_1_53' title='bbox 1351 1158 1409 1201; x_wconf 90' lang='lat'><strong>-,</strong></span> <span class='ocrx_word' id='word_1_54' title='bbox 1431 1146 1497 1190; x_wconf 95' lang='lat' dir='ltr'><strong>non</strong></span> <span class='ocrx_word' id='word_1_55' title='bbox 1511 1134 1561 1190; x_wconf 89' lang='lat' dir='ltr'><strong>est</strong></span> <span class='ocrx_word' id='word_1_56' title='bbox 1574 1124 1763 1194; x_wconf 77' lang='lat' dir='ltr'><strong>consiliums</strong></span> 
     </span>
     <span class='ocr_line' id='line_1_7' title="bbox 418 1213 1741 1304; baseline -0.003 -20"><span class='ocrx_word' id='word_1_57' title='bbox 418 1221 548 1304; x_wconf 75' lang='lat' dir='ltr'><strong>Cethegi</strong></span> <span class='ocrx_word' id='word_1_58' title='bbox 568 1219 873 1304; x_wconf 88' lang='lat' dir='ltr'><strong>reprehendendum.</strong></span> <span class='ocrx_word' id='word_1_59' title='bbox 910 1215 961 1280; x_wconf 83' lang='lat'><strong>86.</strong></span> <span class='ocrx_word' id='word_1_60' title='bbox 976 1219 1095 1281; x_wconf 87' lang='lat' dir='ltr'><strong>Verum</strong></span> <span class='ocrx_word' id='word_1_61' title='bbox 1118 1218 1183 1280; x_wconf 88' lang='lat' dir='ltr'><strong>alia</strong></span> <span class='ocrx_word' id='word_1_62' title='bbox 1205 1239 1300 1282; x_wconf 87' lang='lat' dir='ltr'><strong>causa</strong></span> <span class='ocrx_word' id='word_1_63' title='bbox 1322 1227 1389 1282; x_wconf 93' lang='lat' dir='ltr'><strong>tum</strong></span> <span class='ocrx_word' id='word_1_64' title='bbox 1412 1221 1531 1284; x_wconf 82' lang='lat' dir='ltr'><strong>Staieni</strong></span> <span class='ocrx_word' id='word_1_65' title='bbox 1555 1213 1655 1303; x_wconf 85' lang='lat' dir='ltr'><strong>[tuit],</strong></span> <span class='ocrx_word' id='word_1_66' title='bbox 1678 1216 1741 1280; x_wconf 86' lang='lat' dir='ltr'><strong>alia</strong></span> 
     </span>
     <span class='ocr_line' id='line_1_8' title="bbox 416 1308 1741 1398; baseline -0.006 -19"><span class='ocrx_word' id='word_1_67' title='bbox 416 1335 514 1390; x_wconf 90' lang='lat' dir='ltr'><strong>nanc,</strong></span> <span class='ocrx_word' id='word_1_68' title='bbox 537 1316 618 1389; x_wconf 78' lang='lat' dir='ltr'><strong>atu,</strong></span> <span class='ocrx_word' id='word_1_69' title='bbox 649 1320 703 1377; x_wconf 88' lang='lat' dir='ltr'><strong>tua</strong></span> <span class='ocrx_word' id='word_1_70' title='bbox 724 1322 782 1377; x_wconf 88' lang='lat' dir='ltr'><strong>est.</strong></span> <span class='ocrx_word' id='word_1_71' title='bbox 816 1312 889 1386; x_wconf 92' lang='lat' dir='ltr'><strong>llle,</strong></span> <span class='ocrx_word' id='word_1_72' title='bbox 912 1332 984 1374; x_wconf 94' lang='lat' dir='ltr'><strong>cum</strong></span> <span class='ocrx_word' id='word_1_73' title='bbox 1006 1331 1039 1373; x_wconf 93' lang='lat' dir='ltr'><strong>re</strong></span> <span class='ocrx_word' id='word_1_74' title='bbox 1056 1319 1266 1393; x_wconf 78' lang='lat' dir='ltr'><strong>premeretur,</strong></span> <span class='ocrx_word' id='word_1_75' title='bbox 1289 1313 1512 1398; x_wconf 90' lang='lat' dir='ltr'><strong>quodcumque</strong></span> <span class='ocrx_word' id='word_1_76' title='bbox 1527 1313 1661 1385; x_wconf 88' lang='lat' dir='ltr'><strong>diceret,</strong></span> <span class='ocrx_word' id='word_1_77' title='bbox 1681 1308 1741 1372; x_wconf 90' lang='lat' dir='ltr'><strong>ho·</strong></span> 
     </span>
     <span class='ocr_line' id='line_1_9' title="bbox 417 1403 1740 1490; baseline -0.005 -18"><span class='ocrx_word' id='word_1_78' title='bbox 417 1408 538 1472; x_wconf 90' lang='lat' dir='ltr'><strong>nestius</strong></span> <span class='ocrx_word' id='word_1_79' title='bbox 561 1407 696 1482; x_wconf 86' lang='lat' dir='ltr'><strong>diceret,</strong></span> <span class='ocrx_word' id='word_1_80' title='bbox 720 1427 815 1490; x_wconf 86' lang='lat' dir='ltr'><strong>quam</strong></span> <span class='ocrx_word' id='word_1_81' title='bbox 837 1408 864 1470; x_wconf 94' lang='lat' dir='ltr'><strong>si</strong></span> <span class='ocrx_word' id='word_1_82' title='bbox 887 1406 973 1490; x_wconf 90' lang='lat' dir='ltr'><strong>quod</strong></span> <span class='ocrx_word' id='word_1_83' title='bbox 999 1414 1066 1468; x_wconf 92' lang='lat' dir='ltr'><strong>erat</strong></span> <span class='ocrx_word' id='word_1_84' title='bbox 1087 1404 1202 1469; x_wconf 84' lang='lat' dir='ltr'><strong>facturn</strong></span> <span class='ocrx_word' id='word_1_85' title='bbox 1223 1405 1390 1469; x_wconf 78' lang='lat' dir='ltr'><strong>fatereturr</strong></span> <span class='ocrx_word' id='word_1_86' title='bbox 1414 1416 1444 1470; x_wconf 89' lang='lat' dir='ltr'><strong>tc</strong></span> <span class='ocrx_word' id='word_1_87' title='bbox 1459 1427 1535 1471; x_wconf 86' lang='lat' dir='ltr'><strong>vero</strong></span> <span class='ocrx_word' id='word_1_88' title='bbox 1550 1404 1629 1469; x_wconf 95' lang='lat' dir='ltr'><strong>illud</strong></span> <span class='ocrx_word' id='word_1_89' title='bbox 1644 1403 1740 1477; x_wconf 89' lang='lat' dir='ltr'><strong>idern,</strong></span> 
     </span>
     <span class='ocr_line' id='line_1_10' title="bbox 417 1497 1740 1586; baseline -0.005 -20"><span class='ocrx_word' id='word_1_90' title='bbox 417 1501 503 1586; x_wconf 87' lang='lat' dir='ltr'><strong>quod</strong></span> <span class='ocrx_word' id='word_1_91' title='bbox 525 1511 593 1565; x_wconf 91' lang='lat' dir='ltr'><strong>tum</strong></span> <span class='ocrx_word' id='word_1_92' title='bbox 614 1501 782 1584; x_wconf 83' lang='lat' dir='ltr'><strong>explosum</strong></span> <span class='ocrx_word' id='word_1_93' title='bbox 804 1509 836 1564; x_wconf 89' lang='lat' dir='ltr'><strong>et</strong></span> <span class='ocrx_word' id='word_1_94' title='bbox 858 1501 991 1563; x_wconf 90' lang='lat' dir='ltr'><strong>eiectum</strong></span> <span class='ocrx_word' id='word_1_95' title='bbox 1014 1506 1080 1573; x_wconf 90' lang='lat' dir='ltr'><strong>est,</strong></span> <span class='ocrx_word' id='word_1_96' title='bbox 1103 1519 1187 1562; x_wconf 92' lang='lat' dir='ltr'><strong>nunc</strong></span> <span class='ocrx_word' id='word_1_97' title='bbox 1209 1499 1368 1562; x_wconf 85' lang='lat' dir='ltr'><strong>rettulisse</strong></span> <span class='ocrx_word' id='word_1_98' title='bbox 1389 1501 1537 1565; x_wconf 85' lang='lat' dir='ltr'><strong>demiror.</strong></span> <span class='ocrx_word' id='word_1_99' title='bbox 1571 1499 1634 1576; x_wconf 87' lang='lat' dir='ltr'><strong>Qui</strong></span> <span class='ocrx_word' id='word_1_100' title='bbox 1656 1497 1740 1563; x_wconf 89' lang='lat' dir='ltr'><strong>enim</strong></span> 
     </span>
     <span class='ocr_line' id='line_1_11' title="bbox 417 1592 1778 1680; baseline -0.004 -20"><span class='ocrx_word' id='word_1_101' title='bbox 417 1603 540 1680; x_wconf 86' lang='lat' dir='ltr'><strong>poterat</strong></span> <span class='ocrx_word' id='word_1_102' title='bbox 562 1602 628 1658; x_wconf 90' lang='lat' dir='ltr'><strong>tum</strong></span> <span class='ocrx_word' id='word_1_103' title='bbox 648 1594 681 1656; x_wconf 93' lang='lat' dir='ltr'><strong>in</strong></span> <span class='ocrx_word' id='word_1_104' title='bbox 703 1594 837 1677; x_wconf 88' lang='lat' dir='ltr'><strong>gratiam</strong></span> <span class='ocrx_word' id='word_1_105' title='bbox 852 1594 955 1657; x_wconf 88' lang='lat' dir='ltr'><strong>redire</strong></span> <span class='ocrx_word' id='word_1_106' title='bbox 971 1614 1043 1657; x_wconf 90' lang='lat' dir='ltr'><strong>cum</strong></span> <span class='ocrx_word' id='word_1_107' title='bbox 1058 1593 1235 1677; x_wconf 77' lang='lat' dir='ltr'><strong>Oppianico</strong></span> <span class='ocrx_word' id='word_1_108' title='bbox 1252 1592 1437 1655; x_wconf 72' lang='lat' dir='ltr'><strong>Cluentius?</strong></span> <span class='ocrx_word' id='word_1_109' title='bbox 1459 1595 1514 1676; x_wconf 88' lang='lat' dir='ltr'><strong>qui</strong></span> <span class='ocrx_word' id='word_1_110' title='bbox 1530 1616 1601 1658; x_wconf 92' lang='lat' dir='ltr'><strong>cum</strong></span> <span class='ocrx_word' id='word_1_111' title='bbox 1621 1594 1778 1666; x_wconf 68' lang='lat' dir='ltr'><strong>matreiw</strong></span> 
     </span>
     <span class='ocr_line' id='line_1_12' title="bbox 418 1685 1741 1771; baseline -0.005 -18"><span class='ocrx_word' id='word_1_112' title='bbox 418 1689 576 1753; x_wconf 86' lang='lat' dir='ltr'><strong>Haerebat</strong></span> <span class='ocrx_word' id='word_1_113' title='bbox 595 1688 628 1750; x_wconf 94' lang='lat' dir='ltr'><strong>in</strong></span> <span class='ocrx_word' id='word_1_114' title='bbox 652 1688 766 1751; x_wconf 86' lang='lat' dir='ltr'><strong>tabulis</strong></span> <span class='ocrx_word' id='word_1_115' title='bbox 781 1688 917 1771; x_wconf 88' lang='lat' dir='ltr'><strong>publicis</strong></span> <span class='ocrx_word' id='word_1_116' title='bbox 931 1707 1003 1750; x_wconf 90' lang='lat' dir='ltr'><strong>reus</strong></span> <span class='ocrx_word' id='word_1_117' title='bbox 1019 1693 1050 1750; x_wconf 88' lang='lat' dir='ltr'><strong>et</strong></span> <span class='ocrx_word' id='word_1_118' title='bbox 1065 1694 1244 1751; x_wconf 89' lang='lat' dir='ltr'><strong>accusator:</strong></span> <span class='ocrx_word' id='word_1_119' title='bbox 1267 1686 1468 1750; x_wconf 89' lang='lat' dir='ltr'><strong>condemnati</strong></span> <span class='ocrx_word' id='word_1_120' title='bbox 1487 1695 1578 1751; x_wconf 89' lang='lat' dir='ltr'><strong>erant</strong></span> <span class='ocrx_word' id='word_1_121' title='bbox 1589 1685 1741 1750; x_wconf 85' lang='lat' dir='ltr'><strong>Fabricii:</strong></span> 
     </span>
     <span class='ocr_line' id='line_1_13' title="bbox 418 1777 1741 1864; baseline -0.005 -18"><span class='ocrx_word' id='word_1_122' title='bbox 418 1802 477 1846; x_wconf 88' lang='lat' dir='ltr'><strong>nec</strong></span> <span class='ocrx_word' id='word_1_123' title='bbox 507 1782 588 1845; x_wconf 90' lang='lat' dir='ltr'><strong>elabi</strong></span> <span class='ocrx_word' id='word_1_124' title='bbox 617 1783 680 1845; x_wconf 92' lang='lat' dir='ltr'><strong>alio</strong></span> <span class='ocrx_word' id='word_1_125' title='bbox 710 1790 892 1845; x_wconf 81' lang='lat' dir='ltr'><strong>accusatore</strong></span> <span class='ocrx_word' id='word_1_126' title='bbox 920 1788 1044 1864; x_wconf 88' lang='lat' dir='ltr'><strong>poterat</strong></span> <span class='ocrx_word' id='word_1_127' title='bbox 1065 1781 1177 1844; x_wconf 78' lang='lat' dir='ltr'><strong>Albius</strong></span> <span class='ocrx_word' id='word_1_128' title='bbox 1199 1802 1258 1844; x_wconf 91' lang='lat' dir='ltr'><strong>nec</strong></span> <span class='ocrx_word' id='word_1_129' title='bbox 1280 1781 1348 1844; x_wconf 90' lang='lat' dir='ltr'><strong>sine</strong></span> <span class='ocrx_word' id='word_1_130' title='bbox 1370 1780 1545 1863; x_wconf 79' lang='lat' dir='ltr'><strong>ignominia</strong></span> <span class='ocrx_word' id='word_1_131' title='bbox 1565 1777 1741 1844; x_wconf 89' lang='lat' dir='ltr'><strong>calumniae</strong></span> 
     </span>
     <span class='ocr_line' id='line_1_14' title="bbox 418 1872 1740 1959; baseline -0.003 -21"><span class='ocrx_word' id='word_1_132' title='bbox 418 1875 596 1958; x_wconf 85' lang='lat' dir='ltr'><strong>relinquere</strong></span> <span class='ocrx_word' id='word_1_133' title='bbox 627 1877 859 1939; x_wconf 86' lang='lat' dir='ltr'><strong>accusationem</strong></span> <span class='ocrx_word' id='word_1_134' title='bbox 882 1875 1055 1939; x_wconf 83' lang='lat' dir='ltr'><strong>Cluentius.</strong></span> <span class='ocrx_word' id='word_1_135' title='bbox 1098 1875 1231 1937; x_wconf 77' lang='lat' dir='ltr'><strong>xxxa.</strong></span> <span class='ocrx_word' id='word_1_136' title='bbox 1254 1872 1304 1937; x_wconf 86' lang='lat'><strong>87.</strong></span> <span class='ocrx_word' id='word_1_137' title='bbox 1326 1875 1376 1936; x_wconf 74' lang='lat' dir='ltr'><strong>An</strong></span> <span class='ocrx_word' id='word_1_138' title='bbox 1398 1873 1426 1937; x_wconf 93' lang='lat' dir='ltr'><strong>is</strong></span> <span class='ocrx_word' id='word_1_139' title='bbox 1453 1874 1740 1959; x_wconf 71' lang='lat' dir='ltr'><strong>praevaricaretur?</strong></span> 
     </span>
     <span class='ocr_line' id='line_1_15' title="bbox 418 1967 1742 2053; baseline -0.003 -20"><span class='ocrx_word' id='word_1_140' title='bbox 418 1989 490 2033; x_wconf 89' lang='lat' dir='ltr'><strong>nam</strong></span> <span class='ocrx_word' id='word_1_141' title='bbox 512 1968 545 2031; x_wconf 91' lang='lat' dir='ltr'><strong>id</strong></span> <span class='ocrx_word' id='word_1_142' title='bbox 560 1989 690 2053; x_wconf 91' lang='lat' dir='ltr'><strong>quoque</strong></span> <span class='ocrx_word' id='word_1_143' title='bbox 711 1969 751 2032; x_wconf 88' lang='lat' dir='ltr'><strong>ad</strong></span> <span class='ocrx_word' id='word_1_144' title='bbox 768 1969 1034 2051; x_wconf 91' lang='lat' dir='ltr'><strong>corrumpendum</strong></span> <span class='ocrx_word' id='word_1_145' title='bbox 1054 1969 1206 2033; x_wconf 89' lang='lat' dir='ltr'><strong>iudicium</strong></span> <span class='ocrx_word' id='word_1_146' title='bbox 1228 1969 1374 2051; x_wconf 82' lang='lat' dir='ltr'><strong>pertinet.</strong></span> <span class='ocrx_word' id='word_1_147' title='bbox 1408 1968 1471 2031; x_wconf 87' lang='lat' dir='ltr'><strong>Sed</strong></span> <span class='ocrx_word' id='word_1_148' title='bbox 1487 1967 1565 2053; x_wconf 90' lang='lat' dir='ltr'><strong>quid</strong></span> <span class='ocrx_word' id='word_1_149' title='bbox 1581 1986 1661 2048; x_wconf 91' lang='lat' dir='ltr'><strong>opus</strong></span> <span class='ocrx_word' id='word_1_150' title='bbox 1676 1973 1742 2030; x_wconf 86' lang='lat' dir='ltr'><strong>crat</strong></span> 
     </span>
     <span class='ocr_line' id='line_1_16' title="bbox 416 2062 1779 2148; baseline -0.004 -20"><span class='ocrx_word' id='word_1_151' title='bbox 416 2064 457 2128; x_wconf 92' lang='lat' dir='ltr'><strong>ad</strong></span> <span class='ocrx_word' id='word_1_152' title='bbox 480 2081 550 2125; x_wconf 88' lang='lat' dir='ltr'><strong>eam</strong></span> <span class='ocrx_word' id='word_1_153' title='bbox 572 2083 639 2126; x_wconf 93' lang='lat' dir='ltr'><strong>rem</strong></span> <span class='ocrx_word' id='word_1_154' title='bbox 661 2064 768 2127; x_wconf 91' lang='lat' dir='ltr'><strong>indice</strong></span> <span class='ocrx_word' id='word_1_155' title='bbox 789 2066 979 2148; x_wconf 77' lang='lat' dir='ltr'><strong>sequestret</strong></span> <span class='ocrx_word' id='word_1_156' title='bbox 1001 2071 1035 2126; x_wconf 88' lang='lat' dir='ltr'><strong>et</strong></span> <span class='ocrx_word' id='word_1_157' title='bbox 1054 2062 1186 2126; x_wconf 92' lang='lat' dir='ltr'><strong>omnino</strong></span> <span class='ocrx_word' id='word_1_158' title='bbox 1210 2083 1305 2147; x_wconf 90' lang='lat' dir='ltr'><strong>quam</strong></span> <span class='ocrx_word' id='word_1_159' title='bbox 1328 2063 1449 2126; x_wconf 89' lang='lat' dir='ltr'><strong>obrem</strong></span> <span class='ocrx_word' id='word_1_160' title='bbox 1464 2070 1530 2125; x_wconf 81' lang='lat' dir='ltr'><strong>tota</strong></span> <span class='ocrx_word' id='word_1_161' title='bbox 1545 2063 1605 2125; x_wconf 89' lang='lat' dir='ltr'><strong>ista</strong></span> <span class='ocrx_word' id='word_1_162' title='bbox 1619 2080 1669 2124; x_wconf 89' lang='lat' dir='ltr'><strong>res</strong></span> <span class='ocrx_word' id='word_1_163' title='bbox 1685 2079 1779 2143; x_wconf 66' lang='lat' dir='ltr'><strong>peras</strong></span> 
     </span>
     <span class='ocr_line' id='line_1_17' title="bbox 418 2156 1743 2241; baseline -0.005 -19"><span class='ocrx_word' id='word_1_164' title='bbox 418 2158 580 2222; x_wconf 90' lang='lat' dir='ltr'><strong>Staienum</strong></span> <span class='ocrx_word' id='word_1_165' title='bbox 595 2158 718 2240; x_wconf 91' lang='lat' dir='ltr'><strong>potius,</strong></span> <span class='ocrx_word' id='word_1_166' title='bbox 740 2158 901 2222; x_wconf 90' lang='lat' dir='ltr'><strong>bominem</strong></span> <span class='ocrx_word' id='word_1_167' title='bbox 915 2157 955 2220; x_wconf 92' lang='lat' dir='ltr'><strong>ab</strong></span> <span class='ocrx_word' id='word_1_168' title='bbox 971 2165 1108 2241; x_wconf 90' lang='lat' dir='ltr'><strong>utroque</strong></span> <span class='ocrx_word' id='word_1_169' title='bbox 1123 2156 1368 2232; x_wconf 90' lang='lat' dir='ltr'><strong>alienissimum,</strong></span> <span class='ocrx_word' id='word_1_170' title='bbox 1390 2156 1655 2228; x_wconf 90' lang='lat' dir='ltr'><strong>sordidissimum,</strong></span> <span class='ocrx_word' id='word_1_171' title='bbox 1677 2161 1743 2217; x_wconf 91' lang='lat' dir='ltr'><strong>tur·</strong></span> 
     </span>
     <span class='ocr_line' id='line_1_18' title="bbox 417 2251 1743 2339; baseline -0.004 -23"><span class='ocrx_word' id='word_1_172' title='bbox 417 2252 598 2336; x_wconf 84' lang='lat' dir='ltr'><strong>pissimum,</strong></span> <span class='ocrx_word' id='word_1_173' title='bbox 630 2270 724 2335; x_wconf 88' lang='lat' dir='ltr'><strong>quarn</strong></span> <span class='ocrx_word' id='word_1_174' title='bbox 753 2253 950 2335; x_wconf 82' lang='lat' dir='ltr'><strong>perbonam</strong></span> <span class='ocrx_word' id='word_1_175' title='bbox 971 2252 1112 2339; x_wconf 89' lang='lat' dir='ltr'><strong>aliquem</strong></span> <span class='ocrx_word' id='word_1_176' title='bbox 1134 2253 1235 2314; x_wconf 87' lang='lat' dir='ltr'><strong>virum</strong></span> <span class='ocrx_word' id='word_1_177' title='bbox 1257 2258 1402 2334; x_wconf 75' lang='lat' dir='ltr'><strong>ageretur</strong></span> <span class='ocrx_word' id='word_1_178' title='bbox 1423 2251 1610 2314; x_wconf 78' lang='lat' dir='ltr'><strong>staminum</strong></span> <span class='ocrx_word' id='word_1_179' title='bbox 1631 2268 1743 2312; x_wconf 88' lang='lat' dir='ltr'><strong>neces·</strong></span> 
     </span>
     <span class='ocr_line' id='line_1_19' title="bbox 417 2343 1743 2430; baseline -0.002 -21"><span class='ocrx_word' id='word_1_180' title='bbox 417 2347 596 2428; x_wconf 84' lang='lat' dir='ltr'><strong>seriumque</strong></span> <span class='ocrx_word' id='word_1_181' title='bbox 618 2348 844 2408; x_wconf 72' lang='lat' dir='ltr'><strong>communem?</strong></span> <span class='ocrx_word' id='word_1_182' title='bbox 867 2345 929 2408; x_wconf 86' lang='lat' dir='ltr'><strong>Sed</strong></span> <span class='ocrx_word' id='word_1_183' title='bbox 951 2343 1028 2429; x_wconf 91' lang='lat' dir='ltr'><strong>quid</strong></span> <span class='ocrx_word' id='word_1_184' title='bbox 1051 2364 1110 2427; x_wconf 89' lang='lat' dir='ltr'><strong>ego</strong></span> <span class='ocrx_word' id='word_1_185' title='bbox 1132 2345 1211 2409; x_wconf 88' lang='lat' dir='ltr'><strong>haec</strong></span> <span class='ocrx_word' id='word_1_186' title='bbox 1231 2345 1376 2429; x_wconf 90' lang='lat' dir='ltr'><strong>pluribus</strong></span> <span class='ocrx_word' id='word_1_187' title='bbox 1391 2345 1482 2430; x_wconf 87' lang='lat' dir='ltr'><strong>quasi</strong></span> <span class='ocrx_word' id='word_1_188' title='bbox 1505 2346 1544 2408; x_wconf 90' lang='lat' dir='ltr'><strong>de</strong></span> <span class='ocrx_word' id='word_1_189' title='bbox 1559 2365 1593 2409; x_wconf 90' lang='lat' dir='ltr'><strong>re</strong></span> <span class='ocrx_word' id='word_1_190' title='bbox 1608 2344 1743 2408; x_wconf 86' lang='lat' dir='ltr'><strong>obscura</strong></span> 
     </span>
     <span class='ocr_line' id='line_1_20' title="bbox 417 2439 1742 2524; baseline -0.005 -19"><span class='ocrx_word' id='word_1_191' title='bbox 417 2441 562 2524; x_wconf 92' lang='lat' dir='ltr'><strong>disputo,</strong></span> <span class='ocrx_word' id='word_1_192' title='bbox 592 2459 664 2502; x_wconf 91' lang='lat' dir='ltr'><strong>cum</strong></span> <span class='ocrx_word' id='word_1_193' title='bbox 693 2439 763 2521; x_wconf 89' lang='lat' dir='ltr'><strong>ipsa</strong></span> <span class='ocrx_word' id='word_1_194' title='bbox 788 2439 940 2522; x_wconf 91' lang='lat' dir='ltr'><strong>pecunia,</strong></span> <span class='ocrx_word' id='word_1_195' title='bbox 969 2458 1052 2523; x_wconf 89' lang='lat' dir='ltr'><strong>quae</strong></span> <span class='ocrx_word' id='word_1_196' title='bbox 1075 2440 1204 2502; x_wconf 88' lang='lat' dir='ltr'><strong>Staieno</strong></span> <span class='ocrx_word' id='word_1_197' title='bbox 1227 2439 1298 2503; x_wconf 89' lang='lat' dir='ltr'><strong>data</strong></span> <span class='ocrx_word' id='word_1_198' title='bbox 1318 2447 1384 2514; x_wconf 87' lang='lat' dir='ltr'><strong>est,</strong></span> <span class='ocrx_word' id='word_1_199' title='bbox 1405 2459 1538 2503; x_wconf 88' lang='lat' dir='ltr'><strong>numero</strong></span> <span class='ocrx_word' id='word_1_200' title='bbox 1560 2458 1598 2502; x_wconf 87' lang='lat' dir='ltr'><strong>ac</strong></span> <span class='ocrx_word' id='word_1_201' title='bbox 1619 2457 1742 2501; x_wconf 89' lang='lat' dir='ltr'><strong>summa</strong></span> 
     </span>
     <span class='ocr_line' id='line_1_21' title="bbox 417 2531 1778 2617; baseline -0.002 -18"><span class='ocrx_word' id='word_1_202' title='bbox 417 2555 474 2599; x_wconf 90' lang='lat' dir='ltr'><strong>sua</strong></span> <span class='ocrx_word' id='word_1_203' title='bbox 497 2552 561 2596; x_wconf 94' lang='lat' dir='ltr'><strong>non</strong></span> <span class='ocrx_word' id='word_1_204' title='bbox 583 2533 677 2596; x_wconf 92' lang='lat' dir='ltr'><strong>modo</strong></span> <span class='ocrx_word' id='word_1_205' title='bbox 702 2539 821 2617; x_wconf 88' lang='lat' dir='ltr'><strong>quanta</strong></span> <span class='ocrx_word' id='word_1_206' title='bbox 841 2532 955 2606; x_wconf 85' lang='lat' dir='ltr'><strong>fuerit,</strong></span> <span class='ocrx_word' id='word_1_207' title='bbox 977 2532 1034 2596; x_wconf 90' lang='lat' dir='ltr'><strong>sed</strong></span> <span class='ocrx_word' id='word_1_208' title='bbox 1056 2533 1214 2597; x_wconf 88' lang='lat' dir='ltr'><strong>etiamad</strong></span> <span class='ocrx_word' id='word_1_209' title='bbox 1238 2552 1333 2616; x_wconf 89' lang='lat' dir='ltr'><strong>quam</strong></span> <span class='ocrx_word' id='word_1_210' title='bbox 1355 2554 1421 2597; x_wconf 85' lang='lat' dir='ltr'><strong>rem</strong></span> <span class='ocrx_word' id='word_1_211' title='bbox 1441 2532 1550 2607; x_wconf 82' lang='lat' dir='ltr'><strong>fuerit,</strong></span> <span class='ocrx_word' id='word_1_212' title='bbox 1573 2531 1778 2604; x_wconf 64' lang='lat' dir='ltr'><strong>ostendatis)</strong></span> 
     </span>
     <span class='ocr_line' id='line_1_22' title="bbox 418 2625 1741 2710; baseline -0.004 -17"><span class='ocrx_word' id='word_1_213' title='bbox 418 2627 563 2693; x_wconf 91' lang='lat' dir='ltr'><strong>Sedecim</strong></span> <span class='ocrx_word' id='word_1_214' title='bbox 586 2625 657 2688; x_wconf 92' lang='lat' dir='ltr'><strong>dico</strong></span> <span class='ocrx_word' id='word_1_215' title='bbox 676 2627 817 2701; x_wconf 88' lang='lat' dir='ltr'><strong>iudices,</strong></span> <span class='ocrx_word' id='word_1_216' title='bbox 838 2634 874 2689; x_wconf 90' lang='lat' dir='ltr'><strong>ut</strong></span> <span class='ocrx_word' id='word_1_217' title='bbox 896 2627 1091 2710; x_wconf 88' lang='lat' dir='ltr'><strong>Oppianicus</strong></span> <span class='ocrx_word' id='word_1_218' title='bbox 1116 2626 1344 2702; x_wconf 86' lang='lat' dir='ltr'><strong>absolveretur,</strong></span> <span class='ocrx_word' id='word_1_219' title='bbox 1366 2625 1613 2710; x_wconf 88' lang='lat' dir='ltr'><strong>corrumpendos</strong></span> <span class='ocrx_word' id='word_1_220' title='bbox 1634 2625 1741 2702; x_wconf 82' lang='lat' dir='ltr'><strong>fuisse,</strong></span> 
     </span>
     <span class='ocr_line' id='line_1_23' title="bbox 418 2719 1741 2804; baseline -0.003 -17"><span class='ocrx_word' id='word_1_221' title='bbox 418 2723 457 2787; x_wconf 91' lang='lat' dir='ltr'><strong>ad</strong></span> <span class='ocrx_word' id='word_1_222' title='bbox 480 2720 643 2784; x_wconf 88' lang='lat' dir='ltr'><strong>Staienum</strong></span> <span class='ocrx_word' id='word_1_223' title='bbox 665 2728 814 2784; x_wconf 82' lang='lat' dir='ltr'><strong>sexcenta</strong></span> <span class='ocrx_word' id='word_1_224' title='bbox 836 2719 1044 2804; x_wconf 88' lang='lat' dir='ltr'><strong>quadraginta</strong></span> <span class='ocrx_word' id='word_1_225' title='bbox 1065 2720 1152 2783; x_wconf 88' lang='lat' dir='ltr'><strong>milia</strong></span> <span class='ocrx_word' id='word_1_226' title='bbox 1175 2741 1336 2784; x_wconf 89' lang='lat' dir='ltr'><strong>nummum</strong></span> <span class='ocrx_word' id='word_1_227' title='bbox 1359 2740 1429 2785; x_wconf 89' lang='lat' dir='ltr'><strong>esse</strong></span> <span class='ocrx_word' id='word_1_228' title='bbox 1444 2720 1557 2784; x_wconf 81' lang='lat' dir='ltr'><strong>delata.</strong></span> <span class='ocrx_word' id='word_1_229' title='bbox 1586 2721 1636 2796; x_wconf 90' lang='lat' dir='ltr'><strong>Si,</strong></span> <span class='ocrx_word' id='word_1_230' title='bbox 1658 2729 1692 2784; x_wconf 92' lang='lat' dir='ltr'><strong>ut</strong></span> <span class='ocrx_word' id='word_1_231' title='bbox 1706 2727 1741 2783; x_wconf 93' lang='lat' dir='ltr'><strong>tu</strong></span> 
     </span>
     <span class='ocr_line' id='line_1_24' title="bbox 417 2813 1740 2898; baseline -0.003 -18"><span class='ocrx_word' id='word_1_232' title='bbox 417 2816 513 2890; x_wconf 90' lang='lat' dir='ltr'><strong>dicis,</strong></span> <span class='ocrx_word' id='word_1_233' title='bbox 540 2814 658 2897; x_wconf 85' lang='lat' dir='ltr'><strong>gratiae</strong></span> <span class='ocrx_word' id='word_1_234' title='bbox 686 2813 902 2877; x_wconf 88' lang='lat' dir='ltr'><strong>conciliandae</strong></span> <span class='ocrx_word' id='word_1_235' title='bbox 930 2833 1041 2888; x_wconf 88' lang='lat' dir='ltr'><strong>causa,</strong></span> <span class='ocrx_word' id='word_1_236' title='bbox 1073 2815 1282 2898; x_wconf 87' lang='lat' dir='ltr'><strong>quadraginta</strong></span> <span class='ocrx_word' id='word_1_237' title='bbox 1304 2814 1437 2879; x_wconf 89' lang='lat' dir='ltr'><strong>istorum</strong></span> <span class='ocrx_word' id='word_1_238' title='bbox 1458 2814 1596 2878; x_wconf 87' lang='lat' dir='ltr'><strong>accessio</strong></span> <span class='ocrx_word' id='word_1_239' title='bbox 1618 2814 1740 2877; x_wconf 89' lang='lat' dir='ltr'><strong>milium</strong></span> 
     </span>
     <span class='ocr_line' id='line_1_25' title="bbox 418 2907 1740 2995; baseline -0.002 -21"><span class='ocrx_word' id='word_1_240' title='bbox 418 2910 494 2995; x_wconf 89' lang='lat' dir='ltr'><strong>quid</strong></span> <span class='ocrx_word' id='word_1_241' title='bbox 517 2910 623 2972; x_wconf 74' lang='lat' dir='ltr'><strong>valeti</strong></span> <span class='ocrx_word' id='word_1_242' title='bbox 652 2907 694 2981; x_wconf 92' lang='lat' dir='ltr'><strong>si,</strong></span> <span class='ocrx_word' id='word_1_243' title='bbox 716 2914 753 2972; x_wconf 89' lang='lat' dir='ltr'><strong>ut</strong></span> <span class='ocrx_word' id='word_1_244' title='bbox 773 2926 833 2971; x_wconf 90' lang='lat' dir='ltr'><strong>nos</strong></span> <span class='ocrx_word' id='word_1_245' title='bbox 856 2907 1005 2982; x_wconf 91' lang='lat' dir='ltr'><strong>dicimus,</strong></span> <span class='ocrx_word' id='word_1_246' title='bbox 1033 2915 1070 2971; x_wconf 91' lang='lat' dir='ltr'><strong>ut</strong></span> <span class='ocrx_word' id='word_1_247' title='bbox 1090 2907 1294 2991; x_wconf 86' lang='lat' dir='ltr'><strong>quadragena</strong></span> <span class='ocrx_word' id='word_1_248' title='bbox 1315 2909 1403 2973; x_wconf 91' lang='lat' dir='ltr'><strong>milia</strong></span> <span class='ocrx_word' id='word_1_249' title='bbox 1423 2907 1561 2973; x_wconf 89' lang='lat' dir='ltr'><strong>sedecim</strong></span> <span class='ocrx_word' id='word_1_250' title='bbox 1581 2907 1740 2972; x_wconf 87' lang='lat' dir='ltr'><strong>indicibus</strong></span> 
     </span>
     <span class='ocr_line' id='line_1_26' title="bbox 417 3001 1778 3085; baseline -0.001 -18"><span class='ocrx_word' id='word_1_251' title='bbox 417 3004 582 3077; x_wconf 90' lang='lat' dir='ltr'><strong>darentur,</strong></span> <span class='ocrx_word' id='word_1_252' title='bbox 604 3021 668 3064; x_wconf 89' lang='lat' dir='ltr'><strong>non</strong></span> <span class='ocrx_word' id='word_1_253' title='bbox 688 3001 894 3064; x_wconf 73' lang='lat' dir='ltr'><strong>Archimedes</strong></span> <span class='ocrx_word' id='word_1_254' title='bbox 916 3002 1029 3065; x_wconf 89' lang='lat' dir='ltr'><strong>melius</strong></span> <span class='ocrx_word' id='word_1_255' title='bbox 1051 3003 1155 3085; x_wconf 92' lang='lat' dir='ltr'><strong>potuit</strong></span> <span class='ocrx_word' id='word_1_256' title='bbox 1177 3001 1364 3066; x_wconf 89' lang='lat' dir='ltr'><strong>describere.</strong></span> <span class='ocrx_word' id='word_1_257' title='bbox 1748 3026 1778 3076; x_wconf 79' lang='lat' dir='ltr'><strong>st</strong></span> 
     </span>
     <span class='ocr_line' id='line_1_27' title="bbox 500 3096 1740 3181; baseline 0.003 -21"><span class='ocrx_word' id='word_1_258' title='bbox 500 3096 551 3161; x_wconf 90' lang='lat'><strong>88.</strong></span> <span class='ocrx_word' id='word_1_259' title='bbox 570 3098 614 3160; x_wconf 79' lang='lat' dir='ltr'><strong>at</strong></span> <span class='ocrx_word' id='word_1_260' title='bbox 642 3098 727 3160; x_wconf 89' lang='lat' dir='ltr'><strong>enim</strong></span> <span class='ocrx_word' id='word_1_261' title='bbox 747 3096 866 3160; x_wconf 86' lang='lat' dir='ltr'><strong>iudicia</strong></span> <span class='ocrx_word' id='word_1_262' title='bbox 888 3096 972 3160; x_wconf 82' lang='lat' dir='ltr'><strong>facta</strong></span> <span class='ocrx_word' id='word_1_263' title='bbox 992 3097 1149 3181; x_wconf 89' lang='lat' dir='ltr'><strong>permulta</strong></span> <span class='ocrx_word' id='word_1_264' title='bbox 1170 3105 1259 3173; x_wconf 92' lang='lat' dir='ltr'><strong>sunt,</strong></span> <span class='ocrx_word' id='word_1_265' title='bbox 1286 3117 1306 3162; x_wconf 90' lang='lat' dir='ltr'><strong>a</strong></span> <span class='ocrx_word' id='word_1_266' title='bbox 1329 3099 1473 3163; x_wconf 86' lang='lat' dir='ltr'><strong>Cluentio</strong></span> <span class='ocrx_word' id='word_1_267' title='bbox 1494 3098 1648 3163; x_wconf 89' lang='lat' dir='ltr'><strong>iudicium</strong></span> <span class='ocrx_word' id='word_1_268' title='bbox 1669 3119 1740 3164; x_wconf 86' lang='lat' dir='ltr'><strong>esse</strong></span> 
     </span>
     <span class='ocr_line' id='line_1_28' title="bbox 416 3190 1740 3276; baseline 0 -20"><span class='ocrx_word' id='word_1_269' title='bbox 416 3198 609 3276; x_wconf 91' lang='lat' dir='ltr'><strong>corruptum.</strong></span> <span class='ocrx_word' id='word_1_270' title='bbox 652 3191 752 3254; x_wconf 90' lang='lat' dir='ltr'><strong>Immo</strong></span> <span class='ocrx_word' id='word_1_271' title='bbox 774 3210 849 3255; x_wconf 89' lang='lat' dir='ltr'><strong>vero</strong></span> <span class='ocrx_word' id='word_1_272' title='bbox 879 3198 951 3254; x_wconf 91' lang='lat' dir='ltr'><strong>ante</strong></span> <span class='ocrx_word' id='word_1_273' title='bbox 977 3190 1039 3254; x_wconf 90' lang='lat' dir='ltr'><strong>boc</strong></span> <span class='ocrx_word' id='word_1_274' title='bbox 1061 3199 1185 3274; x_wconf 88' lang='lat' dir='ltr'><strong>tempus</strong></span> <span class='ocrx_word' id='word_1_275' title='bbox 1206 3193 1336 3255; x_wconf 90' lang='lat' dir='ltr'><strong>omnino</strong></span> <span class='ocrx_word' id='word_1_276' title='bbox 1357 3192 1419 3256; x_wconf 87' lang='lat' dir='ltr'><strong>ista</strong></span> <span class='ocrx_word' id='word_1_277' title='bbox 1438 3192 1509 3276; x_wconf 89' lang='lat' dir='ltr'><strong>ipsa</strong></span> <span class='ocrx_word' id='word_1_278' title='bbox 1528 3211 1581 3257; x_wconf 88' lang='lat' dir='ltr'><strong>res</strong></span> <span class='ocrx_word' id='word_1_279' title='bbox 1602 3211 1661 3256; x_wconf 92' lang='lat' dir='ltr'><strong>suo</strong></span> <span class='ocrx_word' id='word_1_280' title='bbox 1682 3213 1740 3256; x_wconf 93' lang='lat' dir='ltr'><strong>no·</strong></span> 
     </span>
     <span class='ocr_line' id='line_1_29' title="bbox 416 3283 1740 3369; baseline 0 -18"><span class='ocrx_word' id='word_1_281' title='bbox 416 3287 501 3351; x_wconf 87' lang='lat' dir='ltr'><strong>mine</strong></span> <span class='ocrx_word' id='word_1_282' title='bbox 516 3286 550 3349; x_wconf 90' lang='lat' dir='ltr'><strong>in</strong></span> <span class='ocrx_word' id='word_1_283' title='bbox 564 3285 718 3349; x_wconf 91' lang='lat' dir='ltr'><strong>iudicium</strong></span> <span class='ocrx_word' id='word_1_284' title='bbox 731 3304 904 3367; x_wconf 88' lang='lat' dir='ltr'><strong>numquam</strong></span> <span class='ocrx_word' id='word_1_285' title='bbox 918 3291 967 3347; x_wconf 91' lang='lat' dir='ltr'><strong>est</strong></span> <span class='ocrx_word' id='word_1_286' title='bbox 980 3292 1103 3349; x_wconf 86' lang='lat' dir='ltr'><strong>vocata:</strong></span> <span class='ocrx_word' id='word_1_287' title='bbox 1131 3285 1176 3348; x_wconf 83' lang='lat' dir='ltr'><strong>ita</strong></span> <span class='ocrx_word' id='word_1_288' title='bbox 1190 3285 1325 3349; x_wconf 90' lang='lat' dir='ltr'><strong>multum</strong></span> <span class='ocrx_word' id='word_1_289' title='bbox 1339 3287 1473 3369; x_wconf 84' lang='lat' dir='ltr'><strong>agitata,</strong></span> <span class='ocrx_word' id='word_1_290' title='bbox 1495 3287 1540 3350; x_wconf 80' lang='lat' dir='ltr'><strong>ita</strong></span> <span class='ocrx_word' id='word_1_291' title='bbox 1555 3283 1612 3348; x_wconf 91' lang='lat' dir='ltr'><strong>diu</strong></span> <span class='ocrx_word' id='word_1_292' title='bbox 1626 3287 1740 3351; x_wconf 85' lang='lat' dir='ltr'><strong>iactata</strong></span> 
     </span>
     <span class='ocr_line' id='line_1_30' title="bbox 417 3374 1739 3464; baseline 0 -21"><span class='ocrx_word' id='word_1_293' title='bbox 417 3377 489 3464; x_wconf 88' lang='lat' dir='ltr'><strong>[ista</strong></span> <span class='ocrx_word' id='word_1_294' title='bbox 509 3374 571 3461; x_wconf 90' lang='lat' dir='ltr'><strong>res]</strong></span> <span class='ocrx_word' id='word_1_295' title='bbox 596 3386 661 3453; x_wconf 88' lang='lat' dir='ltr'><strong>est,</strong></span> <span class='ocrx_word' id='word_1_296' title='bbox 691 3386 728 3441; x_wconf 91' lang='lat' dir='ltr'><strong>ut</strong></span> <span class='ocrx_word' id='word_1_297' title='bbox 746 3377 902 3441; x_wconf 88' lang='lat' dir='ltr'><strong>hodierno</strong></span> <span class='ocrx_word' id='word_1_298' title='bbox 925 3378 976 3441; x_wconf 91' lang='lat' dir='ltr'><strong>die</strong></span> <span class='ocrx_word' id='word_1_299' title='bbox 997 3379 1133 3461; x_wconf 90' lang='lat' dir='ltr'><strong>primum</strong></span> <span class='ocrx_word' id='word_1_300' title='bbox 1155 3398 1251 3442; x_wconf 85' lang='lat' dir='ltr'><strong>causa</strong></span> <span class='ocrx_word' id='word_1_301' title='bbox 1272 3379 1327 3443; x_wconf 88' lang='lat' dir='ltr'><strong>illa</strong></span> <span class='ocrx_word' id='word_1_302' title='bbox 1347 3378 1478 3444; x_wconf 80' lang='lat' dir='ltr'><strong>defensa</strong></span> <span class='ocrx_word' id='word_1_303' title='bbox 1498 3380 1556 3455; x_wconf 93' lang='lat' dir='ltr'><strong>sit,</strong></span> <span class='ocrx_word' id='word_1_304' title='bbox 1583 3379 1739 3444; x_wconf 87' lang='lat' dir='ltr'><strong>hodierno</strong></span> 
     </span>
     <span class='ocr_line' id='line_1_31' title="bbox 415 3473 1776 3558; baseline 0.001 -20"><span class='ocrx_word' id='word_1_305' title='bbox 415 3476 467 3539; x_wconf 92' lang='lat' dir='ltr'><strong>die</strong></span> <span class='ocrx_word' id='word_1_306' title='bbox 496 3474 632 3558; x_wconf 90' lang='lat' dir='ltr'><strong>primum</strong></span> <span class='ocrx_word' id='word_1_307' title='bbox 661 3473 775 3536; x_wconf 88' lang='lat' dir='ltr'><strong>veritas</strong></span> <span class='ocrx_word' id='word_1_308' title='bbox 805 3492 914 3536; x_wconf 89' lang='lat' dir='ltr'><strong>vocem</strong></span> <span class='ocrx_word' id='word_1_309' title='bbox 944 3481 1054 3536; x_wconf 90' lang='lat' dir='ltr'><strong>contra</strong></span> <span class='ocrx_word' id='word_1_310' title='bbox 1079 3473 1231 3536; x_wconf 85' lang='lat' dir='ltr'><strong>invidiam</strong></span> <span class='ocrx_word' id='word_1_311' title='bbox 1257 3474 1307 3537; x_wconf 91' lang='lat' dir='ltr'><strong>his</strong></span> <span class='ocrx_word' id='word_1_312' title='bbox 1329 3473 1485 3537; x_wconf 90' lang='lat' dir='ltr'><strong>iudicibus</strong></span> <span class='ocrx_word' id='word_1_313' title='bbox 1505 3473 1587 3537; x_wconf 79' lang='lat' dir='ltr'><strong>treta</strong></span> <span class='ocrx_word' id='word_1_314' title='bbox 1607 3474 1776 3543; x_wconf 83' lang='lat' dir='ltr'><strong>miseritao</strong></span> 
     </span>
     <span class='ocr_line' id='line_1_32' title="bbox 415 3566 1739 3652; baseline -0.001 -20"><span class='ocrx_word' id='word_1_315' title='bbox 415 3573 533 3634; x_wconf 90' lang='lat' dir='ltr'><strong>Verum</strong></span> <span class='ocrx_word' id='word_1_316' title='bbox 561 3575 666 3632; x_wconf 89' lang='lat' dir='ltr'><strong>tamen</strong></span> <span class='ocrx_word' id='word_1_317' title='bbox 694 3568 755 3630; x_wconf 89' lang='lat' dir='ltr'><strong>ista</strong></span> <span class='ocrx_word' id='word_1_318' title='bbox 783 3569 883 3630; x_wconf 90' lang='lat' dir='ltr'><strong>multa</strong></span> <span class='ocrx_word' id='word_1_319' title='bbox 910 3568 1027 3631; x_wconf 87' lang='lat' dir='ltr'><strong>iudicia</strong></span> <span class='ocrx_word' id='word_1_320' title='bbox 1056 3587 1139 3652; x_wconf 86' lang='lat' dir='ltr'><strong>quae</strong></span> <span class='ocrx_word' id='word_1_321' title='bbox 1168 3571 1265 3632; x_wconf 75' lang='lat' dir='ltr'><strong>sunt?</strong></span> <span class='ocrx_word' id='word_1_322' title='bbox 1297 3569 1364 3649; x_wconf 81' lang='lat' dir='ltr'><strong>Ego</strong></span> <span class='ocrx_word' id='word_1_323' title='bbox 1393 3568 1478 3632; x_wconf 92' lang='lat' dir='ltr'><strong>enim</strong></span> <span class='ocrx_word' id='word_1_324' title='bbox 1499 3588 1550 3631; x_wconf 89' lang='lat' dir='ltr'><strong>me</strong></span> <span class='ocrx_word' id='word_1_325' title='bbox 1570 3566 1611 3631; x_wconf 92' lang='lat' dir='ltr'><strong>ad</strong></span> <span class='ocrx_word' id='word_1_326' title='bbox 1633 3568 1739 3633; x_wconf 90' lang='lat' dir='ltr'><strong>omnia</strong></span> 
     </span>
     <span class='ocr_line' id='line_1_33' title="bbox 416 3661 1737 3746; baseline -0.002 -18"><span class='ocrx_word' id='word_1_327' title='bbox 416 3661 600 3728; x_wconf 88' lang='lat' dir='ltr'><strong>confirmavi</strong></span> <span class='ocrx_word' id='word_1_328' title='bbox 622 3667 654 3724; x_wconf 93' lang='lat' dir='ltr'><strong>et</strong></span> <span class='ocrx_word' id='word_1_329' title='bbox 675 3661 721 3724; x_wconf 95' lang='lat' dir='ltr'><strong>sic</strong></span> <span class='ocrx_word' id='word_1_330' title='bbox 741 3661 868 3744; x_wconf 89' lang='lat' dir='ltr'><strong>paravi,</strong></span> <span class='ocrx_word' id='word_1_331' title='bbox 898 3668 933 3725; x_wconf 96' lang='lat' dir='ltr'><strong>ut</strong></span> <span class='ocrx_word' id='word_1_332' title='bbox 954 3663 1116 3736; x_wconf 87' lang='lat' dir='ltr'><strong>docerem,</strong></span> <span class='ocrx_word' id='word_1_333' title='bbox 1145 3681 1227 3746; x_wconf 87' lang='lat' dir='ltr'><strong>quae</strong></span> <span class='ocrx_word' id='word_1_334' title='bbox 1248 3661 1330 3725; x_wconf 83' lang='lat' dir='ltr'><strong>facta</strong></span> <span class='ocrx_word' id='word_1_335' title='bbox 1351 3670 1461 3745; x_wconf 86' lang='lat' dir='ltr'><strong>postea</strong></span> <span class='ocrx_word' id='word_1_336' title='bbox 1480 3662 1599 3727; x_wconf 84' lang='lat' dir='ltr'><strong>iudicia</strong></span> <span class='ocrx_word' id='word_1_337' title='bbox 1620 3661 1660 3725; x_wconf 93' lang='lat' dir='ltr'><strong>de</strong></span> <span class='ocrx_word' id='word_1_338' title='bbox 1681 3661 1737 3725; x_wconf 92' lang='lat' dir='ltr'><strong>illo</strong></span> 
     </span>
     <span class='ocr_line' id='line_1_34' title="bbox 415 3754 1738 3840; baseline -0.001 -19"><span class='ocrx_word' id='word_1_339' title='bbox 415 3755 534 3821; x_wconf 93' lang='lat' dir='ltr'><strong>iudicio</strong></span> <span class='ocrx_word' id='word_1_340' title='bbox 557 3755 753 3831; x_wconf 84' lang='lat' dir='ltr'><strong>dicerentur,</strong></span> <span class='ocrx_word' id='word_1_341' title='bbox 783 3755 897 3838; x_wconf 89' lang='lat' dir='ltr'><strong>partim</strong></span> <span class='ocrx_word' id='word_1_342' title='bbox 919 3757 1030 3820; x_wconf 91' lang='lat' dir='ltr'><strong>ruinae</strong></span> <span class='ocrx_word' id='word_1_343' title='bbox 1051 3756 1207 3820; x_wconf 88' lang='lat' dir='ltr'><strong>similiora</strong></span> <span class='ocrx_word' id='word_1_344' title='bbox 1227 3765 1281 3820; x_wconf 88' lang='lat' dir='ltr'><strong>aut</strong></span> <span class='ocrx_word' id='word_1_345' title='bbox 1301 3756 1480 3840; x_wconf 86' lang='lat' dir='ltr'><strong>tempestati</strong></span> <span class='ocrx_word' id='word_1_346' title='bbox 1505 3775 1599 3840; x_wconf 86' lang='lat' dir='ltr'><strong>quam</strong></span> <span class='ocrx_word' id='word_1_347' title='bbox 1620 3754 1738 3820; x_wconf 91' lang='lat' dir='ltr'><strong>indicio</strong></span> 
     </span>
     <span class='ocr_line' id='line_1_35' title="bbox 416 3848 1738 3934; baseline -0.001 -20"><span class='ocrx_word' id='word_1_348' title='bbox 416 3856 447 3914; x_wconf 88' lang='lat' dir='ltr'><strong>et</strong></span> <span class='ocrx_word' id='word_1_349' title='bbox 469 3850 689 3933; x_wconf 90' lang='lat' dir='ltr'><strong>disceptationi</strong></span> <span class='ocrx_word' id='word_1_350' title='bbox 710 3849 826 3925; x_wconf 80' lang='lat' dir='ltr'><strong>fuisse,</strong></span> <span class='ocrx_word' id='word_1_351' title='bbox 847 3849 962 3932; x_wconf 87' lang='lat' dir='ltr'><strong>partim</strong></span> <span class='ocrx_word' id='word_1_352' title='bbox 982 3850 1063 3914; x_wconf 91' lang='lat' dir='ltr'><strong>nihil</strong></span> <span class='ocrx_word' id='word_1_353' title='bbox 1082 3857 1193 3913; x_wconf 87' lang='lat' dir='ltr'><strong>contra</strong></span> <span class='ocrx_word' id='word_1_354' title='bbox 1205 3850 1355 3914; x_wconf 85' lang='lat' dir='ltr'><strong>Habitum</strong></span> <span class='ocrx_word' id='word_1_355' title='bbox 1368 3849 1493 3925; x_wconf 90' lang='lat' dir='ltr'><strong>valere,</strong></span> <span class='ocrx_word' id='word_1_356' title='bbox 1513 3849 1628 3934; x_wconf 90' lang='lat' dir='ltr'><strong>partim</strong></span> <span class='ocrx_word' id='word_1_357' title='bbox 1642 3848 1738 3913; x_wconf 85' lang='lat' dir='ltr'><strong>etiam</strong></span> 
     </span>
     <span class='ocr_line' id='line_1_36' title="bbox 413 3942 1775 4028; baseline 0.001 -21"><span class='ocrx_word' id='word_1_358' title='bbox 413 3965 473 4028; x_wconf 94' lang='lat' dir='ltr'><strong>pro</strong></span> <span class='ocrx_word' id='word_1_359' title='bbox 493 3943 554 4008; x_wconf 86' lang='lat' dir='ltr'><strong>boc</strong></span> <span class='ocrx_word' id='word_1_360' title='bbox 576 3963 663 4018; x_wconf 88' lang='lat' dir='ltr'><strong>esse,</strong></span> <span class='ocrx_word' id='word_1_361' title='bbox 684 3945 798 4027; x_wconf 86' lang='lat' dir='ltr'><strong>partim</strong></span> <span class='ocrx_word' id='word_1_362' title='bbox 819 3962 889 4006; x_wconf 90' lang='lat' dir='ltr'><strong>esse</strong></span> <span class='ocrx_word' id='word_1_363' title='bbox 904 3944 1090 4019; x_wconf 89' lang='lat' dir='ltr'><strong>eiusmodi,</strong></span> <span class='ocrx_word' id='word_1_364' title='bbox 1113 3950 1150 4008; x_wconf 89' lang='lat' dir='ltr'><strong>ut</strong></span> <span class='ocrx_word' id='word_1_365' title='bbox 1163 3962 1269 4028; x_wconf 85' lang='lat' dir='ltr'><strong>neque</strong></span> <span class='ocrx_word' id='word_1_366' title='bbox 1285 3942 1443 4027; x_wconf 86' lang='lat' dir='ltr'><strong>appellata</strong></span> <span class='ocrx_word' id='word_1_367' title='bbox 1456 3962 1608 4027; x_wconf 86' lang='lat' dir='ltr'><strong>umquam</strong></span> <span class='ocrx_word' id='word_1_368' title='bbox 1622 3943 1775 4014; x_wconf 76' lang='lat' dir='ltr'><strong>iudiciuae</strong></span> 
     </span>
     <span class='ocr_line' id='line_1_37' title="bbox 414 4035 1737 4125; baseline 0 -23"><span class='ocrx_word' id='word_1_369' title='bbox 414 4041 478 4102; x_wconf 90' lang='lat' dir='ltr'><strong>sint</strong></span> <span class='ocrx_word' id='word_1_370' title='bbox 509 4058 616 4124; x_wconf 87' lang='lat' dir='ltr'><strong>neque</strong></span> <span class='ocrx_word' id='word_1_371' title='bbox 649 4039 834 4102; x_wconf 83' lang='lat' dir='ltr'><strong>existimata.</strong></span> <span class='ocrx_word' id='word_1_372' title='bbox 877 4035 928 4125; x_wconf 67' lang='grc'><strong>83.</strong></span> <span class='ocrx_word' id='word_1_373' title='bbox 955 4038 1016 4102; x_wconf 88' lang='lat' dir='ltr'><strong>llic</strong></span> <span class='ocrx_word' id='word_1_374' title='bbox 1044 4057 1104 4121; x_wconf 85' lang='lat' dir='ltr'><strong>ego</strong></span> <span class='ocrx_word' id='word_1_375' title='bbox 1133 4039 1232 4120; x_wconf 87' lang='lat' dir='ltr'><strong>magis</strong></span> <span class='ocrx_word' id='word_1_376' title='bbox 1260 4045 1295 4101; x_wconf 90' lang='lat' dir='ltr'><strong>nt</strong></span> <span class='ocrx_word' id='word_1_377' title='bbox 1322 4038 1583 4102; x_wconf 89' lang='lat' dir='ltr'><strong>consuetudinem</strong></span> <span class='ocrx_word' id='word_1_378' title='bbox 1604 4056 1737 4112; x_wconf 86' lang='lat' dir='ltr'><strong>servem,</strong></span> 
     </span>
    </p>
   </div>
   <div class='ocr_carea' id='block_1_3' title="bbox 411 4230 1799 5349">
    <p class='ocr_par' dir='ltr' id='par_1_3' title="bbox 411 4230 1799 5349">
     <span class='ocr_line' id='line_1_38' title="bbox 479 4230 1736 4296; baseline 0.002 -15"><span class='ocrx_word' id='word_1_379' title='bbox 479 4232 504 4281; x_wconf 73' lang='grc'><strong>4.</strong></span> <span class='ocrx_word' id='word_1_380' title='bbox 521 4232 577 4296; x_wconf 69' lang='lat' dir='ltr'><strong>[ott]</strong></span> <span class='ocrx_word' id='word_1_381' title='bbox 593 4232 747 4295; x_wconf 67' lang='lat' dir='ltr'><strong>(uboetST.</strong></span> <span class='ocrx_word' id='word_1_382' title='bbox 768 4258 796 4268; x_wconf 90' lang='lat'>-</span> <span class='ocrx_word' id='word_1_383' title='bbox 814 4232 839 4283; x_wconf 83' lang='grc'><strong>3.</strong></span> <span class='ocrx_word' id='word_1_384' title='bbox 857 4233 896 4282; x_wconf 82' lang='lat' dir='ltr'><strong>sto</strong></span> <span class='ocrx_word' id='word_1_385' title='bbox 911 4232 976 4295; x_wconf 68' lang='grc' dir='ltr'><strong>στω]</strong></span> <span class='ocrx_word' id='word_1_386' title='bbox 992 4232 1074 4283; x_wconf 68' lang='lat' dir='ltr'><strong>{mut</strong></span> <span class='ocrx_word' id='word_1_387' title='bbox 1090 4232 1181 4282; x_wconf 76' lang='lat' dir='ltr'><strong>rus.</strong></span> <span class='ocrx_word' id='word_1_388' title='bbox 1196 4257 1224 4268; x_wconf 95' lang='lat'>-</span> <span class='ocrx_word' id='word_1_389' title='bbox 1243 4230 1268 4280; x_wconf 85' lang='grc'><strong>6.</strong></span> <span class='ocrx_word' id='word_1_390' title='bbox 1284 4231 1333 4295; x_wconf 67' lang='lat' dir='ltr'><strong>Mt</strong></span> <span class='ocrx_word' id='word_1_391' title='bbox 1350 4242 1404 4282; x_wconf 90' lang='lat' dir='ltr'><strong>orn.</strong></span> <span class='ocrx_word' id='word_1_392' title='bbox 1422 4231 1478 4282; x_wconf 85' lang='lat' dir='ltr'><strong>ST.</strong></span> <span class='ocrx_word' id='word_1_393' title='bbox 1493 4258 1521 4269; x_wconf 93' lang='lat'><em>-</em></span> <span class='ocrx_word' id='word_1_394' title='bbox 1540 4231 1565 4281; x_wconf 82' lang='grc'><strong>7.</strong></span> <span class='ocrx_word' id='word_1_395' title='bbox 1581 4243 1736 4295; x_wconf 71' lang='lat' dir='ltr'><strong>npreners-</strong></span> 
     </span>
     <span class='ocr_line' id='line_1_39' title="bbox 412 4305 1736 4371; baseline 0.002 -15"><span class='ocrx_word' id='word_1_396' title='bbox 412 4311 454 4356; x_wconf 84' lang='lat' dir='ltr'><strong>tur</strong></span> <span class='ocrx_word' id='word_1_397' title='bbox 470 4307 533 4370; x_wconf 85' lang='lat' dir='ltr'><strong>(nno</strong></span> <span class='ocrx_word' id='word_1_398' title='bbox 549 4305 641 4370; x_wconf 80' lang='lat' dir='ltr'><strong>verbo)</strong></span> <span class='ocrx_word' id='word_1_399' title='bbox 658 4308 697 4367; x_wconf 71' lang='lat' dir='ltr'><strong>H,</strong></span> <span class='ocrx_word' id='word_1_400' title='bbox 719 4308 939 4370; x_wconf 66' lang='lat' dir='ltr'><strong>nprabsnwsrur</strong></span> <span class='ocrx_word' id='word_1_401' title='bbox 955 4308 1011 4358; x_wconf 74' lang='lat' dir='ltr'><strong>Fa,</strong></span> <span class='ocrx_word' id='word_1_402' title='bbox 1031 4334 1059 4345; x_wconf 93' lang='lat'><em>-</em></span> <span class='ocrx_word' id='word_1_403' title='bbox 1081 4307 1106 4357; x_wconf 87' lang='lat'><strong>8.</strong></span> <span class='ocrx_word' id='word_1_404' title='bbox 1128 4307 1222 4371; x_wconf 68' lang='lat' dir='ltr'><strong>fomur</strong></span> <span class='ocrx_word' id='word_1_405' title='bbox 1238 4306 1264 4357; x_wconf 84' lang='lat' dir='ltr'><strong>S.</strong></span> <span class='ocrx_word' id='word_1_406' title='bbox 1285 4333 1312 4343; x_wconf 92' lang='lat'><em>-</em></span> <span class='ocrx_word' id='word_1_407' title='bbox 1335 4306 1360 4358; x_wconf 86' lang='grc'><strong>3.</strong></span> <span class='ocrx_word' id='word_1_408' title='bbox 1378 4307 1490 4358; x_wconf 72' lang='lat' dir='ltr'><strong>deasltm</strong></span> <span class='ocrx_word' id='word_1_409' title='bbox 1510 4307 1570 4368; x_wconf 77' lang='lat' dir='ltr'><strong>S&#39;l&#39;;</strong></span> <span class='ocrx_word' id='word_1_410' title='bbox 1595 4308 1635 4358; x_wconf 80' lang='lat' dir='ltr'><strong>rst</strong></span> <span class='ocrx_word' id='word_1_411' title='bbox 1653 4308 1736 4359; x_wconf 68' lang='lat' dir='ltr'><strong>tulisse</strong></span> 
     </span>
     <span class='ocr_line' id='line_1_40' title="bbox 412 4380 1735 4448; baseline 0 -16"><span class='ocrx_word' id='word_1_412' title='bbox 412 4382 450 4439; x_wconf 85' lang='lat' dir='ltr'><strong>bl;</strong></span> <span class='ocrx_word' id='word_1_413' title='bbox 472 4393 501 4431; x_wconf 85' lang='lat' dir='ltr'><strong>rs</strong></span> <span class='ocrx_word' id='word_1_414' title='bbox 520 4380 630 4432; x_wconf 63' lang='lat' dir='ltr'><strong>ludeo</strong></span> <span class='ocrx_word' id='word_1_415' title='bbox 652 4383 678 4432; x_wconf 84' lang='lat' dir='ltr'><strong>F.</strong></span> <span class='ocrx_word' id='word_1_416' title='bbox 710 4381 748 4433; x_wconf 87' lang='lat' dir='ltr'><strong>Cl.</strong></span> <span class='ocrx_word' id='word_1_417' title='bbox 767 4381 925 4446; x_wconf 74' lang='lat' dir='ltr'><strong>Madvigium</strong></span> <span class='ocrx_word' id='word_1_418' title='bbox 947 4383 1035 4446; x_wconf 72' lang='lat' dir='ltr'><strong>opusc.</strong></span> <span class='ocrx_word' id='word_1_419' title='bbox 1053 4385 1073 4434; x_wconf 91' lang='lat'><strong>1.</strong></span> <span class='ocrx_word' id='word_1_420' title='bbox 1092 4396 1119 4448; x_wconf 92' lang='lat' dir='ltr'><strong>p.</strong></span> <span class='ocrx_word' id='word_1_421' title='bbox 1137 4382 1195 4434; x_wconf 82' lang='grc'><strong>300.</strong></span> <span class='ocrx_word' id='word_1_422' title='bbox 1221 4406 1249 4420; x_wconf 88' lang='grc'><strong>-</strong></span> <span class='ocrx_word' id='word_1_423' title='bbox 1277 4381 1333 4448; x_wconf 79' lang='lat' dir='ltr'><strong>our]</strong></span> <span class='ocrx_word' id='word_1_424' title='bbox 1353 4383 1414 4445; x_wconf 73' lang='lat' dir='ltr'><strong>quid</strong></span> <span class='ocrx_word' id='word_1_425' title='bbox 1429 4382 1486 4434; x_wconf 79' lang='lat' dir='ltr'><strong>S&#39;l&#39;.</strong></span> <span class='ocrx_word' id='word_1_426' title='bbox 1509 4382 1549 4433; x_wconf 87' lang='lat' dir='ltr'><strong>Cl.</strong></span> <span class='ocrx_word' id='word_1_427' title='bbox 1566 4380 1735 4447; x_wconf 86' lang='lat' dir='ltr'><strong>Wesenberg</strong></span> 
     </span>
     <span class='ocr_line' id='line_1_41' title="bbox 412 4454 1735 4522; baseline 0 -16"><span class='ocrx_word' id='word_1_428' title='bbox 412 4457 551 4506; x_wconf 71' lang='lat' dir='ltr'><strong>Emendate.</strong></span> <span class='ocrx_word' id='word_1_429' title='bbox 571 4457 640 4507; x_wconf 79' lang='lat' dir='ltr'><strong>Turc.</strong></span> <span class='ocrx_word' id='word_1_430' title='bbox 659 4458 729 4520; x_wconf 68' lang='grc' dir='ltr'><strong>Βίῳ.</strong></span> <span class='ocrx_word' id='word_1_431' title='bbox 748 4459 776 4507; x_wconf 86' lang='lat' dir='ltr'><strong>P.</strong></span> <span class='ocrx_word' id='word_1_432' title='bbox 790 4457 821 4507; x_wconf 92' lang='grc'><strong>44.</strong></span> <span class='ocrx_word' id='word_1_433' title='bbox 838 4469 865 4521; x_wconf 91' lang='lat' dir='ltr'><strong>p.</strong></span> <span class='ocrx_word' id='word_1_434' title='bbox 878 4457 903 4506; x_wconf 70' lang='lat' dir='ltr'><strong>a.</strong></span> <span class='ocrx_word' id='word_1_435' title='bbox 920 4470 948 4514; x_wconf 89' lang='lat' dir='ltr'><strong>n.</strong></span> <span class='ocrx_word' id='word_1_436' title='bbox 960 4457 985 4508; x_wconf 77' lang='lat'><strong>2.</strong></span> <span class='ocrx_word' id='word_1_437' title='bbox 1001 4484 1027 4495; x_wconf 96' lang='lat'><em>-</em></span> <span class='ocrx_word' id='word_1_438' title='bbox 1048 4458 1087 4508; x_wconf 91' lang='grc'><strong>40.</strong></span> <span class='ocrx_word' id='word_1_439' title='bbox 1106 4462 1195 4522; x_wconf 72' lang='lat' dir='ltr'><strong>grotta</strong></span> <span class='ocrx_word' id='word_1_440' title='bbox 1211 4457 1271 4508; x_wconf 75' lang='grc'><strong>444.</strong></span> <span class='ocrx_word' id='word_1_441' title='bbox 1288 4482 1315 4493; x_wconf 90' lang='grc'>-</span> <span class='ocrx_word' id='word_1_442' title='bbox 1332 4462 1415 4508; x_wconf 70' lang='lat' dir='ltr'><strong>mom</strong></span> <span class='ocrx_word' id='word_1_443' title='bbox 1430 4458 1468 4519; x_wconf 86' lang='lat' dir='ltr'><strong>bl,</strong></span> <span class='ocrx_word' id='word_1_444' title='bbox 1486 4454 1545 4507; x_wconf 88' lang='lat' dir='ltr'><strong>alil:</strong></span> <span class='ocrx_word' id='word_1_445' title='bbox 1562 4460 1644 4506; x_wconf 72' lang='lat' dir='ltr'><strong>mam</strong></span> <span class='ocrx_word' id='word_1_446' title='bbox 1659 4455 1735 4506; x_wconf 81' lang='lat' dir='ltr'><strong>boba-</strong></span> 
     </span>
     <span class='ocr_line' id='line_1_42' title="bbox 412 4527 1731 4596; baseline -0.001 -15"><span class='ocrx_word' id='word_1_447' title='bbox 412 4532 454 4581; x_wconf 83' lang='lat' dir='ltr'><strong>but</strong></span> <span class='ocrx_word' id='word_1_448' title='bbox 473 4532 609 4583; x_wconf 63' lang='lat' dir='ltr'><strong>amandes</strong></span> <span class='ocrx_word' id='word_1_449' title='bbox 629 4527 822 4583; x_wconf 70' lang='lat' dir='ltr'><strong>striato.</strong></span> <span class='ocrx_word' id='word_1_450' title='bbox 854 4531 892 4582; x_wconf 82' lang='lat' dir='ltr'><strong>Cl.</strong></span> <span class='ocrx_word' id='word_1_451' title='bbox 914 4530 1072 4596; x_wconf 74' lang='lat' dir='ltr'><strong>Madvigium</strong></span> <span class='ocrx_word' id='word_1_452' title='bbox 1093 4531 1203 4595; x_wconf 74' lang='lat' dir='ltr'><strong>append.</strong></span> <span class='ocrx_word' id='word_1_453' title='bbox 1227 4533 1262 4582; x_wconf 85' lang='lat' dir='ltr'><strong>ud</strong></span> <span class='ocrx_word' id='word_1_454' title='bbox 1283 4532 1346 4594; x_wconf 76' lang='lat' dir='ltr'><strong>disp.</strong></span> <span class='ocrx_word' id='word_1_455' title='bbox 1369 4531 1399 4581; x_wconf 83' lang='lat' dir='ltr'><strong>de</strong></span> <span class='ocrx_word' id='word_1_456' title='bbox 1419 4531 1524 4583; x_wconf 70' lang='lat' dir='ltr'><strong>scone</strong></span> <span class='ocrx_word' id='word_1_457' title='bbox 1544 4543 1571 4595; x_wconf 92' lang='lat' dir='ltr'><strong>p.</strong></span> <span class='ocrx_word' id='word_1_458' title='bbox 1589 4528 1621 4581; x_wconf 87' lang='grc'><strong>444</strong></span> <span class='ocrx_word' id='word_1_459' title='bbox 1641 4542 1683 4595; x_wconf 84' lang='lat' dir='ltr'><strong>sq.</strong></span> <span class='ocrx_word' id='word_1_460' title='bbox 1703 4554 1731 4567; x_wconf 98' lang='lat'><em>-</em></span> 
     </span>
     <span class='ocr_line' id='line_1_43' title="bbox 413 4601 1799 4673; baseline -0.001 -16"><span class='ocrx_word' id='word_1_461' title='bbox 413 4608 453 4657; x_wconf 72' lang='lat' dir='ltr'><strong>tt.</strong></span> <span class='ocrx_word' id='word_1_462' title='bbox 471 4606 560 4657; x_wconf 66' lang='lat' dir='ltr'><strong>soom</strong></span> <span class='ocrx_word' id='word_1_463' title='bbox 574 4608 634 4658; x_wconf 80' lang='lat' dir='ltr'><strong>sbi.</strong></span> <span class='ocrx_word' id='word_1_464' title='bbox 657 4606 695 4657; x_wconf 91' lang='lat' dir='ltr'><strong>Cl.</strong></span> <span class='ocrx_word' id='word_1_465' title='bbox 715 4606 739 4670; x_wconf 78' lang='lat' dir='ltr'><strong>S.</strong></span> <span class='ocrx_word' id='word_1_466' title='bbox 758 4607 798 4657; x_wconf 76' lang='lat'><strong>82.</strong></span> <span class='ocrx_word' id='word_1_467' title='bbox 818 4633 845 4643; x_wconf 93' lang='lat'><em>-</em></span> <span class='ocrx_word' id='word_1_468' title='bbox 863 4606 1006 4658; x_wconf 61' lang='lat' dir='ltr'><strong>batumum</strong></span> <span class='ocrx_word' id='word_1_469' title='bbox 1023 4621 1055 4659; x_wconf 87' lang='lat' dir='ltr'><strong>ex</strong></span> <span class='ocrx_word' id='word_1_470' title='bbox 1072 4622 1098 4658; x_wconf 91' lang='lat' dir='ltr'><strong>v.</strong></span> <span class='ocrx_word' id='word_1_471' title='bbox 1117 4621 1141 4659; x_wconf 88' lang='lat' dir='ltr'><strong>c.</strong></span> <span class='ocrx_word' id='word_1_472' title='bbox 1160 4604 1185 4660; x_wconf 79' lang='lat' dir='ltr'><strong>e.</strong></span> <span class='ocrx_word' id='word_1_473' title='bbox 1205 4634 1233 4645; x_wconf 92' lang='lat'>-</span> <span class='ocrx_word' id='word_1_474' title='bbox 1252 4607 1292 4658; x_wconf 93' lang='grc'><strong>43.</strong></span> <span class='ocrx_word' id='word_1_475' title='bbox 1311 4607 1443 4673; x_wconf 62' lang='lat' dir='ltr'><strong>Ulmus]</strong></span> <span class='ocrx_word' id='word_1_476' title='bbox 1461 4607 1498 4659; x_wconf 72' lang='grc' dir='ltr'><strong>α.</strong></span> <span class='ocrx_word' id='word_1_477' title='bbox 1512 4611 1613 4671; x_wconf 74' lang='lat' dir='ltr'><strong>poterut</strong></span> <span class='ocrx_word' id='word_1_478' title='bbox 1628 4605 1683 4657; x_wconf 87' lang='lat' dir='ltr'><strong>ST.</strong></span> <span class='ocrx_word' id='word_1_479' title='bbox 1703 4632 1731 4644; x_wconf 92' lang='lat'>-</span> <span class='ocrx_word' id='word_1_480' title='bbox 1795 4601 1799 4610; x_wconf 82' lang='lat'><em>&#39;</em></span> 
     </span>
     <span class='ocr_line' id='line_1_44' title="bbox 411 4675 1731 4747; baseline -0.002 -14"><span class='ocrx_word' id='word_1_481' title='bbox 411 4683 511 4733; x_wconf 63' lang='lat' dir='ltr'><strong>unos:</strong></span> <span class='ocrx_word' id='word_1_482' title='bbox 529 4683 560 4732; x_wconf 80' lang='lat' dir='ltr'><strong>r&#39;is</strong></span> <span class='ocrx_word' id='word_1_483' title='bbox 576 4683 635 4742; x_wconf 76' lang='lat' dir='ltr'><strong>S‘l&#39;3</strong></span> <span class='ocrx_word' id='word_1_484' title='bbox 660 4686 689 4730; x_wconf 81' lang='lat' dir='ltr'><strong>ut</strong></span> <span class='ocrx_word' id='word_1_485' title='bbox 705 4678 847 4733; x_wconf 70' lang='grc'><strong>444480.</strong></span> <span class='ocrx_word' id='word_1_486' title='bbox 868 4709 896 4719; x_wconf 88' lang='grc'><strong>-</strong></span> <span class='ocrx_word' id='word_1_487' title='bbox 923 4682 963 4734; x_wconf 89' lang='grc'><strong>44.</strong></span> <span class='ocrx_word' id='word_1_488' title='bbox 981 4695 1042 4733; x_wconf 79' lang='lat' dir='ltr'><strong>nom</strong></span> <span class='ocrx_word' id='word_1_489' title='bbox 1062 4675 1257 4746; x_wconf 79' lang='lat' dir='ltr'><strong>Pantagathus:</strong></span> <span class='ocrx_word' id='word_1_490' title='bbox 1283 4684 1336 4733; x_wconf 87' lang='lat' dir='ltr'><strong>tum</strong></span> <span class='ocrx_word' id='word_1_491' title='bbox 1352 4685 1443 4735; x_wconf 85' lang='lat' dir='ltr'><strong>ceteri.</strong></span> <span class='ocrx_word' id='word_1_492' title='bbox 1464 4711 1491 4722; x_wconf 93' lang='lat'><em>-</em></span> <span class='ocrx_word' id='word_1_493' title='bbox 1510 4683 1578 4747; x_wconf 78' lang='lat' dir='ltr'><strong>quid]</strong></span> <span class='ocrx_word' id='word_1_494' title='bbox 1595 4683 1661 4746; x_wconf 80' lang='lat' dir='ltr'><strong>quod</strong></span> <span class='ocrx_word' id='word_1_495' title='bbox 1676 4682 1731 4733; x_wconf 87' lang='lat' dir='ltr'><strong>S&#39;l.</strong></span> 
     </span>
     <span class='ocr_line' id='line_1_45' title="bbox 414 4752 1733 4822; baseline 0.001 -16"><span class='ocrx_word' id='word_1_496' title='bbox 414 4787 441 4795; x_wconf 94' lang='lat'>-</span> <span class='ocrx_word' id='word_1_497' title='bbox 460 4758 500 4807; x_wconf 87' lang='grc'><strong>40.</strong></span> <span class='ocrx_word' id='word_1_498' title='bbox 519 4758 615 4819; x_wconf 70' lang='grc' dir='ltr'><strong>(4οροο</strong></span> <span class='ocrx_word' id='word_1_499' title='bbox 632 4752 743 4807; x_wconf 78' lang='lat' dir='ltr'><strong>srLt:</strong></span> <span class='ocrx_word' id='word_1_500' title='bbox 766 4757 887 4818; x_wconf 76' lang='lat' dir='ltr'><strong>disputem</strong></span> <span class='ocrx_word' id='word_1_501' title='bbox 904 4757 990 4808; x_wconf 80' lang='lat' dir='ltr'><strong>RAO.</strong></span> <span class='ocrx_word' id='word_1_502' title='bbox 1010 4782 1037 4793; x_wconf 98' lang='lat'>-</span> <span class='ocrx_word' id='word_1_503' title='bbox 1056 4757 1098 4807; x_wconf 74' lang='lat'><strong>2⁰.</strong></span> <span class='ocrx_word' id='word_1_504' title='bbox 1116 4757 1191 4806; x_wconf 70' lang='lat' dir='ltr'><strong>otum</strong></span> <span class='ocrx_word' id='word_1_505' title='bbox 1208 4770 1261 4808; x_wconf 92' lang='lat' dir='ltr'><strong>om.</strong></span> <span class='ocrx_word' id='word_1_506' title='bbox 1278 4759 1312 4809; x_wconf 83' lang='lat' dir='ltr'><strong>bl.</strong></span> <span class='ocrx_word' id='word_1_507' title='bbox 1333 4758 1563 4822; x_wconf 63' lang='lat' dir='ltr'><strong>-sssen&#39;tslbh</strong></span> <span class='ocrx_word' id='word_1_508' title='bbox 1581 4756 1733 4818; x_wconf 62' lang='lat' dir='ltr'><strong>dutum</strong></span> 
     </span>
     <span class='ocr_line' id='line_1_46' title="bbox 412 4828 1729 4897; baseline -0.001 -14"><span class='ocrx_word' id='word_1_509' title='bbox 412 4828 551 4883; x_wconf 73' lang='grc'><strong>44430.</strong></span> <span class='ocrx_word' id='word_1_510' title='bbox 575 4829 614 4881; x_wconf 82' lang='lat' dir='ltr'><strong>ct.</strong></span> <span class='ocrx_word' id='word_1_511' title='bbox 633 4830 791 4895; x_wconf 75' lang='lat' dir='ltr'><strong>Madvigium</strong></span> <span class='ocrx_word' id='word_1_512' title='bbox 807 4829 824 4881; x_wconf 91' lang='lat' dir='ltr'><strong>l.</strong></span> <span class='ocrx_word' id='word_1_513' title='bbox 842 4830 859 4883; x_wconf 94' lang='grc'><strong>4.</strong></span> <span class='ocrx_word' id='word_1_514' title='bbox 878 4845 904 4897; x_wconf 90' lang='lat' dir='ltr'><strong>p.</strong></span> <span class='ocrx_word' id='word_1_515' title='bbox 923 4831 963 4883; x_wconf 86' lang='grc'><strong>40.</strong></span> <span class='ocrx_word' id='word_1_516' title='bbox 983 4859 1010 4869; x_wconf 92' lang='grc'><strong>-</strong></span> <span class='ocrx_word' id='word_1_517' title='bbox 1028 4831 1070 4881; x_wconf 74' lang='grc'><strong>44.</strong></span> <span class='ocrx_word' id='word_1_518' title='bbox 1087 4832 1190 4881; x_wconf 69' lang='grc' dir='ltr'><strong>κακίω</strong></span> <span class='ocrx_word' id='word_1_519' title='bbox 1205 4832 1235 4882; x_wconf 85' lang='lat' dir='ltr'><strong>S:</strong></span> <span class='ocrx_word' id='word_1_520' title='bbox 1253 4832 1376 4882; x_wconf 65' lang='lat' dir='ltr'><strong>mactra</strong></span> <span class='ocrx_word' id='word_1_521' title='bbox 1392 4829 1508 4890; x_wconf 68' lang='lat' dir='ltr'><strong>sitm</strong></span> <span class='ocrx_word' id='word_1_522' title='bbox 1526 4832 1591 4883; x_wconf 85' lang='lat' dir='ltr'><strong>item</strong></span> <span class='ocrx_word' id='word_1_523' title='bbox 1607 4829 1687 4882; x_wconf 64' lang='lat' dir='ltr'><strong>ml.</strong></span> <span class='ocrx_word' id='word_1_524' title='bbox 1701 4858 1729 4869; x_wconf 93' lang='lat'>-</span> 
     </span>
     <span class='ocr_line' id='line_1_47' title="bbox 411 4903 1732 4971; baseline -0.002 -13"><span class='ocrx_word' id='word_1_525' title='bbox 411 4908 452 4958; x_wconf 72' lang='grc'><strong>30.</strong></span> <span class='ocrx_word' id='word_1_526' title='bbox 470 4907 642 4970; x_wconf 65' lang='lat' dir='ltr'><strong>quobcgiotc</strong></span> <span class='ocrx_word' id='word_1_527' title='bbox 657 4907 714 4957; x_wconf 85' lang='lat' dir='ltr'><strong>ST:</strong></span> <span class='ocrx_word' id='word_1_528' title='bbox 732 4911 757 4957; x_wconf 84' lang='lat' dir='ltr'><strong>st</strong></span> <span class='ocrx_word' id='word_1_529' title='bbox 772 4907 944 4971; x_wconf 58' lang='lat' dir='ltr'><strong>quadremus</strong></span> <span class='ocrx_word' id='word_1_530' title='bbox 960 4905 1103 4960; x_wconf 70' lang='grc'><strong>4444480.</strong></span> <span class='ocrx_word' id='word_1_531' title='bbox 1120 4934 1148 4945; x_wconf 92' lang='grc'>-</span> <span class='ocrx_word' id='word_1_532' title='bbox 1166 4906 1207 4957; x_wconf 78' lang='lat'><strong>23.</strong></span> <span class='ocrx_word' id='word_1_533' title='bbox 1224 4907 1331 4957; x_wconf 74' lang='lat' dir='ltr'><strong>astutum</strong></span> <span class='ocrx_word' id='word_1_534' title='bbox 1346 4908 1452 4958; x_wconf 70' lang='lat' dir='ltr'><strong>coemto</strong></span> <span class='ocrx_word' id='word_1_535' title='bbox 1469 4919 1522 4970; x_wconf 79' lang='lat' dir='ltr'><strong>mg.</strong></span> <span class='ocrx_word' id='word_1_536' title='bbox 1540 4903 1567 4960; x_wconf 69' lang='lat'><strong>2.</strong></span> <span class='ocrx_word' id='word_1_537' title='bbox 1587 4932 1615 4943; x_wconf 95' lang='lat'><em>-</em></span> <span class='ocrx_word' id='word_1_538' title='bbox 1633 4903 1674 4956; x_wconf 75' lang='grc'><strong>34.</strong></span> <span class='ocrx_word' id='word_1_539' title='bbox 1692 4906 1732 4955; x_wconf 76' lang='lat' dir='ltr'><strong>ets</strong></span> 
     </span>
     <span class='ocr_line' id='line_1_48' title="bbox 411 4979 1730 5046; baseline -0.003 -13"><span class='ocrx_word' id='word_1_540' title='bbox 411 4983 469 5033; x_wconf 86' lang='grc'><strong>4.0.</strong></span> <span class='ocrx_word' id='word_1_541' title='bbox 490 5008 517 5017; x_wconf 92' lang='grc'>-</span> <span class='ocrx_word' id='word_1_542' title='bbox 541 4980 714 5046; x_wconf 59' lang='lat' dir='ltr'><strong>androgeno]</strong></span> <span class='ocrx_word' id='word_1_543' title='bbox 731 4981 814 5032; x_wconf 78' lang='lat' dir='ltr'><em>DCXL</em></span> <span class='ocrx_word' id='word_1_544' title='bbox 831 4980 886 5035; x_wconf 62' lang='lat' dir='ltr'><strong>Li.</strong></span> <span class='ocrx_word' id='word_1_545' title='bbox 907 5008 934 5019; x_wconf 96' lang='lat'><em>-</em></span> <span class='ocrx_word' id='word_1_546' title='bbox 951 4983 1022 5032; x_wconf 73' lang='lat' dir='ltr'><strong>mdia</strong></span> <span class='ocrx_word' id='word_1_547' title='bbox 1039 4983 1098 5032; x_wconf 83' lang='lat' dir='ltr'><strong>ST:</strong></span> <span class='ocrx_word' id='word_1_548' title='bbox 1119 4982 1199 5032; x_wconf 77' lang='lat' dir='ltr'><strong>millia</strong></span> <span class='ocrx_word' id='word_1_549' title='bbox 1214 4979 1498 5036; x_wconf 65' lang='lat' dir='ltr'><strong>nmmltabsso.</strong></span> <span class='ocrx_word' id='word_1_550' title='bbox 1513 5007 1541 5017; x_wconf 94' lang='lat'>-</span> <span class='ocrx_word' id='word_1_551' title='bbox 1559 4980 1601 5030; x_wconf 74' lang='grc'><strong>30.</strong></span> <span class='ocrx_word' id='word_1_552' title='bbox 1618 4980 1667 5029; x_wconf 80' lang='lat' dir='ltr'><strong>istu</strong></span> <span class='ocrx_word' id='word_1_553' title='bbox 1681 4979 1730 5045; x_wconf 83' lang='lat' dir='ltr'><strong>rar]</strong></span> 
     </span>
     <span class='ocr_line' id='line_1_49' title="bbox 412 5053 1731 5122; baseline 0.001 -19"><span class='ocrx_word' id='word_1_554' title='bbox 412 5056 495 5117; x_wconf 74' lang='lat' dir='ltr'><strong>«Quid</strong></span> <span class='ocrx_word' id='word_1_555' title='bbox 512 5057 579 5107; x_wconf 88' lang='lat' dir='ltr'><strong>baec</strong></span> <span class='ocrx_word' id='word_1_556' title='bbox 595 5053 722 5107; x_wconf 86' lang='lat' dir='ltr'><strong>attinebat</strong></span> <span class='ocrx_word' id='word_1_557' title='bbox 738 5060 791 5107; x_wconf 87' lang='lat' dir='ltr'><strong>tam</strong></span> <span class='ocrx_word' id='word_1_558' title='bbox 805 5056 925 5122; x_wconf 80' lang='lat' dir='ltr'><strong>proxime</strong></span> <span class='ocrx_word' id='word_1_559' title='bbox 935 5057 1050 5108; x_wconf 75' lang='lat' dir='ltr'><strong>iteraret</strong></span> <span class='ocrx_word' id='word_1_560' title='bbox 1067 5069 1195 5121; x_wconf 85' lang='lat' dir='ltr'><strong>parumne</strong></span> <span class='ocrx_word' id='word_1_561' title='bbox 1206 5059 1334 5120; x_wconf 85' lang='lat' dir='ltr'><strong>reguntur</strong></span> <span class='ocrx_word' id='word_1_562' title='bbox 1344 5057 1431 5108; x_wconf 88' lang='lat' dir='ltr'><strong>omnia</strong></span> <span class='ocrx_word' id='word_1_563' title='bbox 1446 5056 1480 5106; x_wconf 90' lang='lat' dir='ltr'><strong>ab</strong></span> <span class='ocrx_word' id='word_1_564' title='bbox 1497 5058 1558 5107; x_wconf 84' lang='lat' dir='ltr'><strong>ante</strong></span> <span class='ocrx_word' id='word_1_565' title='bbox 1575 5055 1666 5120; x_wconf 88' lang='lat' dir='ltr'><strong>positis</strong></span> <span class='ocrx_word' id='word_1_566' title='bbox 1681 5055 1731 5105; x_wconf 78' lang='lat' dir='ltr'><strong>tcta</strong></span> 
     </span>
     <span class='ocr_line' id='line_1_50' title="bbox 411 5130 1729 5196; baseline 0.002 -17"><span class='ocrx_word' id='word_1_567' title='bbox 411 5133 466 5193; x_wconf 74' lang='lat' dir='ltr'><strong>ipsa</strong></span> <span class='ocrx_word' id='word_1_568' title='bbox 481 5131 542 5180; x_wconf 83' lang='lat' dir='ltr'><strong>res‘l</strong></span> <span class='ocrx_word' id='word_1_569' title='bbox 562 5130 609 5180; x_wconf 84' lang='lat' dir='ltr'><strong>Vix</strong></span> <span class='ocrx_word' id='word_1_570' title='bbox 626 5131 704 5195; x_wconf 86' lang='lat' dir='ltr'><strong>igitur</strong></span> <span class='ocrx_word' id='word_1_571' title='bbox 719 5133 783 5196; x_wconf 86' lang='lat' dir='ltr'><strong>pulo</strong></span> <span class='ocrx_word' id='word_1_572' title='bbox 799 5145 814 5182; x_wconf 90' lang='lat' dir='ltr'><strong>a</strong></span> <span class='ocrx_word' id='word_1_573' title='bbox 831 5130 913 5184; x_wconf 82' lang='lat' dir='ltr'><strong>Tullio</strong></span> <span class='ocrx_word' id='word_1_574' title='bbox 930 5144 1016 5183; x_wconf 81' lang='lat' dir='ltr'><strong>esse·</strong></span> <span class='ocrx_word' id='word_1_575' title='bbox 1034 5134 1096 5183; x_wconf 83' lang='lat' dir='ltr'><strong>Gan.</strong></span> <span class='ocrx_word' id='word_1_576' title='bbox 1113 5131 1139 5182; x_wconf 70' lang='grc' dir='ltr'><strong>Ξ.</strong></span> <span class='ocrx_word' id='word_1_577' title='bbox 1163 5159 1191 5169; x_wconf 92' lang='grc'><strong>-</strong></span> <span class='ocrx_word' id='word_1_578' title='bbox 1217 5132 1258 5182; x_wconf 87' lang='grc'><strong>34.</strong></span> <span class='ocrx_word' id='word_1_579' title='bbox 1275 5133 1325 5183; x_wconf 80' lang='lat' dir='ltr'><strong>lato</strong></span> <span class='ocrx_word' id='word_1_580' title='bbox 1339 5133 1419 5182; x_wconf 81' lang='lat' dir='ltr'><strong>multu</strong></span> <span class='ocrx_word' id='word_1_581' title='bbox 1435 5133 1494 5183; x_wconf 77' lang='lat' dir='ltr'><strong>ST:</strong></span> <span class='ocrx_word' id='word_1_582' title='bbox 1517 5131 1598 5182; x_wconf 82' lang='lat' dir='ltr'><strong>osultu</strong></span> <span class='ocrx_word' id='word_1_583' title='bbox 1612 5131 1662 5181; x_wconf 77' lang='lat' dir='ltr'><strong>lato</strong></span> <span class='ocrx_word' id='word_1_584' title='bbox 1677 5130 1729 5182; x_wconf 87' lang='lat' dir='ltr'><strong>Fll</strong></span> 
     </span>
     <span class='ocr_line' id='line_1_51' title="bbox 411 5203 1729 5273; baseline 0 -17"><span class='ocrx_word' id='word_1_585' title='bbox 411 5203 525 5258; x_wconf 72' lang='grc'><strong>4480.</strong></span> <span class='ocrx_word' id='word_1_586' title='bbox 544 5208 572 5242; x_wconf 90' lang='grc'><strong>’-</strong></span> <span class='ocrx_word' id='word_1_587' title='bbox 597 5205 637 5256; x_wconf 73' lang='grc'><strong>33.</strong></span> <span class='ocrx_word' id='word_1_588' title='bbox 657 5205 731 5257; x_wconf 76' lang='lat' dir='ltr'><strong>«tort</strong></span> <span class='ocrx_word' id='word_1_589' title='bbox 749 5205 916 5269; x_wconf 69' lang='lat' dir='ltr'><strong>carlomani·</strong></span> <span class='ocrx_word' id='word_1_590' title='bbox 936 5219 989 5270; x_wconf 79' lang='lat' dir='ltr'><strong>mg.</strong></span> <span class='ocrx_word' id='word_1_591' title='bbox 1001 5204 1028 5261; x_wconf 73' lang='grc'><strong>8.</strong></span> <span class='ocrx_word' id='word_1_592' title='bbox 1043 5231 1071 5244; x_wconf 97' lang='grc'><strong>-</strong></span> <span class='ocrx_word' id='word_1_593' title='bbox 1089 5204 1130 5256; x_wconf 84' lang='grc'><strong>33.</strong></span> <span class='ocrx_word' id='word_1_594' title='bbox 1148 5204 1201 5273; x_wconf 79' lang='lat' dir='ltr'><strong>out]</strong></span> <span class='ocrx_word' id='word_1_595' title='bbox 1215 5208 1311 5271; x_wconf 75' lang='lat' dir='ltr'><strong>purtim</strong></span> <span class='ocrx_word' id='word_1_596' title='bbox 1327 5212 1411 5258; x_wconf 67' lang='lat' dir='ltr'><strong>oetan</strong></span> <span class='ocrx_word' id='word_1_597' title='bbox 1426 5207 1481 5258; x_wconf 76' lang='lat' dir='ltr'><strong>S&#39;l&#39;.</strong></span> <span class='ocrx_word' id='word_1_598' title='bbox 1501 5232 1529 5244; x_wconf 93' lang='lat'><em>-</em></span> <span class='ocrx_word' id='word_1_599' title='bbox 1546 5205 1588 5258; x_wconf 86' lang='grc'><strong>34.</strong></span> <span class='ocrx_word' id='word_1_600' title='bbox 1606 5206 1729 5270; x_wconf 67' lang='lat' dir='ltr'><strong>dtmrpto·</strong></span> 
     </span>
     <span class='ocr_line' id='line_1_52' title="bbox 413 5279 1162 5349; baseline -0.001 -16"><span class='ocrx_word' id='word_1_601' title='bbox 413 5281 474 5333; x_wconf 73' lang='grc' dir='ltr'><strong>ιὸοεε·</strong></span> <span class='ocrx_word' id='word_1_602' title='bbox 489 5279 737 5349; x_wconf 56' lang='lat' dir='ltr'><strong>mrumst,</strong></span> <span class='ocrx_word' id='word_1_603' title='bbox 755 5281 804 5335; x_wconf 82' lang='lat' dir='ltr'><strong>sed</strong></span> <span class='ocrx_word' id='word_1_604' title='bbox 819 5280 948 5334; x_wconf 60' lang='lat' dir='ltr'><strong>emmiu</strong></span> <span class='ocrx_word' id='word_1_605' title='bbox 964 5282 982 5333; x_wconf 82' lang='lat' dir='ltr'><strong>S</strong></span> <span class='ocrx_word' id='word_1_606' title='bbox 997 5281 1162 5348; x_wconf 87' lang='lat' dir='ltr'><strong>punctatum.</strong></span> 
     </span>
    </p>
   </div>
   <div class='ocr_carea' id='block_1_4' title="bbox 0 0 2188 6104">
    <p class='ocr_par' dir='ltr' id='par_1_4' title="bbox 0 0 2188 6104">
     <span class='ocr_line' id='line_1_53' title="bbox 0 0 2188 6104; baseline 0 0"><span class='ocrx_word' id='word_1_607' title='bbox 0 0 2188 6104; x_wconf 95' lang='lat' dir='ltr'><strong> </strong></span> 
     </span>
    </p>
   </div>
  </div>
 </body>
</html>
