<?xml version="1.0" encoding="UTF-8"?>
<!DOCTYPE html PUBLIC "-//W3C//DTD XHTML 1.0 Transitional//EN"
    "http://www.w3.org/TR/xhtml1/DTD/xhtml1-transitional.dtd">
<html xmlns="http://www.w3.org/1999/xhtml" xml:lang="en" lang="en">
 <head>
  <title>
</title>
<meta http-equiv="Content-Type" content="text/html;charset=utf-8" />
  <meta name='ocr-system' content='tesseract 3.04.00' />
  <meta name='ocr-capabilities' content='ocr_page ocr_carea ocr_par ocr_line ocrx_word'/>
</head>
<body>
  <div class='ocr_page' id='page_1' title='image "./operaquaesupers02halmgoog_0502.png"; bbox 0 0 4367 6109; ppageno 0'>
   <div class='ocr_carea' id='block_1_1' title="bbox 448 564 1336 651">
    <p class='ocr_par' dir='ltr' id='par_1_1' title="bbox 448 564 1336 651">
     <span class='ocr_line' id='line_1_1' title="bbox 448 564 1336 651; baseline -0.001 -19"><span class='ocrx_word' id='word_1_1' title='bbox 448 565 510 632; x_wconf 78' lang='lat' dir='ltr'><strong>ssa</strong></span> <span class='ocrx_word' id='word_1_2' title='bbox 833 564 983 630; x_wconf 81' lang='lat' dir='ltr'><strong>omno</strong></span> <span class='ocrx_word' id='word_1_3' title='bbox 1004 566 1082 631; x_wconf 82' lang='lat' dir='ltr'><strong>nno</strong></span> <span class='ocrx_word' id='word_1_4' title='bbox 1105 565 1142 633; x_wconf 80' lang='lat' dir='ltr'><strong>a.</strong></span> <span class='ocrx_word' id='word_1_5' title='bbox 1164 566 1336 651; x_wconf 73' lang='lat' dir='ltr'><strong>amoma</strong></span> 
     </span>
    </p>
   </div>
   <div class='ocr_carea' id='block_1_2' title="bbox 412 735 1779 2885">
    <p class='ocr_par' dir='ltr' id='par_1_2' title="bbox 412 735 1779 2885">
     <span class='ocr_line' id='line_1_2' title="bbox 450 735 1779 823; baseline -0.004 -16"><span class='ocrx_word' id='word_1_6' title='bbox 450 738 678 823; x_wconf 78' lang='lat' dir='ltr'><strong>compluribus,</strong></span> <span class='ocrx_word' id='word_1_7' title='bbox 699 755 808 799; x_wconf 86' lang='lat' dir='ltr'><strong>verum</strong></span> <span class='ocrx_word' id='word_1_8' title='bbox 829 735 922 799; x_wconf 90' lang='lat' dir='ltr'><strong>etiam</strong></span> <span class='ocrx_word' id='word_1_9' title='bbox 943 756 1013 799; x_wconf 91' lang='lat' dir='ltr'><strong>cum</strong></span> <span class='ocrx_word' id='word_1_10' title='bbox 1035 736 1194 801; x_wconf 85' lang='lat' dir='ltr'><strong>advocatis</strong></span> <span class='ocrx_word' id='word_1_11' title='bbox 1215 737 1381 822; x_wconf 75' lang='lat' dir='ltr'><strong>perpaucis</strong></span> <span class='ocrx_word' id='word_1_12' title='bbox 1396 758 1435 802; x_wconf 93' lang='lat' dir='ltr'><strong>eo</strong></span> <span class='ocrx_word' id='word_1_13' title='bbox 1448 737 1573 804; x_wconf 78' lang='lat' dir='ltr'><strong>venisse</strong></span> <span class='ocrx_word' id='word_1_14' title='bbox 1588 739 1779 823; x_wconf 67' lang='lat' dir='ltr'><strong>mennam,</strong></span> 
     </span>
     <span class='ocr_line' id='line_1_3' title="bbox 449 824 1778 920; baseline -0.002 -21"><span class='ocrx_word' id='word_1_15' title='bbox 449 839 496 900; x_wconf 87' lang='lat' dir='ltr'><strong>De</strong></span> <span class='ocrx_word' id='word_1_16' title='bbox 516 834 577 897; x_wconf 91' lang='lat' dir='ltr'><strong>hoc</strong></span> <span class='ocrx_word' id='word_1_17' title='bbox 599 838 757 913; x_wconf 71' lang='lat' dir='ltr'><strong>ego&#39;teste</strong></span> <span class='ocrx_word' id='word_1_18' title='bbox 778 829 956 903; x_wconf 75' lang='lat' dir='ltr'>detraham,</span> <span class='ocrx_word' id='word_1_19' title='bbox 979 830 1029 892; x_wconf 90' lang='lat' dir='ltr'><strong>cni</strong></span> <span class='ocrx_word' id='word_1_20' title='bbox 1051 851 1152 914; x_wconf 89' lang='lat' dir='ltr'><strong>aeque</strong></span> <span class='ocrx_word' id='word_1_21' title='bbox 1174 851 1210 894; x_wconf 91' lang='lat' dir='ltr'><strong>ac</strong></span> <span class='ocrx_word' id='word_1_22' title='bbox 1233 852 1301 895; x_wconf 92' lang='lat' dir='ltr'><strong>meo</strong></span> <span class='ocrx_word' id='word_1_23' title='bbox 1323 833 1395 896; x_wconf 90' lang='lat' dir='ltr'><strong>testi</strong></span> <span class='ocrx_word' id='word_1_24' title='bbox 1409 841 1445 896; x_wconf 93' lang='lat' dir='ltr'><strong>ut</strong></span> <span class='ocrx_word' id='word_1_25' title='bbox 1458 833 1593 898; x_wconf 88' lang='lat' dir='ltr'><strong>credatis</strong></span> <span class='ocrx_word' id='word_1_26' title='bbox 1615 824 1778 920; x_wconf 63' lang='lat' dir='ltr'><strong>postulo&#39;t</strong></span> 
     </span>
     <span class='ocr_line' id='line_1_4' title="bbox 450 924 1778 1008; baseline -0.002 -15"><span class='ocrx_word' id='word_1_27' title='bbox 450 933 490 993; x_wconf 86' lang='lat' dir='ltr'><strong>X.</strong></span> <span class='ocrx_word' id='word_1_28' title='bbox 512 930 545 990; x_wconf 88' lang='lat' dir='ltr'><strong>P.</strong></span> <span class='ocrx_word' id='word_1_29' title='bbox 567 925 730 990; x_wconf 83' lang='lat' dir='ltr'><strong>Memmius</strong></span> <span class='ocrx_word' id='word_1_30' title='bbox 752 930 878 987; x_wconf 88' lang='lat' dir='ltr'><strong>secutus</strong></span> <span class='ocrx_word' id='word_1_31' title='bbox 900 929 963 997; x_wconf 91' lang='lat' dir='ltr'><strong>est,</strong></span> <span class='ocrx_word' id='word_1_32' title='bbox 991 925 1046 1007; x_wconf 92' lang='lat' dir='ltr'><strong>qui</strong></span> <span class='ocrx_word' id='word_1_33' title='bbox 1067 945 1159 987; x_wconf 90' lang='lat' dir='ltr'><strong>suum</strong></span> <span class='ocrx_word' id='word_1_34' title='bbox 1180 945 1245 988; x_wconf 94' lang='lat' dir='ltr'><strong>non</strong></span> <span class='ocrx_word' id='word_1_35' title='bbox 1266 945 1397 1008; x_wconf 83' lang='lat' dir='ltr'><strong>parvum</strong></span> <span class='ocrx_word' id='word_1_36' title='bbox 1417 924 1605 992; x_wconf 85' lang='lat' dir='ltr'><strong>beneficium</strong></span> <span class='ocrx_word' id='word_1_37' title='bbox 1627 947 1778 992; x_wconf 92' lang='lat' dir='ltr'><strong>comme-</strong></span> 
     </span>
     <span class='ocr_line' id='line_1_5' title="bbox 450 1018 1776 1102; baseline -0.001 -15"><span class='ocrx_word' id='word_1_38' title='bbox 450 1021 582 1087; x_wconf 81' lang='lat' dir='ltr'><strong>moravit</strong></span> <span class='ocrx_word' id='word_1_39' title='bbox 608 1021 641 1082; x_wconf 95' lang='lat' dir='ltr'><strong>in</strong></span> <span class='ocrx_word' id='word_1_40' title='bbox 670 1019 788 1082; x_wconf 88' lang='lat' dir='ltr'><strong>amicos</strong></span> <span class='ocrx_word' id='word_1_41' title='bbox 818 1019 988 1092; x_wconf 83' lang='lat' dir='ltr'><strong>Caecinae,</strong></span> <span class='ocrx_word' id='word_1_42' title='bbox 1017 1018 1133 1102; x_wconf 88' lang='lat' dir='ltr'><strong>quibus</strong></span> <span class='ocrx_word' id='word_1_43' title='bbox 1162 1038 1231 1082; x_wconf 90' lang='lat' dir='ltr'><strong>sese</strong></span> <span class='ocrx_word' id='word_1_44' title='bbox 1252 1019 1333 1081; x_wconf 82' lang='lat' dir='ltr'><strong>viam</strong></span> <span class='ocrx_word' id='word_1_45' title='bbox 1357 1039 1414 1102; x_wconf 93' lang='lat' dir='ltr'><strong>per</strong></span> <span class='ocrx_word' id='word_1_46' title='bbox 1433 1019 1538 1084; x_wconf 78' lang='lat' dir='ltr'><strong>fratris</strong></span> <span class='ocrx_word' id='word_1_47' title='bbox 1560 1023 1610 1086; x_wconf 89' lang='lat' dir='ltr'><strong>sui</strong></span> <span class='ocrx_word' id='word_1_48' title='bbox 1630 1022 1776 1086; x_wconf 83' lang='lat' dir='ltr'><strong>fundnm</strong></span> 
     </span>
     <span class='ocr_line' id='line_1_6' title="bbox 424 1114 1775 1201; baseline -0.002 -18"><span class='ocrx_word' id='word_1_49' title='bbox 424 1118 575 1184; x_wconf 85' lang='lat' dir='ltr'><strong>ededisse</strong></span> <span class='ocrx_word' id='word_1_50' title='bbox 597 1114 693 1187; x_wconf 86' lang='lat' dir='ltr'><strong>dixit,</strong></span> <span class='ocrx_word' id='word_1_51' title='bbox 724 1133 785 1197; x_wconf 90' lang='lat' dir='ltr'><strong>qua</strong></span> <span class='ocrx_word' id='word_1_52' title='bbox 808 1114 944 1195; x_wconf 81' lang='lat' dir='ltr'><strong>elingere</strong></span> <span class='ocrx_word' id='word_1_53' title='bbox 964 1120 1108 1197; x_wconf 89' lang='lat' dir='ltr'><strong>possent,</strong></span> <span class='ocrx_word' id='word_1_54' title='bbox 1136 1133 1206 1175; x_wconf 90' lang='lat' dir='ltr'><strong>cum</strong></span> <span class='ocrx_word' id='word_1_55' title='bbox 1235 1120 1340 1174; x_wconf 90' lang='lat' dir='ltr'><strong>essent</strong></span> <span class='ocrx_word' id='word_1_56' title='bbox 1361 1133 1469 1177; x_wconf 92' lang='lat' dir='ltr'><strong>omnes</strong></span> <span class='ocrx_word' id='word_1_57' title='bbox 1492 1123 1577 1180; x_wconf 90' lang='lat' dir='ltr'><strong>metu</strong></span> <span class='ocrx_word' id='word_1_58' title='bbox 1598 1117 1775 1201; x_wconf 77' lang='lat' dir='ltr'><strong>perterriti.</strong></span> 
     </span>
     <span class='ocr_line' id='line_1_7' title="bbox 448 1205 1776 1293; baseline -0.002 -19"><span class='ocrx_word' id='word_1_59' title='bbox 448 1211 530 1274; x_wconf 88' lang='lat' dir='ltr'><strong>Huic</strong></span> <span class='ocrx_word' id='word_1_60' title='bbox 552 1229 610 1291; x_wconf 81' lang='lat' dir='ltr'><strong>ego</strong></span> <span class='ocrx_word' id='word_1_61' title='bbox 632 1209 703 1270; x_wconf 91' lang='lat' dir='ltr'><strong>testi</strong></span> <span class='ocrx_word' id='word_1_62' title='bbox 724 1208 839 1289; x_wconf 77' lang='lat' dir='ltr'><strong>gratias</strong></span> <span class='ocrx_word' id='word_1_63' title='bbox 861 1226 966 1288; x_wconf 77' lang='lat' dir='ltr'><strong>aqam,</strong></span> <span class='ocrx_word' id='word_1_64' title='bbox 997 1206 1083 1289; x_wconf 93' lang='lat' dir='ltr'><strong>quod</strong></span> <span class='ocrx_word' id='word_1_65' title='bbox 1105 1212 1137 1268; x_wconf 91' lang='lat' dir='ltr'><strong>et</strong></span> <span class='ocrx_word' id='word_1_66' title='bbox 1162 1206 1195 1268; x_wconf 95' lang='lat' dir='ltr'><strong>in</strong></span> <span class='ocrx_word' id='word_1_67' title='bbox 1217 1226 1250 1268; x_wconf 90' lang='lat' dir='ltr'><strong>re</strong></span> <span class='ocrx_word' id='word_1_68' title='bbox 1272 1205 1506 1269; x_wconf 85' lang='lat' dir='ltr'><strong>misericordem</strong></span> <span class='ocrx_word' id='word_1_69' title='bbox 1527 1228 1562 1273; x_wconf 90' lang='lat' dir='ltr'><strong>se</strong></span> <span class='ocrx_word' id='word_1_70' title='bbox 1583 1210 1776 1293; x_wconf 86' lang='lat' dir='ltr'><strong>praebuerit</strong></span> 
     </span>
     <span class='ocr_line' id='line_1_8' title="bbox 450 1296 1776 1383; baseline -0.003 -13"><span class='ocrx_word' id='word_1_71' title='bbox 450 1313 481 1371; x_wconf 91' lang='lat' dir='ltr'><strong>et</strong></span> <span class='ocrx_word' id='word_1_72' title='bbox 508 1307 539 1368; x_wconf 92' lang='lat' dir='ltr'><strong>in</strong></span> <span class='ocrx_word' id='word_1_73' title='bbox 566 1301 745 1367; x_wconf 92' lang='lat' dir='ltr'><strong>testimonio</strong></span> <span class='ocrx_word' id='word_1_74' title='bbox 775 1301 964 1383; x_wconf 81' lang='lat' dir='ltr'><strong>religiosum.</strong></span> <span class='ocrx_word' id='word_1_75' title='bbox 1008 1296 1058 1361; x_wconf 70' lang='lat'><strong>27.</strong></span> <span class='ocrx_word' id='word_1_76' title='bbox 1080 1302 1117 1361; x_wconf 81' lang='lat' dir='ltr'><strong>A.</strong></span> <span class='ocrx_word' id='word_1_77' title='bbox 1139 1299 1254 1363; x_wconf 84' lang='lat' dir='ltr'><strong>dtilius</strong></span> <span class='ocrx_word' id='word_1_78' title='bbox 1283 1300 1406 1362; x_wconf 91' lang='lat' dir='ltr'><strong>eteius</strong></span> <span class='ocrx_word' id='word_1_79' title='bbox 1432 1301 1776 1367; x_wconf 68' lang='lat' dir='ltr'><strong>transmandaret</strong></span> 
     </span>
     <span class='ocr_line' id='line_1_9' title="bbox 449 1392 1775 1471; baseline -0.001 -6"><span class='ocrx_word' id='word_1_80' title='bbox 449 1405 583 1465; x_wconf 85' lang='lat' dir='ltr'><strong>armatos</strong></span> <span class='ocrx_word' id='word_1_81' title='bbox 606 1396 648 1459; x_wconf 90' lang='lat' dir='ltr'><strong>ibi</strong></span> <span class='ocrx_word' id='word_1_82' title='bbox 669 1394 767 1457; x_wconf 85' lang='lat' dir='ltr'><strong>luisse</strong></span> <span class='ocrx_word' id='word_1_83' title='bbox 790 1403 876 1456; x_wconf 89' lang='lat' dir='ltr'><strong>etse</strong></span> <span class='ocrx_word' id='word_1_84' title='bbox 899 1413 974 1456; x_wconf 89' lang='lat' dir='ltr'><strong>suos</strong></span> <span class='ocrx_word' id='word_1_85' title='bbox 996 1412 1104 1456; x_wconf 89' lang='lat' dir='ltr'><strong>servos</strong></span> <span class='ocrx_word' id='word_1_86' title='bbox 1126 1392 1296 1456; x_wconf 89' lang='lat' dir='ltr'><strong>adduxisse</strong></span> <span class='ocrx_word' id='word_1_87' title='bbox 1319 1394 1483 1471; x_wconf 91' lang='lat' dir='ltr'><strong>dixerunt;</strong></span> <span class='ocrx_word' id='word_1_88' title='bbox 1505 1399 1599 1461; x_wconf 91' lang='lat' dir='ltr'><strong>etiam</strong></span> <span class='ocrx_word' id='word_1_89' title='bbox 1620 1400 1683 1463; x_wconf 92' lang='lat' dir='ltr'><strong>hoc</strong></span> <span class='ocrx_word' id='word_1_90' title='bbox 1701 1420 1775 1463; x_wconf 92' lang='lat' dir='ltr'><strong>am·</strong></span> 
     </span>
     <span class='ocr_line' id='line_1_10' title="bbox 448 1486 1775 1578; baseline 0 -22"><span class='ocrx_word' id='word_1_91' title='bbox 448 1494 549 1578; x_wconf 87' lang='lat' dir='ltr'><strong>plius:</strong></span> <span class='ocrx_word' id='word_1_92' title='bbox 570 1511 640 1553; x_wconf 92' lang='lat' dir='ltr'><strong>cum</strong></span> <span class='ocrx_word' id='word_1_93' title='bbox 660 1488 813 1551; x_wconf 82' lang='lat' dir='ltr'><strong>Aebutius</strong></span> <span class='ocrx_word' id='word_1_94' title='bbox 836 1488 988 1550; x_wconf 91' lang='lat' dir='ltr'><strong>Caecinae</strong></span> <span class='ocrx_word' id='word_1_95' title='bbox 1009 1486 1124 1549; x_wconf 90' lang='lat' dir='ltr'><strong>malum</strong></span> <span class='ocrx_word' id='word_1_96' title='bbox 1147 1487 1332 1561; x_wconf 88' lang='lat' dir='ltr'><strong>minaretur,</strong></span> <span class='ocrx_word' id='word_1_97' title='bbox 1358 1488 1418 1552; x_wconf 91' lang='lat' dir='ltr'><strong>hoc</strong></span> <span class='ocrx_word' id='word_1_98' title='bbox 1441 1497 1489 1553; x_wconf 92' lang='lat' dir='ltr'><strong>est</strong></span> <span class='ocrx_word' id='word_1_99' title='bbox 1510 1501 1643 1557; x_wconf 90' lang='lat' dir='ltr'><strong>mortem</strong></span> <span class='ocrx_word' id='word_1_100' title='bbox 1666 1494 1775 1557; x_wconf 90' lang='lat' dir='ltr'><strong>mina·</strong></span> 
     </span>
     <span class='ocr_line' id='line_1_11' title="bbox 412 1581 1772 1665; baseline -0.001 -15"><span class='ocrx_word' id='word_1_101' title='bbox 412 1594 545 1658; x_wconf 82' lang='lat' dir='ltr'><strong>teretur,</strong></span> <span class='ocrx_word' id='word_1_102' title='bbox 568 1584 610 1647; x_wconf 93' lang='lat' dir='ltr'><strong>ibi</strong></span> <span class='ocrx_word' id='word_1_103' title='bbox 632 1590 697 1646; x_wconf 89' lang='lat' dir='ltr'><strong>tum</strong></span> <span class='ocrx_word' id='word_1_104' title='bbox 713 1582 877 1645; x_wconf 84' lang='lat' dir='ltr'><strong>Caecinam</strong></span> <span class='ocrx_word' id='word_1_105' title='bbox 897 1581 1087 1665; x_wconf 86' lang='lat' dir='ltr'><strong>postulasse,</strong></span> <span class='ocrx_word' id='word_1_106' title='bbox 1112 1590 1145 1643; x_wconf 92' lang='lat' dir='ltr'><strong>ut</strong></span> <span class='ocrx_word' id='word_1_107' title='bbox 1159 1581 1299 1644; x_wconf 88' lang='lat' dir='ltr'><strong>moribus</strong></span> <span class='ocrx_word' id='word_1_108' title='bbox 1314 1582 1461 1646; x_wconf 91' lang='lat' dir='ltr'><strong>deductio</strong></span> <span class='ocrx_word' id='word_1_109' title='bbox 1477 1581 1575 1649; x_wconf 87' lang='lat' dir='ltr'><strong>tieret.</strong></span> <span class='ocrx_word' id='word_1_110' title='bbox 1596 1587 1665 1651; x_wconf 88' lang='lat' dir='ltr'><strong>lloc</strong></span> <span class='ocrx_word' id='word_1_111' title='bbox 1679 1586 1772 1650; x_wconf 90' lang='lat' dir='ltr'><strong>idem</strong></span> 
     </span>
     <span class='ocr_line' id='line_1_12' title="bbox 448 1675 1774 1759; baseline -0.001 -15"><span class='ocrx_word' id='word_1_112' title='bbox 448 1683 482 1744; x_wconf 90' lang='lat' dir='ltr'><strong>P.</strong></span> <span class='ocrx_word' id='word_1_113' title='bbox 503 1679 638 1742; x_wconf 85' lang='lat' dir='ltr'><strong>Rutilius</strong></span> <span class='ocrx_word' id='word_1_114' title='bbox 659 1677 755 1751; x_wconf 81' lang='lat' dir='ltr'><strong>dixit,</strong></span> <span class='ocrx_word' id='word_1_115' title='bbox 784 1684 815 1739; x_wconf 92' lang='lat' dir='ltr'><strong>et</strong></span> <span class='ocrx_word' id='word_1_116' title='bbox 837 1696 875 1739; x_wconf 92' lang='lat' dir='ltr'><strong>eo</strong></span> <span class='ocrx_word' id='word_1_117' title='bbox 898 1675 1047 1739; x_wconf 90' lang='lat' dir='ltr'><strong>libentius</strong></span> <span class='ocrx_word' id='word_1_118' title='bbox 1070 1676 1166 1748; x_wconf 86' lang='lat' dir='ltr'><strong>dixit,</strong></span> <span class='ocrx_word' id='word_1_119' title='bbox 1200 1683 1235 1739; x_wconf 89' lang='lat' dir='ltr'><strong>ut</strong></span> <span class='ocrx_word' id='word_1_120' title='bbox 1255 1676 1363 1759; x_wconf 90' lang='lat' dir='ltr'><strong>aliquo</strong></span> <span class='ocrx_word' id='word_1_121' title='bbox 1389 1677 1422 1740; x_wconf 94' lang='lat' dir='ltr'><strong>in</strong></span> <span class='ocrx_word' id='word_1_122' title='bbox 1444 1678 1564 1744; x_wconf 92' lang='lat' dir='ltr'><strong>iudicio</strong></span> <span class='ocrx_word' id='word_1_123' title='bbox 1586 1681 1656 1743; x_wconf 91' lang='lat' dir='ltr'><strong>eius</strong></span> <span class='ocrx_word' id='word_1_124' title='bbox 1678 1681 1774 1743; x_wconf 89' lang='lat' dir='ltr'><strong>testi·</strong></span> 
     </span>
     <span class='ocr_line' id='line_1_13' title="bbox 449 1771 1772 1854; baseline 0.001 -16"><span class='ocrx_word' id='word_1_125' title='bbox 449 1774 555 1839; x_wconf 89' lang='lat' dir='ltr'><strong>monio</strong></span> <span class='ocrx_word' id='word_1_126' title='bbox 576 1773 728 1836; x_wconf 90' lang='lat' dir='ltr'><strong>creditum</strong></span> <span class='ocrx_word' id='word_1_127' title='bbox 749 1778 919 1854; x_wconf 89' lang='lat' dir='ltr'><strong>putaretur.</strong></span> <span class='ocrx_word' id='word_1_128' title='bbox 950 1773 1021 1833; x_wconf 85' lang='lat' dir='ltr'><strong>Duo</strong></span> <span class='ocrx_word' id='word_1_129' title='bbox 1043 1778 1207 1852; x_wconf 91' lang='lat' dir='ltr'><strong>praeterea</strong></span> <span class='ocrx_word' id='word_1_130' title='bbox 1226 1777 1321 1833; x_wconf 90' lang='lat' dir='ltr'><strong>testes</strong></span> <span class='ocrx_word' id='word_1_131' title='bbox 1350 1771 1430 1833; x_wconf 91' lang='lat' dir='ltr'><strong>nibil</strong></span> <span class='ocrx_word' id='word_1_132' title='bbox 1452 1771 1491 1835; x_wconf 91' lang='lat' dir='ltr'><strong>de</strong></span> <span class='ocrx_word' id='word_1_133' title='bbox 1513 1773 1561 1848; x_wconf 84' lang='lat' dir='ltr'><strong>vi,</strong></span> <span class='ocrx_word' id='word_1_134' title='bbox 1590 1776 1646 1838; x_wconf 89' lang='lat' dir='ltr'><strong>sed</strong></span> <span class='ocrx_word' id='word_1_135' title='bbox 1669 1773 1709 1836; x_wconf 90' lang='lat' dir='ltr'><strong>de</strong></span> <span class='ocrx_word' id='word_1_136' title='bbox 1733 1795 1772 1839; x_wconf 90' lang='lat' dir='ltr'><strong>re</strong></span> 
     </span>
     <span class='ocr_line' id='line_1_14' title="bbox 449 1863 1773 1950; baseline 0.002 -20"><span class='ocrx_word' id='word_1_137' title='bbox 449 1868 518 1950; x_wconf 91' lang='lat' dir='ltr'><strong>ipsa</strong></span> <span class='ocrx_word' id='word_1_138' title='bbox 538 1875 632 1950; x_wconf 89' lang='lat' dir='ltr'><strong>atque</strong></span> <span class='ocrx_word' id='word_1_139' title='bbox 653 1866 812 1949; x_wconf 90' lang='lat' dir='ltr'><strong>emptione</strong></span> <span class='ocrx_word' id='word_1_140' title='bbox 832 1863 923 1927; x_wconf 78' lang='lat' dir='ltr'><strong>fundi</strong></span> <span class='ocrx_word' id='word_1_141' title='bbox 944 1864 1111 1927; x_wconf 86' lang='lat' dir='ltr'><strong>dixerunt:</strong></span> <span class='ocrx_word' id='word_1_142' title='bbox 1140 1867 1174 1927; x_wconf 97' lang='lat' dir='ltr'><strong>P.</strong></span> <span class='ocrx_word' id='word_1_143' title='bbox 1197 1863 1407 1939; x_wconf 85' lang='lat' dir='ltr'><strong>Caesennius,</strong></span> <span class='ocrx_word' id='word_1_144' title='bbox 1435 1873 1542 1931; x_wconf 91' lang='lat' dir='ltr'><strong>auctor</strong></span> <span class='ocrx_word' id='word_1_145' title='bbox 1561 1868 1670 1944; x_wconf 82' lang='lat' dir='ltr'><strong>fundi,</strong></span> <span class='ocrx_word' id='word_1_146' title='bbox 1698 1889 1773 1932; x_wconf 89' lang='lat' dir='ltr'><strong>non</strong></span> 
     </span>
     <span class='ocr_line' id='line_1_15' title="bbox 448 1959 1771 2042; baseline 0.002 -17"><span class='ocrx_word' id='word_1_147' title='bbox 448 1970 511 2025; x_wconf 90' lang='lat' dir='ltr'><strong>tam</strong></span> <span class='ocrx_word' id='word_1_148' title='bbox 539 1961 720 2024; x_wconf 89' lang='lat' dir='ltr'><strong>auctoritate</strong></span> <span class='ocrx_word' id='word_1_149' title='bbox 747 1959 833 2042; x_wconf 77' lang='lat' dir='ltr'><strong>gravi</strong></span> <span class='ocrx_word' id='word_1_150' title='bbox 860 1978 955 2042; x_wconf 93' lang='lat' dir='ltr'><strong>qnam</strong></span> <span class='ocrx_word' id='word_1_151' title='bbox 984 1978 1132 2040; x_wconf 89' lang='lat' dir='ltr'><strong>corpore,</strong></span> <span class='ocrx_word' id='word_1_152' title='bbox 1161 1964 1193 2019; x_wconf 92' lang='lat' dir='ltr'><strong>et</strong></span> <span class='ocrx_word' id='word_1_153' title='bbox 1224 1961 1420 2041; x_wconf 78' lang='lat' dir='ltr'><strong>argentarius</strong></span> <span class='ocrx_word' id='word_1_154' title='bbox 1443 1962 1515 2024; x_wconf 87' lang='lat' dir='ltr'><strong>Sex.</strong></span> <span class='ocrx_word' id='word_1_155' title='bbox 1539 1962 1681 2038; x_wconf 85' lang='lat' dir='ltr'><strong>Clodius,</strong></span> <span class='ocrx_word' id='word_1_156' title='bbox 1713 1964 1771 2027; x_wconf 91' lang='lat' dir='ltr'><strong>cui</strong></span> 
     </span>
     <span class='ocr_line' id='line_1_16' title="bbox 412 2052 1771 2142; baseline 0 -22"><span class='ocrx_word' id='word_1_157' title='bbox 412 2072 441 2120; x_wconf 83' lang='lat' dir='ltr'><strong>ea</strong></span> <span class='ocrx_word' id='word_1_158' title='bbox 450 2076 623 2138; x_wconf 76' lang='lat' dir='ltr'><strong>cognomen</strong></span> <span class='ocrx_word' id='word_1_159' title='bbox 645 2061 694 2118; x_wconf 90' lang='lat' dir='ltr'><strong>est</strong></span> <span class='ocrx_word' id='word_1_160' title='bbox 713 2053 879 2126; x_wconf 89' lang='lat' dir='ltr'><strong>Phormio,</strong></span> <span class='ocrx_word' id='word_1_161' title='bbox 902 2073 960 2115; x_wconf 90' lang='lat' dir='ltr'><strong>nec</strong></span> <span class='ocrx_word' id='word_1_162' title='bbox 981 2053 1085 2115; x_wconf 91' lang='lat' dir='ltr'><strong>minus</strong></span> <span class='ocrx_word' id='word_1_163' title='bbox 1108 2053 1196 2135; x_wconf 79' lang='lat' dir='ltr'><strong>niger</strong></span> <span class='ocrx_word' id='word_1_164' title='bbox 1209 2073 1267 2115; x_wconf 91' lang='lat' dir='ltr'><strong>nec</strong></span> <span class='ocrx_word' id='word_1_165' title='bbox 1282 2055 1385 2117; x_wconf 89' lang='lat' dir='ltr'><strong>minus</strong></span> <span class='ocrx_word' id='word_1_166' title='bbox 1400 2052 1576 2132; x_wconf 89' lang='lat' dir='ltr'><strong>conlidens,</strong></span> <span class='ocrx_word' id='word_1_167' title='bbox 1599 2079 1695 2142; x_wconf 91' lang='lat' dir='ltr'><strong>quam</strong></span> <span class='ocrx_word' id='word_1_168' title='bbox 1710 2059 1771 2122; x_wconf 90' lang='lat' dir='ltr'><strong>ille</strong></span> 
     </span>
     <span class='ocr_line' id='line_1_17' title="bbox 449 2146 1769 2235; baseline -0.001 -22"><span class='ocrx_word' id='word_1_169' title='bbox 449 2150 655 2214; x_wconf 87' lang='lat' dir='ltr'><strong>Terentianus</strong></span> <span class='ocrx_word' id='word_1_170' title='bbox 678 2154 725 2211; x_wconf 90' lang='lat' dir='ltr'><strong>est</strong></span> <span class='ocrx_word' id='word_1_171' title='bbox 746 2147 906 2220; x_wconf 90' lang='lat' dir='ltr'><strong>Phormio,</strong></span> <span class='ocrx_word' id='word_1_172' title='bbox 928 2146 1006 2209; x_wconf 92' lang='lat' dir='ltr'><strong>nibil</strong></span> <span class='ocrx_word' id='word_1_173' title='bbox 1028 2146 1067 2208; x_wconf 92' lang='lat' dir='ltr'><strong>de</strong></span> <span class='ocrx_word' id='word_1_174' title='bbox 1088 2147 1120 2209; x_wconf 77' lang='lat' dir='ltr'><strong>vi</strong></span> <span class='ocrx_word' id='word_1_175' title='bbox 1140 2147 1304 2221; x_wconf 85' lang='lat' dir='ltr'><strong>dixerunt,</strong></span> <span class='ocrx_word' id='word_1_176' title='bbox 1326 2148 1406 2210; x_wconf 93' lang='lat' dir='ltr'><strong>nibil</strong></span> <span class='ocrx_word' id='word_1_177' title='bbox 1421 2158 1598 2233; x_wconf 90' lang='lat' dir='ltr'><strong>praeterea,</strong></span> <span class='ocrx_word' id='word_1_178' title='bbox 1621 2152 1708 2235; x_wconf 93' lang='lat' dir='ltr'><strong>quod</strong></span> <span class='ocrx_word' id='word_1_179' title='bbox 1724 2151 1769 2214; x_wconf 93' lang='lat' dir='ltr'><strong>ad</strong></span> 
     </span>
     <span class='ocr_line' id='line_1_18' title="bbox 448 2236 1772 2326; baseline 0 -18"><span class='ocrx_word' id='word_1_180' title='bbox 448 2251 586 2309; x_wconf 81' lang='lat' dir='ltr'><strong>vestrum</strong></span> <span class='ocrx_word' id='word_1_181' title='bbox 607 2241 756 2305; x_wconf 90' lang='lat' dir='ltr'><strong>iudicium</strong></span> <span class='ocrx_word' id='word_1_182' title='bbox 777 2242 955 2323; x_wconf 91' lang='lat' dir='ltr'><strong>pertineret.</strong></span> <span class='ocrx_word' id='word_1_183' title='bbox 999 2236 1049 2301; x_wconf 71' lang='lat'><strong>28.</strong></span> <span class='ocrx_word' id='word_1_184' title='bbox 1070 2240 1200 2302; x_wconf 91' lang='lat' dir='ltr'><strong>Decimo</strong></span> <span class='ocrx_word' id='word_1_185' title='bbox 1222 2261 1297 2303; x_wconf 87' lang='lat' dir='ltr'><strong>vero</strong></span> <span class='ocrx_word' id='word_1_186' title='bbox 1317 2240 1389 2303; x_wconf 93' lang='lat' dir='ltr'><strong>loco</strong></span> <span class='ocrx_word' id='word_1_187' title='bbox 1412 2244 1500 2305; x_wconf 90' lang='lat' dir='ltr'><strong>testis</strong></span> <span class='ocrx_word' id='word_1_188' title='bbox 1516 2252 1717 2326; x_wconf 88' lang='lat' dir='ltr'><strong>exspectatus</strong></span> <span class='ocrx_word' id='word_1_189' title='bbox 1734 2252 1772 2308; x_wconf 87' lang='lat' dir='ltr'><strong>et</strong></span> 
     </span>
     <span class='ocr_line' id='line_1_19' title="bbox 449 2334 1769 2420; baseline -0.001 -18"><span class='ocrx_word' id='word_1_190' title='bbox 449 2337 489 2402; x_wconf 93' lang='lat' dir='ltr'><strong>ad</strong></span> <span class='ocrx_word' id='word_1_191' title='bbox 510 2346 682 2401; x_wconf 88' lang='lat' dir='ltr'><strong>extremum</strong></span> <span class='ocrx_word' id='word_1_192' title='bbox 704 2341 879 2397; x_wconf 87' lang='lat' dir='ltr'><strong>reservatus</strong></span> <span class='ocrx_word' id='word_1_193' title='bbox 902 2334 998 2408; x_wconf 85' lang='lat' dir='ltr'><strong>dixit,</strong></span> <span class='ocrx_word' id='word_1_194' title='bbox 1021 2340 1147 2396; x_wconf 90' lang='lat' dir='ltr'><strong>senator</strong></span> <span class='ocrx_word' id='word_1_195' title='bbox 1167 2334 1279 2416; x_wconf 92' lang='lat' dir='ltr'><strong>populi</strong></span> <span class='ocrx_word' id='word_1_196' title='bbox 1294 2335 1440 2409; x_wconf 86' lang='lat' dir='ltr'><strong>Romani,</strong></span> <span class='ocrx_word' id='word_1_197' title='bbox 1462 2337 1612 2420; x_wconf 91' lang='lat' dir='ltr'><strong>splendor</strong></span> <span class='ocrx_word' id='word_1_198' title='bbox 1632 2339 1769 2415; x_wconf 89' lang='lat' dir='ltr'><strong>ordinis,</strong></span> 
     </span>
     <span class='ocr_line' id='line_1_20' title="bbox 450 2427 1770 2512; baseline 0.001 -18"><span class='ocrx_word' id='word_1_199' title='bbox 450 2432 544 2496; x_wconf 90' lang='lat' dir='ltr'><strong>decus</strong></span> <span class='ocrx_word' id='word_1_200' title='bbox 567 2437 661 2512; x_wconf 89' lang='lat' dir='ltr'><strong>atque</strong></span> <span class='ocrx_word' id='word_1_201' title='bbox 683 2435 900 2491; x_wconf 89' lang='lat' dir='ltr'><strong>ornamentum</strong></span> <span class='ocrx_word' id='word_1_202' title='bbox 922 2428 1126 2501; x_wconf 89' lang='lat' dir='ltr'><strong>iudiciorum,</strong></span> <span class='ocrx_word' id='word_1_203' title='bbox 1154 2427 1315 2509; x_wconf 86' lang='lat' dir='ltr'><strong>exemplar</strong></span> <span class='ocrx_word' id='word_1_204' title='bbox 1335 2429 1485 2512; x_wconf 90' lang='lat' dir='ltr'><strong>antiquae</strong></span> <span class='ocrx_word' id='word_1_205' title='bbox 1505 2431 1685 2512; x_wconf 79' lang='lat' dir='ltr'><strong>religionis,</strong></span> <span class='ocrx_word' id='word_1_206' title='bbox 1711 2433 1770 2495; x_wconf 86' lang='lat' dir='ltr'><strong>Fi-</strong></span> 
     </span>
     <span class='ocr_line' id='line_1_21' title="bbox 412 2521 1768 2605; baseline -0.001 -15"><span class='ocrx_word' id='word_1_207' title='bbox 412 2523 625 2590; x_wconf 77' lang='lat' dir='ltr'><strong>aodicnlanius</strong></span> <span class='ocrx_word' id='word_1_208' title='bbox 647 2522 789 2585; x_wconf 88' lang='lat' dir='ltr'><strong>Falcula:</strong></span> <span class='ocrx_word' id='word_1_209' title='bbox 812 2522 866 2605; x_wconf 92' lang='lat' dir='ltr'><strong>qui</strong></span> <span class='ocrx_word' id='word_1_210' title='bbox 889 2543 960 2585; x_wconf 90' lang='lat' dir='ltr'><strong>cum</strong></span> <span class='ocrx_word' id='word_1_211' title='bbox 974 2522 1017 2583; x_wconf 88' lang='lat' dir='ltr'><strong>ita</strong></span> <span class='ocrx_word' id='word_1_212' title='bbox 1032 2521 1201 2584; x_wconf 88' lang='lat' dir='ltr'><strong>vehemens</strong></span> <span class='ocrx_word' id='word_1_213' title='bbox 1216 2541 1350 2604; x_wconf 88' lang='lat' dir='ltr'><strong>acerque</strong></span> <span class='ocrx_word' id='word_1_214' title='bbox 1364 2523 1517 2597; x_wconf 85' lang='lat' dir='ltr'><strong>venisset,</strong></span> <span class='ocrx_word' id='word_1_215' title='bbox 1538 2531 1653 2588; x_wconf 91' lang='lat' dir='ltr'><strong>utnon</strong></span> <span class='ocrx_word' id='word_1_216' title='bbox 1668 2525 1768 2588; x_wconf 93' lang='lat' dir='ltr'><strong>modo</strong></span> 
     </span>
     <span class='ocr_line' id='line_1_22' title="bbox 450 2612 1767 2698; baseline -0.001 -16"><span class='ocrx_word' id='word_1_217' title='bbox 450 2619 614 2682; x_wconf 87' lang='lat' dir='ltr'><strong>Caecinam</strong></span> <span class='ocrx_word' id='word_1_218' title='bbox 635 2616 772 2698; x_wconf 88' lang='lat' dir='ltr'><strong>periurio</strong></span> <span class='ocrx_word' id='word_1_219' title='bbox 794 2634 852 2676; x_wconf 92' lang='lat' dir='ltr'><strong>sno</strong></span> <span class='ocrx_word' id='word_1_220' title='bbox 879 2612 1033 2688; x_wconf 89' lang='lat' dir='ltr'><strong>laederet,</strong></span> <span class='ocrx_word' id='word_1_221' title='bbox 1056 2615 1222 2678; x_wconf 91' lang='lat' dir='ltr'><strong>sedetiam</strong></span> <span class='ocrx_word' id='word_1_222' title='bbox 1237 2615 1312 2677; x_wconf 92' lang='lat' dir='ltr'><strong>mibi</strong></span> <span class='ocrx_word' id='word_1_223' title='bbox 1328 2616 1488 2680; x_wconf 87' lang='lat' dir='ltr'><strong>videretur</strong></span> <span class='ocrx_word' id='word_1_224' title='bbox 1501 2617 1608 2693; x_wconf 89' lang='lat' dir='ltr'><strong>irasci,</strong></span> <span class='ocrx_word' id='word_1_225' title='bbox 1630 2619 1674 2681; x_wconf 88' lang='lat' dir='ltr'><strong>ita</strong></span> <span class='ocrx_word' id='word_1_226' title='bbox 1690 2639 1767 2682; x_wconf 92' lang='lat' dir='ltr'><strong>eum</strong></span> 
     </span>
     <span class='ocr_line' id='line_1_23' title="bbox 447 2707 1766 2794; baseline 0.003 -22"><span class='ocrx_word' id='word_1_227' title='bbox 447 2710 604 2794; x_wconf 86' lang='lat' dir='ltr'><strong>placidum</strong></span> <span class='ocrx_word' id='word_1_228' title='bbox 627 2708 816 2789; x_wconf 90' lang='lat' dir='ltr'><strong>mollemque</strong></span> <span class='ocrx_word' id='word_1_229' title='bbox 838 2707 976 2781; x_wconf 88' lang='lat' dir='ltr'><strong>reddidi,</strong></span> <span class='ocrx_word' id='word_1_230' title='bbox 1003 2715 1123 2771; x_wconf 91' lang='lat' dir='ltr'><strong>utnon</strong></span> <span class='ocrx_word' id='word_1_231' title='bbox 1145 2710 1289 2784; x_wconf 89' lang='lat' dir='ltr'><strong>auderet,</strong></span> <span class='ocrx_word' id='word_1_232' title='bbox 1321 2711 1403 2773; x_wconf 88' lang='lat' dir='ltr'><strong>sicut</strong></span> <span class='ocrx_word' id='word_1_233' title='bbox 1425 2711 1626 2785; x_wconf 89' lang='lat' dir='ltr'><strong>meministis,</strong></span> <span class='ocrx_word' id='word_1_234' title='bbox 1648 2712 1766 2776; x_wconf 91' lang='lat' dir='ltr'><strong>iterum</strong></span> 
     </span>
     <span class='ocr_line' id='line_1_24' title="bbox 449 2799 1767 2885; baseline 0.002 -19"><span class='ocrx_word' id='word_1_235' title='bbox 449 2805 571 2876; x_wconf 91' lang='lat' dir='ltr'><strong>dicere,</strong></span> <span class='ocrx_word' id='word_1_236' title='bbox 594 2809 672 2885; x_wconf 92' lang='lat' dir='ltr'><strong>quot</strong></span> <span class='ocrx_word' id='word_1_237' title='bbox 693 2800 779 2863; x_wconf 88' lang='lat' dir='ltr'><strong>milia</strong></span> <span class='ocrx_word' id='word_1_238' title='bbox 800 2799 917 2863; x_wconf 81' lang='lat' dir='ltr'><strong>fundus</strong></span> <span class='ocrx_word' id='word_1_239' title='bbox 940 2822 1015 2863; x_wconf 89' lang='lat' dir='ltr'><strong>suus</strong></span> <span class='ocrx_word' id='word_1_240' title='bbox 1037 2802 1161 2866; x_wconf 90' lang='lat' dir='ltr'><strong>abesset</strong></span> <span class='ocrx_word' id='word_1_241' title='bbox 1182 2802 1221 2865; x_wconf 90' lang='lat' dir='ltr'><strong>ab</strong></span> <span class='ocrx_word' id='word_1_242' title='bbox 1242 2804 1330 2866; x_wconf 89' lang='lat' dir='ltr'><strong>urbe.</strong></span> <span class='ocrx_word' id='word_1_243' title='bbox 1360 2807 1439 2867; x_wconf 94' lang='lat' dir='ltr'><strong>Nam</strong></span> <span class='ocrx_word' id='word_1_244' title='bbox 1460 2825 1531 2867; x_wconf 94' lang='lat' dir='ltr'><strong>cum</strong></span> <span class='ocrx_word' id='word_1_245' title='bbox 1547 2804 1689 2880; x_wconf 86' lang='lat' dir='ltr'><strong>dixisset,</strong></span> <span class='ocrx_word' id='word_1_246' title='bbox 1704 2808 1767 2869; x_wconf 95' lang='lat' dir='ltr'><strong>mi-</strong></span> 
     </span>
    </p>
   </div>
   <div class='ocr_carea' id='block_1_3' title="bbox 411 2894 1765 3076">
    <p class='ocr_par' dir='ltr' id='par_1_3' title="bbox 411 2894 1765 3076">
     <span class='ocr_line' id='line_1_25' title="bbox 447 2894 1765 2980; baseline 0.001 -18"><span class='ocrx_word' id='word_1_247' title='bbox 447 2919 508 2961; x_wconf 91' lang='lat' dir='ltr'><strong>nus</strong></span> <span class='ocrx_word' id='word_1_248' title='bbox 536 2898 623 2969; x_wconf 80' lang='lat' dir='ltr'><strong>lano,</strong></span> <span class='ocrx_word' id='word_1_249' title='bbox 653 2894 789 2978; x_wconf 89' lang='lat' dir='ltr'><strong>populus</strong></span> <span class='ocrx_word' id='word_1_250' title='bbox 812 2915 882 2957; x_wconf 91' lang='lat' dir='ltr'><strong>cum</strong></span> <span class='ocrx_word' id='word_1_251' title='bbox 910 2896 976 2957; x_wconf 91' lang='lat' dir='ltr'><strong>risu</strong></span> <span class='ocrx_word' id='word_1_252' title='bbox 1005 2896 1203 2970; x_wconf 86' lang='lat' dir='ltr'><strong>acclamavit,</strong></span> <span class='ocrx_word' id='word_1_253' title='bbox 1234 2898 1303 2980; x_wconf 87' lang='lat' dir='ltr'><strong>ipsa</strong></span> <span class='ocrx_word' id='word_1_254' title='bbox 1331 2917 1410 2965; x_wconf 90' lang='lat' dir='ltr'><strong>esse.</strong></span> <span class='ocrx_word' id='word_1_255' title='bbox 1450 2899 1656 2962; x_wconf 82' lang='lat' dir='ltr'><strong>Meminerant</strong></span> <span class='ocrx_word' id='word_1_256' title='bbox 1677 2902 1765 2963; x_wconf 91' lang='lat' dir='ltr'><strong>enim</strong></span> 
     </span>
     <span class='ocr_line' id='line_1_26' title="bbox 411 2988 1765 3076; baseline 0 -19"><span class='ocrx_word' id='word_1_257' title='bbox 411 3010 573 3064; x_wconf 75' lang='lat' dir='ltr'><strong>momnes,</strong></span> <span class='ocrx_word' id='word_1_258' title='bbox 595 2996 747 3074; x_wconf 80' lang='lat' dir='ltr'><strong>quamam</strong></span> <span class='ocrx_word' id='word_1_259' title='bbox 769 2988 802 3049; x_wconf 90' lang='lat' dir='ltr'><strong>in</strong></span> <span class='ocrx_word' id='word_1_260' title='bbox 816 2988 950 3051; x_wconf 81' lang='lat' dir='ltr'><strong>Albiano</strong></span> <span class='ocrx_word' id='word_1_261' title='bbox 973 2989 1090 3053; x_wconf 91' lang='lat' dir='ltr'><strong>iudicio</strong></span> <span class='ocrx_word' id='word_1_262' title='bbox 1112 2990 1294 3073; x_wconf 89' lang='lat' dir='ltr'><strong>accepisset.</strong></span> <span class='ocrx_word' id='word_1_263' title='bbox 1338 2989 1389 3053; x_wconf 67' lang='lat'><strong>29.</strong></span> <span class='ocrx_word' id='word_1_264' title='bbox 1410 2992 1446 3053; x_wconf 96' lang='lat' dir='ltr'><strong>ln</strong></span> <span class='ocrx_word' id='word_1_265' title='bbox 1469 3013 1541 3055; x_wconf 92' lang='lat' dir='ltr'><strong>eum</strong></span> <span class='ocrx_word' id='word_1_266' title='bbox 1564 2995 1639 3076; x_wconf 91' lang='lat' dir='ltr'><strong>quid</strong></span> <span class='ocrx_word' id='word_1_267' title='bbox 1660 2994 1765 3057; x_wconf 90' lang='lat' dir='ltr'><strong>dicam</strong></span> 
     </span>
    </p>
   </div>
   <div class='ocr_carea' id='block_1_4' title="bbox 410 3082 1765 3733">
    <p class='ocr_par' dir='ltr' id='par_1_4' title="bbox 410 3082 1765 3733">
     <span class='ocr_line' id='line_1_27' title="bbox 447 3082 1765 3170; baseline 0 -21"><span class='ocrx_word' id='word_1_268' title='bbox 447 3086 510 3149; x_wconf 92' lang='lat' dir='ltr'><strong>nisi</strong></span> <span class='ocrx_word' id='word_1_269' title='bbox 531 3083 579 3158; x_wconf 93' lang='lat' dir='ltr'><strong>id,</strong></span> <span class='ocrx_word' id='word_1_270' title='bbox 601 3082 688 3166; x_wconf 92' lang='lat' dir='ltr'><strong>quod</strong></span> <span class='ocrx_word' id='word_1_271' title='bbox 709 3102 823 3164; x_wconf 80' lang='lat' dir='ltr'><strong>negare</strong></span> <span class='ocrx_word' id='word_1_272' title='bbox 845 3103 910 3144; x_wconf 94' lang='lat' dir='ltr'><strong>non</strong></span> <span class='ocrx_word' id='word_1_273' title='bbox 930 3083 1046 3165; x_wconf 89' lang='lat' dir='ltr'><strong>possit,</strong></span> <span class='ocrx_word' id='word_1_274' title='bbox 1068 3084 1193 3147; x_wconf 82' lang='lat' dir='ltr'><strong>venisse</strong></span> <span class='ocrx_word' id='word_1_275' title='bbox 1212 3085 1244 3146; x_wconf 96' lang='lat' dir='ltr'><strong>in</strong></span> <span class='ocrx_word' id='word_1_276' title='bbox 1261 3085 1428 3148; x_wconf 92' lang='lat' dir='ltr'><strong>consilium</strong></span> <span class='ocrx_word' id='word_1_277' title='bbox 1442 3086 1588 3168; x_wconf 91' lang='lat' dir='ltr'><strong>publicae</strong></span> <span class='ocrx_word' id='word_1_278' title='bbox 1603 3086 1765 3170; x_wconf 90' lang='lat' dir='ltr'><strong>quaestio-</strong></span> 
     </span>
     <span class='ocr_line' id='line_1_28' title="bbox 447 3176 1765 3254; baseline 0 -10"><span class='ocrx_word' id='word_1_279' title='bbox 447 3182 513 3254; x_wconf 90' lang='lat' dir='ltr'><strong>nis,</strong></span> <span class='ocrx_word' id='word_1_280' title='bbox 543 3201 612 3242; x_wconf 89' lang='lat' dir='ltr'><strong>cnm</strong></span> <span class='ocrx_word' id='word_1_281' title='bbox 635 3178 702 3240; x_wconf 91' lang='lat' dir='ltr'><strong>eius</strong></span> <span class='ocrx_word' id='word_1_282' title='bbox 725 3176 852 3242; x_wconf 80' lang='lat' dir='ltr'><strong>consilii,</strong></span> <span class='ocrx_word' id='word_1_283' title='bbox 870 3177 967 3240; x_wconf 87' lang='lat' dir='ltr'><strong>iudex</strong></span> <span class='ocrx_word' id='word_1_284' title='bbox 988 3197 1052 3238; x_wconf 94' lang='lat' dir='ltr'><strong>non</strong></span> <span class='ocrx_word' id='word_1_285' title='bbox 1075 3186 1176 3250; x_wconf 88' lang='lat' dir='ltr'><strong>esset,</strong></span> <span class='ocrx_word' id='word_1_286' title='bbox 1206 3179 1291 3240; x_wconf 93' lang='lat' dir='ltr'><strong>etin</strong></span> <span class='ocrx_word' id='word_1_287' title='bbox 1313 3199 1351 3242; x_wconf 90' lang='lat' dir='ltr'><strong>eo</strong></span> <span class='ocrx_word' id='word_1_288' title='bbox 1374 3180 1521 3253; x_wconf 90' lang='lat' dir='ltr'><strong>consilio,</strong></span> <span class='ocrx_word' id='word_1_289' title='bbox 1543 3200 1615 3243; x_wconf 92' lang='lat' dir='ltr'><strong>cum</strong></span> <span class='ocrx_word' id='word_1_290' title='bbox 1637 3201 1765 3244; x_wconf 85' lang='lat' dir='ltr'><strong>causam</strong></span> 
     </span>
     <span class='ocr_line' id='line_1_29' title="bbox 447 3271 1764 3357; baseline -0.002 -19"><span class='ocrx_word' id='word_1_291' title='bbox 447 3295 510 3338; x_wconf 93' lang='lat' dir='ltr'><strong>non</strong></span> <span class='ocrx_word' id='word_1_292' title='bbox 533 3273 672 3336; x_wconf 91' lang='lat' dir='ltr'><strong>audisset</strong></span> <span class='ocrx_word' id='word_1_293' title='bbox 694 3279 725 3333; x_wconf 93' lang='lat' dir='ltr'><strong>et</strong></span> <span class='ocrx_word' id='word_1_294' title='bbox 746 3277 885 3353; x_wconf 87' lang='lat' dir='ltr'><strong>potestas</strong></span> <span class='ocrx_word' id='word_1_295' title='bbox 908 3278 991 3335; x_wconf 91' lang='lat' dir='ltr'><strong>esset</strong></span> <span class='ocrx_word' id='word_1_296' title='bbox 1012 3271 1201 3354; x_wconf 92' lang='lat' dir='ltr'><strong>ampliandi,</strong></span> <span class='ocrx_word' id='word_1_297' title='bbox 1230 3273 1349 3336; x_wconf 89' lang='lat' dir='ltr'><strong>dixisse</strong></span> <span class='ocrx_word' id='word_1_298' title='bbox 1373 3274 1432 3336; x_wconf 92' lang='lat' dir='ltr'><strong>sibi</strong></span> <span class='ocrx_word' id='word_1_299' title='bbox 1454 3274 1599 3357; x_wconf 83' lang='lat' dir='ltr'><strong>liqueret</strong></span> <span class='ocrx_word' id='word_1_300' title='bbox 1629 3295 1700 3337; x_wconf 92' lang='lat' dir='ltr'><strong>cum</strong></span> <span class='ocrx_word' id='word_1_301' title='bbox 1722 3274 1764 3337; x_wconf 92' lang='lat' dir='ltr'><strong>de</strong></span> 
     </span>
     <span class='ocr_line' id='line_1_30' title="bbox 447 3364 1764 3452; baseline -0.001 -21"><span class='ocrx_word' id='word_1_302' title='bbox 447 3369 605 3449; x_wconf 81' lang='lat' dir='ltr'><strong>incognita</strong></span> <span class='ocrx_word' id='word_1_303' title='bbox 627 3385 661 3428; x_wconf 91' lang='lat' dir='ltr'><strong>re</strong></span> <span class='ocrx_word' id='word_1_304' title='bbox 684 3365 822 3428; x_wconf 89' lang='lat' dir='ltr'><strong>iudicare</strong></span> <span class='ocrx_word' id='word_1_305' title='bbox 846 3365 1014 3439; x_wconf 91' lang='lat' dir='ltr'><strong>voluisset,</strong></span> <span class='ocrx_word' id='word_1_306' title='bbox 1042 3364 1189 3428; x_wconf 89' lang='lat' dir='ltr'><strong>maluisse</strong></span> <span class='ocrx_word' id='word_1_307' title='bbox 1211 3368 1437 3442; x_wconf 89' lang='lat' dir='ltr'><strong>condemnare,</strong></span> <span class='ocrx_word' id='word_1_308' title='bbox 1461 3389 1555 3452; x_wconf 90' lang='lat' dir='ltr'><strong>quam</strong></span> <span class='ocrx_word' id='word_1_309' title='bbox 1577 3370 1764 3433; x_wconf 81' lang='lat' dir='ltr'><strong>absolveret</strong></span> 
     </span>
     <span class='ocr_line' id='line_1_31' title="bbox 410 3458 1764 3544; baseline -0.001 -18"><span class='ocrx_word' id='word_1_310' title='bbox 410 3479 535 3535; x_wconf 81' lang='lat' dir='ltr'><strong>sonum,</strong></span> <span class='ocrx_word' id='word_1_311' title='bbox 563 3459 590 3522; x_wconf 92' lang='lat' dir='ltr'><strong>si</strong></span> <span class='ocrx_word' id='word_1_312' title='bbox 616 3479 681 3522; x_wconf 92' lang='lat' dir='ltr'><strong>uno</strong></span> <span class='ocrx_word' id='word_1_313' title='bbox 710 3460 814 3521; x_wconf 90' lang='lat' dir='ltr'><strong>minus</strong></span> <span class='ocrx_word' id='word_1_314' title='bbox 841 3458 1040 3532; x_wconf 91' lang='lat' dir='ltr'><strong>damnarent,</strong></span> <span class='ocrx_word' id='word_1_315' title='bbox 1070 3459 1272 3523; x_wconf 87' lang='lat' dir='ltr'><strong>condemnari</strong></span> <span class='ocrx_word' id='word_1_316' title='bbox 1301 3481 1374 3524; x_wconf 90' lang='lat' dir='ltr'><strong>reus</strong></span> <span class='ocrx_word' id='word_1_317' title='bbox 1396 3482 1460 3526; x_wconf 96' lang='lat' dir='ltr'><strong>non</strong></span> <span class='ocrx_word' id='word_1_318' title='bbox 1481 3471 1606 3544; x_wconf 88' lang='lat' dir='ltr'><strong>posset,</strong></span> <span class='ocrx_word' id='word_1_319' title='bbox 1636 3482 1700 3525; x_wconf 94' lang='lat' dir='ltr'><strong>non</strong></span> <span class='ocrx_word' id='word_1_320' title='bbox 1722 3462 1764 3524; x_wconf 91' lang='lat' dir='ltr'><strong>ad</strong></span> 
     </span>
     <span class='ocr_line' id='line_1_32' title="bbox 448 3552 1764 3638; baseline -0.002 -20"><span class='ocrx_word' id='word_1_321' title='bbox 448 3555 697 3637; x_wconf 81' lang='lat' dir='ltr'><strong>cognoscendam</strong></span> <span class='ocrx_word' id='word_1_322' title='bbox 721 3572 862 3626; x_wconf 89' lang='lat' dir='ltr'><strong>causam,</strong></span> <span class='ocrx_word' id='word_1_323' title='bbox 889 3552 943 3615; x_wconf 91' lang='lat' dir='ltr'><strong>sed</strong></span> <span class='ocrx_word' id='word_1_324' title='bbox 965 3553 1006 3615; x_wconf 92' lang='lat' dir='ltr'><strong>ad</strong></span> <span class='ocrx_word' id='word_1_325' title='bbox 1028 3553 1217 3635; x_wconf 89' lang='lat' dir='ltr'><strong>explendam</strong></span> <span class='ocrx_word' id='word_1_326' title='bbox 1240 3553 1471 3617; x_wconf 89' lang='lat' dir='ltr'><strong>damnationem</strong></span> <span class='ocrx_word' id='word_1_327' title='bbox 1493 3565 1616 3638; x_wconf 90' lang='lat' dir='ltr'><strong>praesto</strong></span> <span class='ocrx_word' id='word_1_328' title='bbox 1638 3555 1764 3618; x_wconf 83' lang='lat' dir='ltr'><strong>inisset</strong></span> 
     </span>
     <span class='ocr_line' id='line_1_33' title="bbox 448 3646 1765 3733; baseline -0.001 -22"><span class='ocrx_word' id='word_1_329' title='bbox 448 3649 556 3722; x_wconf 86' lang='lat' dir='ltr'><strong>lltrnm</strong></span> <span class='ocrx_word' id='word_1_330' title='bbox 578 3647 704 3730; x_wconf 78' lang='lat' dir='ltr'><strong>gravius</strong></span> <span class='ocrx_word' id='word_1_331' title='bbox 726 3647 849 3729; x_wconf 88' lang='lat' dir='ltr'><strong>aliquid</strong></span> <span class='ocrx_word' id='word_1_332' title='bbox 869 3646 902 3708; x_wconf 89' lang='lat' dir='ltr'><strong>in</strong></span> <span class='ocrx_word' id='word_1_333' title='bbox 925 3648 1102 3730; x_wconf 91' lang='lat' dir='ltr'><strong>quempiam</strong></span> <span class='ocrx_word' id='word_1_334' title='bbox 1118 3647 1179 3710; x_wconf 91' lang='lat' dir='ltr'><strong>dici</strong></span> <span class='ocrx_word' id='word_1_335' title='bbox 1202 3658 1322 3731; x_wconf 88' lang='lat' dir='ltr'><strong>potest,</strong></span> <span class='ocrx_word' id='word_1_336' title='bbox 1345 3670 1440 3733; x_wconf 92' lang='lat' dir='ltr'><strong>quam</strong></span> <span class='ocrx_word' id='word_1_337' title='bbox 1455 3649 1494 3712; x_wconf 91' lang='lat' dir='ltr'><strong>ad</strong></span> <span class='ocrx_word' id='word_1_338' title='bbox 1513 3650 1672 3713; x_wconf 89' lang='lat' dir='ltr'><strong>bominem</strong></span> <span class='ocrx_word' id='word_1_339' title='bbox 1689 3668 1765 3711; x_wconf 93' lang='lat' dir='ltr'><strong>con-</strong></span> 
     </span>
    </p>
   </div>
   <div class='ocr_carea' id='block_1_5' title="bbox 445 3848 1766 5340">
    <p class='ocr_par' dir='ltr' id='par_1_5' title="bbox 445 3848 1766 5340">
     <span class='ocr_line' id='line_1_34' title="bbox 512 3848 1766 3913; baseline 0.001 -12"><span class='ocrx_word' id='word_1_340' title='bbox 512 3852 536 3901; x_wconf 74' lang='lat' dir='ltr'><strong>i.</strong></span> <span class='ocrx_word' id='word_1_341' title='bbox 555 3864 586 3898; x_wconf 86' lang='lat' dir='ltr'><strong>nc</strong></span> <span class='ocrx_word' id='word_1_342' title='bbox 602 3848 770 3913; x_wconf 85' lang='lat' dir='ltr'><strong>ETbkpa:</strong></span> <span class='ocrx_word' id='word_1_343' title='bbox 793 3853 868 3910; x_wconf 74' lang='lat' dir='ltr'><strong>nque</strong></span> <span class='ocrx_word' id='word_1_344' title='bbox 887 3848 1029 3903; x_wconf 75' lang='lat' dir='ltr'><strong>RALPO.</strong></span> <span class='ocrx_word' id='word_1_345' title='bbox 1054 3878 1081 3885; x_wconf 96' lang='lat'><em>-</em></span> <span class='ocrx_word' id='word_1_346' title='bbox 1107 3850 1131 3901; x_wconf 86' lang='grc'><strong>4.</strong></span> <span class='ocrx_word' id='word_1_347' title='bbox 1149 3852 1188 3900; x_wconf 82' lang='lat' dir='ltr'><strong>sni</strong></span> <span class='ocrx_word' id='word_1_348' title='bbox 1204 3864 1258 3901; x_wconf 88' lang='lat' dir='ltr'><strong>om.</strong></span> <span class='ocrx_word' id='word_1_349' title='bbox 1277 3853 1305 3902; x_wconf 87' lang='grc' dir='ltr'><strong>Τ.</strong></span> <span class='ocrx_word' id='word_1_350' title='bbox 1326 3879 1351 3887; x_wconf 95' lang='grc'>-</span> <span class='ocrx_word' id='word_1_351' title='bbox 1377 3854 1402 3902; x_wconf 85' lang='lat'><strong>5.</strong></span> <span class='ocrx_word' id='word_1_352' title='bbox 1421 3858 1497 3902; x_wconf 75' lang='lat' dir='ltr'><strong>cuent</strong></span> <span class='ocrx_word' id='word_1_353' title='bbox 1513 3865 1566 3902; x_wconf 93' lang='lat' dir='ltr'><strong>om.</strong></span> <span class='ocrx_word' id='word_1_354' title='bbox 1583 3853 1612 3902; x_wconf 93' lang='lat' dir='ltr'><strong>T.</strong></span> <span class='ocrx_word' id='word_1_355' title='bbox 1632 3878 1660 3889; x_wconf 93' lang='lat'><em>-</em></span> <span class='ocrx_word' id='word_1_356' title='bbox 1682 3866 1766 3902; x_wconf 81' lang='lat' dir='ltr'><strong>mones</strong></span> 
     </span>
     <span class='ocr_line' id='line_1_35' title="bbox 447 3922 1765 3990; baseline -0.001 -13"><span class='ocrx_word' id='word_1_357' title='bbox 447 3932 513 3977; x_wconf 84' lang='lat' dir='ltr'><strong>metn</strong></span> <span class='ocrx_word' id='word_1_358' title='bbox 529 3925 594 3975; x_wconf 86' lang='lat' dir='ltr'><strong>ET:</strong></span> <span class='ocrx_word' id='word_1_359' title='bbox 612 3931 679 3974; x_wconf 86' lang='lat' dir='ltr'><strong>metn</strong></span> <span class='ocrx_word' id='word_1_360' title='bbox 694 3937 776 3973; x_wconf 83' lang='lat' dir='ltr'><strong>omnes</strong></span> <span class='ocrx_word' id='word_1_361' title='bbox 792 3922 934 3977; x_wconf 72' lang='lat' dir='ltr'><strong>RALPO.</strong></span> <span class='ocrx_word' id='word_1_362' title='bbox 955 3950 982 3959; x_wconf 87' lang='lat'>-</span> <span class='ocrx_word' id='word_1_363' title='bbox 1002 3926 1025 3975; x_wconf 88' lang='grc'><strong>6.</strong></span> <span class='ocrx_word' id='word_1_364' title='bbox 1042 3926 1185 3987; x_wconf 83' lang='lat' dir='ltr'><strong>praebuerit</strong></span> <span class='ocrx_word' id='word_1_365' title='bbox 1201 3928 1265 3977; x_wconf 85' lang='lat' dir='ltr'><strong>ET:</strong></span> <span class='ocrx_word' id='word_1_366' title='bbox 1282 3927 1397 3990; x_wconf 78' lang='lat' dir='ltr'><strong>praebuit</strong></span> <span class='ocrx_word' id='word_1_367' title='bbox 1413 3926 1555 3980; x_wconf 75' lang='grc'><strong>4444430.</strong></span> <span class='ocrx_word' id='word_1_368' title='bbox 1576 3954 1603 3962; x_wconf 86' lang='grc'>-</span> <span class='ocrx_word' id='word_1_369' title='bbox 1621 3927 1646 3977; x_wconf 88' lang='lat' dir='ltr'><strong>T.</strong></span> <span class='ocrx_word' id='word_1_370' title='bbox 1663 3927 1692 3976; x_wconf 78' lang='lat' dir='ltr'><strong>A.</strong></span> <span class='ocrx_word' id='word_1_371' title='bbox 1708 3928 1765 3977; x_wconf 76' lang='lat' dir='ltr'><strong>Aa·</strong></span> 
     </span>
     <span class='ocr_line' id='line_1_36' title="bbox 446 3998 1765 4065; baseline 0.001 -15"><span class='ocrx_word' id='word_1_372' title='bbox 446 4001 502 4065; x_wconf 85' lang='lat' dir='ltr'><strong>tlns]</strong></span> <span class='ocrx_word' id='word_1_373' title='bbox 524 4005 551 4048; x_wconf 87' lang='lat' dir='ltr'><strong>nt</strong></span> <span class='ocrx_word' id='word_1_374' title='bbox 572 4000 637 4048; x_wconf 75' lang='lat' dir='ltr'><strong>illim</strong></span> <span class='ocrx_word' id='word_1_375' title='bbox 654 4000 717 4060; x_wconf 77' lang='lat' dir='ltr'><strong>(non</strong></span> <span class='ocrx_word' id='word_1_376' title='bbox 735 3998 802 4060; x_wconf 80' lang='lat' dir='ltr'><strong>ittae)</strong></span> <span class='ocrx_word' id='word_1_377' title='bbox 820 3998 852 4052; x_wconf 84' lang='grc' dir='ltr'><strong>Τ;</strong></span> <span class='ocrx_word' id='word_1_378' title='bbox 877 3998 949 4046; x_wconf 81' lang='lat' dir='ltr'><strong>nutus</strong></span> <span class='ocrx_word' id='word_1_379' title='bbox 965 3999 1053 4048; x_wconf 81' lang='lat' dir='ltr'><strong>ncittns</strong></span> <span class='ocrx_word' id='word_1_380' title='bbox 1069 4001 1103 4057; x_wconf 77' lang='lat' dir='ltr'><strong>k3</strong></span> <span class='ocrx_word' id='word_1_381' title='bbox 1126 4001 1154 4050; x_wconf 82' lang='grc' dir='ltr'><strong>Λ.</strong></span> <span class='ocrx_word' id='word_1_382' title='bbox 1173 4003 1270 4051; x_wconf 64' lang='grc'><strong>44444444</strong></span> <span class='ocrx_word' id='word_1_383' title='bbox 1286 4018 1305 4052; x_wconf 88' lang='grc' dir='ltr'><strong><em>α</em></strong></span> <span class='ocrx_word' id='word_1_384' title='bbox 1323 4004 1349 4052; x_wconf 90' lang='lat' dir='ltr'><strong>et</strong></span> <span class='ocrx_word' id='word_1_385' title='bbox 1366 4006 1395 4051; x_wconf 79' lang='grc' dir='ltr'><strong>Α.</strong></span> <span class='ocrx_word' id='word_1_386' title='bbox 1415 4027 1443 4038; x_wconf 90' lang='lat'><strong>·-</strong></span> <span class='ocrx_word' id='word_1_387' title='bbox 1463 4003 1490 4051; x_wconf 96' lang='grc'><strong>4.</strong></span> <span class='ocrx_word' id='word_1_388' title='bbox 1508 4003 1600 4052; x_wconf 79' lang='lat' dir='ltr'><strong>Aettirn</strong></span> <span class='ocrx_word' id='word_1_389' title='bbox 1615 4001 1647 4060; x_wconf 81' lang='lat' dir='ltr'><strong>k;</strong></span> <span class='ocrx_word' id='word_1_390' title='bbox 1671 4003 1699 4051; x_wconf 91' lang='grc'><strong>4.</strong></span> <span class='ocrx_word' id='word_1_391' title='bbox 1718 4002 1765 4051; x_wconf 78' lang='lat' dir='ltr'><strong>At-</strong></span> 
     </span>
     <span class='ocr_line' id='line_1_37' title="bbox 447 4074 1765 4136; baseline 0.001 -11"><span class='ocrx_word' id='word_1_392' title='bbox 447 4077 513 4126; x_wconf 83' lang='lat' dir='ltr'><strong>ttltns</strong></span> <span class='ocrx_word' id='word_1_393' title='bbox 529 4091 548 4123; x_wconf 91' lang='grc' dir='ltr'>α</span> <span class='ocrx_word' id='word_1_394' title='bbox 565 4077 591 4124; x_wconf 87' lang='lat' dir='ltr'><strong>et</strong></span> <span class='ocrx_word' id='word_1_395' title='bbox 607 4078 636 4124; x_wconf 84' lang='grc'><strong>44.</strong></span> <span class='ocrx_word' id='word_1_396' title='bbox 658 4098 685 4110; x_wconf 92' lang='grc'><strong>-</strong></span> <span class='ocrx_word' id='word_1_397' title='bbox 704 4074 728 4123; x_wconf 90' lang='grc'><strong>8.</strong></span> <span class='ocrx_word' id='word_1_398' title='bbox 747 4086 804 4122; x_wconf 83' lang='lat' dir='ltr'><strong>snos</strong></span> <span class='ocrx_word' id='word_1_399' title='bbox 819 4086 900 4122; x_wconf 86' lang='lat' dir='ltr'><strong>servos</strong></span> <span class='ocrx_word' id='word_1_400' title='bbox 916 4074 949 4122; x_wconf 92' lang='lat' dir='ltr'><strong>T:</strong></span> <span class='ocrx_word' id='word_1_401' title='bbox 967 4087 1023 4122; x_wconf 82' lang='lat' dir='ltr'><strong>suos</strong></span> <span class='ocrx_word' id='word_1_402' title='bbox 1039 4081 1150 4123; x_wconf 80' lang='lat' dir='ltr'><strong>omnotos</strong></span> <span class='ocrx_word' id='word_1_403' title='bbox 1166 4075 1309 4129; x_wconf 71' lang='lat' dir='ltr'><strong>RALPO.</strong></span> <span class='ocrx_word' id='word_1_404' title='bbox 1325 4103 1353 4112; x_wconf 96' lang='lat'><em>-</em></span> <span class='ocrx_word' id='word_1_405' title='bbox 1372 4074 1536 4136; x_wconf 66' lang='lat' dir='ltr'><strong>destwissel}</strong></span> <span class='ocrx_word' id='word_1_406' title='bbox 1552 4079 1619 4126; x_wconf 80' lang='lat' dir='ltr'><strong>etA.</strong></span> <span class='ocrx_word' id='word_1_407' title='bbox 1635 4103 1663 4113; x_wconf 95' lang='lat'>-</span> <span class='ocrx_word' id='word_1_408' title='bbox 1681 4077 1765 4125; x_wconf 74' lang='lat' dir='ltr'><strong>abac</strong></span> 
     </span>
     <span class='ocr_line' id='line_1_38' title="bbox 446 4148 1764 4214; baseline -0.001 -14"><span class='ocrx_word' id='word_1_409' title='bbox 446 4157 480 4201; x_wconf 88' lang='lat' dir='ltr'><strong>est</strong></span> <span class='ocrx_word' id='word_1_410' title='bbox 495 4156 599 4200; x_wconf 83' lang='lat' dir='ltr'><strong>mortem</strong></span> <span class='ocrx_word' id='word_1_411' title='bbox 614 4150 753 4198; x_wconf 80' lang='lat' dir='ltr'><strong>minoretur</strong></span> <span class='ocrx_word' id='word_1_412' title='bbox 770 4148 817 4197; x_wconf 88' lang='lat' dir='ltr'><strong>ET</strong></span> <span class='ocrx_word' id='word_1_413' title='bbox 839 4149 900 4211; x_wconf 90' lang='lat' dir='ltr'><strong>(non</strong></span> <span class='ocrx_word' id='word_1_414' title='bbox 915 4149 1079 4208; x_wconf 78' lang='lat' dir='ltr'><strong>minarentur}</strong></span> <span class='ocrx_word' id='word_1_415' title='bbox 1098 4149 1210 4209; x_wconf 78' lang='lat' dir='ltr'><strong>Gbka,</strong></span> <span class='ocrx_word' id='word_1_416' title='bbox 1234 4164 1286 4214; x_wconf 76' lang='lat' dir='ltr'><strong>mg.</strong></span> <span class='ocrx_word' id='word_1_417' title='bbox 1306 4153 1329 4200; x_wconf 93' lang='lat' dir='ltr'><strong>t:</strong></span> <span class='ocrx_word' id='word_1_418' title='bbox 1351 4163 1405 4202; x_wconf 86' lang='lat' dir='ltr'><strong>om.</strong></span> <span class='ocrx_word' id='word_1_419' title='bbox 1424 4151 1564 4205; x_wconf 77' lang='lat' dir='ltr'><strong>RALPO.</strong></span> <span class='ocrx_word' id='word_1_420' title='bbox 1585 4178 1612 4189; x_wconf 95' lang='lat'><em>-</em></span> <span class='ocrx_word' id='word_1_421' title='bbox 1637 4153 1678 4201; x_wconf 88' lang='lat' dir='ltr'><strong>tt.</strong></span> <span class='ocrx_word' id='word_1_422' title='bbox 1695 4157 1719 4200; x_wconf 89' lang='lat' dir='ltr'><strong>et</strong></span> <span class='ocrx_word' id='word_1_423' title='bbox 1734 4164 1764 4200; x_wconf 90' lang='lat' dir='ltr'><strong>eo</strong></span> 
     </span>
     <span class='ocr_line' id='line_1_39' title="bbox 446 4222 1762 4289; baseline -0.002 -12"><span class='ocrx_word' id='word_1_424' title='bbox 446 4227 558 4277; x_wconf 84' lang='lat' dir='ltr'><strong>ttbenttns</strong></span> <span class='ocrx_word' id='word_1_425' title='bbox 573 4226 637 4274; x_wconf 73' lang='lat' dir='ltr'><strong>dicit</strong></span> <span class='ocrx_word' id='word_1_426' title='bbox 654 4236 706 4272; x_wconf 90' lang='lat' dir='ltr'><strong>om.</strong></span> <span class='ocrx_word' id='word_1_427' title='bbox 719 4224 748 4272; x_wconf 95' lang='lat' dir='ltr'><strong>T.</strong></span> <span class='ocrx_word' id='word_1_428' title='bbox 762 4248 790 4258; x_wconf 91' lang='lat'><em>-</em></span> <span class='ocrx_word' id='word_1_429' title='bbox 809 4222 902 4286; x_wconf 76' lang='lat' dir='ltr'><strong>aliquo]</strong></span> <span class='ocrx_word' id='word_1_430' title='bbox 920 4224 1054 4284; x_wconf 81' lang='lat' dir='ltr'><strong>aliqnando</strong></span> <span class='ocrx_word' id='word_1_431' title='bbox 1069 4225 1097 4274; x_wconf 92' lang='lat' dir='ltr'><strong>T.</strong></span> <span class='ocrx_word' id='word_1_432' title='bbox 1112 4250 1137 4258; x_wconf 99' lang='lat'>-</span> <span class='ocrx_word' id='word_1_433' title='bbox 1158 4226 1197 4273; x_wconf 74' lang='grc'><strong>44.</strong></span> <span class='ocrx_word' id='word_1_434' title='bbox 1211 4227 1240 4274; x_wconf 86' lang='lat' dir='ltr'><strong>de</strong></span> <span class='ocrx_word' id='word_1_435' title='bbox 1255 4239 1283 4274; x_wconf 88' lang='lat' dir='ltr'><strong>re</strong></span> <span class='ocrx_word' id='word_1_436' title='bbox 1299 4227 1355 4287; x_wconf 82' lang='lat' dir='ltr'><strong>ipso</strong></span> <span class='ocrx_word' id='word_1_437' title='bbox 1371 4232 1445 4289; x_wconf 83' lang='lat' dir='ltr'><strong>atque</strong></span> <span class='ocrx_word' id='word_1_438' title='bbox 1461 4228 1581 4288; x_wconf 76' lang='lat' dir='ltr'><strong>emptione</strong></span> <span class='ocrx_word' id='word_1_439' title='bbox 1597 4227 1670 4276; x_wconf 81' lang='lat' dir='ltr'><strong>ETlx</strong></span> <span class='ocrx_word' id='word_1_440' title='bbox 1687 4227 1714 4274; x_wconf 91' lang='lat' dir='ltr'><strong>et</strong></span> <span class='ocrx_word' id='word_1_441' title='bbox 1725 4226 1762 4275; x_wconf 90' lang='lat'><strong>0:</strong></span> 
     </span>
     <span class='ocr_line' id='line_1_40' title="bbox 447 4297 1761 4364; baseline -0.001 -14"><span class='ocrx_word' id='word_1_442' title='bbox 447 4303 477 4350; x_wconf 83' lang='lat' dir='ltr'><strong>de</strong></span> <span class='ocrx_word' id='word_1_443' title='bbox 491 4314 516 4350; x_wconf 87' lang='lat' dir='ltr'><strong>se</strong></span> <span class='ocrx_word' id='word_1_444' title='bbox 532 4302 586 4361; x_wconf 82' lang='lat' dir='ltr'><strong>ipsa</strong></span> <span class='ocrx_word' id='word_1_445' title='bbox 602 4304 676 4361; x_wconf 87' lang='lat' dir='ltr'><strong>ntqne</strong></span> <span class='ocrx_word' id='word_1_446' title='bbox 691 4300 811 4361; x_wconf 79' lang='lat' dir='ltr'><strong>emptione</strong></span> <span class='ocrx_word' id='word_1_447' title='bbox 827 4313 859 4355; x_wconf 76' lang='lat' dir='ltr'><strong>at;</strong></span> <span class='ocrx_word' id='word_1_448' title='bbox 877 4299 907 4347; x_wconf 84' lang='lat' dir='ltr'><strong>de</strong></span> <span class='ocrx_word' id='word_1_449' title='bbox 923 4299 977 4360; x_wconf 82' lang='lat' dir='ltr'><strong>ipsa</strong></span> <span class='ocrx_word' id='word_1_450' title='bbox 995 4305 1069 4361; x_wconf 83' lang='lat' dir='ltr'><strong>atque</strong></span> <span class='ocrx_word' id='word_1_451' title='bbox 1084 4302 1205 4360; x_wconf 83' lang='lat' dir='ltr'><strong>emptione</strong></span> <span class='ocrx_word' id='word_1_452' title='bbox 1221 4298 1322 4349; x_wconf 89' lang='lat' dir='ltr'><strong>VGab</strong></span> <span class='ocrx_word' id='word_1_453' title='bbox 1342 4302 1389 4364; x_wconf 85' lang='lat' dir='ltr'><strong>tpr.</strong></span> <span class='ocrx_word' id='word_1_454' title='bbox 1404 4302 1449 4361; x_wconf 73' lang='lat' dir='ltr'><strong>m.)</strong></span> <span class='ocrx_word' id='word_1_455' title='bbox 1466 4313 1517 4348; x_wconf 91' lang='lat' dir='ltr'><strong>em</strong></span> <span class='ocrx_word' id='word_1_456' title='bbox 1528 4312 1572 4362; x_wconf 88' lang='lat' dir='ltr'><strong>pq</strong></span> <span class='ocrx_word' id='word_1_457' title='bbox 1589 4299 1640 4363; x_wconf 70' lang='lat' dir='ltr'><strong>(prl</strong></span> <span class='ocrx_word' id='word_1_458' title='bbox 1650 4301 1696 4360; x_wconf 83' lang='lat' dir='ltr'><strong>m.)</strong></span> <span class='ocrx_word' id='word_1_459' title='bbox 1708 4297 1761 4358; x_wconf 76' lang='grc' dir='ltr'><strong>ίβς</strong></span> 
     </span>
     <span class='ocr_line' id='line_1_41' title="bbox 447 4372 1762 4439; baseline -0.002 -12"><span class='ocrx_word' id='word_1_460' title='bbox 447 4379 477 4427; x_wconf 83' lang='lat' dir='ltr'><strong>de</strong></span> <span class='ocrx_word' id='word_1_461' title='bbox 491 4377 547 4438; x_wconf 80' lang='lat' dir='ltr'><strong>ipso</strong></span> <span class='ocrx_word' id='word_1_462' title='bbox 563 4377 683 4436; x_wconf 79' lang='lat' dir='ltr'><strong>emptione</strong></span> <span class='ocrx_word' id='word_1_463' title='bbox 694 4374 738 4438; x_wconf 89' lang='lat' dir='ltr'><strong>bq</strong></span> <span class='ocrx_word' id='word_1_464' title='bbox 751 4376 813 4436; x_wconf 81' lang='lat' dir='ltr'><strong>(sec.</strong></span> <span class='ocrx_word' id='word_1_465' title='bbox 829 4374 874 4432; x_wconf 78' lang='lat' dir='ltr'><strong>m.)</strong></span> <span class='ocrx_word' id='word_1_466' title='bbox 886 4376 905 4423; x_wconf 79' lang='grc' dir='ltr'>Α</span> <span class='ocrx_word' id='word_1_467' title='bbox 916 4375 934 4423; x_wconf 88' lang='grc'><strong>4</strong></span> <span class='ocrx_word' id='word_1_468' title='bbox 944 4372 969 4426; x_wconf 74' lang='lat' dir='ltr'><strong>P.</strong></span> <span class='ocrx_word' id='word_1_469' title='bbox 990 4375 1025 4436; x_wconf 87' lang='lat' dir='ltr'><strong>tln</strong></span> <span class='ocrx_word' id='word_1_470' title='bbox 1038 4387 1064 4424; x_wconf 88' lang='lat' dir='ltr'><strong>m</strong></span> <span class='ocrx_word' id='word_1_471' title='bbox 1077 4379 1136 4438; x_wconf 87' lang='lat' dir='ltr'><strong>post</strong></span> <span class='ocrx_word' id='word_1_472' title='bbox 1146 4389 1171 4424; x_wconf 85' lang='lat' dir='ltr'><strong>v.</strong></span> <span class='ocrx_word' id='word_1_473' title='bbox 1186 4377 1240 4437; x_wconf 79' lang='lat' dir='ltr'><strong>ipso</strong></span> <span class='ocrx_word' id='word_1_474' title='bbox 1253 4378 1293 4426; x_wconf 91' lang='lat' dir='ltr'><strong>est</strong></span> <span class='ocrx_word' id='word_1_475' title='bbox 1304 4377 1416 4439; x_wconf 84' lang='lat' dir='ltr'><strong>spatium</strong></span> <span class='ocrx_word' id='word_1_476' title='bbox 1429 4375 1506 4423; x_wconf 85' lang='lat' dir='ltr'><strong>trium</strong></span> <span class='ocrx_word' id='word_1_477' title='bbox 1525 4375 1579 4423; x_wconf 85' lang='lat' dir='ltr'><strong>tere</strong></span> <span class='ocrx_word' id='word_1_478' title='bbox 1597 4373 1762 4436; x_wconf 80' lang='lat' dir='ltr'><strong>litterarum.)</strong></span> 
     </span>
     <span class='ocr_line' id='line_1_42' title="bbox 449 4448 1763 4515; baseline -0.002 -15"><span class='ocrx_word' id='word_1_479' title='bbox 449 4479 475 4489; x_wconf 89' lang='lat'>-</span> <span class='ocrx_word' id='word_1_480' title='bbox 495 4451 534 4502; x_wconf 81' lang='grc'><strong>44.</strong></span> <span class='ocrx_word' id='word_1_481' title='bbox 547 4453 634 4515; x_wconf 79' lang='lat' dir='ltr'><strong>pranis</strong></span> <span class='ocrx_word' id='word_1_482' title='bbox 650 4452 675 4499; x_wconf 89' lang='lat' dir='ltr'><strong>k.</strong></span> <span class='ocrx_word' id='word_1_483' title='bbox 689 4479 715 4486; x_wconf 94' lang='lat'><em>-</em></span> <span class='ocrx_word' id='word_1_484' title='bbox 735 4451 773 4499; x_wconf 84' lang='lat' dir='ltr'><strong>tb.</strong></span> <span class='ocrx_word' id='word_1_485' title='bbox 792 4462 924 4512; x_wconf 72' lang='lat' dir='ltr'><strong>aequamen</strong></span> <span class='ocrx_word' id='word_1_486' title='bbox 935 4450 969 4498; x_wconf 93' lang='lat' dir='ltr'><strong>T:</strong></span> <span class='ocrx_word' id='word_1_487' title='bbox 987 4463 1075 4497; x_wconf 87' lang='lat' dir='ltr'><strong>nomen</strong></span> <span class='ocrx_word' id='word_1_488' title='bbox 1088 4450 1166 4512; x_wconf 82' lang='lat' dir='ltr'><strong>(quod</strong></span> <span class='ocrx_word' id='word_1_489' title='bbox 1185 4451 1241 4514; x_wconf 90' lang='lat' dir='ltr'><strong>ipso</strong></span> <span class='ocrx_word' id='word_1_490' title='bbox 1254 4451 1359 4500; x_wconf 87' lang='lat' dir='ltr'><strong>nornine</strong></span> <span class='ocrx_word' id='word_1_491' title='bbox 1370 4448 1548 4512; x_wconf 87' lang='lat' dir='ltr'><strong>praecedente</strong></span> <span class='ocrx_word' id='word_1_492' title='bbox 1560 4448 1594 4497; x_wconf 88' lang='lat' dir='ltr'><strong>de</strong></span> <span class='ocrx_word' id='word_1_493' title='bbox 1606 4449 1763 4511; x_wconf 87' lang='lat' dir='ltr'><strong>cognomino</strong></span> 
     </span>
     <span class='ocr_line' id='line_1_43' title="bbox 446 4524 1764 4589; baseline 0.002 -16"><span class='ocrx_word' id='word_1_494' title='bbox 446 4527 488 4576; x_wconf 87' lang='lat' dir='ltr'><strong>vix</strong></span> <span class='ocrx_word' id='word_1_495' title='bbox 501 4529 572 4575; x_wconf 86' lang='lat' dir='ltr'><strong>recte</strong></span> <span class='ocrx_word' id='word_1_496' title='bbox 585 4525 685 4586; x_wconf 73' lang='lat' dir='ltr'><strong>dicitur)</strong></span> <span class='ocrx_word' id='word_1_497' title='bbox 699 4524 840 4578; x_wconf 72' lang='lat' dir='ltr'><strong>RALPO.</strong></span> <span class='ocrx_word' id='word_1_498' title='bbox 854 4552 879 4560; x_wconf 91' lang='lat'><em>-</em></span> <span class='ocrx_word' id='word_1_499' title='bbox 892 4525 982 4585; x_wconf 78' lang='lat' dir='ltr'><strong>formio</strong></span> <span class='ocrx_word' id='word_1_500' title='bbox 994 4525 1021 4574; x_wconf 91' lang='lat' dir='ltr'><strong>T.</strong></span> <span class='ocrx_word' id='word_1_501' title='bbox 1034 4536 1060 4559; x_wconf 51' lang='lat'><strong>⁴</strong></span> <span class='ocrx_word' id='word_1_502' title='bbox 1074 4540 1119 4574; x_wconf 90' lang='lat' dir='ltr'><strong>nec</strong></span> <span class='ocrx_word' id='word_1_503' title='bbox 1134 4528 1217 4576; x_wconf 75' lang='lat' dir='ltr'><strong>minna</strong></span> <span class='ocrx_word' id='word_1_504' title='bbox 1232 4528 1314 4589; x_wconf 76' lang='lat' dir='ltr'><strong>niper,</strong></span> <span class='ocrx_word' id='word_1_505' title='bbox 1333 4538 1377 4573; x_wconf 83' lang='lat' dir='ltr'><strong>nec</strong></span> <span class='ocrx_word' id='word_1_506' title='bbox 1392 4526 1474 4573; x_wconf 80' lang='lat' dir='ltr'><strong>minas</strong></span> <span class='ocrx_word' id='word_1_507' title='bbox 1489 4525 1621 4588; x_wconf 74' lang='lat' dir='ltr'><strong>confidens,</strong></span> <span class='ocrx_word' id='word_1_508' title='bbox 1639 4537 1716 4584; x_wconf 82' lang='lat' dir='ltr'><strong>qnam</strong></span> <span class='ocrx_word' id='word_1_509' title='bbox 1729 4531 1764 4575; x_wconf 76' lang='lat' dir='ltr'><strong>est</strong></span> 
     </span>
     <span class='ocr_line' id='line_1_44' title="bbox 445 4586 1762 4663; baseline -0.001 -13"><span class='ocrx_word' id='word_1_510' title='bbox 445 4602 485 4650; x_wconf 83' lang='lat' dir='ltr'><strong>itte</strong></span> <span class='ocrx_word' id='word_1_511' title='bbox 503 4602 661 4650; x_wconf 80' lang='lat' dir='ltr'><strong>Termtinnna</strong></span> <span class='ocrx_word' id='word_1_512' title='bbox 677 4602 788 4650; x_wconf 78' lang='lat' dir='ltr'><strong>Pborrnto</strong></span> <span class='ocrx_word' id='word_1_513' title='bbox 805 4599 908 4660; x_wconf 86' lang='lat' dir='ltr'><strong>Quintil.</strong></span> <span class='ocrx_word' id='word_1_514' title='bbox 928 4600 970 4649; x_wconf 87' lang='lat' dir='ltr'><strong>Vl.</strong></span> <span class='ocrx_word' id='word_1_515' title='bbox 989 4600 1013 4658; x_wconf 90' lang='lat'><strong>3,</strong></span> <span class='ocrx_word' id='word_1_516' title='bbox 1032 4601 1072 4650; x_wconf 83' lang='grc'><strong>56,</strong></span> <span class='ocrx_word' id='word_1_517' title='bbox 1096 4629 1122 4637; x_wconf 98' lang='grc'>-</span> <span class='ocrx_word' id='word_1_518' title='bbox 1150 4602 1189 4650; x_wconf 78' lang='lat' dir='ltr'><strong>ld.</strong></span> <span class='ocrx_word' id='word_1_519' title='bbox 1209 4603 1239 4651; x_wconf 85' lang='lat' dir='ltr'><strong>de</strong></span> <span class='ocrx_word' id='word_1_520' title='bbox 1253 4601 1278 4649; x_wconf 83' lang='lat' dir='ltr'><strong>oi</strong></span> <span class='ocrx_word' id='word_1_521' title='bbox 1294 4600 1355 4648; x_wconf 80' lang='lat' dir='ltr'><strong>nibil</strong></span> <span class='ocrx_word' id='word_1_522' title='bbox 1371 4601 1397 4649; x_wconf 92' lang='lat' dir='ltr'><strong>L.</strong></span> <span class='ocrx_word' id='word_1_523' title='bbox 1407 4586 1444 4634; x_wconf 82' lang='lat'><strong>⁸-</strong></span> <span class='ocrx_word' id='word_1_524' title='bbox 1465 4601 1504 4649; x_wconf 81' lang='lat' dir='ltr'><strong>to.</strong></span> <span class='ocrx_word' id='word_1_525' title='bbox 1523 4599 1606 4663; x_wconf 85' lang='lat' dir='ltr'><strong>utpne]</strong></span> <span class='ocrx_word' id='word_1_526' title='bbox 1624 4614 1701 4661; x_wconf 80' lang='lat' dir='ltr'><strong>oeque</strong></span> <span class='ocrx_word' id='word_1_527' title='bbox 1719 4601 1762 4649; x_wconf 80' lang='lat' dir='ltr'><strong>Ea</strong></span> 
     </span>
     <span class='ocr_line' id='line_1_45' title="bbox 447 4673 1765 4740; baseline -0.002 -14"><span class='ocrx_word' id='word_1_528' title='bbox 447 4677 488 4726; x_wconf 87' lang='lat' dir='ltr'><strong>ek</strong></span> <span class='ocrx_word' id='word_1_529' title='bbox 505 4678 552 4740; x_wconf 83' lang='lat' dir='ltr'><strong>(pr.</strong></span> <span class='ocrx_word' id='word_1_530' title='bbox 567 4677 613 4738; x_wconf 80' lang='lat' dir='ltr'><strong>m.)</strong></span> <span class='ocrx_word' id='word_1_531' title='bbox 631 4690 647 4740; x_wconf 95' lang='lat' dir='ltr'><strong>p</strong></span> <span class='ocrx_word' id='word_1_532' title='bbox 666 4679 693 4726; x_wconf 89' lang='lat' dir='ltr'><strong>et</strong></span> <span class='ocrx_word' id='word_1_533' title='bbox 708 4679 743 4733; x_wconf 88' lang='grc'><strong>44;</strong></span> <span class='ocrx_word' id='word_1_534' title='bbox 767 4688 828 4736; x_wconf 80' lang='lat' dir='ltr'><strong>eqne</strong></span> <span class='ocrx_word' id='word_1_535' title='bbox 844 4677 878 4735; x_wconf 69' lang='lat' dir='ltr'><strong>G?</strong></span> <span class='ocrx_word' id='word_1_536' title='bbox 901 4677 1019 4736; x_wconf 80' lang='lat' dir='ltr'><strong>equestris</strong></span> <span class='ocrx_word' id='word_1_537' title='bbox 1035 4689 1103 4725; x_wconf 86' lang='lat' dir='ltr'><strong>corr.</strong></span> <span class='ocrx_word' id='word_1_538' title='bbox 1123 4677 1147 4726; x_wconf 87' lang='lat' dir='ltr'><strong>k.</strong></span> <span class='ocrx_word' id='word_1_539' title='bbox 1169 4703 1196 4713; x_wconf 92' lang='lat'><em>-</em></span> <span class='ocrx_word' id='word_1_540' title='bbox 1217 4675 1378 4740; x_wconf 69' lang='lat' dir='ltr'><strong>fldemtanins</strong></span> <span class='ocrx_word' id='word_1_541' title='bbox 1394 4673 1494 4733; x_wconf 72' lang='lat' dir='ltr'><strong>ETkss</strong></span> <span class='ocrx_word' id='word_1_542' title='bbox 1511 4679 1538 4724; x_wconf 91' lang='lat' dir='ltr'><strong>et</strong></span> <span class='ocrx_word' id='word_1_543' title='bbox 1554 4679 1588 4727; x_wconf 77' lang='lat' dir='ltr'><strong>A:</strong></span> <span class='ocrx_word' id='word_1_544' title='bbox 1611 4675 1765 4738; x_wconf 70' lang='lat' dir='ltr'><strong>fiduntenm</strong></span> 
     </span>
     <span class='ocr_line' id='line_1_46' title="bbox 446 4749 1759 4815; baseline -0.001 -15"><span class='ocrx_word' id='word_1_545' title='bbox 446 4754 492 4807; x_wconf 88' lang='lat' dir='ltr'><strong>at;</strong></span> <span class='ocrx_word' id='word_1_546' title='bbox 510 4752 658 4813; x_wconf 70' lang='lat' dir='ltr'><strong>{tdtcntnnns</strong></span> <span class='ocrx_word' id='word_1_547' title='bbox 675 4765 702 4807; x_wconf 88' lang='lat' dir='ltr'><strong>e;</strong></span> <span class='ocrx_word' id='word_1_548' title='bbox 719 4751 879 4814; x_wconf 79' lang='lat' dir='ltr'><strong>fldeenlomrn</strong></span> <span class='ocrx_word' id='word_1_549' title='bbox 895 4752 924 4799; x_wconf 90' lang='lat' dir='ltr'><strong>G.</strong></span> <span class='ocrx_word' id='word_1_550' title='bbox 952 4749 989 4800; x_wconf 84' lang='lat' dir='ltr'><strong>Ct.</strong></span> <span class='ocrx_word' id='word_1_551' title='bbox 1009 4763 1034 4815; x_wconf 91' lang='lat' dir='ltr'><strong>p.</strong></span> <span class='ocrx_word' id='word_1_552' title='bbox 1049 4749 1150 4801; x_wconf 85' lang='lat' dir='ltr'><strong>Cluent.</strong></span> <span class='ocrx_word' id='word_1_553' title='bbox 1170 4752 1194 4814; x_wconf 73' lang='lat'><strong>5.</strong></span> <span class='ocrx_word' id='word_1_554' title='bbox 1208 4750 1263 4799; x_wconf 85' lang='grc'><strong>403.</strong></span> <span class='ocrx_word' id='word_1_555' title='bbox 1278 4750 1334 4799; x_wconf 80' lang='lat' dir='ltr'><strong>tta.</strong></span> <span class='ocrx_word' id='word_1_556' title='bbox 1347 4750 1402 4798; x_wconf 90' lang='grc'><strong>443.</strong></span> <span class='ocrx_word' id='word_1_557' title='bbox 1418 4776 1445 4784; x_wconf 87' lang='grc'><strong>-</strong></span> <span class='ocrx_word' id='word_1_558' title='bbox 1464 4749 1504 4799; x_wconf 72' lang='grc'><strong>43.</strong></span> <span class='ocrx_word' id='word_1_559' title='bbox 1524 4749 1591 4811; x_wconf 81' lang='lat' dir='ltr'><strong>quot]</strong></span> <span class='ocrx_word' id='word_1_560' title='bbox 1610 4751 1676 4811; x_wconf 83' lang='lat' dir='ltr'><strong>qnod</strong></span> <span class='ocrx_word' id='word_1_561' title='bbox 1692 4750 1720 4799; x_wconf 85' lang='lat' dir='ltr'><strong>T.</strong></span> <span class='ocrx_word' id='word_1_562' title='bbox 1732 4774 1759 4784; x_wconf 95' lang='lat'><em>-</em></span> 
     </span>
     <span class='ocr_line' id='line_1_47' title="bbox 446 4823 1760 4889; baseline 0 -15"><span class='ocrx_word' id='word_1_563' title='bbox 446 4825 478 4874; x_wconf 87' lang='lat' dir='ltr'><strong>ob</strong></span> <span class='ocrx_word' id='word_1_564' title='bbox 495 4826 552 4874; x_wconf 90' lang='lat' dir='ltr'><strong>orbe</strong></span> <span class='ocrx_word' id='word_1_565' title='bbox 568 4828 595 4876; x_wconf 90' lang='lat' dir='ltr'><strong>T.</strong></span> <span class='ocrx_word' id='word_1_566' title='bbox 616 4854 643 4864; x_wconf 91' lang='lat'><em>-</em></span> <span class='ocrx_word' id='word_1_567' title='bbox 667 4827 749 4875; x_wconf 78' lang='lat' dir='ltr'><strong>minna</strong></span> <span class='ocrx_word' id='word_1_568' title='bbox 763 4827 819 4876; x_wconf 74' lang='lat' dir='ltr'><strong>lona</strong></span> <span class='ocrx_word' id='word_1_569' title='bbox 836 4824 952 4875; x_wconf 82' lang='lat' dir='ltr'><strong>Kellerus</strong></span> <span class='ocrx_word' id='word_1_570' title='bbox 976 4823 1042 4886; x_wconf 83' lang='lat' dir='ltr'><strong>(coll.</strong></span> <span class='ocrx_word' id='word_1_571' title='bbox 1061 4838 1117 4875; x_wconf 83' lang='lat' dir='ltr'><strong>var.</strong></span> <span class='ocrx_word' id='word_1_572' title='bbox 1135 4825 1194 4875; x_wconf 83' lang='lat' dir='ltr'><strong>lect.</strong></span> <span class='ocrx_word' id='word_1_573' title='bbox 1213 4824 1246 4874; x_wconf 88' lang='lat' dir='ltr'><strong>ad</strong></span> <span class='ocrx_word' id='word_1_574' title='bbox 1264 4837 1303 4874; x_wconf 92' lang='lat' dir='ltr'><strong>or.</strong></span> <span class='ocrx_word' id='word_1_575' title='bbox 1325 4836 1350 4887; x_wconf 93' lang='lat' dir='ltr'><strong>p.</strong></span> <span class='ocrx_word' id='word_1_576' title='bbox 1370 4824 1462 4872; x_wconf 86' lang='lat' dir='ltr'><strong>Roscio</strong></span> <span class='ocrx_word' id='word_1_577' title='bbox 1479 4824 1555 4875; x_wconf 87' lang='lat' dir='ltr'><strong>Com.</strong></span> <span class='ocrx_word' id='word_1_578' title='bbox 1574 4825 1598 4889; x_wconf 74' lang='lat'><strong>5.</strong></span> <span class='ocrx_word' id='word_1_579' title='bbox 1618 4824 1642 4875; x_wconf 86' lang='grc'><strong>4.</strong></span> <span class='ocrx_word' id='word_1_580' title='bbox 1661 4826 1700 4874; x_wconf 91' lang='grc'><strong>44.</strong></span> <span class='ocrx_word' id='word_1_581' title='bbox 1720 4825 1760 4874; x_wconf 74' lang='grc'><strong>44.</strong></span> 
     </span>
     <span class='ocr_line' id='line_1_48' title="bbox 446 4897 1763 4963; baseline 0.001 -16"><span class='ocrx_word' id='word_1_582' title='bbox 446 4901 486 4948; x_wconf 75' lang='grc'><strong>44.</strong></span> <span class='ocrx_word' id='word_1_583' title='bbox 504 4900 544 4950; x_wconf 74' lang='grc'><strong>43.</strong></span> <span class='ocrx_word' id='word_1_584' title='bbox 563 4902 604 4951; x_wconf 81' lang='grc'><strong>48.</strong></span> <span class='ocrx_word' id='word_1_585' title='bbox 622 4901 654 4950; x_wconf 68' lang='grc'><strong>39</strong></span> <span class='ocrx_word' id='word_1_586' title='bbox 671 4903 745 4962; x_wconf 72' lang='lat' dir='ltr'><strong>cett:</strong></span> <span class='ocrx_word' id='word_1_587' title='bbox 768 4902 849 4949; x_wconf 74' lang='lat' dir='ltr'><strong>minna</strong></span> <span class='ocrx_word' id='word_1_588' title='bbox 871 4899 959 4949; x_wconf 84' lang='lat' dir='ltr'><strong>babere</strong></span> <span class='ocrx_word' id='word_1_589' title='bbox 982 4900 1037 4949; x_wconf 84' lang='lat' dir='ltr'><strong>llll</strong></span> <span class='ocrx_word' id='word_1_590' title='bbox 1052 4899 1117 4963; x_wconf 77' lang='lat' dir='ltr'><strong>(liti)</strong></span> <span class='ocrx_word' id='word_1_591' title='bbox 1135 4899 1241 4949; x_wconf 69' lang='lat' dir='ltr'><strong>aava</strong></span> <span class='ocrx_word' id='word_1_592' title='bbox 1262 4897 1355 4963; x_wconf 70' lang='lat' dir='ltr'><strong>(ninam)</strong></span> <span class='ocrx_word' id='word_1_593' title='bbox 1372 4910 1425 4961; x_wconf 86' lang='lat' dir='ltr'><strong>mp</strong></span> <span class='ocrx_word' id='word_1_594' title='bbox 1442 4900 1492 4961; x_wconf 85' lang='lat' dir='ltr'><strong>(pr.</strong></span> <span class='ocrx_word' id='word_1_595' title='bbox 1511 4900 1558 4954; x_wconf 77' lang='lat' dir='ltr'><strong>m.)</strong></span> <span class='ocrx_word' id='word_1_596' title='bbox 1576 4903 1654 4963; x_wconf 78' lang='lat' dir='ltr'><strong>qta3</strong></span> <span class='ocrx_word' id='word_1_597' title='bbox 1681 4899 1763 4948; x_wconf 67' lang='lat' dir='ltr'><strong>nnana</strong></span> 
     </span>
     <span class='ocr_line' id='line_1_49' title="bbox 446 4972 1763 5040; baseline -0.001 -18"><span class='ocrx_word' id='word_1_598' title='bbox 446 4973 527 5023; x_wconf 84' lang='lat' dir='ltr'><strong>obesse</strong></span> <span class='ocrx_word' id='word_1_599' title='bbox 543 4975 598 5024; x_wconf 93' lang='grc'><strong>4444</strong></span> <span class='ocrx_word' id='word_1_600' title='bbox 613 4974 663 5037; x_wconf 88' lang='grc'><strong>(4444</strong></span> <span class='ocrx_word' id='word_1_601' title='bbox 666 4975 677 5040; x_wconf 84' lang='lat'><strong><em>}</em></strong></span> <span class='ocrx_word' id='word_1_602' title='bbox 694 4973 790 5035; x_wconf 73' lang='lat' dir='ltr'><strong>bend</strong></span> <span class='ocrx_word' id='word_1_603' title='bbox 808 4978 834 5024; x_wconf 90' lang='lat' dir='ltr'><strong>et</strong></span> <span class='ocrx_word' id='word_1_604' title='bbox 850 4973 911 5031; x_wconf 67' lang='lat' dir='ltr'><strong>at;</strong></span> <span class='ocrx_word' id='word_1_605' title='bbox 935 4975 1016 5023; x_wconf 78' lang='lat' dir='ltr'><strong>minna</strong></span> <span class='ocrx_word' id='word_1_606' title='bbox 1032 4974 1114 5023; x_wconf 80' lang='lat' dir='ltr'><strong>abesse</strong></span> <span class='ocrx_word' id='word_1_607' title='bbox 1130 4973 1220 5024; x_wconf 74' lang='grc'><strong>,44613</strong></span> <span class='ocrx_word' id='word_1_608' title='bbox 1232 4976 1267 5029; x_wconf 82' lang='grc'><strong>4.;</strong></span> <span class='ocrx_word' id='word_1_609' title='bbox 1283 4973 1365 5022; x_wconf 80' lang='lat' dir='ltr'><strong>minas</strong></span> <span class='ocrx_word' id='word_1_610' title='bbox 1381 4972 1480 5036; x_wconf 78' lang='lat' dir='ltr'><strong>[obesse]</strong></span> <span class='ocrx_word' id='word_1_611' title='bbox 1499 4974 1554 5023; x_wconf 97' lang='grc'><strong>4444</strong></span> <span class='ocrx_word' id='word_1_612' title='bbox 1568 4975 1596 5024; x_wconf 91' lang='lat'><strong>0.</strong></span> <span class='ocrx_word' id='word_1_613' title='bbox 1617 5001 1646 5013; x_wconf 91' lang='lat'>-</span> <span class='ocrx_word' id='word_1_614' title='bbox 1665 4974 1705 5022; x_wconf 76' lang='lat'><strong>25.</strong></span> <span class='ocrx_word' id='word_1_615' title='bbox 1718 4973 1763 5021; x_wconf 86' lang='lat' dir='ltr'><strong>nb-</strong></span> 
     </span>
     <span class='ocr_line' id='line_1_50' title="bbox 446 5046 1760 5113; baseline 0.002 -18"><span class='ocrx_word' id='word_1_616' title='bbox 446 5046 519 5097; x_wconf 79' lang='lat' dir='ltr'><strong>br&#39;nno</strong></span> <span class='ocrx_word' id='word_1_617' title='bbox 539 5046 745 5113; x_wconf 70' lang='lat' dir='ltr'><strong>ETVabptll</strong></span> <span class='ocrx_word' id='word_1_618' title='bbox 766 5052 793 5099; x_wconf 89' lang='lat' dir='ltr'><strong>et</strong></span> <span class='ocrx_word' id='word_1_619' title='bbox 809 5052 837 5099; x_wconf 70' lang='lat' dir='ltr'><strong>A.</strong></span> <span class='ocrx_word' id='word_1_620' title='bbox 867 5076 894 5085; x_wconf 92' lang='lat'><strong>—</strong></span> <span class='ocrx_word' id='word_1_621' title='bbox 918 5049 1008 5098; x_wconf 81' lang='lat' dir='ltr'><strong>indicto</strong></span> <span class='ocrx_word' id='word_1_622' title='bbox 1029 5049 1128 5111; x_wconf 80' lang='lat' dir='ltr'><strong>cepisset</strong></span> <span class='ocrx_word' id='word_1_623' title='bbox 1143 5049 1173 5098; x_wconf 84' lang='grc'><strong>4..</strong></span> <span class='ocrx_word' id='word_1_624' title='bbox 1198 5075 1225 5086; x_wconf 90' lang='grc'>-</span> <span class='ocrx_word' id='word_1_625' title='bbox 1250 5050 1291 5099; x_wconf 72' lang='grc'><strong>44.</strong></span> <span class='ocrx_word' id='word_1_626' title='bbox 1309 5053 1332 5098; x_wconf 88' lang='lat' dir='ltr'><strong>et</strong></span> <span class='ocrx_word' id='word_1_627' title='bbox 1348 5047 1382 5112; x_wconf 80' lang='lat' dir='ltr'><strong>in]</strong></span> <span class='ocrx_word' id='word_1_628' title='bbox 1399 5053 1427 5097; x_wconf 85' lang='lat' dir='ltr'><strong>nt</strong></span> <span class='ocrx_word' id='word_1_629' title='bbox 1443 5049 1469 5097; x_wconf 85' lang='lat' dir='ltr'><strong>tn</strong></span> <span class='ocrx_word' id='word_1_630' title='bbox 1486 5050 1514 5099; x_wconf 91' lang='lat' dir='ltr'><strong>T.</strong></span> <span class='ocrx_word' id='word_1_631' title='bbox 1536 5076 1562 5085; x_wconf 96' lang='lat'>-</span> <span class='ocrx_word' id='word_1_632' title='bbox 1585 5061 1663 5098; x_wconf 81' lang='lat' dir='ltr'><strong>consa</strong></span> <span class='ocrx_word' id='word_1_633' title='bbox 1681 5049 1710 5098; x_wconf 91' lang='lat' dir='ltr'><strong>T.</strong></span> <span class='ocrx_word' id='word_1_634' title='bbox 1732 5075 1760 5085; x_wconf 95' lang='lat'>-</span> 
     </span>
     <span class='ocr_line' id='line_1_51' title="bbox 445 5121 1762 5188; baseline 0.002 -17"><span class='ocrx_word' id='word_1_635' title='bbox 445 5122 485 5171; x_wconf 75' lang='lat'><strong>28.</strong></span> <span class='ocrx_word' id='word_1_636' title='bbox 500 5122 638 5172; x_wconf 77' lang='lat' dir='ltr'><strong>dictaretT.</strong></span> <span class='ocrx_word' id='word_1_637' title='bbox 653 5137 749 5172; x_wconf 83' lang='lat' dir='ltr'><strong>-enm</strong></span> <span class='ocrx_word' id='word_1_638' title='bbox 766 5125 795 5173; x_wconf 82' lang='lat' dir='ltr'><strong>de</strong></span> <span class='ocrx_word' id='word_1_639' title='bbox 811 5124 978 5188; x_wconf 76' lang='lat' dir='ltr'><strong>tncopnttaT:</strong></span> <span class='ocrx_word' id='word_1_640' title='bbox 996 5136 1052 5172; x_wconf 87' lang='lat' dir='ltr'><strong>cnm</strong></span> <span class='ocrx_word' id='word_1_641' title='bbox 1069 5125 1124 5173; x_wconf 78' lang='lat' dir='ltr'><strong>dein</strong></span> <span class='ocrx_word' id='word_1_642' title='bbox 1135 5125 1235 5187; x_wconf 78' lang='lat' dir='ltr'><strong>copnitn</strong></span> <span class='ocrx_word' id='word_1_643' title='bbox 1246 5125 1281 5183; x_wconf 90' lang='lat' dir='ltr'><strong>E;</strong></span> <span class='ocrx_word' id='word_1_644' title='bbox 1298 5124 1357 5172; x_wconf 84' lang='lat' dir='ltr'><strong>dnm</strong></span> <span class='ocrx_word' id='word_1_645' title='bbox 1373 5123 1499 5187; x_wconf 77' lang='lat' dir='ltr'><strong>tneopm&#39;to</strong></span> <span class='ocrx_word' id='word_1_646' title='bbox 1509 5124 1528 5172; x_wconf 85' lang='lat' dir='ltr'>R</span> <span class='ocrx_word' id='word_1_647' title='bbox 1539 5121 1600 5175; x_wconf 67' lang='lat' dir='ltr'><strong>Ab:</strong></span> <span class='ocrx_word' id='word_1_648' title='bbox 1618 5135 1675 5171; x_wconf 86' lang='lat' dir='ltr'><strong>cnm</strong></span> <span class='ocrx_word' id='word_1_649' title='bbox 1690 5123 1762 5173; x_wconf 80' lang='lat' dir='ltr'><strong>inco-</strong></span> 
     </span>
     <span class='ocr_line' id='line_1_52' title="bbox 445 5196 1758 5260; baseline 0.004 -16"><span class='ocrx_word' id='word_1_650' title='bbox 445 5196 516 5259; x_wconf 76' lang='lat' dir='ltr'><strong>pntto</strong></span> <span class='ocrx_word' id='word_1_651' title='bbox 533 5197 589 5246; x_wconf 81' lang='lat' dir='ltr'><strong>Lo.</strong></span> <span class='ocrx_word' id='word_1_652' title='bbox 610 5225 637 5235; x_wconf 89' lang='lat'>—</span> <span class='ocrx_word' id='word_1_653' title='bbox 657 5198 696 5246; x_wconf 78' lang='grc'><strong>49.</strong></span> <span class='ocrx_word' id='word_1_654' title='bbox 712 5198 827 5247; x_wconf 75' lang='lat' dir='ltr'><strong>ootnnset</strong></span> <span class='ocrx_word' id='word_1_655' title='bbox 843 5199 862 5248; x_wconf 91' lang='lat' dir='ltr'><strong>T</strong></span> <span class='ocrx_word' id='word_1_656' title='bbox 881 5199 910 5260; x_wconf 83' lang='lat' dir='ltr'><strong>tsi</strong></span> <span class='ocrx_word' id='word_1_657' title='bbox 926 5197 992 5248; x_wconf 84' lang='lat' dir='ltr'><strong>tides</strong></span> <span class='ocrx_word' id='word_1_658' title='bbox 1010 5200 1051 5248; x_wconf 89' lang='lat' dir='ltr'><strong>est</strong></span> <span class='ocrx_word' id='word_1_659' title='bbox 1067 5197 1191 5248; x_wconf 84' lang='lat' dir='ltr'><strong>Harlessii</strong></span> <span class='ocrx_word' id='word_1_660' title='bbox 1207 5198 1316 5260; x_wconf 88' lang='lat' dir='ltr'><strong>silentio)</strong></span> <span class='ocrx_word' id='word_1_661' title='bbox 1334 5199 1351 5247; x_wconf 81' lang='lat' dir='ltr'>k</span> <span class='ocrx_word' id='word_1_662' title='bbox 1368 5199 1395 5247; x_wconf 92' lang='lat' dir='ltr'><strong>et</strong></span> <span class='ocrx_word' id='word_1_663' title='bbox 1412 5197 1504 5252; x_wconf 68' lang='lat' dir='ltr'><strong>LPO:</strong></span> <span class='ocrx_word' id='word_1_664' title='bbox 1521 5199 1636 5250; x_wconf 67' lang='lat' dir='ltr'><strong>notnimct</strong></span> <span class='ocrx_word' id='word_1_665' title='bbox 1651 5199 1710 5250; x_wconf 79' lang='lat' dir='ltr'><strong>aa,</strong></span> <span class='ocrx_word' id='word_1_666' title='bbox 1731 5225 1758 5235; x_wconf 89' lang='lat'><em>-</em></span> 
     </span>
     <span class='ocr_line' id='line_1_53' title="bbox 448 5269 1498 5340; baseline 0.003 -20"><span class='ocrx_word' id='word_1_667' title='bbox 448 5270 488 5320; x_wconf 85' lang='lat' dir='ltr'><strong>3t.</strong></span> <span class='ocrx_word' id='word_1_668' title='bbox 507 5270 709 5333; x_wconf 78' lang='lat' dir='ltr'><strong>dampnationem</strong></span> <span class='ocrx_word' id='word_1_669' title='bbox 725 5275 754 5324; x_wconf 84' lang='lat' dir='ltr'><strong>T.</strong></span> <span class='ocrx_word' id='word_1_670' title='bbox 780 5273 818 5325; x_wconf 86' lang='lat' dir='ltr'><strong>ct.</strong></span> <span class='ocrx_word' id='word_1_671' title='bbox 837 5273 861 5338; x_wconf 70' lang='lat' dir='ltr'><strong>s.</strong></span> <span class='ocrx_word' id='word_1_672' title='bbox 880 5274 905 5326; x_wconf 85' lang='grc'><strong>6.</strong></span> <span class='ocrx_word' id='word_1_673' title='bbox 926 5298 953 5312; x_wconf 89' lang='grc'><strong>-</strong></span> <span class='ocrx_word' id='word_1_674' title='bbox 972 5273 1013 5325; x_wconf 78' lang='grc'><strong>34.</strong></span> <span class='ocrx_word' id='word_1_675' title='bbox 1028 5275 1117 5340; x_wconf 76' lang='lat' dir='ltr'><strong>potest]</strong></span> <span class='ocrx_word' id='word_1_676' title='bbox 1129 5278 1213 5337; x_wconf 77' lang='lat' dir='ltr'><strong>posen</strong></span> <span class='ocrx_word' id='word_1_677' title='bbox 1228 5285 1304 5328; x_wconf 85' lang='lat' dir='ltr'><strong>aem</strong></span> <span class='ocrx_word' id='word_1_678' title='bbox 1315 5269 1408 5339; x_wconf 69' lang='lat' dir='ltr'><strong>pqtss</strong></span> <span class='ocrx_word' id='word_1_679' title='bbox 1424 5275 1452 5324; x_wconf 89' lang='lat' dir='ltr'><strong>et</strong></span> <span class='ocrx_word' id='word_1_680' title='bbox 1467 5275 1498 5329; x_wconf 85' lang='grc' dir='ltr'><strong>Α.</strong></span> 
     </span>
    </p>
   </div>
   <div class='ocr_carea' id='block_1_6' title="bbox 0 0 2188 6104">
    <p class='ocr_par' dir='ltr' id='par_1_6' title="bbox 0 0 2188 6104">
     <span class='ocr_line' id='line_1_54' title="bbox 0 0 2188 6104; baseline 0 0"><span class='ocrx_word' id='word_1_681' title='bbox 0 0 2188 6104; x_wconf 95' lang='lat' dir='ltr'><strong> </strong></span> 
     </span>
    </p>
   </div>
  </div>
 </body>
</html>
