4367 6109
451 563 515 630 690
846 563 888 625 ΙΝ
909 561 944 624 L.
969 561 1192 627 CATILINAM
1213 562 1332 627 LIBER
1354 565 1407 627 Ill.

452 732 650 816 diligentiam
671 730 965 813 pertimescendam.
1010 732 1162 794 Senatum
1182 731 1381 814 frequentem
1404 731 1563 806 celeriter,
1590 741 1628 797 ut
1648 733 1785 809 vidistis,

453 829 553 909 coegi.
596 825 626 886 8.
648 827 753 907 Atque
775 824 896 887 interea
919 825 1024 887 statim
1047 826 1210 888 admonitu
1225 825 1429 908 Allobrogum
1445 826 1478 889 C.
1497 826 1670 910 Sulpicium
1693 848 1786 910 prae·

452 932 568 994 torem,
597 918 712 981 iontem
740 919 859 992 virum,
889 919 976 993 misi,
1007 919 1062 1000 qui
1093 939 1133 981 ex
1161 919 1294 982 aedibus
1317 918 1465 1001 Cethegi,
1495 922 1521 983 si
1544 920 1622 1002 quid
1645 922 1783 985 telorum

452 1023 552 1088 essct,
576 1012 716 1087 4114444444
739 1031 779 1073 ex
801 1011 918 1094 quihus
939 1011 994 1075 ille
1016 1014 1188 1075 maximum
1211 1014 1347 1075 sicarum
1369 1033 1534 1077 numerum
1557 1022 1589 1077 et
1603 1014 1783 1096 gladiorum

427 1106 574 1171 44444114.
624 1106 676 1168 1v.
707 1105 873 1167 Introduxi
902 1104 1098 1168 Volturcium
1127 1106 1196 1168 sine
1224 1105 1339 1180 Gallis,
1374 1103 1467 1169 iidem
1500 1108 1656 1190 publicam
1694 1110 1785 1172 iussu

451 1208 579 1266 senatus
600 1200 689 1272 dedi,
711 1198 854 1262 hortatus
875 1220 945 1262 sum
967 1208 1002 1262 ut
1024 1219 1062 1261 ea
1084 1218 1166 1280 quae
1181 1200 1276 1262 sciret
1290 1201 1358 1264 sine
1374 1189 1485 1263 timore
1501 1201 1665 1265 indicaret.
1701 1204 1784 1264 Tum

451 1295 504 1358 ille
527 1295 621 1368 dixit,
643 1312 715 1355 cum
737 1293 791 1355 vix
806 1312 840 1354 se
855 1312 895 1354 ex
910 1312 1025 1374 magno
1043 1292 1154 1355 timore
1169 1302 1357 1368 recreasset,
1380 1314 1399 1357 4
1414 1296 1446 1357 Ρ.
1463 1295 1597 1357 Lentulo
1614 1315 1649 1357 se
1663 1294 1783 1359 hahere

450 1389 489 1452 ad
514 1388 680 1451 Catilinam
702 1385 849 1449 mandata
871 1394 902 1448 et
923 1386 1060 1460 litteras,
1083 1394 1120 1448 ut
1140 1407 1301 1450 servorum
1322 1388 1480 1469 praesidio
1504 1396 1661 1463 uteretur,
1684 1396 1723 1452 ut
1742 1388 1783 1452 ad

417 1555 422 1567 ι
449 1484 561 1545 urhem
584 1500 679 1564 quam
702 1479 931 1562 primumcum
953 1480 1297 1554 exercituaccederet;
1320 1482 1353 1544 id
1375 1490 1480 1544 autem
1503 1502 1542 1544 eo
1565 1483 1716 1557 consilio,
1737 1492 1782 1555 ut,

413 1584 440 1629 ⁴⁰
450 1597 522 1640 oum
542 1576 653 1657 urhenr
675 1593 716 1635 ex
738 1572 885 1635 omnihus
907 1573 1064 1654 partibus,
1087 1594 1181 1656 quem
1204 1574 1244 1636 ad
1267 1574 1395 1638 modum
1418 1575 1610 1659 descriptum
1633 1576 1783 1640 distrihu-

451 1678 581 1753 tumque
604 1674 686 1741 erat,
706 1665 924 1730 incendissent
946 1665 1141 1751 caedemque
1162 1665 1316 1732 inlinitum
1337 1670 1452 1733 civium
1466 1670 1630 1742 fecissent,
1651 1677 1781 1751 praesto

450 1769 535 1827 esset
561 1761 633 1833 ille,
666 1762 721 1843 qui
749 1768 781 1823 et
809 1758 967 1842 fugientes
996 1762 1157 1843 exciperet
1188 1769 1280 1825 etse
1308 1782 1379 1825 cum
1406 1763 1456 1827 his
1485 1763 1616 1827 urbanis
1645 1762 1781 1827 ducihus

449 1857 663 1937 coniungeret
706 1851 736 1915 9.
765 1851 939 1917 Introducti
965 1863 1071 1918 autem
1094 1856 1177 1918 Galli
1200 1856 1249 1918 ius
1271 1856 1438 1919 iurandum
1462 1858 1522 1920 sihi
1543 1865 1575 1920 et
1597 1856 1719 1920 litteras
1740 1857 1781 1919 ah

449 1949 599 2022 1444414,
629 1947 785 2030 Cethego,
816 1947 941 2011 Statilio
971 1948 1011 2011 ad
1034 1969 1122 2011 suam
1152 1958 1277 2031 gentem
1300 1948 1373 2013 data
1395 1970 1465 2014 esse
1488 1950 1655 2025 4114444444,
1683 1960 1780 2036 atque

412 2045 492 2108 44144
513 2043 573 2108 sihi
595 2042 634 2107 ah
655 2042 707 2105 his
728 2048 760 2102 et
780 2060 801 2103 a
821 2041 857 2103 L.
881 2041 987 2105 Caesio
1009 2061 1079 2104 esse
1102 2044 1346 2124 praescriptum,
1369 2051 1405 2105 ut
1419 2045 1594 2127 equitatum
1609 2045 1642 2106 in
1657 2045 1781 2109 ltaliam

449 2136 702 2219 quamprimum
725 2134 900 2197 mitterent:
923 2133 1088 2217 pedestres
1110 2136 1170 2198 sihi
1193 2138 1301 2218 copias
1323 2157 1386 2198 non
1408 2137 1586 2212 defuturam
1608 2140 1779 2203 Lentulum

448 2237 551 2294 autem
575 2229 637 2293 sihi
659 2227 861 2292 confirmasse
883 2248 924 2291 cx
946 2226 1020 2291 fatis
1042 2229 1208 2312 Sibyllinis
1238 2230 1506 2314 haruspicumque
1528 2234 1710 2314 responsis,
1745 2253 1779 2295 se

448 2342 518 2386 esse
539 2322 667 2386 tertium
688 2321 777 2384 illum
801 2320 999 2395 Cornelium,
1033 2322 1072 2384 ad
1102 2343 1197 2406 quem
1220 2343 1351 2405 regnum
1373 2324 1468 2387 huius
1491 2324 1579 2387 urhis
1600 2334 1697 2408 atque
1721 2326 1780 2389 im·

446 2418 569 2498 perium
590 2414 754 2498 pervenire
777 2422 861 2478 esset
882 2434 1026 2489 necesse;
1057 2415 1188 2478 Cinnam
1211 2425 1284 2479 ante
1307 2438 1340 2479 se
1365 2424 1397 2480 et
1418 2417 1539 2481 Sullam
1560 2418 1677 2494 fuisse3
1700 2440 1780 2483 eun-

409 2510 584 2594 sodemque
617 2509 736 2573 dixisse
768 2506 895 2572 fatalem
928 2509 1013 2570 hunc
1046 2528 1165 2572 annum
1194 2529 1264 2572 esse
1294 2509 1334 2572 ad
1369 2511 1529 2574 interitum
1562 2512 1658 2576 huius
1692 2514 1779 2577 urhis

446 2613 541 2687 atque
570 2603 713 2685 imperii,
746 2604 801 2686 qui
830 2610 915 2665 esset
941 2622 1043 2664 annus
1071 2601 1214 2664 decimus
1242 2613 1317 2684 post
1346 2604 1503 2685 virginum
1533 2604 1778 2680 ahsolutionem,

446 2705 517 2780 post
540 2696 684 2780 Capitolii
706 2703 811 2758 autem
840 2697 1056 2759 incensionem
1085 2695 1264 2758 vicesimus.
1308 2692 1358 2757 10.
1388 2698 1478 2760 Hanc
1507 2706 1612 2761 autem
1636 2700 1777 2783 Cethego

446 2811 518 2854 cum
539 2789 652 2854 ceteris
674 2790 917 2851 controversiam
937 2788 1038 2851 fuisse
1059 2788 1224 2862 dixerunt,
1255 2791 1340 2873 quod
1362 2792 1496 2855 Lentulo
1519 2800 1551 2854 et
1572 2792 1645 2856 aliis
1668 2794 1777 2857 Satur·

445 2884 569 2949 nalihus
591 2882 720 2947 caedem
743 2878 810 2945 lieri
831 2891 927 2964 atque
948 2882 1059 2944 urbem
1080 2882 1207 2944 incendi
1230 2883 1385 2966 placeret,
1424 2884 1562 2967 Cethego
1585 2886 1718 2950 nimium
1743 2886 1776 2948 id

511 3226 535 3274 4.
552 3224 694 3287 frequenter
710 3222 785 3285 qtz,
803 3220 872 3271 satu
885 3222 962 3284 lagg.
978 3247 1004 3255 -
1018 3220 1193 3271 celsrs‘tuom.
1213 3221 1237 3279 i;
1256 3220 1381 3270 sceleriter
1397 3224 1420 3279 t;
1439 3226 1463 3271 et
1478 3223 1523 3272 cet.
1543 3236 1601 3286 qz,
1619 3225 1719 3289 1444.
1733 3226 1773 3276 65.

445 3326 478 3335 -
492 3298 579 3349 uidetis
596 3296 618 3357 l;
637 3297 742 3347 auduus
757 3310 782 3356 ς.
804 3321 830 3329 -
849 3296 874 3345 4.
893 3296 996 3360 interea]
1014 3296 1041 3345 io
1058 3301 1112 3346 teos
1127 3309 1152 3359 g.
1168 3322 1194 3330 -
1209 3297 1348 3347 ummcuttu
1364 3296 1413 3353 di;
1432 3299 1534 3348 hortatu
1551 3312 1569 3362 q
1588 3301 1614 3349 et
1630 3300 1677 3363 14.
1690 3300 1732 3350 44.
1746 3326 1771 3335 -

446 3375 483 3439 6.]
501 3375 545 3426 Oa.
565 3375 610 3434 rt;
634 3374 660 3424 P.
680 3373 697 3423 i.
719 3399 752 3408 —
773 3371 908 3433 Sulpitium
924 3370 1062 3434 Bhdhs,
1088 3374 1199 3435 91444.
1217 3400 1251 3409 -
1273 3374 1297 3423 3.
1320 3374 1404 3423 cirum
1424 3375 1514 3438 sortem
1531 3377 1549 3425 i.
1573 3402 1607 3411 -
1629 3374 1654 3426 4.
1673 3377 1775 3438 41444444

446 3450 560 3513 quz,
579 3451 594 3498 e
612 3447 654 3497 elii
671 3449 765 3511 Lagg.;
784 3447 884 3509 44444444
899 3447 923 3502 4;
943 3447 1051 3510 deferret
1067 3448 1083 3497 i.
1100 3473 1126 3486 —
1145 3448 1265 3497 sicarium
1282 3451 1299 3497 4.
1315 3474 1341 3483 —
1362 3454 1384 3498 ct
1401 3462 1454 3499 om.
1473 3449 1541 3499 bis.
1554 3477 1588 3486 -
1604 3450 1630 3499 6.
1649 3449 1775 3499 auteur

444 3520 496 3573 hs.
514 3550 547 3561 —
566 3523 717 3574 Volturcius
734 3521 889 3582 hcdsux,
909 3522 953 3585 14.
972 3524 1019 3574 53:
1041 3523 1195 3571 Volturcium
1211 3523 1298 3573 RLO.
1316 3551 1349 3559 -
1370 3524 1586 3588 luculentis,
1604 3526 1650 3588 44.
1670 3525 1711 3575 46.
1730 3524 1772 3575 ta.

444 3600 484 3650 60.
504 3599 547 3648 57:
572 3599 647 3663 444444
663 3597 686 3647 ei
702 3596 788 3647 nto.
807 3622 840 3631 -
857 3595 881 3644 6.
900 3608 931 3645 cc
947 3609 1000 3647 om.
1019 3610 1046 3647 u.
1071 3623 1098 3631 -
1123 3598 1175 3647 ss'oe
1191 3598 1289 3662 timore]
1313 3600 1364 3647 stuc
1382 3605 1449 3649 metu
1470 3602 1481 3649 t
1502 3603 1529 3650 ct
1551 3601 1595 3664 14.
1614 3601 1648 3650 40
1665 3598 1724 3651 4414.
1744 3627 1771 3637 -

443 3675 534 3725 dicuat
550 3671 577 3723 d.
599 3699 625 3707 -
644 3673 667 3722 7.
687 3672 727 3722 4444
743 3670 816 3734 44444]
840 3671 906 3720 (44444
923 3684 976 3721 orn.
994 3673 1043 3723 LO
1062 3674 1153 3723 contra
1171 3672 1249 3722 codd.
1268 3685 1371 3722 omnes.
1399 3702 1425 3709 -
1449 3688 1506 3724 cum
1522 3675 1563 3725 ille
1578 3676 1624 3725 utor
1641 3677 1662 3726 t.
1682 3702 1709 3710 -
1727 3676 1772 3725 uic

442 3763 505 3800 em.
524 3753 541 3798 t.
560 3763 585 3799 se
601 3752 736 3799 recreasset
752 3746 780 3795 d.
796 3772 822 3779 —
846 3751 971 3796 rccreuret
987 3760 1018 3811 g;
1037 3748 1166 3809 recepisset
1183 3745 1243 3797 cod.
1257 3748 1366 3805 Mureti;
1384 3754 1519 3799 recreasset
1530 3749 1595 3800 dicit
1607 3764 1620 3799 z
1632 3752 1660 3800 et
1671 3751 1718 3814 14.
1731 3752 1770 3812 66,

443 3826 507 3884 LO,
526 3824 575 3874 sed
586 3824 606 3872 0
618 3822 684 3871 44444
694 3833 755 3871 cum
767 3821 878 3871 uncinis.
891 3848 916 3855 —
928 3835 946 3870 c
958 3834 1010 3871 om.
1025 3825 1043 3872 t.
1059 3850 1085 3857 —
1097 3822 1121 3871 8.
1133 3820 1267 3885 4444444444]
1278 3835 1357 3870 mauu
1368 3821 1394 3871 d.
1408 3849 1433 3857 -
1446 3828 1473 3872 ut
1484 3823 1526 3888 ad]
1539 3825 1577 3874 sic
1589 3825 1644 3875 mei
1656 3826 1770 3889 ethgg.

444 3903 550 3964 praeter
567 3900 639 3948 octe:
657 3895 824 3955 etutudB;
843 3897 916 3944 etad
933 3896 977 3957 14.
997 3896 1020 3944 4.
1040 3896 1063 3946 3.
1083 3896 1107 3944 6.
1127 3896 1151 3946 8.
1171 3893 1211 3945 at.
1231 3894 1277 3957 16,
1296 3898 1354 3946 LO.
1376 3925 1402 3933 -
1422 3899 1445 3946 9.
1464 3911 1591 3949 eunom.
1610 3898 1681 3949 b.-
1700 3914 1771 3951 acce·

443 3973 518 4037 deret]
535 3973 630 4022 veniret
647 3971 667 4020 6
685 3971 712 4020 et
729 3972 774 4032 Lg.
793 3970 816 4019 9.
836 3969 877 4019 53.
896 3998 929 4005 -
945 3971 971 4018 44
987 3984 1016 4020 eo
1032 3976 1116 4020 auten
1132 3984 1153 4019 r.
1175 3997 1201 4004 -
1223 3971 1262 4019 40.
1281 3971 1393 4020 cruribus
1408 3985 1441 4021 ec
1455 3986 1481 4035 p.
1502 3974 1564 4037 Vq,
1588 3974 1604 4023 4
1621 3973 1664 4025 alii
1682 3978 1769 4040 lagg..

443 4049 502 4098 LO.
523 4073 549 4081 -
569 4047 610 4096 44.
629 4050 652 4094 44
668 4045 800 4107 4444444444
816 4044 861 4105 Lg.
880 4044 925 4100 65;
944 4044 1096 4108 aufugientes
1111 4059 1140 4103 z;
1159 4050 1182 4093 et
1198 4057 1252 4094 om.
1272 4046 1306 4102 V,
1325 4047 1369 4108 14.
1388 4045 1429 4096 46.
1448 4047 1489 4097 63.
1505 4073 1532 4080 -
1551 4048 1654 4099 daubus
1669 4050 1771 4101 44444444

442 4123 554 4184 taugeret
570 4120 596 4169 d.
610 4147 642 4156 -
656 4119 693 4169 43.
713 4117 745 4166 uh
762 4117 863 4166 tectulo
879 4118 973 4181 scripsi
991 4132 1023 4169 44
1040 4118 1119 4169 codd.
1138 4120 1202 4182 optt.
1221 4121 1352 4184 scripture
1369 4136 1387 4172 c
1402 4124 1428 4171 P.
1441 4123 1556 4184 44444444,
1574 4138 1658 4187 quam
1674 4127 1771 4178 habent

443 4209 537 4247 omnes
555 4180 643 4257 (etiain
660 4193 689 4256 0)
706 4193 813 4255 practer
829 4191 1040 4256 Vghqrth,
1064 4195 1109 4257 Lg.
1128 4195 1168 4244 40.
1187 4195 1228 4244 44.
1248 4194 1288 4246 46.
1307 4197 1353 4256 63,
1378 4199 1404 4247 44
1422 4196 1518 4259 quibus
1536 4200 1577 4249 444
1593 4213 1612 4248 c
1626 4202 1730 4254 44444444
1746 4204 1771 4252 44

443 4274 482 4323 414
498 4273 525 4322 in
542 4272 571 4321 L.
588 4297 614 4305 -
629 4269 668 4320 44.
686 4282 745 4317 suus
760 4272 843 4331 pentes
859 4281 880 4317 4.
897 4295 923 4302 -
937 4268 1006 4333 datu]
1024 4269 1062 4319 sio
1080 4272 1136 4318 aet
1152 4270 1173 4318 i:
1192 4272 1279 4320 444444
1297 4270 1351 4328 bs,
1370 4273 1537 4322 dctcsRLO.
1557 4274 1596 4325 61.
1610 4276 1677 4329 infra
1693 4279 1769 4344 440.

443 4346 599 4407 metense.
618 4370 651 4379 -
669 4344 708 4393 tt.
727 4343 765 4391 444
781 4354 835 4391 om.
854 4355 879 4405 g.
900 4370 926 4377 -
946 4343 1768 4419 4444.644,44.43.-1..4446444,3411414444.-

443 4419 516 4469 444444
533 4421 550 4467 t.
569 4417 656 4480 (quem
670 4417 782 4480 primun
798 4417 825 4465 s'rs
841 4416 940 4466 ltaliam
957 4416 993 4480 d.)
1014 4446 1040 4453 -
1061 4419 1101 4467 46.
1120 4420 1226 4469 mitteret
1244 4420 1272 4470 b.
1294 4450 1320 4457 —
1339 4422 1384 4471 4444
1398 4424 1521 4485 pedestres
1537 4424 1594 4487 64,
1613 4426 1660 4490 14.
1678 4426 1710 4487 s;
1727 4425 1771 4476 4444

444 4506 498 4544 om.
516 4506 540 4542 c.
554 4521 580 4528 -
593 4494 633 4541 tr.
650 4492 710 4556 44444
726 4492 805 4552 like,
824 4492 868 4553 Lg.
883 4491 906 4540 7.
920 4492 943 4540 9.
959 4492 998 4540 46.
1013 4490 1043 4541 43
1062 4491 1188 4553 (sedsex
1201 4496 1296 4557 com-l:
1316 4497 1384 4546 444444
1400 4495 1652 4561 6414444444,
1670 4499 1716 4565 14.
1729 4500 1768 4551 40.

443 4569 490 4628 44,
510 4570 543 4627 1.;
561 4567 632 4629 testis
649 4566 741 4629 (ahgi
752 4579 768 4629 p
778 4568 799 4624 t,
819 4564 868 4627 alii]
887 4568 933 4615 aut
947 4566 1021 4629 [actis
1037 4569 1083 4617 aut
1097 4568 1187 4630 faustis
1203 4569 1232 4617 R.
1251 4568 1332 4632 (444444
1347 4571 1467 4633 4444444444
1482 4574 1506 4629 4;
1525 4571 1596 4622 libris
1611 4575 1725 4625 4444444444
1735 4574 1769 4637 d.)

447 4642 749 4705 -tauuspr'cumocar
768 4640 1050 4702 4444444444
1070 4644 1305 4707 amariusque
1324 4649 1516 4710 succumque
1524 4645 1581 4697 reu.
1591 4652 1645 4701 mer
1654 4653 1682 4702 et
1692 4651 1768 4715 sugg.

446 4743 473 4750 -
486 4731 576 4768 essese
593 4718 705 4775 Cmrt,
725 4717 769 4778 14.
788 4717 812 4766 9.
831 4716 871 4765 40.
890 4714 935 4775 63;
954 4729 979 4767 sc
996 4731 1049 4767 om.
1069 4731 1100 4768 4.
1120 4745 1147 4754 -
1168 4719 1208 4768 48.
1227 4721 1298 4771 tltuus
1314 4724 1414 4773 tertium
1430 4723 1504 4774 hee.
1519 4749 1546 4758 -
1561 4725 1601 4775 49.
1619 4725 1770 4787 modumque

444 4790 574 4841 Lentulum
589 4791 682 4841 44444444
697 4788 779 4853 4144.
794 4816 821 4826 ·-
835 4791 876 4840 40.
894 4791 958 4841 tuuc
974 4806 1069 4843 anuum
1085 4796 1444 4860 44446444,14.46;4444
1459 4798 1524 4848 444444
1540 4811 1636 4850 cousus
1653 4801 1689 4859 6;
1707 4799 1770 4850 trust

443 4878 494 4915 esse
510 4878 536 4923 r;
555 4877 605 4916 esse
621 4878 674 4915 om.
694 4877 730 4923 44;
748 4864 813 4914 huuc
829 4878 879 4916 esse
894 4879 989 4916 aarum
1006 4869 1091 4919 RLO,
1107 4897 1133 4905 -
1152 4870 1222 4920 urhis
1237 4873 1271 4921 cd
1286 4873 1331 4922 s'ot.
1350 4873 1423 4923 tutus
1438 4875 1449 4922 t
1465 4875 1493 4924 et
1508 4874 1555 4936 14.
1573 4874 1615 4924 40.
1629 4900 1656 4910 -
1670 4875 1712 4925 st.
1726 4887 1769 4923 es·

443 4955 491 4991 rsus
507 4938 801 5002 dettmsuBabctsz,
820 4942 864 5004 14.
883 4940 982 4992 4643.
1002 4940 1102 4995 4660.
1121 4946 1162 4995 61.
1181 4946 1229 4995 65;
1248 4947 1356 4997 (44444444
1372 4960 1454 4998 eunus
1470 4949 1559 4999 nto.
1578 4974 1606 4984 -
1625 4949 1768 4999 solutionem

445 5014 1764 5087 44,641141.444.-44.444444444.64,1446.-43.44444414444444.64,14.63.-

444 5090 637 5153 44441444-
656 5090 730 5153 qued]
748 5089 950 5153 44441444441..
971 5116 997 5123 -
1017 5091 1047 5156 et]
1066 5097 1141 5154 atque
1157 5094 1212 5158 64,
1230 5097 1274 5159 14.
1293 5096 1318 5146 9.
1336 5096 1378 5147 40.
1397 5097 1439 5149 tta.
1460 5125 1487 5134 -
1506 5098 1561 5147 Sat.
1579 5096 1767 5149 4444444641)

446 5168 535 5229 cisz,
562 5167 607 5229 14.
626 5163 867 5217 scutulata:
894 5165 1117 5219 coedemSuturrs.
1136 5168 1195 5218 RO.
1221 5197 1247 5205 —
1271 5169 1556 5237 4444444444,
1580 5170 1765 5237 achimae

444 5241 471 5290 tc
488 5254 541 5293 om.
560 5253 591 5293 44.
