4367 6109
751 578 825 647 cu.
848 577 1109 644 svn-xum
1134 575 1191 663 ss.
1213 573 1363 645 sa-ee.
1660 579 1723 648 ses

395 759 485 828 sunt,
513 751 610 815 iidem
638 750 693 815 isti
720 768 796 813 uera
829 768 900 814 esse
930 748 1126 825 concedunt,
1159 756 1192 813 et
1220 751 1434 815 necessarium
1454 751 1574 817 bellum
1596 772 1667 818 esse
1689 759 1724 819 et

394 864 559 928 magnum,
589 851 621 908 et
647 846 679 909 in
706 863 771 908 uno
794 844 849 907 Cn.
871 844 1023 927 Pompeio
1046 864 1168 908 summa
1189 865 1259 908 esse
1282 847 1397 910 omnia.
1439 843 1491 910 04.
1516 847 1604 924 Quid
1626 849 1722 931 igitur

392 941 438 1005 ait
464 938 679 1003 Hortensius?
713 938 747 1002 Si
774 938 830 1001 uni
860 938 967 1001 omnia
996 939 1163 1002 tribuenda
1184 939 1266 1014 sint,
1295 940 1515 1023 dignissimum
1537 960 1607 1006 esse
1628 944 1721 1006 Pom·

392 1033 515 1118 poium,
537 1031 594 1097 sed
615 1031 656 1095 ad
677 1053 776 1095 unum
799 1042 905 1095 nmen
928 1032 1035 1096 omnia
1056 1033 1173 1096 deferri
1195 1053 1259 1096 non
1283 1042 1441 1117 oportere.
1474 1034 1637 1101 Obsolevit
1658 1037 1721 1101 iam

391 1130 452 1193 ista
473 1126 598 1200 oratio,
619 1147 654 1190 re
676 1127 775 1191 mudto
797 1127 898 1209 magis
920 1146 1014 1210 quam
1030 1127 1135 1190 verbis
1149 1129 1295 1192 refutata.
1318 1131 1396 1192 Nam
1412 1137 1447 1192 tu
1461 1130 1563 1205 idem,
1586 1131 1625 1207 Q.
1640 1133 1746 1196 Hor-t

391 1222 490 1296 tensi,
505 1210 621 1285 'multa
649 1240 707 1304 pro
738 1228 794 1284 tua
822 1240 946 1284 summa
968 1221 1059 1303 copia
1080 1241 1117 1285 ae
1139 1222 1292 1304 singulari
1313 1223 1462 1287 facultate
1485 1224 1667 1307 dicendi,et
1687 1227 1721 1291 in

392 1324 504 1381 senatu
526 1323 636 1380 contra
658 1315 761 1379 virum
782 1315 897 1378 sortem
918 1316 955 1377 4.
972 1315 1139 1378 Gabinium
1161 1317 1298 1397 graviter
1314 1326 1489 1401 ornateque
1505 1318 1627 1395 dixisti,
1649 1340 1721 1383 cum

391 1412 419 1474 is
442 1410 482 1472 de
504 1429 569 1473 uno
593 1409 781 1494 imperatore
803 1417 913 1473 contra
927 1409 1104 1492 praedones
1121 1410 1345 1474 constituendo
1364 1412 1465 1493 legem
1481 1413 1722 1497 promulgasset,

392 1512 425 1569 et
456 1524 497 1568 ex
528 1504 590 1568 hoe
618 1505 686 1588 ipso
719 1503 790 1568 loco
819 1505 974 1587 permulta
1010 1505 1084 1566 item
1114 1511 1224 1568 contra
1250 1524 1321 1568 eam
1350 1506 1453 1588 legem
1483 1506 1579 1570 verba
1606 1507 1720 1573 iecisti.

391 1595 442 1662 53.
466 1597 576 1675 Quidt
597 1605 683 1672 tum,
705 1618 763 1680 per
785 1597 861 1662 deos
883 1597 1095 1662 immortalesl
1119 1599 1145 1661 si
1168 1597 1240 1681 plus
1261 1599 1344 1683 apud
1368 1599 1521 1682 populum
1545 1603 1759 1666 Romanumto

392 1693 562 1758 auotoritas
583 1697 639 1756 tua
662 1711 758 1775 quam
780 1692 881 1774 ipsius
903 1691 1015 1775 populi
1034 1692 1168 1756 Romani
1191 1693 1277 1757 salus
1300 1703 1332 1757 et
1352 1713 1426 1758 vera
1449 1714 1543 1759 causa
1557 1697 1721 1775 valuisset,

391 1790 486 1854 bodie
507 1788 589 1852 hauc
610 1784 741 1868 gloriam
764 1795 860 1869 atque
882 1786 943 1849 hoc
966 1785 1051 1867 orbis
1066 1794 1168 1849 terrae
1187 1788 1355 1871 imperium
1370 1794 1575 1853 teneremus?
1598 1793 1647 1853 444
1663 1792 1719 1855 tibi

392 1893 459 1949 tum
482 1882 651 1966 imperium
673 1879 732 1943 hoo
754 1900 824 1943 esse
846 1879 1025 1953 videbatur,
1054 1900 1126 1943 cum
1147 1880 1258 1964 populi
1281 1882 1416 1945 Romani
1437 1881 1548 1963 legati,
1572 1890 1722 1967 quaesto·

392 1999 443 2043 res
465 1982 694 2061 praetoresque
716 1974 944 2057 capiebantur?
966 1993 1037 2037 cum
1061 1994 1102 2038 ex
1125 1974 1271 2037 omnibus
1293 1975 1466 2057 proviaciis
1489 1985 1667 2040 commeatu
1689 1985 1721 2041 et

393 2072 516 2157 privato
548 2077 581 2132 et
610 2067 739 2151 publico
768 2068 1037 2151 prohibebamur?
1071 2088 1144 2132 cum
1172 2069 1217 2132 ita
1245 2069 1352 2132 clausa
1381 2069 1474 2132 nobis
1502 2076 1593 2133 erant
1621 2073 1758 2136 mariaco

392 2164 515 2239 omnia,
536 2168 573 2226 ut
592 2181 698 2246 nequa
719 2161 874 2246 priuatam
895 2180 963 2224 rem
983 2162 1224 2226 transmarinam
1247 2181 1353 2245 neque
1373 2163 1533 2246 publicam
1550 2163 1612 2227 iam
1630 2164 1720 2230 obire

416 2260 584 2324 essemusi

391 2281 414 2344 p
475 2351 588 2416 xviia
611 2347 662 2413 oi.
685 2349 775 2427 Quae
797 2350 907 2414 civitas
929 2356 1022 2414 antea
1036 2369 1186 2433 umquam
1201 2350 1280 2425 luit,
1303 2370 1368 2413 non
1383 2349 1455 2413 dico
1468 2351 1719 2430 Atheniensium,

394 2447 574 2533 quassatis
602 2445 665 2509 late
687 2443 849 2529 quondam
870 2463 956 2508 mare
982 2445 1123 2509 tenuisse
1146 2444 1279 2519 dicitur,
1310 2464 1375 2510 non
1395 2445 1718 2527 Karthaginiensium,

391 2544 450 2627 qui
484 2539 676 2624 permultum
706 2538 806 2601 classe
835 2557 872 2601 ac
900 2539 1064 2601 maritimis
1091 2539 1186 2601 rebus
1211 2538 1395 2613 valuerunt,
1427 2557 1491 2601 non
1513 2539 1756 2620 Rhodiorumao

393 2656 530 2723 quorum
551 2653 653 2716 usque
675 2632 714 2696 ad
735 2637 878 2695 nostram
899 2632 1082 2695 memoriam
1106 2631 1273 2714 disciplina
1295 2631 1416 2695 naualis
1435 2638 1467 2694 et
1481 2632 1582 2714 gloria
1596 2654 1720 2700 reman-

394 2731 457 2795 sit:
480 2747 562 2813 quae
585 2727 693 2790 civitas
714 2745 865 2810 umquam
886 2733 979 2788 antea
1001 2734 1065 2788 tam
1088 2726 1208 2799 tenuis,
1231 2745 1313 2808 quae
1335 2734 1398 2790 tam
1414 2746 1511 2811 parva
1531 2727 1718 2805 insulaiuit,

393 2843 475 2909 quae
504 2842 570 2886 non
598 2828 707 2904 portus
736 2840 812 2884 suos
833 2827 866 2882 et
895 2839 987 2902 agros
1010 2827 1042 2883 et
1062 2820 1202 2903 aliquam
1224 2827 1344 2902 partem
1366 2821 1504 2905 regionis
1525 2828 1622 2905 atque
1644 2842 1718 2888 orae

392 2917 566 2982 maritimae
595 2935 653 2998 per
682 2934 716 2978 se
738 2914 810 2996 ipsa
830 2912 1039 2977 detenderet?
1071 2915 1112 2976 44
1131 2913 1259 2976 hercule
1281 2913 1404 2997 aliquot
1424 2934 1526 2978 annos
1548 2917 1718 2982 continuos

393 3020 465 3076 ante
493 3010 595 3092 legem
623 3008 788 3071 Gabiniam
817 3007 871 3071 ille
906 3006 1045 3090 populus
1075 3009 1253 3082 Romanus,
1280 3008 1370 3071 cuius
1392 3012 1495 3092 usqeie
1516 3008 1556 3072 ad
1577 3018 1756 3077 nostramet

394 3092 717 3170 memoriam'nomen
738 3102 891 3165 invictum
913 3102 947 3164 in
969 3101 1135 3164 naualibus
1157 3102 1271 3184 pugnis
1293 3103 1516 3185 permanserit,
1546 3123 1660 3187 magna
1680 3124 1718 3170 ac

394 3200 494 3264 multo
523 3199 661 3261 maxima
691 3205 781 3280 parte
809 3216 873 3259 non
901 3196 997 3259 modo
1019 3196 1180 3269 utilitatis,
1212 3194 1268 3259 sed
1290 3195 1451 3278 dignitatis
1474 3204 1570 3282 atque
1592 3197 1719 3281 imperii

393 3294 514 3358 carnit:
547 3290 598 3356 55.
627 3310 704 3366 nos,
737 3309 874 3375 quorum
901 3290 1037 3353 maiores
1066 3287 1258 3353 Antiochum
1284 3309 1391 3373 regem
1413 3290 1514 3355 classe
1535 3292 1718 3375 Persenque

393 3393 598 3471 superarunt,
631 3385 842 3469 omnibusque
870 3383 1034 3448 navalibus
1055 3383 1172 3467 pugnis
1192 3382 1490 3466 Karthaginienses,
1515 3383 1662 3449 homines
1683 3386 1718 3449 in

393 3481 558 3547 maritimis
583 3479 677 3544 rebus
701 3478 979 3543 exercitatissimos
1006 3477 1303 3562 paratissimosque,
1331 3478 1492 3553 vicerunt,
1519 3479 1542 3543 ii
1566 3479 1656 3544 nullo
1683 3481 1755 3547 inas

457 3725 481 3774 4.
498 3724 564 3773 ideo
579 3721 667 3772 TVA.
682 3747 709 3757 -
728 3719 814 3773 aues
829 3719 983 3770 ETVBO:
1001 3723 1058 3770 444444
1075 3718 1187 3774 0440.
1203 3718 1519 3784 —digoissieuauliivt
1537 3723 1718 3788 4044044040-

391 3801 481 3851 444440444
497 3796 639 3852 444400.
654 3823 682 3833 -
700 3794 725 3848 i.
744 3794 879 3859 dtffoeut'l’.
894 3819 921 3830 -
940 3792 1229 3858 Obsoleuitnresutata
1239 3795 1388 3846 Priscianus
1399 3794 1442 3845 44.
1456 3795 1497 3856 40,
1509 3793 1550 3847 44.
1566 3821 1591 3835 -
1612 3797 1718 3849 beatio

392 3876 410 3926 F
427 3887 490 3925 cum
506 3871 665 3924 editionibus
682 3872 820 3932 Prisciani,
839 3869 914 3921 cuius
931 3872 1021 3920 tamen
1037 3869 1129 3934 optimi
1145 3869 1253 3920 codices
1269 3869 1370 3921 habent
1385 3870 1475 3921 040440.
1494 3870 1619 3934 4004044044
1634 3873 1718 3925 aeae

391 3949 501 4000 ailertur
510 3948 590 3999 etiam
602 3959 618 3996 a
629 3945 826 4010 Lesicographo
836 3945 938 4004 vetere,
953 3956 1035 4008 quem
1046 3942 1130 3995 edidit
1139 3946 1205 4009 Aug.
1219 3945 1302 3997 Maius
1313 3945 1390 3996 class.
1401 3944 1473 3996 4004.
1486 3944 1514 3995 Τ.
1527 3945 1592 3996 viu.
1610 3958 1637 4011 p.
1648 3945 1716 4014 344.)

393 4050 421 4061 -
438 4020 557 4088 4444440404
575 4017 699 4084 «Reliqua
714 4031 777 4085 pars
794 4019 918 4070 orationis
935 4017 1012 4070 deest
1028 4019 1055 4069 ln
1071 4017 1131 4069 cod.
1150 4020 1300 4070 eaccensi.»
1317 4020 1394 4070 Tou.
1420 4045 1447 4056 -
1473 4019 1497 4069 0.
1515 4019 1573 4069 440444
1588 4021 1714 4074 weho:

391 4099 456 4149 44444
471 4092 697 4149 4444444440.
724 4094 808 4158 (ciart
823 4094 951 4158 perenuita
966 4097 1056 4144 004440
1078 4093 1156 4158 kaeu
1171 4106 1224 4158 mg.
1243 4089 1279 4156 0.)
1302 4121 1330 4131 -
1354 4106 1410 4145 eam
1431 4092 1509 4158 kaeu
1530 4092 1716 4146 weherv:

392 4173 469 4238 tepens
485 4184 542 4223 eam
557 4185 619 4222 cum
631 4172 742 4221 Grutero
760 4171 813 4234 (qui
830 4168 900 4219 hune
911 4167 1056 4219 verborum
1073 4167 1195 4219 ordinem
1212 4166 1350 4219 codicibus
1360 4166 1424 4219 WC
1440 4169 1531 4218 contre
1543 4166 1623 4220 hiodii
1640 4171 1717 4221 testi·

392 4248 511 4299 monium
527 4245 625 4309 tribuit)
643 4246 677 4303 03
695 4245 773 4309 legem
792 4245 854 4308 (om.
866 4242 930 4306 40444)
947 4239 1060 4294 44440.
1081 4268 1109 4280 -
1138 4242 1178 4292 40.
1197 4242 1267 4304 apud
1277 4241 1337 4304 ptus
1353 4241 1382 4292 Τ.
1401 4267 1429 4277 -
1449 4242 1489 4291 44.
1507 4241 1576 4292 satus
1591 4255 1717 4307 causaque

391 4323 510 4373 4404044444
525 4322 551 4373 F.
572 4348 599 4358 -
620 4321 660 4372 44.
677 4321 722 4371 bec
739 4333 788 4370 esse
803 4319 868 4371 rt:
886 4332 936 4370 esse
952 4319 997 4368 boo
1013 4313 1212 4369 44444400.
1226 4342 1254 4351 -
1273 4321 1415 4379 quaestores
1427 4321 1607 4380 040040444οω
1621 4318 1715 4370 ETV:

389 4403 519 4462 praemres
534 4402 724 4461 quaestoresque
739 4392 880 4447 444400.
895 4420 922 4431 -
941 4393 982 4445 44.
1001 4393 1137 4457 0404404400
1153 4393 1332 4455 4404400404.
1347 4419 1374 4429 -
1395 4394 1434 4442 lb.
1453 4397 1526 4443 440444
1541 4391 1611 4443 eoba
1626 4389 1714 4445 400.

393 4500 419 4509 -
432 4471 823 4523 440440044440444140444440
838 4470 923 4520 mama
938 4465 1051 4520 44400.
1065 4494 1093 4504 -
1113 4467 1154 4519 40.
1172 4467 1558 4530 mmmmWChETV,
1576 4480 1629 4532 mg.
1643 4464 1714 4530 0,0;

389 4549 518 4598 marisam
534 4547 596 4607 FB,
613 4547 768 4598 4404404404
784 4543 868 4598 440.
883 4570 910 4582 -
929 4544 1055 4594 44004-
1074 4543 1115 4595 48.
1133 4543 1473 4607 0440444000444414.-
1490 4544 1712 4606 4041404404.-

391 4624 431 4675 40.
449 4623 694 4689 Karthaptateastseo
710 4618 797 4673 4004
816 4619 1118 4685 mammaeam
1136 4618 1413 4684 &adsumendum
1430 4614 1713 4684 eamqieesstssluhv.

392 4724 420 4735 —
438 4696 480 4749 40.
499 4710 531 4747 00
546 4696 786 4747 maruimisli‘iv:
805 4696 985 4758 maritimisque
1001 4690 1171 4746 4444400.
1188 4721 1216 4731 -
1233 4694 1429 4758 4404444404ιο
1445 4695 1513 4745 4.-
1534 4695 1575 4746 44.
1593 4709 1716 4760 uuquam

391 4779 467 4824 04400
477 4772 498 4823 Ε
507 4772 568 4823 TV:
586 4777 661 4823 044400
670 4779 813 4833 aequaeua
824 4768 910 4831 nim
927 4784 1048 4835 4444044044
1059 4768 1152 4835 [aem]
1164 4767 1310 4833 Madvigius
1321 4774 1349 4821 et
1360 4768 1470 4821 Orellios
1481 4768 1564 4833 (Orat.
1576 4771 1626 4822 Sel.
1638 4771 1714 4837 44),

390 4861 453 4901 cum
469 4853 546 4899 044440
562 4846 632 4899 desit
647 4848 673 4898 in
690 4846 783 4898 codice
799 4848 901 4899 4404400.
919 4845 937 4898 d
954 4851 982 4897 et
1001 4845 1102 4910 aliquot
1122 4843 1186 4896 allis.
1209 4846 1285 4911 (quae
1300 4847 1400 4908 0444404,
1422 4847 1540 4909 tequam,
1563 4852 1639 4898 aeae
1660 4846 1714 4899 tasi

390 4925 470 4975 4444444
485 4924 536 4973 cet.
555 4920 672 4973 Halmius
688 4919 747 4972 coll.
766 4934 805 4972 or.
823 4934 850 4987 p.
869 4919 1030 4985 Cluentius.
1049 4919 1101 4983 04.)
1121 4947 1148 4958 -·
1165 4923 1259 4985 444044,
1281 4933 1347 4984 quae
1363 4934 1425 4973 cnm
1442 4924 1470 4973 Ρ.
1488 4921 1604 4974 iianutto
1621 4918 1710 4973 bio:

391 5010 444 5049 om.
463 4993 605 5061 0000444.
631 5024 658 5034 -
681 4996 722 5047 43.
739 4996 950 5048 borael'etsio
966 4994 1041 5046 intra.
1061 5022 1088 5034 -
1112 4994 1344 5061 4440404414.-
1366 4997 1464 5048 hercule
1485 4995 1606 5048 ETVB:
1633 4995 1713 5048 hercle

391 5070 532 5124 44400.
553 5096 580 5107 -
604 5071 707 5133 04404400
722 5071 755 5131 Ti
780 5084 834 5123 om.
852 5070 883 5121 V.
903 5096 931 5109 -
954 5071 996 5124 40.
1013 5073 1183 5136 manmit
1202 5073 1297 5124 li'l’V:
1320 5072 1461 5136 persuasisti
1476 5073 1514 5130 4;
1536 5075 1713 5133 penem

392 5142 530 5198 FBLtO.
545 5172 573 5182 -
591 5145 632 5198 444.
646 5158 791 5210 peraeque
806 5146 866 5197 EV.
888 5173 916 5184 -
934 5148 975 5198 40.
994 5147 1207 5213 cathamum
1223 5149 1256 5209 Ti
1275 5143 1632 5212 coetbaqiomsalill‘rlh3
1649 5158 1711 5195 004·-

391 5223 529 5286 taqtoesses
544 5221 574 5273 v.
594 5249 622 5259 -
640 5222 681 5274 ³0.
698 5222 925 5274 saumatam
935 5223 1169 5286 pacatamque
1178 5223 1233 5288 (sic)
1244 5223 1274 5275 Τ.
1285 5247 1313 5261 -
1327 5221 1549 5288 paetissieuosque
1565 5219 1709 5287 (superem.

388 5297 686 5367 pedttubeoequell‘.-
703 5297 882 5370 illudit&
898 5297 1008 5352 atr.-
1024 5297 1213 5366 4400014044.
