4367 6109
836 1014 879 1108 ll.
906 1019 1048 1108 TULLII
1075 1016 1305 1110 CICERONIS

642 1257 736 1344 lN
806 1255 1499 1346 Ιι.ΟΑΤ1[ιΙΝΑΜ

878 1472 1043 1531 ORATlO
1070 1471 1271 1530 SECUNDA

971 1677 1009 1723 AD
1026 1677 1167 1731 Quintius

934 1930 1195 1940 —---—-—

497 2171 521 2233 1.
544 2165 573 2233 l.
597 2167 740 2232 Tandem
762 2168 948 2251 aliquando,
972 2168 1128 2244 Quirites,
1154 2170 1188 2231 L.
1212 2169 1395 2245 Catilinam,
1416 2170 1572 2234 iurantem
1593 2169 1734 2245 audacia,

413 2265 515 2328 scelus
537 2263 755 2336 anhelantem,
784 2271 904 2346 pestem
926 2264 1046 2345 patriae
1067 2263 1187 2326 nefarie
1208 2263 1406 2338 molientem,
1433 2264 1522 2328 vobis
1543 2272 1640 2346 atque
1661 2264 1735 2327 huic

413 2359 482 2421 urbi
508 2357 592 2420 ferro
621 2358 811 2439 flammaque
839 2356 1051 2430 minitantem,
1083 2377 1122 2418 ex
1151 2358 1230 2420 urbe
1252 2357 1302 2419 vel
1325 2358 1478 2420 eiecimus
1500 2357 1551 2421 vel
1572 2358 1735 2420 emisimus

413 2452 464 2516 vel
492 2451 595 2534 ipsum
627 2450 839 2533 egredientem
872 2450 975 2513 verbis
1004 2454 1163 2532 prosecuti
1193 2471 1312 2514 sumus.
1355 2452 1440 2513 Abiit
1462 2452 1613 2525 excessit,
1636 2450 1734 2513 evasit

414 2544 526 2628 erupit.
569 2544 662 2606 Nulla
694 2545 756 2607 iarn
789 2545 947 2627 pernicies
977 2565 995 2607 a
1024 2553 1165 2607 monstro
1193 2543 1248 2606 illo
1276 2553 1372 2626 alque
1401 2543 1546 2627 prodigio
1569 2544 1757 2607 moenihuss

412 2639 490 2720 ipsis
512 2639 595 2701 intra
617 2638 741 2701 moenia
764 2638 1004 2720 comparabitur.
1039 2639 1143 2720 Atque
1166 2637 1251 2700 hunc
1273 2636 1401 2720 quidem
1424 2658 1520 2699 uuum
1543 2639 1638 2701 huius
1659 2636 1735 2700 belli

413 2731 577 2794 domestici
599 2730 712 2795 ducem
733 2733 801 2794 sine
828 2731 1043 2794 controversia
1065 2732 1208 2794 vicimus.
1251 2733 1321 2795 Non
1344 2731 1427 2793 enirn
1449 2731 1511 2794 iam
1533 2732 1617 2794 inter
1637 2731 1736 2793 latera

414 2832 522 2887 nostra
549 2825 614 2888 sica
642 2825 697 2888 illa
718 2825 908 2899 versabitur3
940 2845 1005 2887 nou
1027 2827 1060 2887 in
1083 2845 1208 2907 eampo,
1238 2845 1303 2886 non
1325 2825 1358 2886 in
1380 2824 1466 2898 foro,
1496 2845 1561 2888 non
1583 2826 1616 2886 iu
1638 2825 1736 2897 curia,

413 2937 477 2980 non
500 2919 638 3003 denique
661 2920 743 2982 intra
765 2919 957 2981 domesticos
979 2919 1116 2999 parietes
1139 2918 1406 3002 pertimescemus.
1450 2920 1534 2982 Loco
1555 2919 1609 2982 ille
1632 2927 1735 2982 molus

413 3021 477 3086 est,
499 3033 570 3075 curn
591 3020 640 3074 est
661 3032 702 3075 ex
722 3013 800 3076 urhe
824 3012 984 3094 depulsus.
1014 3012 1120 3074 Palam
1142 3013 1205 3075 iarn
1227 3034 1298 3075 cum
1319 3013 1411 3075 hoste
1432 3012 1520 3075 nullo
1544 3013 1773 3096 impedientem

413 3107 531 3170 bellum
554 3102 697 3190 [iustum]
722 3126 876 3188 geremus.
915 3106 989 3168 Sine
1012 3105 1108 3168 dubio
1123 3105 1319 3189 perdidimus
1332 3105 1494 3169 homiuem
1508 3107 1736 3190 magnificeque

413 3202 561 3276 vicimus,
584 3221 654 3264 curn
677 3200 768 3262 illum
790 3221 831 3263 eu
853 3199 985 3263 occultis
1013 3199 1138 3263 insidiis
1161 3200 1195 3261 in
1215 3207 1359 3282 apertum
1381 3198 1578 3264 latrocinium
1600 3200 1738 3264 conieci·

414 3317 492 3359 mus.
535 3293 566 3358 2.
589 3293 682 3369 Quod
705 3314 781 3358 vero
804 3314 869 3358 non
891 3302 1057 3356 cruentum
1078 3314 1280 3367 mueronem,
1302 3300 1337 3356 ut
1358 3293 1474 3368 voluit,
1498 3293 1628 3369 extulit,
1651 3292 1737 3377 quod

413 3391 495 3453 viris
520 3389 612 3453 nobis
640 3407 785 3471 egressus
807 3394 870 3463 est,
902 3388 990 3472 quod
1012 3389 1042 3451 ei
1067 3386 1186 3451 terrum
1208 3407 1226 3451 e
1249 3387 1393 3450 manibus
1416 3387 1622 3461 extorsimus,
1650 3384 1736 3470 quod

413 3483 587 3547 incolumes
617 3481 718 3557 cives,
750 3481 836 3566 quod
865 3488 1000 3544 stantem
1027 3483 1138 3544 urbem
1167 3480 1314 3564 reliquit,
1347 3489 1464 3564 quanto
1491 3480 1619 3544 tandem
1647 3479 1775 3543 iltumrr

414 3595 556 3640 maerore
578 3595 649 3639 esse
669 3575 820 3641 aillictum
843 3583 875 3640 et
892 3576 1091 3660 profligatum
1107 3576 1246 3659 putatis‘l
1280 3575 1364 3638 lacet
1383 3575 1437 3638 ille
1453 3595 1538 3639 nune
1552 3582 1738 3658 prostratus,

480 3840 504 3889 t.
523 3837 660 3901 riquardo
677 3848 731 3886 orn.
746 3838 769 3894 l;
788 3835 895 3886 flrmanl
906 3836 998 3885 Festus
1017 3849 1043 3898 p.
1055 3834 1113 3885 300.
1127 3834 1170 3886 ed.
1183 3833 1280 3896 tinell,
1298 3835 1410 3897 Nonius,
1429 3835 1586 3887 Pdseianus.
1602 3863 1628 3872 -
1647 3836 1740 3886 luascu

414 3926 445 3974 o;
463 3914 492 3964 1..
511 3926 564 3965 om.
582 3913 633 3964 vd.
654 3939 681 3948 -
700 3912 724 3960 3.
742 3912 810 3975 (mo
825 3913 979 3976 flammaque
994 3924 1026 3971 a,
1046 3913 1091 3973 bg.
1109 3910 1155 3970 00,
1174 3909 1234 3959 cod.
1253 3908 1466 3980 Gemblncensls:
1483 3912 1580 3975 sanan
1594 3913 1741 3976 parmam·

414 4001 461 4051 qua
477 3989 565 4038 utu.
587 3988 625 4039 Gt.
644 3986 764 4050 Madvigii
781 3987 879 4051 0pusc.
897 3987 917 4036 l.
936 3999 962 4050 p.
977 3985 1032 4036 488.
1053 4012 1080 4020 -
1098 3985 1255 4034 mordentem
1271 3985 1363 4047 ghor
1380 3999 1412 4035 er
1429 3987 1511 4036 mels:
1528 3988 1665 4036 miooctan
1682 3984 1738 4035 rell.

413 4063 467 4112 mei
484 4063 512 4111 at
527 4063 543 4112 a
559 4063 638 4125 Lagg.
652 4061 717 4111 dett.
733 4088 760 4096 -
779 4060 804 4111 t.
821 4058 910 4124 umbe]
926 4059 987 4111 orbe
1004 4060 1061 4124 Vq.
1077 4086 1102 4098 -
1123 4059 1185 4109 obiit
1200 4058 1314 4110 manauit
1330 4059 1447 4111 isidorus
1464 4061 1550 4123 Origg.
1564 4061 1583 4110 l.
1602 4060 1643 4117 30,
1657 4060 1698 4109 tc.
1712 4086 1738 4096 -

413 4138 495 4199 orrspit
510 4138 588 4188 sucat
605 4136 709 4197 Quintil.
728 4136 770 4185 lli.
789 4136 818 4193 0,
836 4134 877 4185 id.
896 4137 984 4199 (morit
1000 4135 1081 4197 erupit
1097 4134 1169 4198 laid.)
1193 4162 1220 4174 -
1243 4136 1267 4184 0.
1286 4135 1369 4197 utque]
1390 4134 1430 4184 ool
1449 4133 1477 4185 d.
1497 4159 1524 4169 -
1544 4133 1569 4183 6.
1587 4134 1652 4182 lata
1667 4146 1691 4183 r.
1712 4159 1738 4168 —

412 4212 512 4262 ammio
532 4224 586 4262 om.
605 4224 631 4261 u.
654 4238 681 4247 -
707 4215 872 4271 comparatur
893 4223 918 4260 a.
939 4236 966 4246 -
990 4223 1067 4259 uuum
1083 4222 1138 4260 om.
1156 4222 1181 4259 a.
1203 4237 1230 4246 -
1256 4209 1310 4260 lolli
1331 4209 1418 4258 mecm
1434 4209 1499 4258 dom.
1518 4205 1562 4258 dl.
1582 4232 1610 4244 -
1634 4209 1659 4256 t.
1676 4208 1742 4256 enlm

414 4298 468 4336 om.
486 4287 536 4347 ot,
564 4287 608 4349 lg.
626 4284 667 4335 03.
689 4311 716 4319 -
738 4285 808 4333 intra
825 4295 920 4346 mpu.
949 4310 974 4319 -
1000 4284 1026 4335 8.
1043 4299 1094 4334 uon
1110 4285 1407 4346 mereamor..-
1432 4282 1739 4345 0000000001.-

411 4360 626 4422 perhorrescamus
641 4359 707 4410 bes
725 4357 788 4419 soli,
806 4358 879 4422 quod
896 4360 1067 4409 commendet
1083 4358 1243 4411 Niebuhrius
1260 4359 1294 4408 ed
1312 4358 1394 4408 Ornat.
1410 4358 1504 4422 popu.
1523 4370 1550 4420 p.
1567 4356 1609 4406 00.
1630 4382 1656 4391 -
1675 4356 1743 4404 loeus

413 4435 455 4484 ille
471 4437 496 4494 l;
513 4435 567 4486 loeo
582 4436 627 4486 illo
644 4436 670 4486 d.
691 4462 718 4471 -
739 4440 837 4485 amotus
854 4449 881 4493 r;
908 4440 1034 4496 persuetus
1050 4436 1067 4484 i.
1086 4436 1175 4496 (uictas
1190 4435 1285 4485 Donat.
1303 4433 1337 4483 ad
1354 4435 1412 4484 Ter.
1432 4432 1537 4482 Phorm.
1557 4430 1622 4496 prol.
1641 4432 1692 4493 33.)
1712 4457 1739 4467 -

415 4506 1742 4574 t0.mmcsu.estdapalsurV;cumenu.estarpalmbots;emenupulruasstrrmt

415 4596 469 4634 orn.
487 4598 509 4635 r.
529 4586 681 4649 (Arusianus
697 4599 724 4651 p.
743 4585 800 4637 tls.
818 4598 876 4635 cam
891 4585 952 4635 laec
969 4583 1026 4649 [pro
1043 4582 1086 4647 cst]
1104 4597 1137 4634 aa
1152 4598 1179 4635 a.
1197 4582 1261 4647 dep.)
1284 4608 1311 4618 -
1339 4595 1397 4632 man
1412 4593 1466 4632 om.
1485 4593 1512 4631 u.
1537 4606 1564 4616 -
1592 4582 1631 4630 tt.
1651 4581 1742 4632 lustrari

415 4656 504 4708 udum
521 4660 555 4718 C;
574 4660 668 4710 iustam
684 4672 737 4711 orn.
756 4660 844 4712 brus.
863 4661 901 4711 Ct.
918 4660 979 4710 adn.
998 4659 1024 4710 in
1041 4658 1085 4710 sd.
1098 4660 1168 4725 lips.
1188 4687 1215 4696 -
1233 4660 1343 4724 perimus
1358 4658 1445 4709 bur.
1460 4684 1488 4694 -
1505 4656 1635 4721 lomim]
1652 4657 1743 4706 nouom

415 4745 438 4782 z.
457 4758 486 4770 -
504 4735 637 4800 mopalpee
653 4733 709 4784 Va.
729 4761 756 4771 -
777 4735 817 4787 lt.
836 4737 950 4797 quodque
965 4734 988 4785 ai
1005 4735 1047 4798 lp,
1068 4735 1109 4785 00.
1127 4736 1168 4785 00.
1186 4735 1227 4784 57.
1243 4732 1305 4797 -ο]
1323 4744 1377 4782 om.
1396 4732 1421 4792 t;
1439 4744 1473 4780 aar
1488 4744 1520 4796 p,
1539 4733 1569 4781 ds
1584 4732 1634 4781 Lo
1651 4732 1743 4780 contra

416 4806 494 4857 codd.
514 4811 615 4871 (alors.
632 4809 776 4859 ommibus
792 4809 833 4872 V.)
848 4835 875 4846 ·-
895 4811 936 4860 00.
954 4809 1025 4860 luten
1040 4810 1140 4859 modom
1156 4820 1182 4868 r;
1200 4809 1300 4857 tandm
1316 4821 1370 4858 om.
1382 4809 1398 4857 a
1409 4808 1488 4870 lagg.
1504 4830 1531 4844 -·
1548 4817 1663 4854 memore
1673 4805 1744 4853 tuum

416 4893 442 4943 q.
461 4885 583 4946 (mowers
599 4884 632 4946 s.)
652 4907 680 4920 -
700 4884 741 4935 l6.
759 4897 808 4934 csse
824 4885 947 4948 aspiciam
964 4884 1042 4934 codd.
1060 4882 1152 4946 optimi
1169 4883 1196 4931 at
1211 4879 1331 4945 plerique
1349 4893 1411 4932 cum
1427 4881 1556 4931 Arusiano
1573 4891 1599 4943 p.
1612 4880 1679 4928 2⁴5:
1698 4879 1744 4927 ha·

416 4952 482 5006 bent
498 4969 548 5007 esra
564 4960 626 5022 post
642 4959 696 5022 “lll-
715 4956 745 5020 d,
764 4959 780 5008 0
797 4959 876 5021 lagg.
896 4958 972 5019 dett,
990 4958 1054 5014 ¹103
1080 4957 1142 5020 post
1154 4956 1320 5020 proplpotm
1336 4955 1371 5015 C,
1391 4966 1440 5005 csse
1457 4966 1511 5004 om.
1530 4954 1576 5015 lg.
1593 4951 1635 5003 tc.
1653 4951 1694 5000 53.
1714 4977 1741 4986 -

416 5036 440 5080 et
451 5037 608 5093 prmtretcm
625 5047 650 5084 e.
666 5060 694 5070 -
712 5047 780 5083 owse
796 5033 836 5084 illa
853 5048 880 5093 r,
898 5033 944 5095 Lg.
958 5032 982 5081 9.
995 5030 1036 5081 03.
1051 5055 1078 5066 ·-
1090 5035 1233 5093 malcolm
1249 5029 1364 5095 odilus]
1383 5031 1454 5092 Quir.
1473 5042 1527 5079 om.
1546 5040 1576 5086 c;
1591 5032 1746 5090 mostratur-

417 5118 465 5168 puo
480 5113 515 5158 ert
530 5106 766 5171 boiqstuuxz
783 5109 828 5171 lg.
847 5108 894 5168 653
915 5111 1057 5170 prostratris
1079 5106 1449 5170 creaturarumque
1470 5110 1505 5156 est
1522 5105 1593 5167 oser.
1612 5102 1663 5161 dl,
1686 5115 1745 5164 pro

416 5184 558 5245 strataeque
574 5182 616 5236 lllo
631 5189 667 5240 cst
682 5197 706 5238 r.

459 5272 548 5330 Cimo
562 5273 591 5343 Τ,
603 5273 633 5331 u.
1486 5271 1528 5337 43
