4367 6109
457 582 520 648 398
832 586 876 651 lli
895 584 1064 652 VERREM
1083 585 1207 652 serlo
1230 582 1414 653 SECUNDA

456 756 635 838 intelligat?
656 753 796 818 Primum
819 749 877 838 [ut]
900 755 934 818 in
956 754 1083 819 iudiciis
1098 757 1154 840 qui
1172 756 1283 820 decem
1302 756 1482 822 laudatores
1496 755 1573 821 dare
1588 775 1659 822 non
1673 760 1790 841 potest,

456 850 622 914 honestius
650 856 698 912 est
726 848 756 911 ei
782 849 905 912 nullum
934 849 1027 924 dare,
1056 870 1152 933 quam
1180 850 1272 914 illum
1302 851 1393 935 quasi
1419 850 1598 934 legitimum
1618 871 1791 916 numerum

456 942 694 1009 consuetudinis
723 962 788 1005 non
812 942 958 1026 explere:
990 951 1039 1006 tot
1060 943 1092 1007 in
1115 943 1224 1008 Sicilia
1246 945 1389 1009 civitates
1411 952 1500 1021 sunt,
1531 945 1650 1029 quibus
1674 952 1711 1010 tu
1732 965 1792 1030 per

454 1037 624 1103 triennium
645 1036 827 1120 praefuisti3
849 1045 986 1120 arguunt
1007 1045 1149 1114 ceterae3
1171 1058 1292 1122 paucae
1315 1047 1347 1102 et
1368 1047 1532 1121 persecet
1551 1046 1639 1104 metu
1663 1058 1791 1124 repres-

431 1144 508 1197 nsae
529 1131 640 1207 silent3
663 1150 729 1193 una
749 1130 872 1194 laudat:
889 1167 929 1180 -
943 1128 1004 1194 hoc
1026 1132 1104 1216 quid
1128 1138 1176 1195 est
1198 1133 1260 1196 nisi
1280 1132 1472 1216 intelligere,
1494 1132 1571 1218 qnid
1593 1132 1715 1197 babeat
1727 1131 1791 1194 uti·

452 1226 551 1291 litatis
572 1244 648 1289 vera
669 1223 827 1299 laudatio,
850 1224 906 1288 sed
930 1232 1034 1288 tamen
1049 1226 1093 1288 ita
1109 1226 1292 1309 provinciae
1307 1226 1500 1309 praefinisse,
1522 1236 1558 1292 ut
1570 1226 1631 1293 bae
1646 1225 1791 1292 utilitate

452 1319 632 1385 necessario
655 1319 696 1382 sit
717 1319 912 1399 carendum‘jl
954 1316 1006 1381 58.
1028 1320 1170 1394 Deinde,
1193 1318 1280 1404 quod
1302 1320 1366 1383 alio
1388 1319 1458 1384 loco
1480 1330 1573 1387 antea
1594 1322 1681 1399 dixi,
1705 1340 1790 1407 quae

452 1421 501 1479 est
521 1415 583 1479 ista
603 1412 732 1476 tandem
753 1412 911 1487 laudatio,
937 1406 1028 1476 cuius
1050 1412 1244 1477 laudationis
1266 1413 1361 1495 legati
1384 1421 1416 1477 et
1435 1415 1594 1500 principes
1609 1423 1642 1481 et
1656 1415 1790 1499 publice

450 1510 508 1574 tibi
529 1527 644 1572 navem
665 1504 862 1570 aedificatam
886 1514 918 1570 et
938 1507 1086 1589 priuatim
1109 1527 1143 1570 se
1166 1507 1254 1591 ipsos
1269 1508 1326 1571 abs
1343 1516 1374 1571 te
1390 1508 1544 1591 spoliatos
1559 1509 1790 1593 expilatosque

413 1615 521 1667 coesse
544 1600 719 1664 dixerunt?
752 1602 915 1664 Postremo
937 1598 1014 1684 quid
1037 1600 1125 1664 aliud
1147 1603 1201 1665 isti
1224 1602 1362 1677 faciunt,
1384 1623 1457 1667 cum
1477 1610 1509 1667 te
1530 1604 1593 1669 soli
1614 1622 1658 1667 ex
1677 1602 1791 1668 Sicilia

450 1698 596 1772 laudant,
619 1694 682 1759 nisi
704 1694 889 1758 testimonio
911 1693 1005 1758 nobis
1028 1702 1102 1759 suut
1123 1695 1229 1760 omnia
1250 1704 1283 1759 te
1304 1697 1365 1760 sibi
1381 1716 1451 1760 esse
1466 1695 1627 1782 largitum,
1651 1718 1739 1784 quae
1753 1706 1789 1760 tu

449 1793 490 1856 de
519 1813 553 1856 re
584 1788 713 1876 publica
741 1796 848 1852 nostra
879 1789 1077 1852 detraxeris?
1112 1788 1202 1866 Quae
1225 1791 1352 1855 colonia
1374 1791 1476 1854 estin
1499 1792 1590 1856 ltalia
1610 1800 1678 1857 tam
1699 1793 1789 1857 bono

449 1888 535 1962 iure,
565 1882 652 1969 quod
674 1890 738 1947 tarn
760 1883 900 1947 immune
923 1882 1148 1967 municipium,
1182 1885 1267 1968 quod
1289 1904 1347 1968 per
1366 1886 1465 1950 bosce
1488 1894 1677 1950 annectam
1700 1906 1791 1950 com·

450 1983 543 2046 moda
573 1978 737 2043 uacatione
764 1977 905 2040 omnium
935 1997 1040 2040 rerum
1062 1977 1105 2041 sit
1124 1999 1237 2054 usum,
1266 1999 1361 2062 quam
1384 1980 1570 2044 Mamertina
1591 1981 1706 2046 ciritae
1729 1998 1790 2065 per

411 2075 643 2140 rotrienniuml
666 2070 732 2134 Soli
748 2090 789 2132 ex
803 2070 932 2134 loedere
947 2072 1033 2155 quod
1048 2071 1227 2135 debuerunt
1244 2093 1308 2136 non
1324 2072 1500 2136 dederunt:
1523 2074 1584 2137 soli
1604 2075 1671 2139 isto
1692 2094 1790 2161 prae-

449 2176 519 2233 tore
546 2166 688 2231 omnium
718 2184 824 2228 rerum
847 2164 1006 2228 immunes
1027 2164 1175 2229 luerunt:
1204 2166 1263 2230 soli
1285 2167 1319 2228 in
1341 2166 1434 2229 istius
1455 2167 1593 2252 imperio
1611 2189 1650 2232 ca
1672 2166 1789 2233 eondi-

450 2265 541 2328 eione
562 2262 726 2334 vixerunt,
749 2265 784 2321 ut
805 2257 926 2343 populo
948 2260 1090 2323 Romano
1113 2259 1194 2323 nibil
1216 2260 1346 2334 darent,
1368 2260 1460 2324 Verri
1482 2261 1563 2325 nibil
1585 2269 1756 2347 negarent.

534 2354 651 2420 Xlllll.
674 2350 724 2415 59.
747 2354 865 2417 Verum
887 2361 923 2416 ut
945 2354 985 2416 ed
1007 2354 1157 2428 classem,
1186 2374 1251 2439 quo
1274 2374 1315 2417 ex
1337 2353 1409 2417 loco
1432 2375 1501 2419 sum
1523 2355 1704 2439 digressus,
1736 2375 1789 2420 re-

448 2459 570 2526 vertar,
593 2447 741 2532 accepisti
763 2468 782 2511 a
803 2447 999 2511 Mamertinis
1021 2468 1135 2512 navem
1158 2456 1268 2512 contra
1289 2447 1392 2531 leges,
1414 2448 1564 2513 remisisti
1585 2454 1698 2514 eontn
1716 2448 1790 2513 soe-

410 2547 542 2611 rodera:
564 2544 609 2607 ita
629 2543 663 2605 in
683 2562 748 2605 una
769 2541 896 2606 civitate
919 2541 968 2605 bis
991 2541 1154 2626 improbus
1176 2540 1284 2616 luisti,
1307 2562 1379 2606 cum
1401 2550 1433 2607 et
1448 2542 1596 2607 remisisti
1612 2542 1701 2627 quod
1718 2563 1787 2608 non

449 2638 632 2724 oportebat,
666 2644 698 2700 et
729 2635 879 2719 accepisti
910 2636 996 2720 quod
1023 2655 1087 2698 non
1118 2635 1243 2699 licebat.
1278 2635 1415 2720 Exigere
1436 2645 1469 2700 te
1492 2639 1635 2720 oportuit
1657 2657 1788 2713 narem,

449 2752 531 2818 quae
553 2737 662 2795 contra
682 2730 876 2813 praedones,
897 2749 964 2793 non
986 2749 1069 2813 qnae
1091 2749 1164 2793 cum
1186 2730 1305 2812 praeda
1326 2730 1506 2813 navigaret3
1528 2750 1610 2816 quae
1629 2728 1787 2796 desende-

448 2836 513 2902 ret,
535 2846 576 2889 ne
596 2823 760 2909 provincia
782 2823 987 2908 spoliaretur,
1010 2844 1075 2887 non
1091 2844 1175 2907 quae
1198 2824 1381 2906 provinciae
1403 2823 1508 2907 spolia
1528 2834 1683 2907 portaret.
1716 2827 1787 2890 bla-

448 2921 575 2986 mertini
596 2919 656 2982 tibi
678 2926 710 2982 et
730 2917 856 2992 urbem,
879 2936 943 3001 quo
965 2916 1048 2980 lurta
1069 2917 1214 3001 undique
1237 2918 1437 3001 deportares,
1459 2926 1490 2982 el
1512 2937 1647 2994 navem,
1668 2918 1702 2982 in
1719 2938 1786 3005 qua

411 3022 647 3100 ttexportares,
669 3012 898 3096 praebuerunt:
928 3011 1007 3074 illud
1031 3012 1088 3075 tibi
1111 3013 1263 3096 oppidum
1285 3012 1520 3095 receptaculum
1541 3013 1680 3096 praedae
1700 3010 1784 3075 luit:

449 3110 496 3173 illi
517 3107 663 3171 homines
684 3114 780 3169 teslcs
803 3105 1016 3191 custodesque
1030 3105 1203 3169 furtorum:
1226 3106 1272 3170 illi
1294 3106 1352 3168 tibi
1375 3113 1408 3169 et
1428 3106 1534 3169 locum
1556 3104 1648 3170 furtis
1666 3113 1698 3170 et
1712 3104 1783 3168 fur·

449 3213 551 3269 torum
571 3199 753 3265 vehiculum
779 3207 1050 3282 comparaverunt
1083 3201 1196 3284 ltaque
1217 3221 1258 3263 ne
1283 3208 1351 3263 tum
1374 3198 1520 3285 quidem,
1551 3218 1623 3263 cum
1645 3197 1783 3263 classem

448 3298 579 3363 avaritia
601 3315 638 3360 ac
659 3294 803 3379 nequitia
818 3300 873 3356 tua
886 3292 1065 3378 perdidisti,
1087 3294 1286 3358 Mamertinis
1307 3312 1421 3356 navem
1443 3294 1600 3377 imperare
1615 3314 1713 3359 ausus
1735 3313 1781 3369 es,

449 3413 513 3477 quo
542 3399 685 3474 ternpore
716 3389 749 3452 in
777 3394 865 3451 tanta
890 3388 998 3471 inopia
1027 3388 1155 3452 narium
1192 3395 1343 3471 untaque
1374 3387 1560 3459 calamitate,
1579 3387 1780 3472 provinciae,

411 3485 544 3548 scotiam
566 3483 593 3546 si
615 3483 756 3567 precario
779 3487 887 3545 essent
907 3482 1057 3565 rogandi,
1080 3490 1186 3547 tamen
1207 3482 1247 3546 ab
1260 3483 1301 3546 iis
1315 3483 1546 3566 impetraretur.
1574 3482 1781 3566 lleprimebat

449 3579 534 3642 enim
555 3578 612 3641 tibi
636 3584 668 3640 et
688 3575 866 3658 imperandi
887 3577 952 3639 rim
975 3583 1006 3638 et
1026 3576 1159 3658 rogandi
1181 3584 1329 3639 conatum
1351 3575 1514 3661 praeclara
1536 3573 1607 3651 illa,
1632 3595 1698 3639 non
1720 3592 1780 3657 po·

447 3671 525 3755 pulo
547 3672 689 3734 llomano
710 3670 834 3733 reddita
846 3668 991 3744 biremis,
1014 3668 1070 3730 sed
1085 3668 1224 3752 praetori
1239 3664 1500 3754 donata'cybaea.
1522 3668 1568 3731 Ea
1581 3669 1642 3733 fuit
1655 3687 1779 3732 merces

447 3755 590 3850 imperii,
611 3764 742 3841 auxilii,
764 3763 860 3838 luris,
883 3760 1141 3837 consuetudinis,
1162 3762 1311 3827 foederis.

533 3858 585 3922 60.
614 3859 744 3923 Habetis
771 3860 867 3922 unius
889 3856 1026 3921 civitatis
1054 3856 1181 3922 firmum
1202 3857 1359 3921 auxilium
1380 3857 1533 3922 amissum
1554 3875 1591 3920 ac
1613 3853 1778 3920 venditum

515 4171 540 4221 4.
556 4172 584 4220 at
600 4179 654 4217 om.
673 4166 705 4223 ὃς
722 4171 751 4216 ut
766 4163 864 4214 44444444
879 4164 961 4215 Prisc.
979 4165 1011 4215 11.
1029 4176 1055 4228 p.
1074 4162 1151 4224 234.;
1168 4168 1197 4214 ut
1211 4164 1241 4214 44
1255 4162 1354 4214 44444444
1370 4175 1443 4228 susp.
1462 4161 1549 4215 bladv.
1567 4161 1615 4229 Op.
1633 4164 1654 4213 1.
1673 4176 1700 4227 p.
1718 4160 1777 4213 368.

448 4244 501 4296 Nos
513 4256 575 4295 cum
587 4241 702 4293 llanutto
720 4237 830 4302 allisque
846 4242 875 4288 ut
890 4240 966 4289 uncis
977 4237 1142 4301 inclusimus,
1161 4240 1223 4304 quie
1235 4238 1366 4291 eiusmodi
1377 4239 1550 4304 comparatio,
1568 4236 1595 4288 id
1606 4236 1678 4301 qnod
1689 4236 1777 4288 Madv.

448 4317 550 4379 docuit,
573 4316 600 4367 h.
612 4312 630 4366 l.
649 4315 814 4379 ineptissima
826 4315 876 4363 est.
895 4313 934 4364 Cl.
948 4314 1003 4364 Rau
1015 4314 1046 4365 ll.
1064 4328 1091 4380 p.
1105 4316 1173 4377 482,
1192 4316 1238 4379 qul
1254 4328 1298 4367 vr.
1310 4319 1339 4365 ut
1354 4315 1382 4364 44
1396 4314 1541 4364 tudio-tien
1552 4312 1653 4376 espiers
1674 4311 1709 4363 eb
1726 4310 1779 4363 ho·

447 4394 519 4444 mlne
537 4392 623 4442 otioso
639 4388 773 4453 adscripta
790 4399 851 4438 esse
868 4388 1027 4452 suspicetur.
1048 4416 1076 4427 -
1101 4390 1191 4441 iudicis
1207 4391 1236 4442 44.
1255 4417 1282 4426 -
1301 4389 1326 4440 2.
1345 4394 1381 4441 444
1396 4402 1450 4440 om.
1469 4388 1552 4439 Prisc.
1573 4415 1600 4424 -
1619 4386 1644 4438 l.
1663 4392 1687 4438 et
1700 4387 1778 4450 444444]

447 4474 470 4520 et
486 4481 539 4519 om.
558 4466 622 4517 dett.
642 4465 672 4516 0.
688 4491 715 4500 -
735 4464 759 4514 6.
777 4463 815 4513 tta
832 4463 920 4514 Verres
931 4477 1005 4526 prou
1022 4465 1155 4530 proeddrtl
1171 4467 1250 4529 lagg.
1264 4491 1292 4501 -·
1311 4466 1335 4515 i.
1354 4465 1421 4527 quod
1435 4463 1488 4515 4434
1507 4462 1567 4526 quid
1578 4462 1660 4526 L329;
1678 4462 1779 4525 pridem

447 4543 529 4607 1.ng
547 4543 574 4592 id
590 4540 656 4605 quod
672 4539 738 4590 dett.
756 4540 785 4590 0.
806 4565 833 4574 —·
853 4543 911 4589 unte
927 4539 992 4589 dett.
1012 4540 1041 4592 0.
1062 4568 1089 4578 -
1109 4541 1134 4591 8.
1153 4545 1189 4591 est
1205 4553 1259 4592 om.
1277 4542 1356 4605 legg.
1375 4567 1403 4577 -
1421 4539 1502 4602 4444444]
1518 4538 1606 4601 quoin
1622 4537 1656 4597 ll,
1675 4538 1779 4600 wis

446 4615 525 4674 lGl;
543 4618 595 4668 cias
612 4616 648 4665 (42
665 4611 713 4664 bd.
728 4639 754 4648 -
774 4618 797 4663 et
809 4614 895 4675 pstor.
908 4613 944 4663 443
957 4614 1040 4676 43294
1059 4618 1082 4665 et
1099 4627 1152 4665 om.
1166 4615 1231 4666 dett.
1244 4615 1274 4665 0.
1292 4640 1319 4651 -
1339 4614 1363 4665 9.
1381 4611 1560 4677 44444444444]
1578 4611 1779 4676 exspoliatosque

447 4692 493 4744 443.
514 4720 541 4730 -
561 4693 600 4742 44.
619 4689 705 4740 omnin
724 4692 748 4738 te
764 4689 800 4739 R3
812 4686 846 4738 l:
871 4694 894 4739 te
914 4689 999 4739 omniu
1016 4689 1050 4749 ⁰3
1074 4693 1168 4740 tecm.
1187 4689 1253 4740 dett.
1272 4714 1300 4725 -
1328 4688 1369 4738 42.
1387 4687 1417 4738 de
1432 4701 1461 4738 re
1474 4686 1542 4750 publ.
1560 4685 1625 4737 dett.
1643 4686 1721 4737 drus.
1740 4686 1775 4736 ll.

446 4781 473 4833 p.
492 4763 693 4829 2244444444.
712 4762 998 4826 bonnamicum.
1018 4764 1063 4814 Gt.
1084 4790 1111 4799 -
1132 4765 1237 4827 ⁴3.per
1252 4764 1296 4814 bos
1311 4764 1433 4826 1434-
1453 4762 1493 4814 44.
1511 4762 1543 4812 stt
1559 4774 1633 4812 44444444
1649 4775 1716 4812 oum.
1733 4774 1777 4812 rs-

445 4856 505 4893 ram
525 4842 604 4905 Legg.
623 4838 731 4904 praeter
746 4837 792 4900 29,
815 4838 844 4888 0.
869 4864 896 4873 -
923 4839 963 4888 47.
980 4838 1100 4889 omnent
1116 4838 1280 4903 Rdcbglt:
1305 4838 1373 4887 ottae
1390 4837 1493 4900 suerunt
1513 4836 1578 4888 dett.
1605 4836 1679 4898 [44444
1695 4836 1776 4886 etism

447 4917 516 4985 buli
533 4917 637 4968 videtur
653 4912 773 4976 bebere.)
797 4939 824 4949 -
851 4914 1001 4978 deceperant
1017 4913 1082 4964 dett.
1101 4915 1131 4966 0.
1155 4939 1182 4950 -
1211 4913 1252 4965 48.
1276 4911 1403 4976 demum
1417 4912 1478 4962 LO.
1503 4938 1530 4947 -
1558 4910 1599 4961 49.
1617 4910 1682 4974 topos
1697 4909 1733 4960 443
1745 4906 1774 4960 l:

447 4994 524 5058 baon
540 4994 619 5056 Lagg.
637 4991 665 5040 et
681 4987 746 5039 dett.
767 5015 794 5026 —
819 4990 860 5040 20.
878 4989 997 5052 inprobas
1013 4989 1042 5039 ll.
1062 5013 1089 5024 -
1113 4987 1154 5039 23.
1172 5000 1239 5052 quae
1253 4998 1320 5036 noua
1334 4999 1407 5049 prou.
1425 4985 1491 5037 dett.
1509 4986 1539 5037 0.
1559 5011 1587 5023 -
1606 4985 1687 5048 mutu
1699 4997 1775 5047 prou.

448 5069 480 5118 Gl
496 5068 512 5118 2
530 5065 589 5130 (non
608 5063 646 5128 44).
666 5089 694 5099 -
712 5061 753 5114 24.
768 5068 886 5125 portares
903 5065 981 5128 Lagg.
1001 5089 1028 5099 —
1055 5063 1083 5113 in
1099 5074 1152 5124 quse
1167 5062 1217 5113 ns:
1236 5073 1288 5124 qua
1303 5059 1369 5111 dett.
1387 5062 1417 5112 0.
1437 5088 1464 5098 ·-
1483 5061 1525 5112 25.
1541 5060 1680 5124 praebuere
1695 5060 1725 5111 li.
1745 5085 1772 5096 -

418 5196 421 5201 Δ
447 5142 489 5194 24.
505 5141 633 5206 pannon
647 5139 749 5204 44444444
765 5138 793 5188 L.
813 5165 840 5174 -
859 5139 901 5190 28.
918 5153 1008 5190 swern
1024 5140 1142 5190 ldmnert.
1160 5136 1268 5189 detto.
1282 5162 1310 5173 -
1329 5135 1370 5187 30.
1388 5136 1420 5187 ab
1436 5136 1468 5187 444
1483 5137 1592 5202 Zumpt:
1611 5136 1645 5187 ab
1659 5135 1698 5186 4444
1713 5137 1774 5188 lto.

450 5241 478 5252 -
497 5215 538 5266 32.
556 5213 658 5276 cubum.
680 5213 720 5263 444
738 5211 795 5279 deb]
817 5212 936 5275 cubam
956 5214 1005 5278 suit
1020 5214 1041 5265 a
1058 5225 1122 5264 curn
1138 5210 1208 5262 linea
1223 5210 1274 5263 sub
1290 5224 1333 5270 m;
1359 5210 1453 5275 cubaea
1470 5212 1520 5277 puts
1535 5211 1586 5274 33;
1612 5210 1707 5275 abaco
1724 5208 1775 5277 (vel

447 5289 556 5354 4444444)
573 5302 605 5343 oe
620 5287 658 5340 4444
672 5287 751 5352 begs.
771 5314 799 5326 -
818 5286 859 5340 33.
876 5288 1004 5341 mailoc
1019 5289 1099 5354 legg.
1116 5288 1225 5354 praeter
1239 5286 1281 5341 29.
1301 5311 1330 5326 -
1348 5285 1391 5339 34.
1408 5300 1440 5340 uo
1452 5286 1580 5352 perum
1595 5285 1673 5352 egre.
