4367 6109
699 575 773 642 cn.
795 575 881 640 xxr.
903 572 937 659 p.
958 570 1105 637 se-se.
1128 569 1239 661 prvn.
1261 568 1409 657 ae-ea]
1656 568 1720 636 aar

404 744 478 807 victi
508 744 602 807 armis
632 751 706 807 sunt
733 751 789 808 aut
816 743 995 808 invitissimi
1023 746 1221 828 paruerunt?
1251 744 1366 828 Aquo
1388 742 1529 827 periculo
1551 739 1721 816 defendite,

405 837 541 911 iudices,
564 838 664 901 civem
685 837 796 901 fortem
819 845 913 922 atque
935 838 1154 902 innocentem:
1177 845 1283 902 curate
1305 845 1340 902 ut
1361 836 1478 901 nostris
1498 837 1629 900 testibus
1650 837 1721 921 plus

405 950 499 1014 quam
521 930 705 1014 alienigenis
728 932 899 995 credidisse
921 932 1102 1007 videamini,
1124 932 1196 1015 plus
1219 933 1310 997 saluti
1332 932 1446 996 civium
1468 952 1563 1016 quam
1584 931 1722 994 bostium

404 1022 538 1086 lubidini
560 1024 776 1100 consuluisse,
798 1025 970 1108 graviorem
993 1025 1121 1089 duxisse
1144 1027 1212 1090 eius
1227 1027 1493 1102 obsecrationem,
1515 1045 1596 1110 quae
1609 1023 1722 1088 vestris

406 1117 501 1180 sacris
523 1118 656 1200 praesit,
679 1138 774 1203 quam
796 1139 904 1183 eorum
925 1119 1106 1192 audaciam,
1128 1119 1276 1202 quicum
1300 1120 1438 1182 omnium
1459 1120 1555 1182 sacris
1571 1118 1745 1181 delubris-⁵

407 1232 470 1295 que
490 1212 575 1275 bella
596 1220 767 1296 gesserunt
800 1215 962 1278 Postremo
983 1211 1169 1296 prospicite,
1201 1213 1339 1288 iudices,
1362 1212 1395 1274 id
1417 1212 1504 1296 quod
1525 1212 1566 1277 ad
1588 1211 1723 1294 dignita·

405 1314 469 1367 tem
495 1306 604 1389 populi
632 1308 764 1371 Romani
785 1307 921 1371 maxime
942 1305 1096 1391 pertinet,
1125 1306 1253 1388 utplus
1274 1306 1360 1390 apud
1382 1327 1438 1370 vos
1459 1326 1570 1389 preces
1591 1306 1722 1388 virginis

405 1400 540 1463 Vestalis
562 1420 657 1484 quam
679 1401 783 1465 minae
805 1401 966 1464 Gallorum
987 1399 1125 1464 valuisse
1145 1399 1321 1464 videantur.

470 1661 495 1711 6.
512 1661 631 1727 prostat
646 1659 759 1714 Klotzins
776 1661 803 1714 in
819 1661 853 1714 ed
881 1662 912 1713 ll.
932 1687 960 1699 ·-
978 1662 1003 1713 l.
1020 1661 1119 1726 utplus
1134 1661 1203 1724 opud
1219 1663 1250 1713 S:
1268 1662 1345 1712 attelae
1360 1667 1422 1726 opat
1437 1661 1469 1715 V.

850 2014 1009 2109 THEOD.
1035 2015 1281 2110 llOllllSlllII

768 2172 978 2237 excursus
1000 2175 1054 2237 sn
1078 2174 1163 2238 cnr.
1185 2175 1240 2237 rx.
1263 2171 1296 2255 q.
1319 2168 1369 2234 lo.

471 2326 562 2388 Agitur
577 2326 629 2377 hoc
646 2324 703 2377 loco
720 2327 755 2378 de
772 2330 888 2392 portorio
905 2330 939 2380 ab
956 2332 988 2382 iis
1006 2329 1134 2383 solvendo
1146 2332 1191 2396 qut
1208 2344 1241 2381 ex
1257 2328 1329 2379 ltalia
1346 2329 1373 2379 in
1385 2324 1493 2377 Galliam
1506 2327 1598 2378 vinum
1615 2324 1727 2377 navibus

407 2409 558 2472 portarent;
578 2423 639 2461 nam
657 2413 763 2476 praeter
781 2412 940 2465 Massiliense
958 2413 1046 2465 ltalico
1058 2416 1120 2466 vino
1137 2415 1251 2465 maxime
1269 2425 1332 2464 usos
1350 2425 1411 2462 esse
1423 2408 1508 2461 Gallos
1526 2410 1605 2460 docet
1621 2408 1728 2461 Posido-

409 2492 467 2542 nius
485 2493 555 2557 apud
571 2495 666 2546 Athen.
679 2496 721 2545 tv.
739 2509 766 2560 p.
780 2498 823 2546 tat
840 2498 859 2547 E
876 2499 1013 2561 innuitque
1032 2499 1126 2550 Cicero
1143 2499 1187 2549 hic
1204 2511 1266 2549 cum
1278 2496 1535 2558 aitoostrossructas.
1553 2495 1639 2545 Novas
1650 2495 1728 2558 igitur

409 2573 594 2640 intelleguntur
610 2591 678 2643 qnae
695 2577 864 2643 appellebant
879 2581 1017 2642 Narbone,
1038 2584 1083 2647 qui
1101 2596 1133 2633 ca
1150 2585 1236 2633 aetate
1254 2583 1348 2633 unicas
1365 2583 1543 2631 Romanorum
1560 2581 1652 2643 portus
1669 2590 1728 2628 ma-

410 2659 513 2711 ritimus
538 2660 585 2711 luit
609 2662 635 2711 in
659 2661 738 2712 Gallia
762 2663 934 2729 transalpina;
962 2679 1049 2730 neque
1073 2669 1164 2717 amen
1188 2664 1310 2717 Narbone
1334 2678 1421 2729 neque
1439 2666 1465 2714 in
1483 2676 1546 2727 agro
1563 2661 1728 2713 Narbonensi

409 2745 555 2808 portorium
573 2748 695 2796 exactum
713 2750 767 2809 est,
793 2761 826 2799 ne
849 2747 933 2799 coloni
951 2749 1138 2801 Narbonenses
1156 2751 1228 2800 cives
1246 2751 1355 2801 Romani
1372 2762 1404 2799 co
1421 2750 1606 2812 gravarentur,
1628 2745 1677 2796 scd
1694 2744 1728 2795 ad

408 2830 465 2878 vias
486 2842 555 2892 quae
578 2843 592 2880 a
610 2828 734 2881 Narbone
756 2831 790 2881 ad
806 2833 971 2896 provinciam
988 2836 1134 2885 Romanam
1151 2836 1178 2885 et
1194 2834 1229 2884 ad
1245 2832 1357 2899 populos
1374 2847 1406 2883 ea
1424 2832 1509 2883 aetate
1527 2831 1614 2881 adbuc
1630 2828 1729 2880 liberos

410 2911 539 2964 terebant.
568 2914 694 2964 Primarta
712 2916 788 2965 statio
805 2914 933 2967 collocata
950 2920 991 2968 cst
1007 2916 1130 2979 Tolosae,
1150 2931 1203 2983 quo
1220 2931 1234 2968 a
1250 2916 1373 2968 Narbone
1385 2917 1568 2967 intermontes
1579 2917 1730 2977 Pyrenaeos

410 2999 437 3048 et
453 2995 618 3047 Gebennicos
642 3001 734 3050 natura
757 2999 813 3063 ipsa
835 3001 907 3051 viam
930 3002 1054 3066 patetecil
1071 3002 1199 3066 quodque
1220 3001 1347 3066 oppidum
1371 3001 1398 3051 in
1414 3000 1548 3065 provincia
1565 2997 1730 3050 Narbonensi

409 3081 525 3145 primum
551 3081 619 3131 inter
639 3082 839 3147 provincialium
861 3085 981 3137 civitates
1001 3085 1090 3136 locum
1115 3089 1171 3136 tum
1191 3086 1338 3136 obtinuisse
1357 3098 1438 3136 nemo
1454 3083 1565 3134 dubitat.
1599 3080 1730 3133 Aiolosa

410 3178 473 3215 cum
489 3166 609 3229 proxime
627 3165 735 3217 abesset
758 3168 803 3230 qui
826 3181 858 3218 eo
882 3171 1004 3234 tempore
1021 3169 1068 3221 tuit
1085 3170 1216 3220 terminus
1232 3169 1385 3234 provinciae
1402 3169 1535 3218 Romanae
1552 3168 1580 3218 et
1594 3167 1653 3216 viae
1669 3164 1731 3217 inde

411 3250 513 3299 exirent
529 3252 556 3300 et
572 3250 597 3299 in
609 3250 761 3314 Hispaniam
779 3254 806 3301 et
821 3253 848 3302 in
859 3254 1024 3317 Aquitaniam
1042 3256 1070 3304 et
1085 3252 1251 3323 Burdigalam
1270 3256 1297 3304 et
1315 3253 1349 3303 ad
1367 3252 1510 3314 Cadurcos,
1529 3249 1599 3302 nullo
1611 3247 1662 3300 alio
1673 3247 1732 3299 loco

411 3332 551 3384 commode
573 3333 671 3384 institui
690 3334 776 3400 potuit
796 3336 873 3386 statio
895 3351 948 3401 quo
970 3338 1022 3388 vini
1040 3338 1074 3388 ad
1091 3338 1197 3389 bostem
1216 3337 1337 3403 portandi
1354 3336 1502 3401 portorium
1519 3333 1667 3386 solveretur
1682 3332 1733 3384 nist

410 3416 536 3476 Tolosae;
559 3429 643 3481 quare
667 3417 712 3467 ubi
734 3419 819 3469 codex
841 3419 924 3470 babet
938 3421 1084 3472 odbotetost
1100 3420 1142 3473 vet
1163 3422 1307 3473 caumas
1323 3422 1349 3472 in
1367 3421 1513 3484 archetypo
1530 3419 1612 3470 tuisse
1628 3416 1734 3467 videtur

409 3501 496 3552 oetteot
516 3501 599 3553 tolose.
635 3502 683 3563 Qui
701 3502 735 3553 de
752 3501 831 3553 Elusa
848 3505 1044 3568 cogitaverant,
1066 3518 1136 3569 qnae
1154 3508 1197 3556 est
1215 3506 1242 3557 in
1260 3505 1349 3556 media
1366 3505 1519 3569 Aquitania,
1544 3503 1576 3554 iis
1593 3505 1671 3554 antea
1688 3501 1735 3552 do-

411 3585 526 3637 cendum
551 3586 598 3637 tuit
623 3587 757 3649 quomodo
779 3588 856 3638 statio
879 3590 987 3653 portorii
1011 3589 1064 3639 vini
1081 3589 1116 3640 ad
1135 3590 1290 3654 peregrinos
1307 3589 1421 3640 vehendi
1438 3589 1465 3639 in
1483 3589 1541 3653 ipso
1557 3588 1659 3638 hostico
1677 3583 1734 3637 solo

411 3668 533 3720 collocari
549 3671 674 3736 potuerit.
708 3673 801 3733 Neque
818 3671 853 3722 de
869 3671 1005 3735 Elusione,
1025 3675 1070 3738 qui
1087 3675 1162 3725 vicus
1173 3676 1215 3724 cst
1225 3672 1425 3725 interlolosam
1437 3676 1465 3724 et
1475 3671 1642 3733 Narbonem,
1661 3671 1734 3721 recte

412 3755 554 3817 cogitatum
578 3754 623 3819 qui
645 3756 716 3806 enim
739 3756 808 3806 scire
826 3759 969 3820 potuerunt
986 3771 1018 3808 eo
1036 3757 1095 3809 loco
1112 3759 1256 3809 stationarii
1273 3759 1364 3808 vinum
1381 3760 1471 3808 utrum
1488 3756 1603 3808 terretur
1619 3755 1654 3805 ad
1670 3767 1736 3820 pro-

412 3836 538 3889 vinciales
557 3852 591 3889 an
607 3838 641 3889 ad
658 3841 834 3903 peregrinos?
867 3842 959 3905 Neque
976 3844 1067 3892 nmen
1083 3841 1233 3892 sufficiebat
1249 3839 1378 3892 tolosana
1394 3841 1485 3901 statio,
1503 3853 1566 3891 cum
1582 3839 1625 3889 via
1641 3836 1735 3889 Tolosa
1787 3870 1789 3876 ·

412 3921 564 3973 Narbonem
581 3922 765 3974 diverticulum
782 3923 894 3975 baberet
910 3924 944 3975 ad
965 3927 1053 3977 vicum
1069 3924 1185 3990 aliquem
1201 3925 1429 3985 Cobiomacbum,
1448 3938 1500 3989 quo
1518 3925 1564 3988 qui
1581 3923 1733 3983 diverteret,

414 4020 467 4057 non
487 4005 609 4057 Tolosam
630 4008 783 4072 perveniret
804 4008 853 4059 sed
874 4010 1059 4060 secrodunum
1076 4011 1104 4059 et
1119 4007 1319 4061 Vulchalonem.
1352 4010 1394 4060 Sic
1411 4010 1519 4060 omnino
1535 4008 1584 4058 tria
1602 4007 1670 4058 baec
1686 4019 1736 4057 no·

414 4092 484 4141 mina
502 4093 528 4142 in
546 4091 637 4141 codice
655 4093 752 4156 scripta
769 4095 843 4152 sunt;
867 4093 939 4157 quod
962 4095 1034 4144 enim
1055 4094 1144 4159 priore
1161 4091 1220 4144 loco
1237 4095 1342 4144 moduni
1358 4092 1466 4158 legitur,
1490 4092 1588 4143 tactum
1606 4088 1735 4156 estquod

413 4176 527 4240 primam
548 4173 677 4239 syllabam
698 4175 836 4226 absorbuit
858 4178 1024 4242 praecedens
1045 4179 1163 4242 caepisse.
1199 4180 1290 4242 Neque
1311 4192 1379 4242 opus
1396 4180 1438 4229 est
1453 4177 1552 4228 docere
1570 4177 1735 4240 quantopere

414 4259 573 4310 sententiam
589 4263 748 4323 perverterit
758 4261 967 4326 Wesenbergius
985 4262 1109 4325 (Observa.
1123 4263 1149 4311 ln
1164 4276 1202 4312 or.
1217 4277 1245 4324 p.
1258 4263 1337 4313 Scotto
1354 4276 1380 4328 p.
1393 4262 1445 4325 ιθ.)
1464 4259 1586 4313 scribens
1603 4260 1737 4311 Cobioma-

414 4343 486 4392 ctam
506 4356 554 4407 pro
575 4343 751 4405 Cobiomacho3
774 4358 839 4396 sane
861 4358 913 4396 non
937 4345 1104 4397 divertebant
1125 4346 1347 4407 Cobiamacbum,
1371 4344 1422 4397 sed
1444 4345 1623 4396 Cobiomacho
1641 4345 1737 4395 Secro-

415 4427 517 4478 dunum
535 4430 562 4477 et
572 4427 770 4479 Vulchalonem.
783 4430 886 4481 -Tres
904 4431 930 4480 hi
941 4429 992 4481 loci
1003 4431 1048 4481 ubi
1060 4431 1166 4488 luerint,
1179 4431 1324 4495 quaeritur.
1344 4430 1554 4481 Cobiomacbum
1562 4427 1738 4480 Walclrenacr

415 4513 511 4574 (geogr.
532 4525 590 4561 auc.
610 4511 658 4563 des
675 4512 770 4564 Gaules
786 4515 805 4563 l.
826 4514 892 4576 tel.)
915 4517 990 4579 putat
1006 4528 1067 4566 esse
1083 4515 1173 4565 vicum
1190 4516 1234 4578 qui
1252 4515 1331 4564 hodie
1348 4513 1445 4565 dicitur
1461 4513 1588 4565 Cambiac
1606 4526 1656 4563 aaa
1673 4511 1737 4563 midi

415 4596 448 4645 de
467 4596 597 4646 Caraman
615 4599 642 4645 et
658 4596 777 4647 d'auriao
788 4601 815 4647 ct
826 4598 892 4650 dans
907 4597 931 4648 la
945 4599 1073 4650 direction
1085 4598 1119 4648 de
1130 4598 1260 4649 Toulonse
1272 4599 1288 4648 a
1300 4597 1474 4657 Narbonae·;
1493 4597 1566 4662 quod
1577 4610 1629 4647 non
1641 4596 1736 4661 probo,

415 4692 502 4742 neque
520 4681 591 4730 euim
608 4682 721 4732 nominis
739 4666 907 4733 similitudino
924 4684 991 4733 haec
1009 4684 1129 4746 quaestio
1147 4681 1314 4732 diiudicanda
1334 4685 1374 4732 est
1385 4683 1554 4746 nequeviam
1566 4680 1659 4732 Tolosa
1671 4682 1738 4731 Nar-

416 4763 523 4824 bonem,
543 4765 569 4814 in
586 4777 638 4828 qua
657 4766 714 4830 ipsa
727 4765 921 4817 Cobiamachus
938 4767 1016 4818 luerit
1027 4779 1139 4817 necesse
1152 4767 1206 4827 cst,
1225 4766 1361 4817 Cambiaci
1379 4767 1506 4816 transisse
1518 4764 1609 4816 credo.
1626 4765 1737 4815 Omnino

416 4846 597 4898 diiudicabunt
613 4849 682 4899 banc
699 4851 883 4913 quaestionem
900 4852 945 4913 qui
963 4852 989 4901 in
1003 4851 1061 4901 viae
1078 4850 1158 4901 huius
1170 4849 1324 4901 diverticula
1335 4849 1478 4914 aliquando
1489 4849 1639 4921 accuratius
1649 4849 1736 4913 inqui-

416 4934 487 4992 rent,
513 4946 594 4997 quam
611 4933 699 4984 adbuc
716 4932 813 4984 lactum
832 4947 892 4985 esse
909 4934 1022 4985 videtur.
1058 4934 1174 4995 Quodsi
1194 4935 1257 4984 mibi
1275 4933 1427 4984 huiusmodi
1444 4945 1535 4984 rerum
1552 4933 1641 4982 notitia
1659 4930 1737 4997 plane

417 5016 542 5067 destituto
560 5018 741 5068 coniecturam
757 5031 906 5082 proponere
923 5017 1000 5080 licet,
1018 5032 1067 5083 pro
1085 5018 1264 5069 Cobiomacho
1280 5016 1322 5068 vel
1340 5019 1426 5082 potius
1439 5016 1600 5080 Cobiomago
1616 5018 1739 5068 restitue·
1761 5003 1770 5023 ⁶

418 5102 469 5150 rim
485 5103 531 5150 aut
547 5102 731 5165 Sostomagum
750 5102 780 5164 (si
797 5102 907 5165 quidem
923 5102 1065 5154 emendate
1083 5102 1123 5153 sic
1138 5101 1264 5153 scribitur·
1280 5103 1307 5153 in
1323 5103 1379 5152 itin.
1399 5099 1525 5152 ilicrosol.
1538 5114 1565 5165 p.
1578 5101 1647 5162 55⁴,
1665 5099 1738 5165 quod

419 5197 501 5235 unum
522 5185 600 5236 huius
623 5186 674 5236 vici
695 5186 852 5237 memoriam
873 5188 996 5251 servavit)
1019 5189 1066 5237 ant
1086 5186 1286 5251 Hebromagum
1309 5187 1365 5237 sive
1385 5185 1600 5248 Eburomagum,
1625 5185 1670 5249 qni
1686 5185 1738 5235 vici

420 5270 492 5320 eunti
508 5269 632 5322 Narbone
650 5269 771 5322 Tolosam
788 5270 832 5323 bio
848 5269 935 5336 lapide
951 5272 1030 5336 lxii,
1048 5269 1090 5323 illc
1107 5269 1194 5336 lapide
1204 5271 1302 5323 mil.
1315 5271 1467 5323 occurrunt.
1485 5268 1550 5322 inde
1567 5282 1621 5322 non
1634 5269 1739 5321 incom-
