4367 6109
470 633 491 697 6
871 630 1024 698 oleario
1046 631 1125 697 PRO
1147 632 1181 696 P.
1204 627 1398 707 QUINCTIO

404 862 408 869 .
471 813 539 869 erat
560 806 710 879 eductus,
732 813 844 887 etque
861 803 1086 867 utebaturiste
1103 802 1293 885 plurimum,
1315 800 1704 884 propinquumnostrum,
1727 798 1800 862 Sex.

469 900 628 964 Alienum.
662 901 723 963 lies
746 898 918 962 convenire
940 898 1030 960 nullo
1053 897 1150 961 modo
1165 902 1290 979 poterat
1304 903 1488 978 propterca,
1512 893 1599 978 quod
1613 893 1666 956 hic
1680 893 1802 956 medio·

471 1014 555 1058 mem
576 995 728 1057 iacturam
751 994 855 1056 iacere
878 993 1042 1076 cupiebat,
1064 992 1125 1054 iste
1148 989 1301 1054 mediocri
1323 990 1440 1072 praeda
1457 996 1627 1053 contentus
1642 1007 1708 1052 non
1723 997 1800 1054 erat

469 1086 521 1152 22.
544 1091 655 1173 ltaque
683 1107 723 1150 ex
754 1108 792 1150 co
822 1094 965 1170 tempore
987 1107 1038 1150 res
1061 1106 1132 1149 esse
1154 1085 1188 1147 in
1211 1083 1428 1148 vadimonium
1450 1085 1567 1166 coepit.
1612 1084 1691 1146 Cum
1712 1085 1801 1147 radi·

447 1183 579 1248 limonia
605 1201 701 1265 saepe
725 1182 822 1244 dilata
850 1186 956 1244 essent
986 1188 1018 1244 et
1047 1200 1119 1244 cnm
1146 1179 1345 1262 aliquantum
1368 1179 1521 1261 temporis
1544 1179 1580 1241 in
1602 1198 1640 1242 ea
1660 1198 1696 1241 re
1718 1186 1801 1244 esset

470 1282 695 1358 consumptum
721 1295 828 1360 neque
858 1276 1033 1360 quidquam
1061 1273 1240 1357 proiectum
1268 1278 1369 1346 esset,
1398 1273 1487 1335 venit
1514 1272 1554 1334 ad
1581 1272 1801 1336 vadimonium

470 1369 617 1432 Naevius.
661 1372 713 1433 Vl.
737 1370 894 1444 Obsecro,
925 1370 957 1433 C.
986 1368 1096 1456 aquili
1132 1385 1274 1451 rosque,
1308 1365 1363 1448 qui
1387 1367 1505 1429 adestis
1526 1367 1561 1428 in
1583 1367 1736 1441 consilio,
1765 1375 1802 1432 ut

470 1462 641 1544 diligenter
661 1465 850 1539 attendatis,
879 1472 917 1527 ut
939 1465 1099 1548 singrrlare
1121 1481 1222 1546 genus
1242 1459 1363 1523 bandis
1386 1467 1418 1523 ct
1438 1480 1553 1524 novam
1575 1461 1732 1524 rationem
1753 1462 1802 1523 in·

471 1555 624 1620 sidiarum
653 1578 846 1641 cognoscere
878 1559 1019 1642 possitis.
1061 1553 1114 1620 23.
1140 1555 1195 1618 ait
1224 1575 1259 1618 se
1287 1555 1503 1617 auctionatum
1532 1575 1602 1619 esse
1624 1555 1658 1617 in
1680 1555 1801 1638 Gallia;

433 1651 558 1735 eoquod
581 1653 642 1715 sibi
665 1653 842 1728 rideretur,
865 1674 899 1716 se
920 1653 1120 1726 vendidisses
1142 1668 1287 1724 curasse,
1310 1667 1350 1711 ne
1373 1648 1452 1732 quid
1473 1648 1533 1711 sibi
1555 1650 1690 1715 societas
1705 1653 1802 1717 debe-

470 1753 537 1818 ret3
568 1766 602 1808 se
630 1747 692 1809 ianr
723 1767 827 1831 neque
855 1746 964 1811 vadari
991 1746 1131 1829 emplius
1159 1762 1266 1829 neque
1293 1742 1508 1808 vadimonium
1537 1744 1739 1827 promittere3
1772 1748 1800 1810 si

472 1840 549 1923 quid
572 1860 667 1923 agere
688 1861 796 1903 secum
818 1840 895 1904 velit
916 1839 1104 1915 Quinctius,
1133 1858 1200 1902 non
1220 1858 1379 1902 recusare.
1422 1838 1497 1914 llic,
1519 1859 1592 1901 oum
1613 1859 1679 1903 rem
1703 1840 1801 1904 Galli-

472 1952 583 1996 canam
606 1942 737 2017 cuperet
757 1935 913 2009 revisere,
940 1933 1104 1996 bominem
1132 1933 1167 1995 in
1191 1933 1372 2015 praesentia
1393 1951 1459 1994 non
1480 1934 1632 2010 vadatur3
1661 1934 1704 1997 ita
1731 1936 1799 1998 sine

472 2027 656 2092 vadimonio
688 2029 871 2091 disceditur.
915 2028 1038 2091 Deinde
1059 2029 1179 2091 Romae
1202 2026 1270 2090 dies
1292 2046 1359 2089 xxx
1379 2024 1446 2089 iere
1470 2026 1639 2102 Quinctius
1661 2047 1802 2091 commo-

436 2128 570 2183 seratur.
604 2121 682 2185 ilum
704 2123 816 2187 ceteris
841 2143 923 2207 quae
944 2120 1082 2185 babebat
1097 2121 1281 2185 vadimonia
1303 2121 1417 2194 dillert,
1439 2126 1475 2183 ut
1493 2120 1661 2203 expeditus
1677 2122 1710 2183 in
1728 2123 1802 2185 Gal·
1896 2140 1901 2150 ·

472 2215 549 2278 liam
571 2213 728 2299 proficisci
750 2225 869 2300 posset.
896 2213 1119 2281 Proficiscitur.
1152 2212 1204 2278 ii.
1222 2216 1321 2278 Roma
1337 2215 1498 2297 egreditur
1510 2223 1583 2278 ante
1596 2215 1680 2279 diem
1693 2237 1726 2280 ιι
1738 2218 1802 2281 lia·

473 2309 557 2373 lend.
583 2311 770 2375 Februarias
792 2312 961 2388 Quinctius
985 2311 1135 2396 Scipione
1158 2315 1190 2372 et
1210 2309 1360 2372 Norbano
1378 2309 1466 2373 Coss.
1503 2310 1647 2386 Quaeso,
1669 2318 1706 2373 ut
1728 2332 1800 2375 cunr

474 2403 559 2468 diem
580 2405 752 2469 memoriae
775 2406 942 2469 mandetis.
977 2406 1011 2467 L.
1033 2404 1163 2478 Albius,
1187 2403 1259 2466 Sex.
1280 2399 1380 2476 lilius,
1403 2403 1550 2486 Quirina,
1573 2403 1746 2469 virbonus
1768 2412 1800 2470 et

473 2497 680 2580 cumprimis
700 2497 871 2574 honestus,
894 2518 959 2561 nna
980 2498 1142 2582 proiectus
1163 2502 1221 2560 est.
1255 2497 1333 2559 Cum
1354 2497 1517 2560 venissent
1537 2498 1577 2560 ad
1599 2499 1689 2562 Vada
1705 2500 1800 2564 Vola·

436 2599 600 2657 niumm
627 2612 709 2677 quae
736 2593 957 2667 nominantur,
986 2593 1097 2655 vident
1125 2590 1372 2675 perfamiliarem
1402 2592 1528 2665 Naevii,
1558 2592 1615 2675 qui
1636 2614 1677 2656 ex
1699 2593 1801 2658 Gallia

474 2706 591 2771 pueros
620 2687 749 2751 venales
778 2687 831 2749 isti
861 2687 1052 2760 adducebat,
1084 2687 1120 2748 L.
1150 2686 1346 2759 Publicium,
1379 2687 1451 2770 qui,
1482 2696 1517 2749 nt
1545 2688 1677 2751 Romam
1697 2691 1800 2765 venit,

474 2789 582 2844 narrat
601 2782 740 2855 Naevio,
772 2801 836 2866 qno
865 2782 898 2842 in
919 2781 991 2844 loco
1014 2782 1132 2844 viderit
1154 2781 1348 2857 Quinctium.
1393 2781 1489 2858 Quod
1510 2782 1571 2844 nisi
1595 2802 1636 2844 ex
1657 2784 1800 2849 Publicio

476 2872 649 2959 [nonatum
680 2877 800 2939 Naevio
833 2881 933 2950 esset,
966 2896 1031 2938 non
1061 2883 1126 2939 tarn
1155 2876 1218 2938 cito
1251 2896 1301 2938 res
1333 2876 1367 2938 iu
1390 2875 1626 2940 contentionem
1649 2877 1799 2940 venisset.

475 2966 526 3032 25.
550 2972 631 3034 Tum
650 2965 800 3054 Naevius]
823 2990 941 3054 pueros
964 2971 1082 3033 circum
1103 2970 1223 3032 amicos
1245 2970 1391 3046 dimittit;
1414 2970 1483 3053 ipse
1506 2991 1581 3033 suos
1603 2973 1800 3036 necessarios

437 3063 516 3126 nah
537 3063 627 3128 atriis
640 3064 780 3129 'Liciniis
802 3071 834 3129 et
854 3084 874 3127 a
894 3063 1039 3127 saucibus
1059 3063 1186 3127 macelli
1206 3073 1369 3146 corrogat,
1391 3072 1427 3127 ut
1448 3064 1488 3127 ad
1504 3064 1643 3146 tabulam
1659 3066 1800 3130 Sextiam

474 3158 537 3222 sibi
559 3158 666 3222 adsint
685 3157 764 3223 bora
786 3159 927 3223 secunda
940 3157 1105 3241 postridie.
1136 3159 1278 3221 Veniunt
1293 3158 1487 3243 frequentes.
1515 3155 1715 3222 Testificatnr
1729 3161 1800 3235 iste,

473 3255 507 3315 Ρ.
528 3252 691 3328 errsrrvrs
719 3274 781 3317 uon
802 3271 938 3317 srrrrssn
960 3270 1002 3316 nr
1023 3272 1059 3316 sn
1083 3272 1236 3329 srrrrssn3
1268 3253 1394 3316 tabulae
1416 3253 1553 3316 maxime
1577 3254 1676 3336 signis
1697 3255 1801 3318 bomi-

538 3382 562 3432 1.
580 3383 681 3433 stitutus
697 3395 711 3433 e
729 3395 792 3434 cum
809 3384 934 3447 quattuor
951 3380 1160 3433 oxoniensibus:
1178 3383 1297 3432 educetus
1313 3395 1375 3432 curn
1391 3383 1487 3432 ceteris
1503 3380 1577 3433 libris
1594 3382 1709 3437 Atio.
1738 3383 1797 3435 vid.

473 3454 546 3506 lilotz
557 3457 669 3508 Praelat.
681 3457 723 3509 ed.
733 3471 773 3522 pr.
787 3471 814 3522 p.
825 3459 877 3508 1111
887 3469 927 3520 sq.
942 3455 1066 3520 (11569.
1080 3482 1108 3492 -
1123 3458 1147 3507 2.
1161 3455 1375 3519 AtpbenumALi
1386 3456 1494 3520 ubique.
1513 3455 1631 3508 Alteram
1641 3459 1801 3524 scripturam

472 3530 585 3596 praebet
602 3533 673 3597 Psi.
686 3534 726 3583 67.
745 3534 785 3583 66,
799 3533 839 3583 69.
859 3534 886 3582 et
902 3533 927 3582 bl
939 3531 1047 3596 ubique.
1062 3559 1089 3567 -
1109 3533 1133 3583 6.
1149 3534 1287 3596 perfectum
1298 3533 1343 3582 lin
1357 3536 1383 3582 et
1395 3531 1448 3587 ti.
1463 3531 1520 3596 (sal.
1530 3533 1684 3596 prefectum»
1697 3546 1749 3597 mg.
1764 3534 1799 3599 1.)

475 3633 503 3643 -
517 3607 541 3656 7.
561 3606 1031 3671 C.BGabcdlgllmnetAL8:
1050 3612 1086 3668 te,
1101 3608 1127 3658 C.
1142 3608 1287 3657 ehketO.
1307 3606 1382 3670 Cis.
1396 3607 1436 3657 36.
1452 3633 1479 3643 -
1494 3607 1517 3657 9.
1531 3609 1801 3659 esseseuuctionutusn

472 3681 498 3731 k.
514 3707 542 3717 -
562 3681 601 3731 13.
621 3681 669 3732 uel.
682 3684 708 3732 in
722 3682 863 3745 praesenti»
877 3695 930 3745 mg.
944 3680 970 3735 ti.
986 3708 1013 3717 -
1033 3684 1073 3732 te.
1086 3682 1260 3744 uepedbiusk.
1276 3709 1303 3718 -
1322 3682 1362 3733 16,
1375 3683 1417 3747 li'l
1429 3684 1454 3732 ll
1463 3695 1525 3734 cum
1538 3682 1685 3733 Hotomano
1699 3685 1800 3747 (conus

473 3754 693 3808 consuetudinem
705 3758 836 3808 sermonis
844 3757 935 3816 Latini)
948 3755 1000 3809 Li.
1012 3755 1072 3806 vid.
1086 3755 1120 3806 ad
1133 3756 1156 3818 ξ.
1170 3758 1211 3806 st.
1227 3785 1254 3794 -
1268 3757 1307 3806 tr.
1321 3754 1474 3806 Februarius
1484 3757 1566 3806 Osco.
1580 3758 1636 3806 Set
1645 3759 1678 3809 0:
1691 3759 1800 3810 Februo-

472 3833 507 3883 rii
518 3829 554 3882 Gi
567 3833 594 3882 et
604 3831 658 3885 Li..
672 3833 760 3884 Ceteri
776 3831 855 3883 codd.
868 3832 949 3882 Paris.
963 3832 1022 3883 etA
1035 3832 1087 3882 boc
1098 3845 1156 3882 voc.
1170 3845 1219 3895 per
1231 3830 1420 3894 compendium
1431 3829 1566 3880 exhibent.
1581 3856 1609 3868 -
1623 3833 1738 3894 Quintius
1747 3836 1801 3886 Sci·

469 3908 545 3971 pionte
555 3920 569 3956 a
580 3904 588 3956 l
600 3909 672 3958 eid:
692 3908 807 3970 Quintius
817 3904 1134 3971 Spieionebcdlghln,
1148 3907 1262 3968 Quintius
1272 3905 1403 3967 Spticione
1414 3905 1461 3965 ek,
1475 3906 1504 3966 Q.
1515 3904 1639 3967 Spurim
1649 3920 1685 3969 m,
1700 3910 1800 3970 Quintio

471 3983 573 4046 81111066
587 3985 621 4044 G,
639 3983 754 4046 Scipione
771 3983 878 4046 (omisso
895 3982 1002 4032 nomine
1015 3981 1154 4045 Quinctius)
1167 3980 1249 4032 nso.
1265 4006 1292 4016 -·
1312 3981 1351 4030 18.
1364 3979 1465 4029 Albinus
1476 3980 1529 4029 Gk.
1546 4007 1573 4015 -
1593 3982 1712 4042 Quirinus
1723 3984 1742 4035 B
1752 3984 1799 4035 Gb

473 4056 812 4122 cdclghilslmnetl.
827 4083 855 4093 -
874 4055 1068 4121 distendisti.
1082 4079 1110 4090 -
1128 4053 1327 4104 uenissetaell.
1342 4081 1369 4090 -
1385 4054 1583 4104 i'udntoteronu
1595 4059 1624 4107 G.
1637 4059 1730 4108 «varie
1742 4072 1801 4109 cor-

472 4135 593 4198 ruptam,
611 4131 684 4184 velut
697 4132 799 4183 nudabo
810 4133 942 4183 wutrunu
953 4133 981 4182 et
992 4144 1017 4196 q.
1032 4144 1056 4194 g.
1070 4143 1095 4181 a.
1114 4131 1220 4181 Rectius
1237 4130 1340 4181 nonnisi
1355 4130 1381 4181 in
1396 4131 1475 4180 ism.»
1492 4132 1568 4181 liert.
1584 4159 1611 4168 -
1629 4133 1670 4183 20.
1683 4135 1801 4185 uidentur

472 4207 570 4259 Gukl.
590 4236 617 4243 —
637 4210 677 4260 ii.
697 4207 852 4258 uddwebunt
867 4205 1024 4257 bcdelm.
1039 4233 1067 4242 -
1085 4208 1127 4257 22.
1146 4205 1280 4254 uiderutls.
1296 4232 1323 4240 -
1342 4206 1398 4268 nise]
1417 4205 1606 4268 ubiliiknrn‚
1628 4208 1662 4256 ibi
1678 4208 1705 4258 b.
1721 4236 1748 4245 -
1767 4224 1800 4260 en

470 4283 586 4347 Publicio]
599 4297 632 4334 ex
640 4283 737 4346 publico
748 4285 779 4344 A,
797 4296 815 4333 u
825 4281 932 4333 Publicio
943 4293 997 4345 mg.
1011 4280 1037 4336 2.
1052 4307 1081 4317 -
1101 4281 1142 4330 23.
1155 4286 1290 4329 curruum
1300 4281 1394 4331 Naevio
1406 4310 1421 4319 -
1430 4307 1444 4317 -
1455 4308 1469 4318 -
1482 4281 1542 4331 Tum
1552 4283 1668 4348 Naevius]
1682 4285 1800 4336 «Desunt

473 4358 499 4408 in
511 4357 628 4409 libcdl
634 4356 687 4422 ghi
695 4372 722 4409 ιιι
730 4372 756 4418 ιι,
769 4357 869 4421 ubique
881 4357 971 4422 spatiis
981 4358 1071 4408 vacuis
1079 4369 1207 4406 versuum
1219 4354 1390 4418 singulorum,
1400 4355 1534 4417 binorum,
1545 4359 1681 4409 ternorum
1690 4358 1796 4411 relictis.

471 4434 500 4483 ln
512 4431 520 4482 l
533 4446 547 4482 a
559 4433 678 4483 secunda
691 4446 771 4484 mana
783 4432 905 4497 suppleta
916 4434 989 4493 sunt,
1008 4435 1038 4481 ut
1049 4432 1102 4482 duo
1114 4444 1223 4492 siersus,
1241 4433 1319 4481 antea
1330 4433 1407 4482 vacui
1419 4430 1517 4493 relicti,
1536 4432 1570 4482 ad
1582 4447 1698 4496 unguem
1711 4434 1800 4500 exple-

472 4510 573 4558 rentur.
591 4509 620 4558 ln
633 4522 670 4558 ae
688 4509 724 4571 (et
735 4510 762 4572 G)
782 4507 844 4560 nihil
858 4508 942 4560 deest.
969 4509 997 4558 ln
1012 4509 1029 4558 k
1043 4506 1115 4558 nullo
1126 4506 1237 4558 lacunae
1253 4508 1327 4570 signo
1339 4507 1454 4558 habetur
1467 4506 1572 4559 illorum
1583 4509 1729 4560 verboram
1740 4512 1797 4562 vice

471 4583 584 4648 opnouit,
598 4586 628 4633 ut
638 4583 771 4648 legamus:
791 4585 862 4647 Quod
871 4583 914 4634 ubi
925 4598 958 4635 ec
967 4583 1076 4635 Pubtimo
1087 4585 1202 4647 cenavit,
1218 4597 1309 4646 pueros
1321 4581 1385 4633 rel.»
1395 4585 1471 4633 lirun.
1489 4585 1572 4635 Vetus
1583 4584 1799 4649 supplementum

470 4657 581 4709 lacunae
600 4671 669 4721 quae
686 4660 712 4708 in
723 4659 870 4723 archetypo
882 4658 962 4710 luisse
974 4658 1079 4709 videtur
1091 4658 1256 4723 reliquimus,
1274 4660 1323 4709 etsi
1334 4673 1377 4708 vv.
1390 4663 1525 4708 nuuutum
1535 4660 1569 4709 N.
1579 4666 1639 4710 esset
1649 4675 1710 4712 cnm
1722 4677 1799 4727 prae-

470 4734 601 4800 positione
612 4748 646 4784 es
658 4734 765 4784 minime
778 4735 935 4797 congruunt.
950 4761 977 4770 -
991 4732 1032 4784 il.
1043 4733 1161 4797 Naevius]
1174 4735 1284 4784 Naevius
1293 4736 1344 4797 ipse
1356 4736 1401 4784 Ga
1413 4737 1441 4784 et
1451 4738 1481 4785 A.
1496 4761 1523 4769 -
1542 4735 1584 4785 25.
1597 4737 1686 4786 Licinii
1697 4739 1716 4788 B
1726 4738 1797 4789 Gab

471 4808 678 4873 cdlglriklm
691 4812 759 4861 etl.
775 4838 802 4849 -
819 4808 1017 4860 mercettiklm.
1029 4837 1057 4846 -
1069 4809 1210 4863 Sestiumti.
1223 4837 1250 4847 -
1264 4810 1304 4860 26.
1318 4811 1532 4875 unificantnristi
1544 4810 1665 4862 Gaelnr
1677 4815 1742 4874 etl,
1757 4814 1798 4864 isti

470 4887 634 4951 testificantur
649 4887 679 4946 k,
698 4887 861 4950 testificentur
871 4887 916 4936 iste
926 4885 943 4934 b
954 4885 1022 4936 cdi.
1036 4885 1193 4950 (testificatur
1203 4887 1247 4936 iste
1263 4886 1306 4949 gh
1316 4886 1323 4934 i
1332 4886 1368 4949 n.)
1383 4912 1410 4922 -
1423 4887 1464 4936 ii.
1477 4901 1527 4937 non
1537 4888 1629 4938 stetisse
1639 4893 1696 4938 etse
1706 4890 1798 4940 stetisse

471 4962 549 5012 ekm
567 4958 663 5021 etat,
681 4973 732 5009 non
746 4960 838 5011 stetisse
854 4968 877 5011 et
893 4962 984 5011 stetisse
998 4960 1215 5024 unbergae,
1233 4976 1284 5012 non
1299 4962 1392 5012 stetisse
1407 4961 1505 5022 seGd,
1523 4977 1573 5012 non
1588 4964 1682 5014 stetisse
1697 4970 1795 5026 seete,

470 5051 520 5087 non
531 5035 623 5087 stetisse
634 5040 658 5085 et
670 5035 755 5099 secisse
770 5040 794 5087 et
809 5037 900 5086 stetisse
911 5049 936 5087 se
947 5037 967 5097 i,
986 5050 1036 5086 non
1046 5037 1138 5087 stetisse
1148 5050 1193 5087 seu
1204 5036 1225 5098 l,
1244 5051 1294 5087 non
1304 5051 1329 5087 se
1340 5038 1429 5087 stitisse
1439 5043 1461 5087 et
1471 5052 1497 5088 se
1507 5039 1595 5088 stitisse
1606 5040 1633 5089 L.
1647 5038 1744 5102 (stitisse
1755 5044 1798 5092 est

471 5127 504 5163 ex
524 5111 672 5165 carissima
693 5112 844 5163 coniectura
862 5113 1009 5163 Hotomani.
1041 5112 1079 5163 Ci.
1099 5111 1164 5163 Geli.
1182 5115 1207 5173 2,
1226 5112 1275 5176 tt.)
1295 5141 1322 5150 -
1338 5115 1451 5164 menime
1467 5117 1487 5164 G
1504 5118 1531 5165 et
1547 5116 1604 5166 sine
1622 5115 1704 5166 dnbio
1722 5115 1796 5167 multi

470 5186 525 5237 alii:
543 5186 675 5236 mutue
690 5185 802 5241 Atio.
821 5186 989 5250 «tegendum
1007 5189 1048 5239 est
1063 5189 1175 5239 mesine
1191 5201 1253 5238 cum
1270 5187 1362 5238 codice
1379 5191 1404 5238 S.
1418 5190 1484 5240 vict.
1499 5193 1526 5240 et
1537 5203 1607 5250 meo,
1627 5190 1643 5240 i.
1656 5204 1680 5240 e.
1694 5193 1797 5253 praeci-

466 5274 526 5326 pue,
535 5262 701 5324 potissimusn,
713 5262 793 5325 siguis
805 5263 892 5328 polius
902 5263 1041 5314 hominum
1053 5261 1181 5314 nobilium
1193 5277 1274 5328 quam
1285 5262 1422 5316 aliorum.»
1436 5266 1496 5315 Gan.
1509 5266 1534 5317 2.
1548 5265 1587 5317 cl.
1599 5266 1678 5319 lanus
1689 5279 1705 5317 a
1717 5267 1796 5318 Costa

470 5339 497 5389 in
513 5337 623 5390 lleerm.
643 5338 721 5389 Thes.
738 5339 759 5389 1.
777 5350 804 5404 p.
822 5337 879 5390 iii.
