4367 6109
609 588 761 656 omno
783 587 862 654 ruo
883 587 918 653 4.
940 585 1106 653 nusum
1128 583 1204 649 cn.
1218 583 1326 646 1-u.
1346 579 1402 667 ss.
1417 578 1520 647 4-4.
1659 578 1720 647 444

411 780 483 824 uum
497 761 657 824 consulem
672 759 860 834 renuntiavi,
873 765 909 823 ut
922 777 959 822 ea
973 778 1023 822 res
1038 758 1125 830 mibi,
1140 752 1213 819 fidoi
1232 753 1491 838 magistratuique
1506 772 1587 828 meo,
1602 752 1721 836 populo

410 852 558 938 plebique
579 853 737 917 Romanae
757 854 839 917 bene
859 862 954 936 atque
973 851 1108 916 feliciter
1121 852 1279 913 eveniret:
1301 848 1411 911 eadem
1425 849 1588 931 precorab
1604 850 1722 914 eisdem

411 946 459 1010 dis
487 946 714 1010 immortalibus
741 947 781 1010 ob
806 946 946 1009 eiusdem
967 944 1105 1008 hominis
1127 943 1324 1006 consulatum
1344 962 1499 1005 unacum
1521 944 1620 1008 saluts
1642 944 1723 1007 obti-

409 1039 562 1115 nendum,
584 1049 617 1103 et
637 1049 673 1104 ut
694 1050 815 1105 vestrae
837 1046 957 1103 mentes
978 1047 1073 1122 atque
1100 1036 1273 1100 sententiae
1295 1055 1366 1099 cum
1387 1036 1496 1119 populi
1517 1037 1649 1100 Romani
1668 1058 1724 1102 vo-

410 1135 582 1198 luntatibus
604 1137 824 1219 suffragiisque
846 1135 1058 1206 consentiant,
1081 1152 1180 1215 eaque
1200 1150 1250 1193 res
1272 1130 1359 1192 vobis
1380 1129 1563 1213 populoque
1582 1131 1747 1194 Romanor

410 1248 536 1311 pacem,
558 1229 835 1313 tranquillitatem,
857 1230 954 1291 otium
978 1226 1243 1309 concordiamque
1265 1225 1382 1288 aderat
1418 1222 1512 1299 Quod
1534 1225 1562 1287 si
1583 1224 1638 1287 illa
1660 1224 1724 1287 sol-

408 1323 522 1386 lemnis
535 1324 733 1387 comitiorum
754 1323 894 1406 precatio
909 1321 1125 1385 consularibus
1138 1319 1288 1402 auspiciis
1302 1326 1482 1382 consecrata
1496 1324 1616 1381 tantam
1629 1318 1725 1382 habet

409 1420 443 1481 iu
464 1439 498 1482 se
518 1421 581 1483 vim
604 1427 637 1481 et
656 1417 858 1501 religionem,
886 1423 1034 1501 quautam
1064 1415 1110 1477 rei
1131 1413 1276 1498 publicae
1298 1412 1434 1495 dignitas
1455 1412 1611 1495 postulat,
1639 1412 1723 1476 idem

409 1531 468 1595 ego
495 1533 564 1575 sum
591 1518 735 1596 precatus
762 1520 799 1574 ut
819 1511 866 1574 eis
888 1529 1015 1594 quoque
1036 1508 1233 1580 homiuibus,
1262 1506 1377 1588 quibus
1397 1506 1449 1569 hic
1470 1507 1652 1572 consulatus
1673 1528 1723 1572 ms

409 1616 541 1690 rogante
563 1605 653 1670 datus
674 1614 772 1679 esset,
794 1625 831 1670 aa
844 1625 895 1668 res
908 1604 1012 1667 fauste
1025 1602 1162 1666 feliciter
1175 1620 1389 1684 prospereque
1403 1601 1554 1665 eveniret.
1587 1599 1617 1664 3.
1634 1601 1723 1678 Quae
1733 1624 1761 1670 so

409 1722 480 1764 cum
502 1703 546 1765 ita
567 1701 646 1775 siut,
675 1699 811 1773 iudices,
839 1706 871 1762 ct
895 1718 967 1762 cum
989 1697 1092 1760 omnis
1115 1696 1246 1759 deorum
1265 1694 1487 1757 immortalium
1510 1703 1650 1778 potestas
1670 1707 1725 1762 aut

410 1794 560 1858 translata
581 1794 622 1857 sit
643 1794 684 1858 ad
705 1812 762 1857 vos
784 1802 839 1856 aut
860 1799 943 1856 certe
965 1791 1192 1855 communicata
1213 1787 1394 1861 vobiscum,
1416 1787 1499 1852 idem
1522 1791 1631 1854 consul
1651 1812 1724 1856 eum

410 1898 531 1954 rostrae
558 1886 631 1951 fidei
653 1888 869 1962 commendat,
899 1886 953 1970 qui
980 1893 1073 1949 autea
1095 1885 1143 1947 dis
1164 1881 1393 1944 immortalibus
1415 1883 1663 1964 commendavit;
1689 1897 1725 1952 ut

410 1982 551 2046 eiusdem
570 1982 708 2045 hominis
729 2001 805 2045 voce
827 1988 858 2044 et
879 1980 1056 2044 declaratus
1078 1977 1187 2041 consul
1202 1984 1235 2040 et
1248 1974 1397 2039 defensus
1413 1974 1601 2043 beneficium
1615 1980 1725 2064 populi

408 2076 541 2138 Romani
569 2096 640 2138 cum
669 2082 775 2139 vestra
801 2084 896 2158 atque
917 2074 1057 2136 omnium
1079 2073 1195 2135 civium
1218 2071 1318 2134 salute
1339 2076 1473 2133 tueatur.
1514 2072 1555 2134 Et
1575 2074 1763 2157 quoniamae

410 2169 442 2231 iu
470 2169 530 2232 boc
560 2167 663 2241 officio
694 2169 832 2233 studium
861 2188 948 2232 meac
977 2167 1169 2231 defensionis
1199 2165 1238 2228 ab
1260 2164 1494 2228 accusatoribus
1515 2175 1611 2249 atque
1633 2169 1726 2232 etiam

410 2262 480 2344 ipsa
508 2263 665 2346 susceptio
694 2283 808 2327 causae
837 2261 1028 2346 reprehensa
1050 2265 1114 2333 est,
1142 2267 1310 2342 autequam
1331 2277 1390 2340 pro
1412 2259 1447 2320 L.
1468 2260 1599 2323 blureua
1622 2261 1727 2326 dicere

410 2356 559 2432 instituo,
586 2377 644 2440 pro
673 2377 722 2419 me
750 2359 821 2439 ipso
847 2376 948 2439 pauca
969 2354 1088 2427 dicam;
1119 2372 1183 2416 non
1206 2365 1270 2435 quo
1293 2351 1368 2414 mibi
1389 2353 1496 2435 potior
1515 2352 1577 2416 boc
1598 2354 1726 2438 quidem

409 2447 442 2510 iu
470 2454 612 2532 ternpore
640 2452 680 2514 sit
709 2450 803 2514 oflicii
833 2449 895 2513 mei
921 2469 1015 2533 quam
1040 2449 1175 2512 huiusce
1195 2445 1304 2509 salutis
1325 2445 1488 2521 defensio,
1521 2447 1577 2511 sed
1598 2458 1634 2512 ut
1655 2469 1726 2512 meo

409 2540 490 2605 lacto
513 2544 603 2608 vobis
624 2545 756 2627 probato
778 2547 897 2607 maiore
911 2543 1096 2607 auctoritate
1110 2542 1150 2604 ab
1167 2541 1261 2604 buius
1273 2539 1411 2615 bonore,
1432 2539 1516 2605 lama
1528 2541 1763 2627 fortunisquero

411 2636 557 2701 omuibus
579 2637 776 2702 inimicorum
798 2639 935 2720 impetus
956 2635 1140 2720 propulsare
1161 2634 1289 2718 possim.

456 2740 457 2743 ’
494 2732 533 2793 11.
556 2728 586 2793 3.
614 2734 654 2794 Et
674 2734 810 2816 primum
831 2733 872 2794 bi.
896 2732 1023 2804 Catoni,
1050 2731 1147 2793 vitam
1168 2728 1208 2791 ad
1229 2735 1344 2791 certam
1366 2730 1495 2793 rationis
1517 2752 1657 2797 normam
1679 2733 1727 2798 di·

410 2827 524 2909 rigaud
553 2834 586 2890 et
612 2826 851 2909 diligentissime
881 2824 1088 2909 perpendenti
1116 2832 1274 2887 momenta
1299 2818 1474 2887 officiorum
1497 2829 1656 2903 omnium,
1688 2828 1727 2892 de

412 2919 518 2984 officio
541 2941 611 2984 meo
634 2919 843 3003 respondebo.
886 2922 985 3002 Negat
1013 2917 1112 2981 brisse
1134 2926 1252 2981 rectum
1275 2916 1366 2992 Cato,
1389 2938 1439 2982 me
1461 2926 1492 2983 et
1512 2920 1674 2985 consulem
1696 2928 1728 2986 et

411 3014 489 3097 legis
510 3015 645 3077 ambitus
667 3013 800 3077 latorem
821 3022 852 3076 et
873 3022 936 3076 tam
959 3031 1068 3076 severe
1090 3021 1179 3095 gesto
1200 3010 1366 3075 consulatu
1388 3033 1513 3077 causam
1528 3016 1563 3077 L.
1577 3016 1764 3085 Murenaott
1880 3086 1883 3091 ,

410 3106 574 3187 attingere.
608 3107 705 3170 Cuius
726 3108 931 3191 reprehensio
955 3126 1003 3170 me
1021 3107 1224 3170 vehementer
1237 3113 1358 3181 movet,
1379 3126 1444 3170 uon
1458 3108 1562 3172 solum
1576 3116 1611 3173 ut
1624 3110 1726 3185 vobis,

410 3198 547 3273 iudices,
569 3201 683 3284 quibus
705 3203 841 3266 maxime
863 3201 981 3275 debeo,
1003 3220 1111 3264 verum
1134 3199 1227 3263 etiam
1249 3208 1285 3262 ut
1305 3200 1366 3283 ipsi
1389 3200 1514 3276 Catoni,
1541 3204 1726 3284 gravissimo

410 3300 506 3376 atque
527 3293 726 3378 integerrimo
748 3296 834 3370 viro,
855 3297 1006 3359 rationem
1027 3294 1102 3357 facti
1125 3295 1187 3357 mei
1208 3294 1348 3376 probem.
1383 3296 1409 3355 Α
1433 3314 1497 3379 quo
1519 3297 1662 3373 tandem,
1683 3299 1726 3362 bl.

412 3386 504 3461 Cato,
534 3396 581 3452 est
609 3389 742 3471 aequius
765 3390 925 3454 consulem
947 3387 1074 3452 defendi
1096 3408 1191 3471 quam
1213 3408 1232 3452 a
1253 3388 1406 3451 consulet
1436 3388 1516 3465 Quis
1537 3391 1615 3453 mibi
1636 3392 1669 3454 iu
1691 3412 1725 3456 re

411 3481 537 3562 publica
558 3488 661 3565 potest
677 3490 731 3545 aut
746 3484 840 3546 debet
860 3503 929 3546 esse
951 3481 1150 3545 coniunctior
1163 3501 1258 3565 quam
1280 3482 1324 3556 is,
1346 3481 1398 3544 cui
1418 3501 1469 3544 res
1489 3482 1616 3566 publica
1635 3504 1654 3548 a
1674 3502 1763 3550 moto

364 3586 366 3591 ’
410 3574 434 3654 i
454 3593 518 3636 una
538 3574 671 3637 traditur
691 3575 891 3650 sustinenda,
912 3576 1033 3658 maguis
1048 3575 1127 3639 meis
1141 3574 1302 3639 laboribus
1318 3582 1350 3638 et
1363 3576 1512 3658 periculis
1532 3582 1726 3643 sustentata?

410 3666 503 3742 Quod
524 3666 551 3731 si
573 3667 607 3730 in
628 3668 670 3731 iis
690 3670 785 3733 rebus
802 3668 1003 3753 repetendis,
1026 3688 1108 3752 quae
1123 3668 1261 3752 mancipi
1275 3676 1364 3742 sunt,
1385 3668 1413 3732 is
1427 3669 1604 3752 periculum
1617 3672 1725 3736 iudicii

410 3768 569 3843 praestare
590 3761 699 3837 debet,
722 3763 778 3846 qui
800 3783 835 3826 se
856 3783 941 3826 nexu
963 3762 1128 3845 obligarit,
1150 3761 1290 3846 proiecto
1313 3763 1407 3826 etiam
1428 3763 1545 3826 rectius
1558 3763 1593 3826 in
1607 3763 1725 3828 iudicio

410 3854 550 3918 consulis
571 3855 726 3939 designati
747 3857 775 3919 is
796 3856 995 3941 potissimum
1019 3852 1171 3940 [cousul],
1201 3855 1257 3940 qui
1278 3855 1440 3920 consulem
1460 3856 1648 3932 declaravit,
1669 3879 1726 3923 au·

475 4161 499 4212 t.
520 4162 594 4223 44444,
614 4164 672 4227 444444
692 4163 899 4227 magistratuique
917 4162 1076 4214 Lambinus:
1102 4163 1176 4213 444444
1194 4165 1254 4227 tides
1271 4163 1535 4227 magistratusque&
1560 4165 1621 4215 44444
1639 4167 1725 4232 mopi-

409 4237 547 4296 strotuious
561 4237 581 4286 E
593 4237 617 4287 44
628 4250 645 4285 v
656 4237 685 4286 0.
705 4236 795 4286 «conl.
806 4237 888 4288 Varro
905 4236 939 4288 de
958 4239 985 4288 b.
1004 4239 1032 4288 b.
1050 4238 1082 4298 V,
1101 4239 1125 4288 3.
1145 4239 1195 4300 [vi.
1215 4237 1240 4302 9.
1258 4238 1299 4288 87.
1317 4235 1415 4302 4444414]
1432 4240 1507 4289 Ennii
1522 4240 1617 4304 4444444.
1635 4253 1662 4305 p.
1680 4242 1721 4292 33.

411 4307 466 4360 Col.
488 4311 600 4360 Arntzen
623 4309 658 4361 ad
677 4311 738 4360 Ρ4444.
759 4313 850 4375 Panep.
868 4324 928 4376 pag.
947 4313 1021 4363 32⁴.»
1039 4313 1140 4361 0444444.
1159 4336 1186 4346 -
1211 4312 1236 4361 3.
1255 4312 1288 4360 ab
1303 4313 1393 4362 44444444
1408 4314 1445 4364 T:
1471 4312 1503 4363 4444
1523 4313 1609 4364 iisdem
1630 4316 1722 4376 Eilv,

410 4386 504 4434 obitis
522 4387 553 4435 G.
574 4412 602 4423 -
624 4385 648 4435 3.
667 4385 743 4446 4444444.
762 4387 816 4436 Gv.
832 4411 859 4421 -
878 4385 902 4437 4.
920 4386 1045 4437 uoluntate
1061 4387 1114 4435 Tv.
1130 4411 1155 4420 -
1175 4386 1200 4436 4.
1212 4388 1358 4437 conveniant
1374 4389 1428 4438 Tv.
1450 4414 1477 4426 -
1504 4389 1528 4440 6.
1546 4391 1646 4453 odiosa
1662 4391 1720 4442 4444.

411 4487 439 4497 -
465 4460 490 4511 8.
510 4460 622 4522 postulat
642 4472 695 4509 om.
715 4461 743 4510 G.
769 4486 795 4495 -
824 4462 863 4510 444.
881 4474 974 4526 rogare
993 4463 1025 4520 G;
1046 4464 1165 4523 repeton
1185 4461 1382 4514 Mommsenius.
1402 4488 1430 4499 -
1458 4464 1498 4513 tt.
1516 4465 1627 4514 4444444444
1644 4464 1673 4515 C.
1694 4491 1722 4501 -

409 4535 449 4585 43.
467 4535 532 4584 444444
548 4547 601 4584 om.
620 4535 648 4584 T.
669 4560 697 4570 -
714 4535 779 4597 44444]
796 4535 1010 4595 ciEGCTxv‚
1027 4535 1195 4585 siderali·
1214 4536 1254 4586 43.
1273 4538 1316 4598 qut
1332 4536 1451 4599 codices:
1470 4538 1620 4600 quonconi.
1633 4537 1663 4588 C.
1676 4539 1725 4588 Be·

409 4610 493 4661 necle
510 4610 537 4659 iu
553 4610 626 4659 44444.
647 4609 707 4659 tuit.
726 4624 752 4674 p.
767 4610 806 4660 43.
821 4637 849 4647 ·-
868 4610 908 4661 43.
926 4624 976 4659 non
992 4610 1058 4671 quod
1074 4608 1166 4660 lamb.
1182 4637 1209 4646 -
1227 4612 1269 4661 344.
1288 4610 1320 4660 ab
1336 4612 1435 4662 44444444
1451 4621 1486 4676 ψ.
1501 4639 1528 4648 -
1548 4613 1589 4663 34.
1606 4614 1724 4675 4444444444

409 4699 437 4744 χ.
458 4709 486 4720 -
503 4685 544 4735 344.
563 4683 670 4734 4444444444
685 4682 745 4747 lepis
761 4684 790 4734 E.
811 4712 838 4721 -
856 4685 978 4735 4444444444
994 4684 1019 4733 44
1036 4696 1072 4733 m.
1090 4696 1131 4748 pr.
1151 4709 1179 4720 -
1196 4684 1238 4735 34.
1256 4687 1478 4742 momen.-
1496 4686 1537 4736 33.
1556 4689 1722 4751 miscuisti.

410 4785 437 4794 -
457 4759 497 4809 344.
515 4772 554 4809 444
570 4771 623 4809 cm.
643 4757 706 4817 EC3
724 4771 763 4808 444
779 4763 802 4808 ot
818 4771 844 4809 v.
864 4784 890 4794 -
911 4759 951 4808 34.
970 4771 1022 4808 unc
1039 4758 1226 4820 Bonoso,
1244 4760 1259 4810 3
1277 4761 1364 4809 Pure:
1385 4773 1435 4808 44444
1451 4761 1510 4810 Par.
1528 4762 1552 4812 7.
1572 4766 1599 4813 et
1614 4763 1649 4824 03
1671 4777 1725 4814 444444

409 4832 460 4883 del.
479 4835 589 4882 censent
605 4833 666 4882 Eru.
685 4837 711 4883 et
728 4833 848 4894 Schiitz.;
867 4835 920 4883 4444
936 4835 1003 4885 coni.
1021 4832 1148 4892 Klotzius;
1168 4834 1293 4897 equidem
1310 4835 1443 4898 suspicor:
1461 4840 1560 4886 44444444.
1579 4837 1618 4889 Cl.
1631 4838 1664 4889 ad
1682 4852 1722 4890 or.

407 4919 456 4971 pro
472 4907 567 4957 Archia
584 4906 608 4970 5.
620 4906 644 4957 3.
660 4933 687 4944 -
706 4907 747 4958 33.
766 4909 792 4957 444
807 4909 845 4957 444
860 4909 922 4959 mei.
937 4934 964 4944 -
982 4909 1103 4970 4444444444
1119 4909 1201 4968 lxv.
1216 4935 1243 4946 -
1261 4908 1302 4960 33.
1321 4908 1430 4972 4444444444
1445 4907 1513 4959 debet
1527 4924 1553 4960 v.
1567 4937 1596 4949 -
1614 4912 1655 4964 34.
1667 4927 1725 4964 coa·

407 4981 513 5042 4444444444
530 4983 559 5031 G.
579 5006 607 5016 -
630 4981 715 5031 consul
733 4981 875 5033 delendum
899 4996 959 5033 esse
976 4984 1110 5048 perspexit
1126 4983 1270 5047 Madvigius
1287 4985 1312 5034 in
1329 4982 1439 5045 44444444.
1456 4984 1511 5033 orit.
1529 4986 1564 5035 cd
1578 4987 1676 5050 Disput.
1694 4989 1725 5038 ds

409 5058 438 5117 0.
455 5056 558 5106 ,44444444
578 5067 637 5118 pag.
656 5057 697 5106 440.
725 5057 807 5108 «Cum
830 5058 853 5105 44
871 5058 1023 5120 4444444444
1044 5057 1130 5107 consul
1145 5057 1254 5119 dicitur,
1277 5070 1329 5108 uon
1346 5055 1372 5106 id
1390 5056 1562 5119 significatur,
1586 5059 1722 5112 consulem

408 5134 514 5195 praeter
531 5132 635 5181 ceteros
652 5130 795 5181 detondere
813 5130 929 5191 debere,
947 5130 996 5180 sed
1011 5131 1076 5180 44444
1092 5130 1227 5182 consulem
1244 5134 1351 5196 praeter
1361 5128 1486 5192 alterum,
1504 5133 1576 5197 quod
1593 5128 1723 5200 ineptissi-

408 5217 483 5255 mum
500 5208 553 5265 est3
572 5217 659 5269 neque
677 5206 747 5256 enim
764 5207 914 5269 quaeritur,
932 5218 995 5256 unm
1012 5205 1056 5256 bic
1072 5204 1177 5267 consul,
1195 5204 1244 5256 sed
1260 5217 1324 5255 uum
1341 5204 1432 5256 consul
1448 5207 1563 5259 ambitus
1580 5221 1656 5260 reum
1673 5210 1723 5260 de·

408 5280 516 5331 tendere
533 5279 655 5333 debeat.»
