4367 6109
818 593 1343 682 cis.xt-x11.§§.2tt-3t.
1706 591 1769 661 aar

444 775 500 834 aut
522 776 585 833 tam
605 768 731 832 firmum
751 768 867 833 babuit
887 769 1097 852 praesidium,
1118 775 1155 831 ut
1175 774 1263 832 tutus
1284 772 1384 842 esset,
1406 771 1462 830 aut
1482 773 1546 829 um
1559 765 1620 829 fuit
1634 766 1770 841 abditus,

444 872 482 928 ut
501 865 637 928 laterett
672 864 751 939 Quis
773 863 949 945 navigavit,
972 864 1028 947 qui
1051 883 1116 926 uon
1139 883 1173 926 se
1189 867 1245 925 aut
1258 861 1369 924 mortis
1383 867 1439 924 aut
1453 861 1612 923 servitutis
1628 860 1770 944 periculo

446 959 671 1032 committeret,
693 978 764 1021 cum
786 965 842 1022 aut
861 956 966 1020 bieme
989 964 1043 1020 aut
1058 956 1175 1020 referto
1191 955 1386 1040 praedonum
1402 955 1479 1017 mari
1495 955 1680 1037 navigaret?
1701 954 1771 1017 lloc

446 1058 567 1116 tautum
588 1051 724 1126 bellum,
746 1059 811 1114 tam
825 1058 934 1133 turpe,
956 1059 1020 1112 tam
1035 1058 1140 1124 vetus,
1163 1058 1226 1112 tam
1243 1049 1305 1112 late
1320 1049 1457 1112 divisum
1472 1056 1569 1131 atque
1583 1049 1771 1131 dispersum,

448 1146 520 1228 quis
541 1165 694 1229 umquam
716 1145 922 1208 arbitraretur
943 1152 998 1207 aut
1027 1144 1066 1206 ab
1089 1143 1235 1206 omnibus
1257 1143 1501 1225 imperatoribus
1523 1161 1588 1205 uuo
1611 1162 1694 1206 anuo
1717 1149 1796 1206 autu

448 1239 595 1303 omnibus
617 1240 709 1303 annis
731 1238 770 1302 ab
792 1259 857 1303 uno
879 1239 1069 1320 imperatore
1091 1233 1205 1299 confici
1228 1239 1347 1317 posset
1384 1233 1436 1297 32.
1459 1236 1561 1311 Quam
1576 1235 1773 1318 provinciam

449 1333 595 1397 tenuistis
625 1352 644 1395 a
670 1332 885 1416 praedonibus
914 1332 1046 1394 liberam
1067 1349 1125 1413 per
1145 1329 1242 1391 hosce
1264 1333 1391 1394 annosi
1420 1329 1506 1412 quod
1529 1329 1662 1413 vectigal
1683 1329 1773 1393 vobis

449 1434 551 1490 tutum
583 1426 671 1490 tuitt
703 1447 798 1511 quem
827 1425 947 1489 socium
977 1423 1190 1486 defendistis?
1223 1421 1275 1484 cui
1304 1422 1462 1504 praesidio
1486 1422 1639 1486 classibus
1661 1424 1774 1487 restria

448 1520 578 1583 luistist
601 1540 697 1604 wem
719 1520 833 1583 multas
854 1517 1043 1581 existimatis
1064 1517 1186 1580 insulas
1208 1535 1278 1580 esse
1293 1516 1460 1579 desertast
1481 1537 1576 1599 quam
1591 1517 1705 1580 multas
1720 1524 1775 1581 aut

450 1620 536 1676 metu
557 1612 682 1676 relictas
703 1621 760 1676 aut
781 1632 800 1675 a
820 1610 1037 1696 praedonibus
1057 1618 1168 1693 captas
1189 1610 1284 1672 urbes
1306 1629 1376 1672 esse
1398 1610 1582 1674 sociorum?
1618 1613 1689 1674 llll.
1711 1612 1813 1676 Sedto

451 1704 528 1791 quid
557 1726 617 1789 eqo
647 1707 823 1791 longinqua
852 1708 1090 1770 commemoro?
1129 1704 1204 1767 Fuit
1228 1703 1290 1766 hoc
1320 1703 1497 1787 quondam,
1524 1702 1585 1767 luit
1612 1705 1775 1788 proprium

451 1799 563 1882 populi
584 1800 729 1875 Romani,
751 1800 845 1883 longe
867 1820 887 1864 a
909 1800 1005 1861 domo
1026 1797 1147 1861 bellare
1166 1804 1198 1861 et
1217 1795 1463 1881 propugnaculis
1476 1795 1603 1879 imperii
1619 1799 1777 1862 sociorum

449 1891 607 1965 ionuuus,
630 1912 695 1956 non
717 1913 775 1956 sua
797 1902 881 1957 tecta
902 1891 1082 1956 defendere.
1127 1891 1230 1954 Sociis
1251 1909 1312 1971 ego
1335 1889 1450 1953 nostris
1472 1908 1557 1953 mare
1576 1910 1635 1974 per
1647 1891 1707 1955 bos
1721 1911 1778 1955 au·

450 2005 510 2048 nos
537 1986 680 2050 clausum
707 1986 807 2051 fuisse
829 1986 950 2060 dicum,
978 2006 1050 2049 cum
1072 1985 1231 2048 exercitus
1251 1983 1349 2046 vestri
1370 2002 1547 2067 numquam
1567 2003 1586 2047 a
1608 1984 1778 2048 Brundisio

450 2079 512 2142 nisi
533 2078 639 2142 bieme
661 2099 786 2143 summa
808 2079 1063 2143 transmiserint?
1094 2078 1157 2153 Qui
1180 2078 1220 2140 ad
1241 2096 1298 2140 vos
1319 2076 1360 2138 ab
1381 2078 1500 2140 exteris
1521 2078 1704 2143 nationibus
1724 2092 1817 2144 se-ts

451 2171 572 2245 uirent,
595 2179 705 2255 captos
727 2192 859 2256 querar,
882 2192 953 2235 cum
974 2171 1069 2254 legati
1092 2170 1203 2254 populi
1218 2171 1353 2233 Itomani
1374 2170 1531 2255 redempti
1552 2172 1637 2235 sintt
1659 2175 1780 2237 bleren-

451 2266 574 2328 toribus
602 2272 705 2329 tutum
732 2286 818 2329 mare
841 2286 906 2329 nou
928 2265 1026 2328 luisse
1049 2263 1171 2339 dicam,
1200 2284 1271 2326 cum
1294 2262 1463 2327 duodecim
1485 2285 1613 2329 secures
1633 2266 1668 2329 iu
1688 2284 1781 2350 prse-

452 2358 571 2421 donum
599 2365 789 2441 potestatem
817 2357 1044 2443 pervenerint?
1086 2354 1139 2420 33.
1163 2356 1298 2420 Cnidum
1328 2365 1383 2420 aut
1405 2357 1625 2442 Colophonem
1647 2367 1704 2424 aut
1724 2361 1781 2424 Sa·

451 2471 555 2526 mum,
577 2452 790 2516 nobilissimas
810 2452 922 2526 urbes,
943 2451 1255 2534 innumerabilesque
1277 2451 1357 2514 alias
1379 2459 1488 2534 captas
1503 2472 1574 2517 esse
1589 2473 1781 2518 commemo·

452 2566 535 2620 rem,
561 2564 631 2610 cum
658 2553 783 2610 vestros
814 2554 926 2629 portus
956 2553 1052 2630 atque
1074 2565 1132 2608 eos
1152 2551 1280 2627 portus,
1310 2543 1427 2628 quibus
1449 2544 1546 2609 vitam
1574 2566 1612 2610 sc
1633 2547 1819 2630 spirltumto

452 2639 587 2714 ducitis,
615 2639 649 2702 in
679 2639 874 2724 praedonum
896 2639 993 2704 luisse
1014 2645 1172 2722 potestate
1194 2637 1327 2702 sciatis?
1360 2639 1410 2701 Au
1435 2660 1511 2704 vero
1533 2639 1685 2723 ignoratis
1705 2660 1782 2725 por·

452 2743 518 2797 tum
542 2733 670 2798 Caietae
691 2733 931 2798 celeberrimum
953 2753 990 2797 ac
1018 2732 1241 2816 plenissimum
1262 2733 1392 2796 nemum
1413 2734 1612 2817 inspectante
1633 2741 1781 2819 praetore

452 2847 471 2891 a
492 2827 705 2911 praedonibus
727 2846 797 2891 esse
819 2827 1002 2911 direptum?
1032 2827 1082 2889 lix
1096 2827 1218 2889 lliseuo
1240 2834 1346 2890 autem
1361 2827 1430 2890 eius
1452 2827 1553 2910 ipsius
1570 2827 1704 2904 liberos,
1726 2827 1782 2913 qui

453 2941 525 2983 cum
546 2919 761 3004 praedonibus
783 2928 878 2985 antee
891 2921 936 2984 ibi
950 2920 1070 2985 bellum
1085 2926 1244 3002 gesserat,
1265 2939 1285 2983 a
1299 2921 1516 3002 praedonibus
1531 2941 1602 2985 esse
1616 2922 1783 2986 sublatos?

453 3015 531 3076 Nem
563 3013 641 3097 quid
664 3032 723 3096 eqo
745 3012 894 3077 Ostiense
915 3012 1153 3078 incommodum
1174 3019 1272 3097 atque
1298 3014 1385 3078 illam
1406 3014 1510 3078 labem
1531 3020 1627 3098 atque
1648 3016 1823 3098 ignorabat

454 3107 539 3170 mam
567 3107 613 3171 rei
642 3106 790 3191 publicae
819 3127 950 3191 querar,
980 3128 1052 3170 cum
1079 3126 1180 3191 prope
1209 3106 1462 3189 inspectantibus
1483 3107 1574 3172 vobis
1601 3109 1713 3174 classis
1734 3130 1784 3186 ea,

455 3199 507 3262 cui
529 3199 642 3264 cousul
663 3199 775 3284 populi
796 3200 930 3264 Romani
952 3199 1153 3282 praepositus
1175 3207 1276 3274 esset,
1297 3220 1317 3264 a
1337 3201 1552 3283 praedonibus
1574 3210 1665 3286 capta
1686 3210 1783 3289 atque

456 3312 610 3377 oppressa
635 3297 710 3357 estt
742 3295 802 3358 Pro
824 3293 857 3355 di
879 3292 1093 3357 immortales!
1123 3301 1283 3358 tanhmne
1310 3296 1407 3359 unius
1427 3295 1567 3359 bominis
1587 3296 1783 3362 incredibilis

455 3406 492 3450 ac
514 3386 622 3450 diviua
643 3387 743 3451 virtus
765 3394 835 3451 tam
848 3387 938 3451 brevi
960 3388 1103 3471 tempore
1124 3386 1228 3451 lucem
1250 3389 1362 3452 atlerre
1376 3389 1424 3453 rei
1443 3388 1590 3472 publicae
1604 3389 1726 3472 potuit,
1746 3396 1783 3455 ut

455 3499 530 3554 vos,
552 3479 608 3562 qui
630 3479 727 3544 modo
741 3486 814 3543 aute
827 3481 945 3544 ostium
960 3481 1144 3545 Tiberinum
1158 3481 1291 3545 classem
1310 3481 1451 3554 hostium
1463 3481 1636 3557 ridebatis,
1658 3482 1682 3547 ii
1695 3499 1819 3550 nuncto

455 3572 574 3635 nullam
596 3571 678 3636 intra
700 3572 819 3637 Oceani
841 3575 957 3639 ostium
979 3575 1176 3658 praedonum
1196 3593 1309 3638 navem
1324 3593 1394 3638 esse
1409 3572 1569 3638 audiatis?
1602 3571 1654 3638 3t.
1675 3577 1782 3662 Atque

454 3665 535 3728 haec
564 3684 629 3748 qus
657 3665 816 3732 celeritate
837 3675 929 3750 gesta
952 3669 1031 3742 siut,
1057 3685 1250 3752 quemquam
1278 3667 1409 3743 ridetis,
1438 3674 1543 3732 tamm
1565 3687 1585 3732 a
1605 3689 1657 3734 ne
1677 3670 1713 3734 iu
1733 3671 1783 3735 di-

457 3758 560 3824 ceudo
582 3757 813 3842 praetereunda
833 3780 900 3824 uon
921 3768 1005 3826 suut.
1048 3760 1130 3837 Quis
1151 3760 1237 3824 enim
1257 3782 1409 3846 umquam
1430 3769 1485 3826 aut
1505 3761 1646 3829 obeundi
1660 3764 1781 3848 negotii

456 3858 511 3919 aut
532 3852 750 3939 consequendi
771 3861 925 3938 quaestus
944 3853 1054 3920 studio
1075 3861 1141 3919 tan
1159 3853 1250 3918 brevi
1270 3861 1413 3938 tempore
1433 3860 1482 3919 tot
1502 3854 1574 3920 locs
1586 3856 1692 3934 edire,
1712 3863 1782 3923 tu·

522 4094 547 4146 8.
564 4095 697 4158 owiaurct
713 4092 887 4149 uvrbut:
911 4095 1152 4160 mtqursturao.
1171 4121 1199 4132 -
1224 4094 1249 4146 6.
1265 4094 1427 4159 &operum
1443 4096 1504 4160 41η.
1520 4109 1627 4150 rumano
1642 4097 1732 4163 brt.
1751 4125 1779 4140 -·

458 4169 482 4221 i.
500 4170 604 4221 liberum
620 4168 717 4220 cmc.
736 4168 1068 4231 -psrtosmu-
1087 4170 1619 4234 t2.scctomm--!tstsssom.B.-t³.
1636 4178 1783 4241 epum

458 4243 523 4294 EV:
543 4243 691 4308 coetsissao
706 4241 877 4298 futtuo.
897 4271 926 4283 -
947 4258 1019 4296 murs
1037 4257 1086 4308 per
1104 4245 1148 4295 tos
1163 4245 1560 4310 commessationem
1575 4249 1641 4302 liv:
1662 4253 1781 4306 mci.

457 4317 1636 4385 wiermannus.ucmr3marsct.psrtcscscmcsetmpssenlttto.—
1655 4326 1784 4380 lbooetrt

459 4391 524 4442 ut:
549 4389 787 4446 memento.
807 4419 835 4432 -
860 4408 999 4458 uunquam
1019 4394 1099 4446 ullr.
1115 4393 1180 4446 BV:
1205 4407 1224 4444 u
1243 4395 1288 4445 ltr.
1308 4397 1555 4459 concamium
1581 4399 1627 4450 Br.
1644 4414 1784 4466 mquam

461 4463 604 4529 tumult.
624 4492 652 4502 -
676 4465 889 4520 brendesiovl.
908 4493 937 4506 ·-
964 4470 1296 4522 tltts'ssnemmulill:
1322 4472 1674 4529 mananseo.
1693 4477 1784 4540 -qst

460 4538 782 4592 uduosisCllVO:
809 4542 1786 4616 qutudsoscsmobll3qstdudooscsmoblllL2.-tb.tspctts

460 4614 519 4665 EV.
539 4637 567 4650 -
586 4614 627 4664 l'l.
645 4629 697 4666 nott
713 4628 766 4667 om.
785 4617 842 4667 ra.
862 4644 890 4654 -
909 4617 949 4669 48.
968 4618 1074 4671 Ouidio»
1089 4624 1136 4670 out
1151 4619 1781 4686 wchEV‚mg.e‚0:q1sacscttntt.-

461 4689 503 4740 49.
521 4689 769 4755 memorabilesque]
785 4690 997 4755 nobtltsstsncsque
1012 4693 1073 4744 EV.
1092 4718 1120 4730 -
1138 4692 1181 4744 20.
1197 4705 1256 4743 mm
1270 4695 1506 4747 cem-suaso
1520 4697 1551 4747 Α.
1564 4695 1661 4748 Gellius
1671 4701 1692 4751 1.
1704 4699 1730 4760 7,
1741 4700 1783 4752 tu.

464 4791 491 4800 -
509 4775 542 4813 uc
557 4762 664 4827 lilim),
690 4763 802 4816 Gelllus:
828 4770 852 4816 ct
866 4764 1011 4821 subto.
1031 4793 1059 4804 -
1080 4767 1123 4818 2⁴.
1138 4771 1258 4830 potestate
1275 4769 1352 4832 tlstsss
1366 4770 1404 4830 νς
1428 4770 1662 4834 mmmm
1677 4771 1784 4837 Gellius,

461 4839 547 4888 ALO.
567 4837 606 4889 Cl.
625 4836 649 4902 5.
668 4841 694 4891 t.
712 4865 741 4876 -
760 4839 956 4905 imbratbooeu
972 4842 1028 4892 FB.
1048 4867 1076 4877 -
1094 4842 1136 4892 22.
1154 4842 1233 4893 caieta
1248 4842 1284 4904 V;
1310 4845 1401 4895 catum
1416 4845 1446 4896 E.
1466 4870 1494 4882 -
1512 4846 1592 4897 act-2:
1609 4845 1686 4907 ctV3
1710 4853 1785 4912 utque

461 4908 606 4964 liutto.
624 4938 653 4949 -
671 4911 712 4965 at.
729 4918 858 4977 comt
872 4914 936 4973 EV;
953 4919 1081 4980 penem
1095 4917 1125 4968 B.
1143 4941 1172 4954 -
1190 4931 1209 4968 ο
1224 4918 1322 4969 omit.
1340 4944 1369 4956 —
1386 4919 1428 4970 ss.
1445 4919 1782 4984 mummulu-

462 4987 504 5037 28.
522 4987 647 5053 oppress]
670 4987 819 5050 opressa
835 4988 869 5050 c,
893 4988 965 5042 uude
987 4989 1090 5043 uodtus
1111 4993 1140 5043 ot
1156 4990 1308 5045 Gubdmm
1329 4994 1453 5058 capreas.
1473 5022 1501 5032 -
1520 5000 1623 5047 tuotone
1637 4993 1661 5047 a
1677 4998 1786 5061 praeter

464 5060 583 5112 Lambini
600 5061 721 5114 codicem
737 5062 949 5127 antiquissimum
966 5064 1045 5129 (wi).
1073 5092 1102 5103 -
1126 5066 1232 5118 Metuis
1249 5068 1325 5120 saka
1343 5067 1376 5133 D.
1401 5096 1429 5108 -
1454 5069 1496 5121 29.
1512 5071 1577 5134 reip.
1594 5072 1688 5135 amm
1702 5069 1735 5135 Β.
1755 5098 1783 5111 -

464 5135 506 5187 30.
523 5136 637 5203 bosttssn]
650 5138 809 5201 praedonum
824 5138 853 5190 Ι..
872 5165 900 5175 -
921 5139 942 5190 tt
958 5151 1011 5192 om.
1030 5137 1152 5203 utut.
1175 5141 1215 5193 ct.
1232 5140 1258 5206 8.
1276 5143 1317 5194 bb.
1340 5169 1368 5180 -
1393 5143 1435 5194 34.
1453 5143 1522 5194 m
1538 5143 1664 5196 θοοωιοι
1678 5145 1786 5197 Νη

463 5212 980 5341 ἓξοοειίοὰιψᾶηονὲοοοοοιωῆοοοοω.
997 5213 1041 5281 tl.)
1064 5242 1093 5255 -
1118 5215 1382 5284 masalmae-tr.
1401 5219 1783 5288 -csatsuqssseassu-
