4367 6109
704 589 774 653 ns.
795 587 851 653 m.
882 587 955 653 cn.
976 587 1184 653 xix-xx.
1212 583 1269 671 33.
1290 581 1439 649 sc-st.
1675 575 1733 648 sss

416 778 571 824 summam
601 756 805 822 decumarum
833 756 1027 834 addidisses,
1058 760 1141 821 bene
1169 757 1209 822 de
1230 777 1265 820 re
1286 756 1431 849 publiea,
1453 757 1534 820 bene
1556 753 1596 817 de
1617 752 1738 837 populo

415 853 557 917 Romano
578 853 710 916 meritus
730 851 882 916 viderere.
1133 926 1137 937 Ι

497 947 604 1030 Atque
625 944 758 1028 perinde
779 945 908 1029 loquor,
930 948 1021 1029 quasi
1042 947 1075 1008 in
1098 964 1136 1009 eo
1159 947 1202 1010 sit
1220 946 1372 1028 iniquitas
1387 945 1454 1009 eius
1469 941 1739 1029 reprehendenda,

416 1039 502 1125 quod
524 1047 653 1123 propter
673 1039 794 1122 gloriae
816 1039 1038 1122 cupiditatem,
1060 1048 1096 1103 ut
1117 1041 1243 1124 aliquos
1265 1060 1387 1103 summa
1400 1040 1552 1105 frumenti
1571 1037 1739 1103 decumani

415 1134 571 1208 vinceret,
593 1132 787 1197 acerbiorem
809 1132 929 1214 legem,
951 1133 1080 1197 duriora
1095 1132 1199 1196 edicta
1219 1134 1462 1216 interposuerit,
1486 1136 1627 1198 omnium
1646 1143 1765 1215 supe-t

415 1228 533 1292 riorum
554 1228 773 1292 auctoritatem
794 1226 977 1310 repudiarit.
1009 1225 1060 1291 49.
1083 1229 1250 1311 Magneta
1266 1227 1415 1290 decumas
1429 1228 1610 1292 vendidisti.
1633 1223 1741 1303 Quint

414 1323 442 1387 si
463 1321 565 1386 doceo
586 1331 617 1384 te
639 1340 704 1384 non
726 1322 832 1385 minus
854 1320 983 1384 domum
1005 1330 1091 1385 tuam
1113 1324 1266 1385 avertisse
1288 1340 1384 1405 quam
1400 1323 1531 1387 Romam
1545 1321 1670 1384 misisse
1687 1315 1743 1381 de·

414 1436 576 1482 cumarum
604 1416 748 1490 nomine,
781 1416 860 1498 quid
885 1416 981 1479 babet
1008 1415 1161 1499 populare
1194 1415 1296 1479 oratio
1319 1423 1390 1489 tua,
1423 1436 1494 1479 cum
1516 1435 1558 1478 ex
1578 1410 1743 1498 provincia

415 1509 527 1595 populi
547 1511 681 1573 Romani
705 1528 839 1593 aequam
861 1517 984 1593 partem
1006 1517 1041 1573 tu
1063 1510 1120 1574 tibi
1142 1509 1316 1592 sumpseris
1330 1528 1367 1571 ac
1387 1508 1509 1591 populo
1524 1509 1667 1571 Romano
1682 1505 1740 1570 mi·

415 1603 518 1667 seris?
562 1602 649 1678 Quid
678 1604 704 1668 si
732 1602 855 1666 duabus
884 1605 1027 1686 partibus
1056 1605 1155 1668 docco
1185 1611 1216 1666 te
1238 1601 1375 1684 amplius
1400 1601 1552 1666 frumenti
1573 1599 1778 1665 abstulissem

415 1716 511 1782 quam
532 1696 653 1780 populo
674 1698 817 1760 Romano
840 1698 981 1770 misisse,
1003 1704 1151 1760 tamenne
1173 1702 1321 1778 putamus
1343 1702 1514 1778 patronum
1529 1702 1619 1758 tuum
1632 1694 1666 1756 in
1679 1692 1741 1757 boc

414 1790 547 1854 crimine
568 1792 758 1855 cerviculam
780 1791 968 1854 iactaturum
991 1798 1023 1854 et
1043 1789 1165 1872 p'opulc
1188 1808 1222 1852 se
1244 1808 1281 1852 ac
1303 1808 1440 1852 coronae
1462 1789 1634 1853 daturum?
1655 1788 1742 1850 llaec

414 1903 471 1947 ros
493 1890 603 1959 antea,
632 1884 769 1958 iudices,
798 1883 945 1959 audistis,
972 1904 1082 1947 verum
1110 1882 1245 1946 fortasse
1277 1883 1321 1945 ita
1342 1883 1496 1957 audistis,
1525 1892 1561 1946 ut
1581 1889 1741 1947 auctorem

413 1997 572 2041 rumorem
594 1978 753 2042 haberetis
775 1997 1017 2061 sermonemque
1039 1978 1192 2040 omnium.
1236 1976 1425 2058 cognoscite
1450 1996 1536 2041 nunc
1563 1979 1743 2041 innumera·

413 2072 509 2136 bilem
540 2073 707 2155 pecuniam
735 2071 939 2134 frumcntario
963 2073 1092 2135 nomine
1115 2079 1275 2154 creptam,
1303 2077 1340 2134 ut
1372 2071 1466 2134 simul
1495 2070 1581 2135 illam
1611 2085 1780 2156 quoquest

414 2166 482 2228 eins
498 2185 608 2229 rocem
625 2164 800 2248 improbam
823 2165 1021 2245 agnoscatis,
1044 2166 1101 2248 qni
1125 2185 1159 2228 se
1181 2173 1402 2249 unoquaestu
1418 2166 1623 2229 decumarum
1638 2166 1744 2229 omnia

414 2279 473 2324 sua
501 2259 642 2344 pericula
670 2258 908 2341 redempturum
938 2277 1008 2321 esse
1040 2258 1174 2321 dicebat.
1218 2259 1290 2322 XX.
1311 2256 1364 2321 50.
1385 2259 1571 2323 Audivimus
1596 2257 1658 2323 boc
1679 2260 1742 2321 iam

414 2357 486 2431 diu,
506 2355 644 2419 iudices:
666 2374 747 2436 nego
772 2372 965 2437 quemquam
988 2372 1057 2415 esse
1079 2359 1237 2428 vestrum,
1264 2354 1341 2436 quin
1364 2371 1459 2436 saepe
1481 2353 1619 2419 audierit
1639 2354 1743 2417 socios

414 2448 507 2511 istius
528 2447 628 2513 fuisse
650 2449 854 2513 decumanos.
887 2446 973 2511 Nihil
996 2447 1083 2510 aliud
1106 2447 1241 2510 arbitror
1261 2445 1342 2509 salso
1364 2447 1398 2509 iu
1419 2446 1516 2510 istum
1539 2466 1609 2512 esse
1624 2447 1743 2511 dictum

413 2542 454 2605 ab
475 2542 530 2617 iis,
554 2543 609 2625 qui
633 2543 715 2606 male
737 2544 776 2605 de
798 2543 860 2604 isto
883 2539 1110 2615 existimarint,
1132 2542 1193 2604 nisi
1214 2539 1287 2603 hcc.
1317 2542 1396 2604 Nam
1419 2541 1498 2605 socii
1512 2541 1646 2624 putandi
1660 2549 1780 2614 suntao

414 2656 495 2720 quos
517 2637 600 2699 inter
621 2656 672 2700 res
695 2635 927 2700 communicata
949 2643 1006 2697 cst.
1039 2635 1107 2717 Ego
1130 2654 1197 2697 rem
1211 2641 1310 2697 totam
1323 2635 1534 2718 fortunasque
1550 2654 1659 2699 omnes
1674 2654 1744 2699 ara·

414 2738 518 2793 torum
540 2729 631 2793 istius
653 2729 751 2794 fuisse
774 2729 866 2792 dico:
887 2729 1064 2811 Apronium
1078 2728 1298 2811 Veneriosque
1320 2748 1447 2804 servos,
1471 2729 1557 2813 quod
1572 2730 1634 2793 isto
1652 2747 1744 2813 prae·

414 2828 483 2884 tore
503 2821 566 2885 fuit
586 2843 705 2887 novum
720 2844 821 2907 genus
835 2824 1093 2906 publicanorum,
1113 2827 1299 2906 ceterosque
1314 2822 1507 2887 decumanos
1522 2830 1744 2907 procuratores

413 2915 505 2979 istius
528 2925 679 3000 quaestus
701 2925 733 2981 et
754 2918 956 2981 administros
971 2915 1153 3000 rapinarum
1167 2914 1267 2980 luisse
1284 2916 1367 2980 dico.
1410 2913 1461 2981 54.
1486 2918 1558 2996 Quo
1573 2917 1668 2982 modo
1681 2917 1743 2982 boo

414 3010 534 3074 docest
556 3043 598 3059 -
630 3011 702 3088 Quo
729 3012 825 3076 modo
854 3032 894 3075 ex
923 3011 1080 3076 locatione
1110 3009 1164 3073 illa
1190 3009 1408 3075 columnarum
1432 3010 1525 3076 docui
1554 3014 1651 3076 istum
1672 2998 1781 3076 es'scss

412 3103 620 3188 praedatumr
644 3107 775 3190 opinor,
798 3127 838 3169 ex
861 3125 899 3169 eo
922 3107 1072 3179 maxime,
1097 3103 1183 3187 quod
1205 3104 1348 3187 iniquam
1369 3104 1472 3188 legem
1494 3125 1675 3189 novamque
1695 3105 1744 3169 di-

413 3200 522 3262 xisset
566 3199 645 3274 Quis
678 3202 762 3263 enim
794 3220 945 3284 umquam
973 3207 1105 3262 conatus
1139 3205 1188 3261 est
1208 3197 1280 3260 iura
1301 3200 1408 3262 omnia
1429 3207 1461 3262 et
1482 3199 1744 3264 consuetudinem

415 3294 556 3357 omnium
578 3302 772 3357 commutare
794 3313 866 3356 cum
887 3293 1118 3375 vituperatione
1141 3293 1209 3355 sine
1231 3295 1389 3373 quaestor
1425 3294 1555 3375 Pergam
1577 3301 1673 3377 atque
1694 3294 1744 3356 in·

414 3406 530 3471 sequar
552 3386 686 3469 longius.
730 3389 843 3471 Iniqua
864 3388 936 3469 lege
957 3386 1133 3459 vendebas,
1162 3405 1226 3468 quo
1249 3385 1349 3468 pluris
1370 3385 1533 3449 venderes.
1571 3387 1635 3450 Cur
1655 3387 1744 3451 addi·

414 3483 472 3544 ctis
499 3482 562 3543 iam
593 3488 624 3544 et
651 3483 787 3544 venditis
812 3481 974 3554 decumis,
1004 3499 1076 3542 cnm
1098 3480 1161 3541 iam
1183 3479 1224 3541 ad
1246 3498 1399 3541 summam
1422 3480 1626 3544 decumarum
1647 3481 1782 3557 nibil,cc

413 3575 454 3639 ad
483 3582 572 3638 tuum
601 3583 768 3658 quaestum
799 3574 931 3637 multum
953 3580 1062 3657 posset
1086 3573 1257 3647 accedere,
1290 3571 1394 3637 subito
1417 3582 1514 3656 atque
1537 3594 1578 3637 ex
1599 3583 1742 3657 tempore

414 3687 497 3731 nora
519 3668 730 3731 nascebantur
751 3668 879 3731 edicta?
914 3669 993 3730 Nam
1021 3674 1057 3728 ut
1077 3667 1292 3730 vadimonium
1315 3667 1507 3742 decumano,
1538 3687 1743 3752 quocumque

415 3763 443 3826 is
464 3761 579 3837 vellet,
600 3762 851 3845 promitteretur,
873 3769 909 3824 ut
931 3781 972 3823 ex
986 3779 1076 3833 area,
1098 3762 1159 3823 nisi
1175 3768 1285 3842 pactus
1300 3768 1402 3835 esset,
1424 3768 1530 3824 arator
1544 3779 1585 3824 ne
1600 3760 1742 3834 tolleret,

414 3863 451 3920 ut
472 3864 545 3920 ante
566 3856 725 3919 Kalendas
748 3856 883 3918 Sextiles
906 3855 1053 3918 decumas
1076 3853 1256 3937 deportatus
1278 3855 1426 3928 baberet,
1450 3856 1530 3918 baec
1552 3856 1658 3918 omnia
1680 3854 1742 3916 iam

414 3951 550 4014 venditis
572 3939 713 4012 decumis
735 3968 818 4011 anno
840 3949 933 4011 tertio
955 3956 987 4011 te
1010 3947 1148 4012 edixisse
1171 3948 1259 4011 dico:
1282 3968 1366 4032 quae
1384 3949 1470 4012 sirei
1485 3948 1632 4032 publicae
1647 3968 1781 4018 caussas

479 4173 503 4223 4.
521 4172 579 4222 bace
595 4171 625 4220 ds
639 4169 767 4234 republica
782 4170 851 4233 4344
863 4184 901 4232 φε
921 4183 974 4221 om.
993 4169 1049 4220 rell.
1064 4171 1093 4221 0.
1109 4198 1136 4208 -
1156 4170 1179 4221 3.
1199 4176 1274 4232 aque
1290 4169 1359 4234 4344
1370 4184 1410 4231 φτ
1429 4176 1505 4232 etqua
1520 4171 1580 4222 baec
1595 4168 1653 4221 rell.
1668 4172 1697 4222 0.
1712 4195 1740 4209 -

413 4249 440 4298 in
455 4247 493 4312 so]
508 4249 582 4297 modo
599 4246 676 4310 4344.
698 4274 725 4282 -
743 4247 948 4308 reprehendenda
964 4248 1032 4310 4349
1043 4248 1072 4297 B.
1093 4272 1121 4283 -
1143 4245 1167 4299 4.
1185 4247 1262 4309 lcum.
1282 4247 1333 4298 dec.
1352 4246 1421 4310 4349
1431 4245 1463 4297 44
1475 4249 1497 4298 Α
1508 4259 1548 4309 φῖ
1571 4245 1607 4309 tr.
1624 4246 1744 4297 decom

412 4337 470 4374 rum
482 4324 515 4382 B:
534 4324 696 4373 dxsamrcm
712 4321 760 4371 dtt.
774 4322 802 4372 0.
819 4349 846 4358 -
864 4323 889 4372 c.
908 4323 1000 4386 thtbm
1014 4322 1091 4386 4344.
1107 4350 1134 4359 -
1153 4323 1300 4384 totcrpcsstt
1311 4323 1505 4384 --rspodtcrct
1516 4319 1594 4384 4344.
1609 4347 1637 4358 -
1656 4321 1681 4371 7.
1692 4334 1745 4371 sos

412 4399 495 4447 antam
510 4403 533 4446 tc
544 4396 591 4447 dtt.
607 4424 634 4434 -
653 4398 681 4446 a.
693 4397 766 4446 icisse
782 4395 859 4459 4344.
874 4423 901 4433 -
920 4397 945 4448 8.
963 4400 1045 4448 oratic
1058 4397 1140 4462 4344ε
1158 4399 1225 4448 ratic
1237 4396 1293 4449 rell.
1307 4399 1335 4449 0.
1352 4425 1379 4434 -
1398 4399 1423 4448 9.
1443 4413 1475 4449 cc
1486 4397 1572 4462 4344;
1591 4402 1667 4460 atquc
1682 4395 1740 4448 rell.

414 4473 443 4523 0.
463 4498 490 4509 -
510 4473 550 4522 40.
570 4473 629 4534 quid
645 4472 820 4521 st-·mtsissc
837 4474 912 4524 sms.
931 4474 964 4523 bl.
983 4487 1010 4538 p.
1023 4475 1079 4524 444.
1101 4500 1129 4509 -
1148 4473 1188 4523 44.
1207 4479 1230 4523 ct
1243 4486 1303 4535 pop.
1321 4486 1347 4523 sc
1362 4487 1394 4523 ac
1410 4487 1495 4524 coron.
1513 4488 1536 4536 φ
1554 4477 1581 4524 et
1597 4474 1636 4524 sic
1652 4474 1689 4522 st.
1707 4471 1743 4522 de

413 4548 497 4598 cont:
521 4560 553 4597 cc
566 4561 625 4611 pop.
645 4559 676 4596 ac
692 4559 744 4597 cor.
762 4559 788 4596 sc
804 4547 825 4596 N
834 4561 840 4606 ;
864 4560 895 4596 cc
908 4547 1016 4609 populas
1032 4562 1063 4598 cc
1079 4560 1169 4598 corone
1187 4548 1252 4611 (sinc
1269 4548 1304 4611 sc)
1324 4547 1406 4612 4344ς
1430 4555 1454 4599 et
1467 4549 1561 4612 popsdo
1577 4561 1602 4598 sc
1618 4548 1653 4596 cd
1667 4560 1744 4598 coro-

413 4635 473 4672 nam
489 4619 545 4672 rell.
573 4621 611 4672 Cl.
630 4623 724 4672 Donat.
743 4621 778 4672 ad
800 4622 859 4671 Ter.
877 4620 990 4685 Adelph.
1009 4624 1039 4673 v.
1058 4622 1082 4684 3,
1100 4624 1142 4673 44.
1160 4624 1188 4673 et
1204 4636 1283 4686 supra
1301 4622 1335 4673 ad
1352 4623 1377 4687 5.
1396 4623 1420 4674 6.
1449 4622 1635 4687 [scribendum
1652 4625 1694 4672 est
1710 4634 1744 4672 ex

412 4697 529 4760 vestigiis
546 4697 607 4759 Lag.
621 4695 667 4747 tt:
686 4709 718 4746 cc
730 4695 820 4758 populi
836 4709 861 4746 cc
877 4709 984 4747 coronae
998 4697 1126 4747 dolenen.
1145 4697 1280 4762 444414]-
1299 4697 1339 4748 44.
1359 4703 1417 4749 ante
1433 4699 1452 4749 Β
1470 4702 1498 4749 et
1507 4698 1585 4762 4349.
1600 4722 1627 4734 -
1648 4695 1688 4749 44.
1700 4709 1745 4746 ns·

412 4786 512 4823 monem
528 4771 605 4836 4344.
627 4800 653 4808 -
678 4772 805 4824 boninum
822 4771 864 4822 ed.
883 4774 943 4823 Asc.
963 4773 1035 4823 4444.
1062 4797 1088 4810 -
1117 4774 1157 4825 tl.
1177 4773 1318 4823 cudtotmus
1334 4772 1403 4837 4344
1421 4771 1472 4824 al.:
1499 4774 1616 4823 audiam
1631 4775 1659 4824 4.
1679 4773 1744 4825 4464

414 4850 475 4912 (non
494 4847 565 4909 4584]
583 4846 645 4898 Poll.
660 4847 689 4897 0.
709 4873 736 4882 —
756 4847 796 4897 t8.
815 4847 857 4909 qui
874 4859 946 4909 scopa
962 4848 1040 4911 Lagg.
1059 4850 1167 4912 praeter
1183 4848 1224 4899 49.
1238 4873 1267 4885 -
1286 4849 1326 4898 to.
1343 4849 1407 4912 tetro
1423 4849 1451 4898 in
1466 4849 1542 4899 irtaco
1560 4849 1629 4912 4349
1641 4848 1672 4900 44
1690 4848 1744 4913 (blo

370 4914 381 4937 ⁶
412 4925 504 4988 fabren
520 4923 554 4974 cl.
573 4924 607 4974 od
625 4925 654 4974 11.
674 4922 698 4987 5.
717 4921 769 4983 66.)
785 4924 850 4974 AB:
876 4923 902 4971 in
927 4923 1001 4973 ctam
1020 4922 1085 4984 sctso
1108 4923 1155 4973 dtt.
1175 4923 1203 4973 0.
1229 4947 1257 4959 -·
1279 4924 1321 4974 40.
1339 4924 1517 4975 aestimarant
1533 4923 1602 4986 4344
1616 4921 1648 4974 ts
1660 4923 1691 4973 ll.
1712 4949 1740 4960 -

412 5002 453 5051 44.
470 5000 586 5062 fortunas
603 4998 681 5061 4344.
700 4997 802 5062 [Recte.
819 5001 849 5048 ut
865 4998 978 5049 videtur.
997 4998 1036 5048 ct.
1052 4997 1086 5047 ad
1103 4998 1134 5048 lt.
1152 4997 1177 5061 s.
1189 4999 1230 5049 34.
1249 4999 1340 5064 lisam]
1358 5028 1385 5038 -
1404 5015 1487 5051 comm
1502 5006 1636 5051 aratam
1653 4998 1739 5062 ugit:

413 5081 545 5126 cratomsm
562 5087 645 5125 omncs
655 5071 711 5124 rell.
724 5074 752 5124 0.
768 5100 795 5109 -
814 5072 855 5124 44.
869 5073 1028 5123 administros
1044 5071 1112 5135 4344
1123 5073 1192 5133 Nm:
1210 5075 1337 5125 ministros
1348 5073 1404 5125 rell.
1420 5103 1447 5114 -
1466 5077 1542 5138 {bam
1557 5076 1612 5125 dtcc
1623 5073 1691 5138 4344
1702 5087 1742 5134 φτ

413 5152 467 5201 dieo
481 5150 558 5213 (absc
574 5148 630 5200 rell.
651 5175 678 5184 -
700 5150 741 5200 45.
760 5161 810 5199 csse
826 5161 881 5200 om.
900 5149 1035 5212 4349444.
1050 5173 1076 5184 -
1097 5147 1138 5197 46.
1157 5161 1190 5197 ccc
1205 5150 1252 5200 tato
1270 5150 1346 5213 4349.
1362 5176 1389 5186 -
1407 5150 1449 5200 49.
1467 5149 1573 5200 &dictis
1588 5149 1641 5200 tam
1661 5147 1742 5212 nats:

412 5222 465 5274 iam
481 5225 540 5275 cdd.
559 5223 615 5275 rell.
633 5226 661 5276 0.
676 5252 702 5260 -
722 5223 763 5276 sl.
780 5229 809 5275 ut
824 5229 883 5275 cata
898 5223 966 5288 4344
979 5225 1015 5274 N:
1034 5235 1088 5273 om.
1106 5222 1170 5288 433.
1188 5223 1245 5275 rell.
1265 5226 1294 5276 C.
1313 5225 1345 5275 ll.
1369 5226 1398 5275 ln
1415 5226 1465 5275 ΑΒ
1482 5229 1510 5274 ut
1526 5237 1579 5275 om.
1599 5249 1628 5261 -
1646 5222 1746 5277 lasso

412 5296 497 5363 ursa:
515 5297 632 5351 locem
647 5297 704 5351 rell.
723 5300 752 5351 0.
773 5327 800 5337 -
819 5300 875 5351 tam
889 5300 961 5351 ccad.
979 5300 1041 5368 433.
1059 5308 1170 5362 omum,
1187 5299 1237 5353 Ab
1247 5299 1281 5353 G:
1300 5300 1372 5354 mod.
1390 5299 1443 5350 taos
1457 5299 1487 5355 1..
