4367 6109
476 557 539 624 480
881 561 1031 627 ORATIO
1053 562 1132 627 alto
1153 563 1191 628 A.
1214 563 1386 631 CAECINA

475 728 500 783 a
517 748 543 768 =
559 732 669 783 Codices
686 742 788 780 omnes.

476 816 497 865 11
515 827 541 846 =
558 804 658 870 Reliqui
676 804 781 855 codices
798 805 905 868 praeter
922 819 982 866 eos,
1004 819 1071 870 quos
1088 806 1181 870 quovis
1198 805 1257 860 loco
1275 811 1498 862 enumeravimus.

475 891 495 940 Α
515 907 540 926 =
558 882 641 933 Editio
658 881 819 930 Ascensiana
836 882 921 945 prima
938 895 963 931 a.
982 881 1055 932 4544.

475 963 494 1012 4,
513 982 538 1000 =
555 957 639 1008 Editio
657 954 825 1005 Lambiniana
843 969 867 1005 a.
887 956 961 1006 4566.

473 1034 492 1089 2
513 1051 538 1070 =
556 1030 683 1095 RepetitIo
700 1030 869 1082 Lambiniaua
886 1046 910 1081 a.
931 1030 1003 1082 4584.

473 1109 537 1162 09
555 1105 638 1156 Editio
657 1102 783 1155 Orelliana
804 1106 877 1170 prior
893 1118 917 1155 a.
937 1105 1009 1155 ⁴826.

473 1183 531 1232 Gar.
550 1182 575 1232 4.
594 1196 619 1214 =
638 1180 724 1230 Curae
741 1180 874 1231 secundae
892 1182 970 1244 Gasp.
989 1181 1119 1231 Garatonii
1137 1181 1260 1235 ineditae.

538 1267 670 1327 integram
686 1263 841 1314 varietatem
858 1262 964 1314 exhibui
987 1263 1109 1314 codicum
1130 1266 1218 1327 PET,
1241 1266 1384 1318 editionum
1401 1268 1515 1322 Atto.
1546 1275 1567 1322 A
1585 1271 1711 1323 codicum
1730 1270 1802 1323 Oro·

472 1339 603 1391 niensium
619 1339 766 1400 mentione,
785 1339 882 1403 quippe
900 1339 945 1403 qui
963 1339 1050 1390 minus
1068 1338 1206 1403 diligenter
1222 1343 1328 1393 excussi
1344 1345 1419 1406 suut,
1437 1344 1555 1398 consulto
1573 1346 1699 1399 abstinui.

555 1556 579 1617 1.
603 1550 631 1617 4.
655 1554 706 1629 Si,
729 1560 880 1637 quantum
902 1553 935 1615 iu
957 1574 1031 1638 agro
1053 1556 1197 1640 locisque
1220 1559 1351 1622 desertis
1373 1560 1504 1625 audacia
1526 1569 1645 1646 potest,
1667 1572 1794 1629 tantum

470 1649 504 1713 in
525 1649 595 1712 foro
617 1654 713 1729 atque
735 1648 768 1710 iu
789 1646 915 1710 iudiciis
937 1647 1129 1731 impudentia
1150 1651 1284 1726 valeret,
1314 1672 1378 1715 non
1406 1654 1511 1718 minus
1533 1676 1616 1720 nunc
1638 1659 1672 1720 in
1696 1679 1797 1722 causa

470 1745 597 1808 cederet
617 1744 653 1804 A.
677 1741 810 1804 Caecina
833 1740 904 1802 Sex.
926 1741 1052 1804 Aebutii
1075 1743 1305 1825 impudentiae,
1329 1766 1423 1827 quam
1445 1755 1511 1811 tum
1533 1749 1567 1811 in
1588 1752 1618 1814 vi
1640 1751 1796 1815 faciunda

469 1838 564 1901 cessit
591 1835 752 1899 audaciae.
791 1836 908 1899 Verum
937 1841 969 1896 et
995 1835 1073 1897 illud
1096 1836 1287 1902 considerati
1308 1839 1446 1904 bominis
1468 1861 1537 1905 esse
1559 1847 1698 1926 putavit,
1728 1866 1796 1929 qua

445 1934 509 1997 ada
531 1955 565 1997 re
587 1933 653 1995 iure
676 1930 843 2013 disceptari
865 1935 1038 2012 oporteret,
1060 1930 1155 1993 armis
1176 1950 1242 1993 non
1257 1932 1458 2009 contendere,
1480 1943 1513 1998 et
1532 1935 1592 2000 boc
1607 1940 1794 2013 constantis,

469 2029 596 2110 quicum
628 2025 660 2088 vi
692 2032 725 2088 et
750 2023 844 2086 armis
873 2030 991 2086 certare
1019 2021 1189 2097 noluisset,
1224 2045 1296 2088 eum
1324 2026 1391 2089 iure
1420 2027 1601 2112 iudicioque
1629 2053 1793 2116 superare.

468 2118 498 2183 2.
520 2123 565 2184 Ac
586 2119 663 2182 mihi
685 2117 812 2201 quidem
834 2138 905 2180 cum
926 2116 1031 2179 audax
1052 2117 1220 2199 praecipue
1241 2117 1341 2183 luisse
1360 2119 1482 2183 videtur
1496 2123 1647 2187 Aebutius
1662 2126 1696 2188 iu
1713 2146 1794 2189 cou-

467 2214 617 2279 vocandis
639 2211 818 2275 hominibus
841 2218 874 2274 et
894 2209 1068 2284 armandis,
1097 2218 1163 2273 tum
1192 2211 1359 2294 impudens
1381 2214 1414 2276 in
1435 2215 1567 2291 iudicio,
1596 2238 1660 2281 non
1683 2217 1792 2281 solum

467 2309 555 2392 quod
576 2311 609 2372 iu
632 2305 783 2370 iudicium
805 2305 912 2368 venire
933 2323 1030 2367 ausus
1052 2310 1101 2367 est
1114 2335 1155 2350 -
1176 2325 1250 2369 nam
1270 2306 1303 2368 id
1326 2306 1474 2389 quidem,
1497 2311 1620 2373 tametsi
1642 2311 1792 2394 improbe

430 2404 503 2466 sciit
523 2404 557 2465 in
579 2409 685 2486 aperta
706 2420 757 2476 re,
779 2409 883 2463 minen
906 2399 1024 2462 malitia
1046 2406 1097 2461 est
1118 2399 1179 2461 iarn
1202 2401 1351 2462 usitatum
1373 2434 1431 2476 -,
1454 2401 1511 2465 sed
1533 2403 1617 2486 quod
1640 2425 1707 2468 non
1730 2405 1793 2468 du·

464 2499 577 2562 bitavit
597 2496 630 2558 id
651 2496 771 2578 ipsum,
794 2495 878 2578 quod
900 2493 1057 2576 arguitur,
1079 2493 1240 2567 confiteri,
1262 2493 1323 2556 nisi
1344 2493 1426 2558 forte
1440 2494 1500 2557 hoc
1514 2497 1644 2561 rationis
1658 2497 1792 2561 habuit:

466 2592 632 2675 quoniam,
661 2589 687 2652 si
716 2588 798 2651 iacta
818 2589 866 2650 vis
888 2595 974 2651 esset
994 2586 1148 2660 moribus,
1176 2587 1373 2669 superioria
1395 2585 1597 2671 possessione
1618 2592 1792 2656 retinenda

464 2705 530 2748 non
552 2684 680 2758 fuisset,
703 2682 777 2765 quia
800 2688 910 2744 contra
931 2682 981 2742 ius
996 2700 1180 2763 moremque
1201 2679 1284 2743 iacta
1305 2682 1363 2755 sit,
1385 2683 1421 2743 A.
1438 2681 1603 2745 Caecinam
1620 2703 1692 2747 eum
1708 2685 1792 2748 ami·

465 2781 510 2842 cis
532 2785 616 2842 metu
640 2776 838 2859 perterritum
861 2773 1057 2857 profugisse:
1079 2793 1165 2836 nunc
1180 2794 1307 2857 quoque
1329 2775 1361 2836 in
1384 2774 1520 2848 iudicio,
1543 2777 1571 2838 si
1586 2795 1680 2839 causa
1694 2797 1789 2840 more

427 2873 670 2955 iiinstitutoque
693 2869 833 2933 omnium
856 2866 1056 2941 defendatur,
1085 2886 1142 2930 nos
1168 2867 1333 2930 interiores
1355 2869 1388 2931 in
1410 2868 1533 2950 agendo
1555 2887 1620 2931 non
1640 2869 1789 2946 futuros,

463 2969 513 3031 siu
535 2987 554 3030 a
575 2963 800 3029 consuetudine
821 2962 1003 3035 recedatur,
1025 2981 1075 3035 se,
1097 2980 1161 3043 quo
1184 2961 1398 3043 impudentius
1421 2961 1536 3043 egerit,
1557 2961 1619 3025 hoc
1640 2967 1790 3047 superio-

462 3082 528 3125 rem
550 3059 771 3122 discessurum.
802 3054 899 3130 Quasi
913 3074 988 3117 vero
1009 3061 1064 3116 aut
1077 3053 1162 3116 idem
1177 3055 1276 3136 possit
1290 3055 1323 3116 iu
1338 3053 1458 3118 iudicio
1473 3054 1672 3137 improbitas,
1696 3058 1788 3140 quod

461 3157 496 3219 in
525 3157 557 3220 vi
585 3148 791 3224 confidentia,
823 3155 878 3210 aut
906 3166 965 3209 nos
992 3166 1057 3209 non
1086 3166 1124 3210 eo
1153 3146 1303 3211 libentius
1324 3156 1392 3211 tum
1412 3147 1562 3212 audaciae
1584 3152 1787 3227 cesserimus,

463 3271 528 3335 quo
550 3268 634 3310 nuno
656 3242 870 3327 impudentiae
888 3240 1012 3303 facilius
1027 3241 1260 3304 obsisteremus.
1293 3238 1323 3303 3.
1338 3243 1449 3324 Itaque
1463 3242 1557 3325 longe
1572 3242 1788 3320 alienatione,

423 3346 715 3426 sorecuperatores,
744 3336 784 3399 ad
806 3335 960 3416 agendam
981 3331 1188 3398 causam'hac
1208 3334 1332 3398 actione
1354 3335 1447 3398 venio
1478 3341 1575 3419 atque
1608 3337 1700 3400 initio
1727 3359 1787 3401 ve·

460 3457 578 3502 ueram.
613 3435 693 3495 Tum
721 3430 805 3492 enim
832 3433 958 3490 nostrae
988 3447 1101 3491 causae
1130 3448 1201 3512 spes
1224 3437 1291 3492 erat
1317 3429 1419 3512 posita
1440 3430 1473 3492 in
1495 3429 1679 3494 defensione
1700 3452 1784 3507 mea,

459 3551 543 3596 uunc
571 3530 604 3592 in
633 3522 830 3589 confessione
860 3521 1047 3595 adversarii,
1075 3530 1142 3584 tum
1170 3523 1202 3584 in
1231 3523 1361 3597 noslds,
1391 3543 1476 3586 nunc
1498 3544 1572 3588 vero
1598 3525 1632 3586 in
1653 3523 1783 3589 illorum

458 3625 605 3689 testibus:
636 3619 675 3683 de
698 3617 814 3701 quibus
836 3633 895 3697 ego
917 3621 1009 3678 antea
1030 3613 1227 3691 laborabam,
1256 3636 1317 3694 ne,
1346 3616 1372 3679 si
1397 3615 1533 3699 improbi
1556 3623 1680 3692 essent,
1706 3618 1783 3682 falsi

522 3849 546 3897 t.
568 3845 596 3895 Si
618 3837 872 3906 qamcom--cadt
894 3837 1018 3888 andaciae
1039 3837 1211 3899 Quintilianus
1231 3839 1274 3888 lx.
1292 3837 1323 3898 8,
1341 3838 1392 3899 80.,
1414 3836 1507 3903 Aquila
1527 3840 1659 3890 Romanus
1682 3841 1706 3905 5.
1725 3842 1780 3901 48..

457 3923 600 3975 Martianus
618 3915 723 3983 Capella
739 3916 770 3965 V.
788 3913 813 3977 5.
826 3914 882 3964 527.
896 3939 924 3947 —
943 3913 970 3962 in
986 3914 1056 3975 corta
1072 3929 1102 3980 γ,
1121 3915 1271 3964 Martianus.
1285 3939 1313 3948 -
1331 3914 1356 3962 2.
1375 3918 1450 3976 moras
1464 3914 1491 3963 444
1507 3915 1596 3963 indicis
1607 3915 1627 3964 E
1639 3915 1780 3978 (Treuudio

456 3998 546 4060 teste),
565 4001 640 4059 atam
655 3991 754 4043 iudiciis
770 4003 826 4056 ay,
845 3986 1029 4049 Quintilianus,
1047 3988 1193 4050 iudiciisque
1208 3989 1359 4038 Martianus.
1374 4013 1402 4022 -
1419 3988 1595 4050 inpudentior·
1612 3990 1647 4051 (et
1662 3989 1702 4040 sic
1718 3987 1781 4052 ple·

456 4072 588 4136 rumquet.
608 4096 635 4104 -
653 4080 719 4117 aare
735 4064 799 4126 ET,
817 4060 1004 4124 Quintilianus,
1025 4062 1132 4126 Aquila,
1156 4062 1310 4123 Martianus,
1335 4063 1399 4111 LO:
1419 4074 1472 4112 om.
1491 4060 1577 4115 888.
1597 4089 1624 4101 ··
1650 4063 1678 4112 44
1699 4077 1781 4114 sousa

455 4161 508 4198 om.
521 4144 613 4210 Aquila
626 4146 652 4193 et
663 4141 815 4193 Martianus.
832 4137 915 4188 tidem
926 4135 1009 4187 verba
1021 4137 1059 4188 sic
1074 4138 1266 4200 transponunt:
1283 4135 1359 4186 Antias
1370 4136 1479 4186 Caecina
1491 4137 1595 4187 44444444.
1608 4163 1636 4172 -
1655 4137 1680 4187 3.
1692 4138 1780 4187 moion

455 4219 532 4282 Εαβ
548 4219 720 4285 plerumque,
739 4215 761 4264 V
778 4217 803 4264 et
820 4214 841 4263 A
858 4212 966 4274 ubique.
987 4237 1015 4246 -
1038 4210 1121 4261 44444444
1137 4212 1185 4261 ΕΤ
1208 4210 1249 4273 (ct.
1269 4209 1292 4274 5.
1311 4209 1335 4261 4.
1354 4210 1395 4260 22.
1414 4210 1454 4261 44.
1473 4211 1541 4272 45.);
1565 4212 1630 4262 abati
1646 4225 1680 4270 a,
1698 4210 1779 4261 Ebuci

454 4297 609 4355 Martianus,
627 4292 710 4342 abacis·
726 4287 817 4353 Aquila
835 4291 862 4338 et
877 4291 899 4337 A
915 4285 1023 4349 ubique.
1044 4312 1070 4320 -
1088 4286 1248 4347 inpudentiae
1264 4287 1320 4336 ET.
1343 4313 1371 4322 -
1389 4299 1467 4347 quom
1482 4286 1543 4351 tam}
1560 4289 1683 4346 quantum
1699 4285 1779 4336 ETG

454 4386 494 4423 ae
513 4373 561 4437 (pr.
580 4369 627 4432 m.)
645 4365 736 4428 ati-et
753 4370 782 4416 A.
803 4391 830 4400 -
846 4362 967 4427 {adaada
983 4361 1018 4423 E,
1035 4359 1141 4424 Aquila,
1166 4360 1319 4410 Martianus:
1345 4362 1496 4422 faciendnli
1515 4360 1557 4423 (de
1574 4362 1593 4410 T
1610 4363 1699 4409 manen
1716 4359 1779 4410 silet

453 4446 609 4507 Harlessius)
622 4441 735 4495 AL80.
746 4468 772 4477 -
786 4442 811 4490 8.
824 4437 956 4499 disceptari
968 4436 1106 4485 Graevius:
1124 4437 1248 4498 deceptori
1259 4436 1278 4485 Ε
1292 4435 1412 4497 (testibus
1424 4437 1534 4485 Graevio
1551 4439 1578 4486 et
1589 4432 1727 4496 l'reuudio)
1741 4435 1775 4493 T,

452 4522 575 4572 4444444444
591 4515 736 4569 RAL80.
760 4511 798 4563 ci.
816 4512 891 4561 Verr.
910 4513 1007 4561 Aecus.
1025 4510 1055 4559 11.
1075 4511 1118 4571 ts,
1137 4510 1177 4561 88.
1195 4522 1222 4573 p.
1240 4509 1327 4560 Plane.
1341 4510 1387 4569 36,
1407 4510 1447 4559 87.
1466 4509 1500 4560 de
1518 4510 1591 4560 Oilic.
1604 4511 1623 4559 l.
1637 4510 1677 4568 44,
1690 4508 1731 4559 34.
1745 4537 1773 4547 -

452 4596 476 4645 7.
495 4594 559 4658 cam]
578 4596 625 4656 pao
641 4593 674 4646 E,
697 4603 771 4652 quom
787 4587 818 4645 b,
844 4600 920 4648 qaam
938 4586 984 4648 (sic
1001 4586 1116 4648 semper)
1134 4586 1165 4643 T,
1190 4582 1281 4646 onoma
1294 4598 1327 4642 a,
1347 4586 1468 4646 quomodo
1484 4588 1514 4634 G.
1542 4584 1580 4635 ct.
1599 4599 1624 4633 v.
1644 4584 1683 4633 ⁴2.
1703 4583 1728 4648 5.
1748 4585 1774 4634 6.

451 4672 492 4722 ts.
511 4671 551 4720 35.
570 4669 610 4719 80.
625 4668 666 4718 82.
682 4667 722 4715 88.
738 4691 764 4698 —
785 4662 825 4712 40.
843 4663 956 4712 malitiae
971 4660 1017 4710 Th.
1031 4661 1187 4711 Mommsen.
1201 4685 1229 4694 —
1242 4673 1291 4722 pao
1301 4674 1351 4708 ooo
1362 4660 1390 4708 T.
1405 4686 1433 4694 —
1454 4660 1493 4709 44.
1506 4659 1632 4725 numiam]
1643 4672 1719 4720 quom
1730 4672 1747 4708 e
1756 4672 1775 4723 p

450 4747 499 4809 qt,
517 4757 575 4793 cum
591 4756 631 4807 ay
649 4743 675 4790 et
686 4742 720 4797 A,
738 4750 814 4800 quum
825 4737 857 4795 T,
875 4735 997 4797 qamnodo
1013 4736 1067 4784 Gla.
1088 4761 1115 4771 -
1132 4736 1386 4784 cneocaesaream
1403 4736 1504 4793 lustina
1521 4732 1590 4788 4.-
1610 4735 1650 4785 ta.
1667 4736 1698 4784 Δ.
1716 4747 1772 4784 am.

449 4820 478 4869 T.
492 4845 519 4854 -
538 4820 578 4868 45.
596 4813 713 4877 omnium]
733 4813 872 4861 omniorum
888 4813 917 4859 ut
933 4809 966 4859 de
979 4810 1047 4872 Lege
1065 4822 1120 4872 agr.
1133 4810 1158 4870 2,
1171 4811 1195 4860 4.
1212 4808 1254 4873 [(44
1266 4808 1345 4859 domo
1363 4809 1387 4871 5.
1399 4810 1441 4859 56.
1455 4822 1480 4873 p.
1494 4811 1601 4860 Murena
1619 4809 1643 4873 5.
1657 4810 1681 4859 4.
1700 4810 1775 4859 bivi-

449 4895 502 4943 nat.
516 4895 542 4943 iu
554 4889 649 4942 caecil.
664 4889 688 4951 5.
699 4887 733 4952 5.]
746 4887 836 4936 nescio
848 4886 922 4936 ouius
934 4885 1001 4934 coni.
1020 4882 1117 4934 Sedet.
1130 4884 1156 4934 iu
1170 4885 1242 4935 Verr.
1261 4888 1317 4936 Aet.
1331 4886 1350 4934 1.
1369 4885 1394 4947 5.
1408 4886 1447 4936 ta.
1467 4885 1570 4949 [Aecus.
1589 4887 1630 4936 444.
1649 4885 1673 4949 5.
1687 4883 1773 4950 tiz]-

449 4968 494 5017 Oa.
509 4995 536 5003 -
550 4966 712 5028 defendantur
727 4974 772 5010 uos
787 4959 912 5022 inferioris
927 4959 955 5009 T.
971 4986 998 4995 -
1017 4959 1057 5010 46.
1070 4961 1109 5008 sia
1124 4974 1138 5010 4
1153 4961 1326 5011 consuetudine
1342 4960 1417 5010 EVb
1431 4959 1503 5024 pqd
1519 4964 1547 5011 et
1563 4959 1624 5017 As,
1641 4961 1695 5009 siae
1710 4973 1774 5010 coa·

447 5041 574 5090 acladius
591 5041 654 5098 TG,
681 5038 733 5087 sine
748 5049 766 5084 a
782 5035 954 5085 consuetudins
969 5049 997 5083 α.
1019 5034 1068 5098 (aa
1085 5048 1102 5083 a
1117 5037 1289 5086 couaastnds'ns
1305 5035 1444 5091 aelami.)
1462 5063 1489 5072 -
1514 5037 1554 5085 tt.
1572 5036 1775 5085 decamanus

449 5115 587 5178 (Freundio
599 5113 675 5175 teste)
689 5113 716 5162 E.
731 5138 758 5147 -
772 5113 836 5162 idem
848 5110 927 5174 possit
936 5110 963 5158 tn
976 5110 1068 5158 iudicio
1079 5111 1099 5160 E
1108 5111 1141 5161 T:
1159 5112 1186 5160 ia
1196 5112 1287 5161 iudicio
1300 5112 1377 5174 possit
1393 5112 1458 5161 idem
1468 5113 1488 5161 li
1497 5114 1519 5162 A
1527 5113 1546 5162 L
1555 5110 1573 5164 8
1582 5113 1611 5161 0.
1620 5139 1646 5147 -
1657 5112 1775 5173 probitas

448 5188 477 5237 T.
492 5215 519 5226 -
539 5190 578 5238 48.
592 5193 637 5238 cat
652 5201 696 5238 nos
711 5201 761 5237 aaa
779 5188 869 5238 ETO:
888 5190 932 5236 aaa
946 5184 1284 5250 ooalom.nos)1tL8.—
1305 5186 1345 5237 49.
1362 5186 1519 5249 inpudentiae
1535 5188 1563 5237 T.
1578 5213 1605 5223 -
1624 5186 1664 5236 22.
1682 5187 1774 5237 4444444

448 5259 466 5310 4)
485 5263 532 5327 (pr.
550 5264 598 5326 m.)
614 5275 657 5328 py
674 5264 701 5314 et
716 5265 747 5313 A.
