4367 6109
476 586 517 653 74
790 592 941 659 ORATIO
962 595 1040 662 PllO
1062 596 1102 675 Q.
1124 598 1272 666 ROSCIO
1294 596 1491 666 COMOEDO

475 762 556 826 ieret
577 765 713 841 tabulm,
740 765 881 850 proferet
901 787 974 830 suas
997 787 1127 852 quoque
1148 770 1291 834 Roscius.
1332 769 1403 832 Erit
1430 769 1464 832 in
1485 767 1573 832 illins
1594 767 1711 832 tabulis
1732 767 1795 834 boc

476 877 609 933 nomen,
637 866 669 923 at
695 861 728 923 in
756 862 852 925 buius
874 881 940 924 non
962 861 1030 923 erit.
1074 858 1104 924 4.
1128 863 1191 927 Cur
1211 864 1319 947 potius
1341 863 1426 926 illius
1451 883 1546 947 mam
1567 863 1664 927 buius
1687 865 1796 929 crede·

477 955 551 1014 turi
572 985 615 1000 -
636 955 820 1039 scripsisset
840 956 910 1031 ille,
933 956 961 1019 si
984 974 1049 1017 non
1070 956 1159 1020 iussu
1181 958 1277 1020 huius
1292 977 1468 1041 expensum
1489 957 1640 1021 tulisset?
1661 960 1795 1023 -Non

476 1046 654 1129 scripsisset
672 1048 742 1124 bic,
765 1050 852 1134 quod
873 1050 934 1113 sibi
956 1068 1131 1132 expensum
1146 1051 1221 1114 ferri
1236 1053 1401 1115 iussisset?
1433 1055 1512 1116 Nam
1527 1052 1795 1136 quemadmodum

450 1144 566 1223 ttnrpe
588 1149 637 1204 est
657 1144 811 1219 scribere,
841 1147 927 1228 quod
949 1169 1015 1213 non
1037 1146 1206 1222 debeatur,
1234 1147 1279 1209 sic
1307 1147 1486 1229 improbum
1509 1155 1644 1210 estnon
1666 1145 1795 1222 referre,

473 1235 559 1317 quod
582 1235 707 1301 debeas.
749 1238 860 1323 Aeque
883 1243 968 1305 enim
991 1244 1119 1309 tabulae
1141 1241 1393 1304 condemnantur
1414 1241 1499 1317 eius,
1521 1243 1577 1327 qui
1597 1260 1711 1303 rerum
1731 1260 1795 1303 non

470 1329 609 1404 rettulit,
632 1331 771 1406 eteius,
794 1334 849 1416 qui
871 1334 986 1399 falsum
1009 1336 1202 1422 perscripsit.
1239 1335 1301 1397 Sed
1325 1354 1382 1418 ego
1405 1337 1497 1417 copia
1512 1344 1544 1400 et
1557 1334 1710 1400 facultate
1724 1355 1796 1398 ean-

470 1439 524 1483 sae
555 1421 691 1488 conlisus
721 1426 793 1489 vide
821 1448 885 1511 quo
915 1434 1109 1515 progrediar.
1165 1431 1197 1493 Si
1230 1429 1353 1492 tabulas
1385 1429 1418 1494 C.
1447 1431 1587 1493 Fannius
1620 1430 1744 1514 accepti
1765 1437 1796 1492 et

367 1571 372 1575 .
469 1518 601 1598 expensi
629 1518 751 1602 profert
778 1541 868 1598 suas,
897 1524 931 1586 in
962 1546 1051 1590 suam
1072 1546 1140 1590 rem
1162 1545 1220 1587 suo
1246 1525 1398 1588 arbitratu
1421 1525 1571 1608 scriptas,
1602 1524 1793 1607 quominus

430 1613 642 1676 sesecundum
664 1615 753 1680 illum
775 1616 938 1695 iudicetis,
968 1641 1033 1684 non
1054 1640 1177 1684 recuso.
1228 1615 1257 1680 3.
1281 1616 1361 1694 Quis
1382 1618 1444 1681 hoc
1465 1617 1563 1680 frater
1584 1617 1692 1691 fratri,
1724 1617 1795 1700 quis

468 1723 582 1785 parens
604 1703 670 1770 lilio
693 1711 817 1786 tribuit,
840 1719 892 1788 ut,
916 1716 1141 1800 quodcumque
1163 1714 1356 1788 rettulisset,
1380 1712 1413 1775 id
1433 1719 1537 1775 ratum
1560 1711 1715 1775 haberet?
1736 1712 1796 1774 lia·

468 1805 536 1860 tum
557 1799 685 1865 babebit
705 1805 851 1869 Roscius.
885 1809 1002 1872 Profer.
1038 1809 1132 1885 Quod
1147 1808 1204 1870 tibi
1222 1808 1318 1869 fuerit
1333 1825 1535 1888 persuasum,
1557 1805 1633 1869 buic
1648 1806 1710 1868 erit
1724 1824 1795 1887 per·

470 1912 615 1970 suasum;
650 1899 737 1981 quod
768 1900 825 1962 tibi
859 1900 955 1965 luerit
984 1905 1168 1987 probatum,
1201 1901 1275 1963 buic
1299 1900 1359 1962 erit
1380 1900 1558 1981 probatum.
1601 1897 1701 1962 Paulo
1722 1906 1795 1962 ante

470 1988 512 2049 M.
540 1990 739 2073 Perpennae,
770 1996 804 2058 P.
828 1995 945 2060 Saturii
979 1997 1102 2061 tabulas
1130 1994 1362 2079 poscebamus:
1394 2012 1479 2055 nunc
1510 2000 1598 2067 tuas,
1633 1992 1666 2055 C.
1696 1992 1795 2055 Fanni

433 2093 462 2140 44
472 2079 627 2157 Chaerea,
649 2086 748 2151 solius
772 2091 950 2172 llagitamns
975 2098 1025 2167 et,
1050 2112 1115 2174 quo
1138 2090 1241 2151 minus
1264 2086 1438 2149 secundum
1460 2105 1514 2148 eas
1537 2085 1577 2149 lis
1599 2086 1710 2160 detur,
1731 2104 1796 2148 non

470 2196 662 2242 recusamus.
707 2178 737 2246 l.
768 2184 852 2259 Quid
875 2186 918 2248 ita
941 2207 1005 2249 non
1028 2185 1174 2267 profers?
1196 2214 1237 2227 -
1267 2181 1338 2242 Non
1360 2176 1488 2242 conficit
1508 2180 1660 2242 tabulas?
1696 2179 1794 2241 lmmo

472 2268 724 2353 diligentissime.
757 2279 828 2339 Non
850 2278 946 2341 refert
967 2299 1065 2362 parva
1087 2277 1218 2340 nomina
1239 2275 1271 2336 in
1288 2273 1438 2335 codices?
1470 2273 1570 2336 lmmo
1586 2292 1698 2336 omnes
1713 2291 1797 2335 snm·

471 2381 547 2426 mas.
581 2367 664 2430 Leve
687 2376 719 2431 et
740 2377 835 2434 tenue
857 2371 919 2434 boc
941 2375 1079 2436 nomen‘l
1113 2367 1172 2429 Hs
1188 2387 1316 2429 cccloon
1339 2375 1421 2429 sunt.
1451 2367 1622 2442 Quomodo
1638 2367 1695 2429 tibi
1711 2373 1797 2432 tanta

470 2461 606 2543 pecunia
629 2455 881 2529 extraordinaria
903 2466 1005 2529 iacet?
1028 2463 1190 2549 quomodo
1213 2461 1273 2525 HS
1297 2479 1425 2521 cccmno
1448 2462 1481 2524 in
1503 2461 1614 2524 codice
1629 2461 1750 2544 accepti
1766 2468 1798 2524 et

432 2555 603 2636 perpensi
631 2575 696 2618 non
724 2562 822 2622 sunt‘l
866 2561 926 2622 Pro
959 2561 992 2622 di
1019 2558 1231 2630 immortales,
1262 2575 1374 2618 essene
1404 2576 1598 2641 quemquam
1627 2562 1715 2619 tanta
1741 2575 1798 2618 au-

471 2649 561 2711 dacia
582 2651 777 2732 praeditum,
802 2654 876 2737 qui,
900 2655 987 2737 quod
1010 2674 1128 2717 nomen
1149 2652 1266 2715 referre
1288 2649 1321 2711 in
1343 2649 1468 2711 tabulam
1489 2649 1614 2722 timeat,
1635 2647 1670 2711 id
1688 2655 1798 2731 petere

471 2743 602 2817 audeat,
626 2745 712 2828 quod
735 2746 767 2808 in
791 2748 934 2810 codicem
956 2749 1114 2811 iniuratus
1136 2746 1253 2809 reterre
1269 2742 1389 2815 noluit,
1410 2742 1443 2804 id
1461 2743 1565 2806 iurare
1580 2743 1718 2806 inlitam
1732 2763 1798 2806 non

471 2836 612 2913 dubitet,
644 2840 729 2922 quod
762 2841 821 2903 sibi
851 2843 986 2924 probare
1016 2862 1080 2905 non
1109 2841 1225 2925 possit,
1259 2841 1290 2903 id
1313 2840 1504 2922 persuadere
1525 2840 1618 2904 alteri
1642 2839 1796 2905 conetur!

471 2928 510 2991 ll.
534 2928 563 2992 5.
586 2933 724 2995 Nimium
747 2936 810 2998 cito
833 2937 879 2998 ait
901 2957 950 2998 me
973 2937 1131 3019 indignari
1154 2936 1193 2997 de
1215 2934 1346 2997 tabulis:
1375 2954 1440 2997 non
1460 2934 1576 2998 habere
1599 2955 1634 2999 se
1655 2934 1719 2999 boc
1740 2955 1798 2999 no·

432 3033 543 3089 timon
566 3025 599 3087 in
621 3027 761 3090 codicem
784 3031 906 3113 accepti
930 3038 961 3093 et
983 3030 1116 3112 expensi
1130 3029 1265 3091 relatum
1279 3025 1463 3103 confitetur,
1486 3029 1543 3092 sed
1557 3030 1591 3092 in
1606 3030 1796 3094 adversariis

470 3126 578 3203 patere
608 3122 781 3185 contendit.
825 3124 931 3207 Usque
962 3143 1042 3187 eone
1073 3132 1103 3186 te
1131 3122 1236 3205 diligis
1259 3130 1290 3185 et
1312 3120 1475 3205 magnifice
1498 3123 1734 3208 circumspicis,
1763 3131 1799 3187 ut

470 3215 639 3297 pecuniam
662 3235 725 3277 non
749 3237 788 3278 ex
811 3218 875 3280 tuis
898 3217 1029 3291 tabulis,
1051 3219 1107 3280 sed
1130 3237 1170 3279 ex
1185 3217 1374 3279 adversariis
1396 3218 1508 3299 petast
1541 3217 1640 3279 Suum
1655 3217 1798 3306 codicem

471 3310 560 3373 testis
584 3309 655 3372 loco
678 3311 811 3374 recitare
841 3312 1040 3394 arrogantiae
1063 3320 1128 3374 est:
1151 3330 1280 3373 suarum
1299 3311 1566 3393 perscriptionum
1581 3317 1613 3373 et
1632 3310 1798 3374 liturarum

471 3402 652 3465 adversaria
667 3403 810 3486 proferre
827 3424 892 3467 non
907 3405 1044 3467 amentia
1060 3407 1131 3468 esti
1154 3403 1184 3466 6.
1203 3403 1339 3479 Quodsi
1357 3404 1489 3466 candem
1503 3404 1579 3478 mm,
1601 3404 1797 3486 diligentiam

434 3498 757 3582 etauctoritatemque
785 3498 902 3562 habent
931 3500 1113 3562 adversaria
1136 3517 1231 3582 quam
1252 3497 1395 3572 tabulae,
1423 3497 1500 3580 quid
1522 3498 1635 3560 attinet
1655 3499 1797 3561 codicem

473 3589 653 3665 instituere,
678 3592 893 3666 conscribere,
910 3592 1053 3655 ordinem
1070 3611 1275 3663 conservare,
1299 3591 1469 3653 memoriae
1485 3591 1608 3654 tradere
1622 3591 1796 3654 litterarum

472 3688 686 3750 vetustatem?
731 3687 792 3748 Sed
815 3687 859 3760 si,
890 3687 977 3770 quod
998 3686 1189 3750 adversariis
1210 3685 1290 3747 nibil
1312 3685 1485 3759 credimus,
1514 3684 1633 3746 idcirco
1655 3683 1798 3747 codicem

538 3881 562 3930 4.
580 3879 629 3930 illie
641 3880 668 3930 P.
683 3907 711 3918 -
729 3880 754 3929 4.
767 3883 794 3929 ot
808 3879 882 3930 boios
892 3881 989 3931 omissa
1000 3880 1197 3944 praepositione
1208 3877 1345 3940 assPGM
1361 3883 1388 3929 et
1399 3882 1429 3930 A.
1448 3879 1605 3931 Emendavit
1615 3880 1643 3929 P.
1655 3879 1796 3932 Manutius.

476 3981 502 3991 -
522 3966 599 4016 quom
612 3956 694 4018 buius]
709 3968 784 4017 onom
800 3955 872 4004 butus
878 3954 968 4005 tabulis
983 3956 1012 4006 4..
1027 3983 1055 3991 -
1073 3954 1216 4004 crederetur
1231 3954 1355 4016 scripsisse
1366 3951 1413 4014 αβ
1422 3955 1439 4004 F
1449 3957 1503 4005 GM
1520 3958 1551 4016 A,
1563 3951 1723 4004 crederem
1738 3952 1799 4003 ecri-

468 4032 556 4094 psieeet
567 4029 669 4082 Aldina.
687 4028 843 4081 Emendavit
854 4030 992 4080 Manutius.
1007 4028 1045 4080 Cl.
1056 4041 1112 4079 var.
1125 4027 1185 4079 lect.
1198 4041 1224 4093 p.
1234 4030 1275 4079 te.
1288 4042 1313 4078 v.
1324 4029 1349 4078 4.
1370 4052 1398 4064 -
1412 4029 1436 4078 3.
1454 4030 1483 4093 et]
1500 4043 1525 4080 se
1541 4044 1569 4080 α.
1585 4055 1613 4064 -
1630 4029 1712 4079 trusus
1722 4029 1752 4079 A.
1767 4052 1795 4065 -

471 4105 822 4169 eoteet--ecpeuomom
836 4107 864 4154 G.
880 4129 908 4141 ·-
922 4104 945 4157 4.
958 4105 1010 4166 liic,
1031 4105 1219 4168 quod--p‘erre'
1235 4104 1405 4154 tmeioetom.
1418 4102 1472 4164 4444
1489 4106 1553 4156 etA.
1568 4131 1596 4139 -
1613 4104 1799 4167 [melem

471 4181 498 4231 in
515 4179 592 4231 litura
608 4196 641 4243 α,
658 4181 725 4244 serre
739 4180 883 4231 uiniseetG.
900 4206 927 4216 -
946 4179 970 4230 9.
985 4180 1097 4244 proferet
1114 4180 1141 4229 l..
1156 4207 1183 4215 -
1203 4180 1242 4229 40.
1255 4179 1335 4241 Mun]
1351 4179 1409 4228 tlloe
1423 4180 1540 4230 Muretus
1557 4181 1584 4230 et
1599 4180 1685 4231 Ursini
1702 4179 1795 4230 codex.

472 4255 511 4307 Cl.
529 4256 553 4320 5.
567 4255 607 4308 44.
621 4258 661 4307 45.
682 4282 707 4295 -
735 4256 775 4306 44.
793 4255 902 4306 Amnes.
920 4255 1007 4319 Proser
1022 4267 1076 4318 om,
1089 4268 1118 4306 α.
1131 4282 1159 4291 -
1179 4254 1218 4306 43.
1233 4254 1311 4317 poeto
1327 4259 1385 4305 cote
1396 4255 1432 4306 M.
1445 4256 1588 4319 Perpetem
1596 4256 1624 4307 P.
1636 4253 1796 4306 8444444444.

470 4328 505 4393 βε
521 4332 601 4395 paolo
616 4337 674 4383 cote
684 4333 720 4383 M.
730 4333 855 4394 Perpom
865 4332 892 4381 P.
905 4330 1003 4381 Saturit
1013 4329 1063 4381 tao.
1076 4344 1106 4393 α,
1121 4331 1199 4393 poulo
1216 4335 1274 4380 cote
1283 4331 1319 4381 44.
1332 4331 1456 4392 Perpeeoe
1468 4331 1494 4379 Ρ.
1508 4330 1605 4380 Stotwt
1615 4330 1666 4382 tob.
1680 4333 1710 4392 G,
1719 4330 1797 4394 posto

471 4411 529 4457 octe
544 4408 580 4458 M.
595 4411 730 4470 perpenset
742 4420 770 4469 p.
788 4406 870 4456 444444
886 4404 936 4456 tob.
949 4407 986 4466 44,
1006 4405 1084 4468 potato
1102 4411 1160 4456 cote
1175 4406 1210 4455 44.
1223 4407 1365 4468 Perpernae
1380 4406 1407 4455 P.
1425 4405 1514 4455 Soteri
1529 4404 1580 4456 tob.
1592 4409 1628 4468 A,
1642 4406 1722 4471 poulo
1738 4411 1796 4458 oete

472 4482 508 4533 M.
526 4483 654 4544 Perpetem
669 4483 695 4532 P.
713 4482 802 4532 Soteri
822 4480 920 4531 tubulos
935 4478 1027 4531 Aldina
1053 4484 1080 4533 et
1096 4484 1283 4546 Cratandrina,
1305 4482 1383 4546 poulo
1399 4487 1458 4533 onte
1474 4497 1491 4533 o
1506 4485 1542 4534 44.
1559 4484 1688 4543 Perpenno
1702 4482 1729 4532 P.
1748 4481 1799 4531 So·

472 4558 523 4608 neri
539 4557 637 4607 4444444
653 4569 715 4608 cnm
733 4556 863 4619 Naugerio
880 4554 911 4617 4,
930 4556 1008 4618 poulo
1022 4563 1093 4618 cote,
1117 4558 1144 4609 G.
1164 4560 1232 4620 Piso,
1248 4560 1284 4609 44.
1304 4560 1444 4622 Perperna,
1467 4561 1494 4610 P.
1512 4558 1643 4609 Sotmim
1657 4556 1800 4621 aperivit

471 4633 570 4683 mbulet
585 4634 619 4695 L,
642 4632 719 4683 Paulo
741 4636 799 4682 onte
821 4632 857 4682 M.
875 4632 1015 4693 Pepepce
1036 4633 1062 4683 P.
1082 4633 1180 4683 Saturii
1196 4634 1292 4684 tabulae
1308 4636 1343 4696 0,
1366 4635 1392 4685 P.
1411 4639 1479 4694 onte,
1497 4635 1533 4684 44.
1545 4635 1685 4694 menso,
1702 4633 1729 4682 P.
1747 4631 1798 4681 So-

471 4709 533 4758 ton'i
549 4708 646 4758 4444444
656 4707 738 4758 Klotz.
751 4706 794 4757 ed.
809 4704 853 4756 alt.
871 4708 910 4757 De
928 4706 1057 4771 scriptura
1074 4708 1203 4769 Perpenno
1220 4708 1253 4759 cl.
1271 4709 1352 4759 inser.
1366 4706 1443 4759 orell.
1456 4708 1513 4758 469.
1531 4704 1629 4757 44444444
1646 4706 1676 4757 44
1687 4706 1798 4756 coliem

470 4782 608 4846 Popillium
623 4796 650 4848 p.
668 4782 709 4833 44.
730 4810 757 4819 -
777 4782 817 4832 lt.
835 4780 905 4831 eben
923 4779 1015 4842 αβ44,
1033 4783 1135 4833 obesae
1146 4785 1176 4833 A.
1195 4783 1350 4834 vocativum
1360 4783 1475 4834 restituit
1484 4783 1623 4833 Manutius.
1637 4807 1665 4817 -
1683 4780 1726 4836 46.
1741 4794 1799 4832 coo·

352 4871 354 4876 ·
471 4857 529 4922 fecit
544 4858 601 4907 αθ.
617 4884 645 4895 -
664 4859 703 4908 47.
724 4858 767 4907 «L.
786 4857 813 4905 to
829 4857 949 4908 codicem
963 4868 1016 4920 mg.
1029 4855 1056 4910 4.
1072 4885 1100 4895 -
1118 4857 1237 4907 4444444.
1253 4884 1280 4895 -
1300 4858 1339 4908 48.
1355 4859 1443 4908 ccclrrr
1453 4857 1552 4922 ubique
1564 4858 1685 4919 nGllA,
1703 4857 1800 4909 coelur

474 4934 608 4998 (deinceps
625 4931 722 4996 cccliii)
738 4928 768 4993 β.
789 4958 816 4968 -
842 4936 907 4981 sont.
926 4931 1060 4997 cuonone]
1084 4937 1143 4995 poot
1158 4937 1216 4982 suot
1231 4933 1352 4993 quomodo
1368 4947 1397 4982 α.
1417 4959 1445 4968 -
1462 4934 1504 4983 40.
1522 4945 1572 4983 esse
1589 4945 1642 4982 om.
1661 4947 1689 4982 α.
1710 4959 1737 4967 -
1754 4932 1796 4984 44.

472 5005 632 5070 iurctnsnd
648 5008 740 5059 GMA.
758 5005 894 5070 (iniuratus
911 5007 963 5057 iem
980 5004 1091 5071 Aldina.)
1112 5034 1139 5044 -
1158 5006 1233 5057 «lori.
1250 5007 1326 5056 nolit»
1344 5019 1397 5068 mg.
1416 5005 1443 5058 4.
1469 5006 1508 5058 Cl.
1527 5006 1630 5070 Madvig
1646 5006 1680 5056 ed
1692 5008 1747 5058 Cic.
1764 5005 1798 5056 de

474 5085 546 5135 Finn.
564 5095 591 5147 p.
610 5080 658 5134 449
675 5095 717 5147 sq.
737 5110 765 5119 -
791 5082 833 5133 44.
854 5082 899 5146 cit]
924 5086 969 5132 aaa
989 5080 1052 5142 dil.
1072 5109 1100 5118 -
1127 5083 1250 5146 iodopcce
1269 5085 1300 5132 A.
1327 5079 1467 5145 (indignari
1490 5083 1571 5134 etiam
1593 5097 1613 5131 α
1620 5080 1642 5142 β
1649 5081 1750 5144 FGM.)
1769 5105 1797 5116 -

473 5160 514 5209 at.
533 5157 683 5209 codicetnL:
709 5157 792 5208 codice
808 5170 869 5208 cum
886 5155 960 5206 libris
976 5154 1062 5209 440.
1087 5156 1126 5208 Cl.
1144 5157 1168 5222 ἕ.
1187 5158 1212 5208 9.
1232 5184 1260 5193 -
1278 5156 1319 5207 47.
1337 5156 1380 5206 sed
1395 5157 1547 5208 4444444444
1562 5159 1627 5220 GA,
1649 5158 1692 5209 sed
1708 5159 1800 5208 44444-

474 5235 539 5284 eorii
554 5232 644 5295 4444.
671 5231 828 5285 Emendavit
846 5231 997 5283 Lambinus.
1014 5259 1041 5270 -
1059 5232 1101 5284 48.
1118 5232 1270 5297 orropcotio
1286 5236 1321 5283 eet
1336 5242 1390 5294 mg.
1402 5228 1429 5285 4.
1444 5258 1471 5268 -
1489 5231 1531 5283 44.
1549 5233 1673 5285 amice
1687 5237 1723 5284 est
1737 5230 1801 5283 Klo-

474 5310 542 5364 tzius
559 5309 602 5362 44.
615 5309 660 5370 ult.
675 5337 703 5348 -
720 5310 761 5371 44,
780 5309 892 5368 nepes
907 5319 1008 5362 4444444
1023 5307 1057 5360 M.
