4367 6109
815 601 888 670 cn.
907 599 1073 666 rx-xr.
1100 598 1157 683 ss.
1179 595 1215 665 44
1230 595 1334 664 -ae,
1713 580 1734 652 4

418 772 492 836 illos
515 773 747 848 obtineremus3
776 793 882 857 neque
911 772 974 836 illis
1003 792 1155 854 umquam
1177 774 1252 836 satis
1274 771 1335 836 fuit
1355 770 1436 835 illud
1457 769 1615 842 obtinere,
1646 763 1735 850 quod

415 866 546 949 probari
572 868 717 939 omnibus
739 875 864 950 posset:
886 868 931 930 ita
953 867 1021 931 siue
1043 866 1161 929 iniuria
1181 867 1354 950 potentiam
1377 866 1480 929 lerum
1494 871 1590 948 atque
1605 862 1734 944 inopem

417 980 487 1023 esse
508 961 709 1027 arbitrantur.
752 962 792 1024 Χ.
821 962 938 1024 Verum
966 961 1116 1045 quoniam
1139 961 1195 1024 tibi
1218 962 1314 1025 instat
1334 960 1540 1034 Hortensius,
1568 962 1605 1021 ut
1626 975 1679 1018 eas
1702 954 1735 1015 in

416 1054 602 1131 eonsilium;
625 1076 643 1118 a
658 1076 708 1118 me
723 1055 879 1138 postulat,
902 1076 943 1118 ne
957 1055 1092 1119 dicendo
1109 1063 1234 1138 tempus
1248 1056 1427 1131 absumam3
1449 1053 1607 1138 queritur,
1628 1049 1736 1133 priore

416 1157 552 1231 patrono
566 1170 694 1214 causum
708 1150 899 1217 defendente
913 1171 1086 1236 numquam
1109 1150 1249 1234 perorari
1265 1150 1424 1233 potuisse:
1446 1169 1511 1212 non
1526 1147 1628 1232 patiar
1642 1147 1735 1208 istam
1759 1165 1775 1212 4

416 1262 544 1311 manere
565 1246 798 1328 suspicionem,
828 1265 887 1308 nos
908 1265 975 1308 rem
996 1245 1129 1309 iudicari
1151 1244 1255 1318 nolle,
1289 1264 1347 1307 nec
1370 1242 1450 1305 illud
1471 1241 1549 1304 mibi
1571 1237 1736 1321 arrogabo,

416 1356 468 1401 mo
489 1356 583 1420 posse
605 1357 731 1403 causam
754 1338 952 1402 commodius
974 1339 1207 1413 demonstrare,
1229 1359 1324 1423 quam
1340 1345 1433 1400 antea
1448 1338 1662 1400 demonstrata
1676 1332 1736 1406 sit;

415 1451 521 1514 neque
549 1439 656 1497 nmen
677 1443 742 1496 tam
764 1433 862 1497 multa
883 1433 978 1496 verba
1005 1434 1134 1508 faciam,
1165 1443 1332 1521 propterea
1355 1433 1442 1515 quod
1464 1439 1496 1494 et
1516 1432 1556 1494 ab
1578 1430 1651 1502 illo,
1680 1425 1737 1511 qui

416 1533 483 1589 tum
506 1526 604 1601 dixit,
626 1527 794 1591 informata
817 1528 880 1590 iam
902 1536 1083 1602 causaest,
1106 1537 1138 1591 et
1158 1549 1178 1592 a
1199 1549 1268 1603 me,
1291 1528 1346 1612 qui
1366 1546 1472 1611 neque
1487 1524 1665 1606 excogitare
1681 1540 1738 1583 ne·

416 1640 478 1706 que
499 1622 707 1704 pronuntiare
730 1623 828 1684 multa
850 1643 997 1705 possum,
1026 1623 1165 1687 brevitas
1187 1623 1383 1707 postulatur,
1406 1640 1489 1705 quae
1510 1618 1654 1680 mihimet
1674 1614 1736 1698 ipsi
1747 1634 1774 1683 44

414 1717 608 1781 amicissima
636 1724 694 1781 est.
737 1714 787 1779 35.
816 1718 958 1791 Faciam,
989 1720 1075 1802 quod
1107 1727 1139 1783 te
1165 1740 1260 1802 saepe
1282 1714 1489 1781 animadverti
1511 1712 1628 1786 facere,
1656 1711 1738 1772 llor-

415 1811 514 1876 tensi:
545 1819 643 1875 totam
671 1831 785 1875 causac
814 1831 903 1875 meae
932 1813 1104 1876 dictionem
1135 1822 1235 1878 certas
1258 1815 1291 1877 in
1313 1819 1419 1896 partes
1442 1808 1590 1874 dividam.
1634 1806 1681 1867 Tu
1704 1803 1738 1867 id

415 1926 541 1989 semper
566 1906 662 1981 facis,
692 1907 768 1990 quia
800 1926 925 1989 semper
952 1914 1061 1990 potes;
1090 1928 1149 1990 ego
1171 1909 1205 1971 in
1226 1909 1285 1971 hac
1308 1927 1403 1971 causa
1423 1905 1537 1968 faciam
1559 1909 1737 1985 propterea,

415 2000 502 2085 quod
524 2001 558 2063 in
579 2001 639 2064 hac
665 2001 777 2065 videor
797 2021 892 2083 posse
915 2001 1027 2064 iacere.
1058 2001 1153 2077 Quod
1175 2003 1233 2065 tibi
1255 2010 1367 2064 natura
1382 2000 1452 2074 dat,
1474 2007 1510 2062 ut
1525 2016 1651 2080 semper
1663 2014 1738 2079 pos·

414 2094 475 2169 sis,
497 2094 531 2156 id
552 2095 631 2158 mibi
653 2114 749 2159 causa
770 2094 932 2168 concedit,
955 2103 990 2158 ut
1010 2095 1107 2159 bodie
1129 2097 1259 2180 possim.
1299 2097 1408 2159 Certos
1430 2093 1508 2156 mibi
1530 2089 1608 2155 fines
1630 2087 1775 2155 sormi-u

415 2209 538 2273 nosque
569 2191 776 2263 constituam,
804 2197 894 2252 extra
922 2210 1003 2273 quos
1034 2193 1142 2275 egredi
1163 2212 1228 2255 non
1250 2192 1387 2275 possim,
1414 2190 1441 2254 si
1464 2189 1599 2251 maxime
1622 2184 1737 2249 velims

414 2291 450 2346 ut
471 2292 504 2347 et
525 2283 603 2346 mibi
625 2285 667 2347 sit
680 2285 898 2368 propositum,
921 2286 961 2347 de
977 2305 1042 2368 quo
1059 2285 1180 2361 dicam,
1203 2295 1235 2350 et
1249 2285 1438 2350 Hortensius
1451 2282 1566 2347 babeat
1582 2278 1737 2363 exposita,

414 2379 455 2443 ad
477 2398 559 2463 quae
581 2381 788 2463 respondeat,
811 2386 843 2443 et
866 2387 914 2454 tu,
938 2381 971 2443 C.
987 2380 1114 2464 Aquili,
1136 2382 1199 2445 iam
1214 2389 1288 2444 ante
1303 2380 1409 2442 animo
1424 2376 1607 2462 prospicere
1622 2371 1737 2457 possis,

414 2473 532 2558 quibus
554 2474 709 2537 derebus
731 2474 897 2537 auditurus
919 2475 973 2536 sis.
1016 2472 1067 2537 36.
1089 2477 1262 2556 Negamus,
1284 2483 1315 2536 te
1335 2474 1420 2536 bona
1433 2474 1467 2535 P.
1484 2468 1640 2547 Quinctii,
1663 2466 1736 2528 Sex.

414 2569 529 2642 Naevi,
552 2569 733 2651 possedisse
756 2589 796 2632 ex
818 2568 923 2632 edicto
947 2569 1113 2652 praetoris.
1150 2571 1185 2631 ln
1208 2589 1247 2632 eo
1270 2569 1401 2652 sponsio
1422 2567 1506 2630 facta
1528 2572 1586 2629 est.
1622 2562 1775 2626 Osten-ao

414 2664 486 2726 dam
515 2665 669 2746 primum,
697 2683 824 2727 causam
847 2683 910 2725 non
932 2662 1050 2737 fuisse,
1080 2684 1136 2726 cur
1157 2684 1176 2726 a
1196 2671 1343 2748 praetore
1370 2662 1564 2746 postulares,
1597 2667 1632 2721 ut
1652 2657 1737 2719 bona

414 2759 447 2822 P.
470 2757 613 2832 Quinctii
642 2758 839 2840 possiderem
874 2758 1005 2831 deinde,
1037 2777 1077 2820 ex
1106 2758 1210 2821 edicto
1241 2766 1271 2821 te
1301 2758 1466 2840 possidere
1488 2774 1553 2818 non
1575 2752 1736 2837 potuisse;

413 2860 593 2935 postremo,
615 2872 680 2914 non
702 2852 893 2934 possedisse.
931 2851 1075 2928 Quaeso,
1101 2853 1133 2916 C.
1155 2852 1264 2937 Aquili
1286 2871 1426 2936 vosque,
1450 2851 1506 2934 qui
1521 2850 1598 2913 estis
1613 2849 1646 2910 in
1661 2866 1737 2911 con·

414 2946 503 3021 silio,
533 2953 585 3018 ut,
615 2946 693 3028 quid
719 2945 880 3029 pollicitus
910 2947 988 3020 sim,
1018 2947 1187 3029 diligenter
1208 2947 1379 3017 memoriae
1402 2945 1568 3008 mandetis.
1610 2941 1736 3005 Etenim

414 3059 480 3102 rem
509 3037 634 3102 facilius
663 3047 762 3102 totum
783 3040 961 3121 accipietis,
991 3041 1017 3104 si
1038 3042 1119 3104 baec
1141 3042 1363 3116 memineritis,
1393 3048 1425 3103 et
1446 3059 1496 3101 me
1517 3036 1610 3100 facile
1633 3041 1774 3098 vestras

415 3132 649 3196 existimatione
675 3134 882 3208 revocabitis,
908 3135 937 3197 si
966 3142 1054 3200 extra
1075 3136 1135 3199 bos
1157 3136 1315 3200 cancellos
1338 3133 1445 3218 egredi
1467 3134 1625 3206 conabor,
1654 3148 1736 3214 quos

414 3228 490 3291 mibi
503 3229 573 3310 ipse
587 3228 791 3293 circumdedi.
813 3232 902 3313 Nego
915 3230 1015 3294 fuisse
1030 3252 1173 3305 causam,
1197 3253 1253 3295 cur
1266 3231 1457 3315 postularet3
1479 3247 1561 3312 nego
1576 3246 1617 3288 ex
1631 3223 1735 3286 edicto

415 3321 578 3406 possidere
600 3323 760 3406 potuisse;
783 3343 863 3407 nego
885 3326 1077 3408 possedisse.
1111 3326 1196 3389 llaec
1218 3327 1371 3389 triacum
1394 3326 1552 3395 docuero,
1575 3335 1736 3403 peroraro.

498 3418 554 3479 lll.
582 3414 632 3479 37.
659 3420 730 3480 Non
751 3417 811 3481 suit
832 3438 943 3494 causa,
972 3440 1029 3482 cur
1050 3420 1238 3501 postulares.
1283 3421 1346 3497 Qui
1368 3420 1430 3483 hoc
1452 3416 1587 3500 intelligi
1608 3413 1736 3497 potest?

417 3512 500 3588 Quia
522 3512 595 3575 Sex.
610 3510 729 3576 Naevio
752 3533 857 3597 neque
880 3534 920 3576 ex
941 3515 1102 3577 societatis
1124 3516 1248 3578 ratione
1271 3534 1377 3597 neque
1398 3512 1546 3597 privatim
1561 3506 1774 3592 quidquamto
1809 3576 1813 3588 ¹

416 3605 526 3668 debuit
547 3605 725 3681 Quinctius.
760 3605 840 3682 Quis
862 3607 936 3671 huic
957 3607 1003 3671 rei
1026 3609 1116 3671 testis
1138 3613 1209 3671 estl
1245 3610 1349 3684 ldem,
1372 3609 1427 3692 qui
1441 3605 1612 3670 acerrimus
1626 3601 1738 3665 adver·

416 3699 528 3763 sarius.
560 3700 597 3761 ln
619 3700 701 3763 hanc
724 3721 790 3764 rem
813 3709 859 3776 te,
882 3710 929 3776 te,
952 3703 1098 3786 inquam,
1121 3711 1248 3779 testem,
1270 3703 1386 3777 Naevi,
1408 3702 1523 3765 citabo.
1564 3701 1691 3763 Annum
1705 3701 1738 3761 et

416 3814 454 3857 eo
476 3793 595 3857 diutius
617 3801 691 3877 post
713 3804 846 3859 mortem
869 3797 901 3859 C.
918 3797 1059 3873 Quinctii
1080 3797 1142 3860 suit
1163 3799 1196 3860 in
1212 3799 1314 3862 Gallia
1328 3806 1431 3862 tecum
1447 3794 1542 3859 simul
1558 3789 1736 3873 Quinctius.

414 3889 515 3961 Doce,
547 3895 578 3950 te
606 3888 727 3971 petisse
756 3889 795 3951 ab
822 3911 861 3953 eo
890 3892 982 3957 istam
1011 3892 1239 3975 nescioquam
1268 3890 1529 3956 innumerabilem
1551 3887 1736 3975 pecuniam

415 3982 508 4054 doce,
529 3981 703 4066 aliquando
726 3984 918 4047 mentionem
939 3985 1070 4060 fecisse,
1092 3987 1212 4050 dixisse
1234 3987 1362 4049 deberi:
1385 3986 1533 4049 debuisse
1553 3981 1775 4047 conmmmss

415 4071 465 4136 38.
487 4075 622 4138 ldoritur
644 4076 677 4139 C.
701 4077 884 4154 Quinctius,
918 4081 972 4164 qui
997 4080 1070 4154 tibi,
1099 4088 1135 4142 ut
1161 4081 1223 4155 ais,
1254 4081 1347 4143 certis
1375 4079 1557 4143 nominibus
1585 4074 1737 4162 grandem

414 4167 582 4251 pecuniam
604 4169 724 4233 debuit.
757 4172 856 4236 Heres
879 4173 949 4236 eius
969 4173 1003 4236 P.
1019 4173 1188 4250 Quinctius
1209 4175 1242 4238 in
1258 4173 1392 4238 Galliam
1413 4173 1454 4237 ad
1477 4180 1508 4237 te
1530 4174 1635 4257 ipsum
1649 4170 1738 4237 venit

478 4414 502 4464 4.
520 4427 633 4476 usquam
649 4413 698 4462 iltis
714 4426 728 4463 4
747 4414 774 4463 44
789 4416 819 4464 A.
840 4440 868 4450 -
893 4415 918 4464 2.
942 4415 1020 4477 possit
1037 4428 1051 4465 e
1070 4418 1097 4466 et
1113 4418 1143 4466 A.
1164 4442 1190 4451 -
1218 4415 1242 4465 6.
1260 4428 1337 4478 nsque
1354 4414 1432 4465 tacite
1448 4410 1564 4465 Klotzius
1580 4415 1623 4466 ed.
1642 4412 1687 4467 ali.
1707 4441 1735 4454 -

413 4489 438 4540 8.
451 4493 505 4539 4444
521 4501 574 4540 om.
586 4489 613 4539 k.
631 4486 718 4539 Malim
730 4487 826 4540 abesse
843 4493 934 4540 444444.
949 4517 976 4526 -
995 4491 1068 4554 quon]
1086 4491 1149 4552 quio
1159 4504 1184 4541 e.
1199 4516 1227 4526 ψ
1246 4489 1595 4553 9.tomBG1l(praetere):
1614 4496 1672 4541 4444
1683 4503 1698 4542 4
1710 4493 1737 4542 44

413 4562 503 4618 4420.
518 4590 545 4600 -
561 4564 614 4614 iam
629 4563 941 4626 iulomotoBGdbkm
953 4566 1018 4615 etv.
1030 4592 1057 4601 -
1073 4566 1271 4628 lopertum.
1286 4592 1313 4602 -
1329 4564 1366 4615 ts.
1380 4565 1548 4629 quiasampsr
1561 4572 1695 4629 potssom.
1709 4566 1735 4615 lr.

416 4667 442 4676 -
462 4637 502 4689 44.
521 4639 565 4689 dot
581 4637 774 4703 ---coacsdit]
790 4640 900 4689 concedit
998 4641 1042 4690 4444
1058 4642 1092 4702 L,
1111 4639 1326 4695 datu-doit.
1341 4667 1368 4677 ·-
1388 4642 1428 4691 47.
1446 4644 1544 4692 stante
1561 4655 1587 4692 v.
1605 4642 1665 4691 mibi
1682 4653 1735 4690 om.

413 4715 438 4764 k.
453 4740 482 4751 -
502 4713 543 4764 48.
561 4714 700 4776 perspicere
715 4712 741 4763 k.
761 4740 788 4749 -
814 4714 854 4764 49.
872 4715 1076 4780 capannam]
1109 4716 1147 4767 ct.
1166 4718 1240 4768 llari.
1260 4717 1324 4780 Cap.
1343 4715 1377 4766 de
1394 4717 1462 4767 rbet.
1480 4730 1507 4781 p.
1526 4714 1583 4767 434.
1603 4718 1686 4781 Cupp.
1706 4742 1734 4750 —

413 4790 472 4840 sae.
490 4789 582 4839 Naeuii
598 4787 697 4849 bcdi,
715 4789 786 4839 Secti
804 4789 936 4840 Nescitis.
952 4818 979 4828 -
997 4791 1038 4840 20.
1056 4792 1085 4840 lu
1096 4790 1133 4856 eo]
1150 4793 1177 4841 in
1193 4805 1224 4842 ec
1238 4791 1315 4842 44444
1332 4793 1359 4843 L.
1378 4791 1420 4855 (44
1435 4806 1468 4842 ex
1485 4790 1637 4853 codicibus,
1661 4790 1737 4841 corbo

413 4878 445 4916 ex
463 4863 634 4927 coniectura.)
653 4890 682 4900 -
699 4866 805 4928 sponde]
822 4868 947 4929 responsio
964 4869 989 4917 k.
1005 4894 1030 4902 -
1050 4867 1090 4917 22.
1110 4872 1134 4918 44
1149 4880 1203 4918 om.
1221 4869 1284 4918 km.
1299 4894 1326 4905 -
1345 4868 1385 4919 23.
1403 4882 1454 4919 nou
1470 4881 1523 4918 om.
1537 4869 1563 4919 44.
1578 4892 1605 4905 -
1624 4868 1665 4919 25.
1683 4880 1738 4916 4444

412 4944 491 4990 totam
505 4938 607 5002 [44444444
618 4940 743 5003 accipistis
759 4941 785 4990 lr.
800 4967 827 4977 -
846 4942 887 4992 27.
905 4943 957 5004 ipss
972 4943 1033 4992 mibi
1049 4944 1079 5004 44,
1097 4944 1222 5007 mihiipsi
1239 4945 1294 4994 eet
1304 4945 1333 4994 A.
1349 4970 1376 4978 —
1395 4944 1435 4996 28.
1451 4958 1576 5008 peroraro
1592 4941 1648 4992 uiri
1666 4943 1693 4992 et
1703 4943 1735 5002 V,

412 5016 475 5067 444444
488 5028 542 5079 mg.
562 5015 573 5067 4
580 5029 587 5064 :
601 5015 727 5078 perorabo
743 5014 857 5070 AL80.
875 5016 942 5068 Illud
959 5017 1121 5069 divinaverat
1134 5017 1243 5070 Orellius
1260 5017 1318 5070 coll.
1337 5019 1414 5071 Verr.
1427 5021 1452 5082 3,
1471 5021 1512 5079 66,
1531 5018 1586 5070 tot.
1612 5017 1650 5069 Ci.
1669 5017 1735 5069 inira

413 5091 438 5154 g.
456 5091 498 5140 st.
522 5104 571 5155 pro
589 5089 708 5141 Cluentio
731 5091 755 5154 ἓ.
774 5091 798 5142 6.
817 5105 866 5156 pro
884 5091 971 5144 Caelio
989 5093 1013 5158 5.
1032 5095 1072 5144 70.
1093 5121 1120 5129 -
1139 5094 1180 5144 29.
1195 5097 1333 5157 postutcret
1350 5096 1366 5145 k
1384 5099 1411 5146 et
1428 5109 1481 5159 mg.
1499 5095 1526 5149 6.
1541 5121 1569 5132 -
1587 5094 1627 5145 34.
1644 5095 1736 5156 priua-

412 5172 464 5217 tam
481 5179 506 5216 4.
521 5192 549 5202 -
568 5165 608 5215 32.
627 5166 656 5215 ln
671 5165 737 5214 bono
750 5179 804 5216 4444
818 5168 907 5218 kcum
922 5167 1006 5219 tribus
1018 5167 1224 5220 oxoniensibus:
1243 5170 1270 5218 iu
1280 5171 1327 5220 bac
1337 5170 1490 5225 rsAnuo.
1511 5169 1549 5221 ct.
1563 5169 1587 5232 3.
1600 5169 1640 5219 46.
1658 5169 1734 5220 Verr.

411 5243 508 5293 Aecus.
521 5241 546 5301 4,
559 5240 600 5302 44,
613 5240 654 5291 36.
674 5242 702 5291 44
717 5243 874 5307 praesertim
890 5245 915 5303 2,
934 5243 974 5302 59,
994 5243 1050 5294 titi.
1071 5270 1099 5278 —
1117 5249 1141 5294 44
1156 5242 1241 5295 semel
1258 5244 1385 5296 exhibent
1399 5243 1539 5296 abcdei
1547 5242 1643 5295 klmn
1660 5245 1688 5295 et
1702 5246 1734 5295 A.

413 5345 441 5354 -
461 5322 523 5371 44444
537 5314 714 5372 Bcdcbln.
734 5343 761 5353 —
783 5317 825 5370 ³6.
842 5317 1013 5385 cartis1rsctis
1029 5330 1082 5383 mg.
1102 5317 1127 5371 6.
1145 5317 1204 5371 vid.
1222 5317 1257 5374 ad
1273 5319 1363 5372 Horat.
1381 5320 1447 5387 Epp.
1464 5319 1490 5382 2,
1508 5318 1533 5382 4,
1551 5317 1609 5372 466.
