4367 6109
727 578 781 642 ΔΙ)
803 577 947 642 LIBROS
969 578 1105 641 111-v.
1126 576 1428 643 accusaveras.
1663 569 1719 637 toi

412 726 556 777 verboram
573 723 782 787 distinctionem,
801 727 876 778 cuius
892 727 1055 777 concinnitas
1071 729 1165 793 sponte
1182 731 1309 794 apparet:
1327 727 1387 791 quid
1402 731 1458 776 aral
1473 726 1539 788 puod
1554 723 1664 776 Catilinae
1676 724 1727 773 ito-

411 824 467 861 mue
488 815 696 873 ouemaurn,
723 811 744 860 si
764 809 880 862 merae?
903 811 964 874 quid
984 816 1039 862 erat
1061 814 1127 875 pund
1148 812 1375 877 rmttmnabat-·‚
1401 810 1464 860 siid
1480 810 1523 860 lili
1539 823 1586 859 nra
1600 808 1727 859 uoluntate

410 892 595 944 omdtderallr
612 895 682 944 Baar.

476 991 536 1042 pag.
554 977 612 1030 302.
630 992 655 1028 v.
673 978 714 1028 28.
732 978 796 1028 illud
810 992 870 1029 aero
886 980 1014 1041 optimum.
1038 980 1100 1030 Cum
1115 981 1261 1031 Haluntium
1276 983 1379 1031 omisa
1394 982 1464 1031 Baiae
1481 994 1508 1045 p.
1526 979 1583 1030 208.

475 1075 535 1126 pag.
554 1061 610 1114 306.
628 1076 654 1112 v.
673 1063 697 1112 0.
715 1064 830 1113 nomine:
847 1077 878 1113 ec
890 1077 938 1125 per
953 1064 1087 1112 triennium
1104 1064 1175 1116 idem
1192 1078 1219 1128 p.
1237 1065 1295 1116 208.

476 1160 536 1211 pag.
554 1146 612 1197 300.
629 1159 655 1196 v.
674 1145 714 1196 03.
734 1146 888 1198 «Excidisse
905 1149 969 1211 pulo
985 1148 1163 1197 candelabrum
1179 1151 1240 1198 ante
1258 1149 1343 1198 illud..
1361 1149 1430 1199 Baiae
1449 1161 1475 1213 p.
1494 1149 1550 1198 220.

476 1243 535 1295 pag.
554 1231 610 1281 363.
629 1244 654 1281 v.
672 1229 714 1281 20.
732 1230 777 1279 abs
787 1235 810 1280 te
821 1231 938 1296 officiant,
951 1236 993 1280 tuo
1005 1229 1113 1280 &llum
1121 1233 1206 1295 penei-t
1216 1245 1247 1281 aa
1257 1232 1360 1293 mmlni,
1371 1233 1473 1293 requiro
1484 1233 1535 1281 cei.
1548 1230 1620 1280 idem
1631 1244 1658 1294 p.
1668 1231 1725 1281 220.

475 1327 536 1378 pag.
554 1315 612 1365 300.
630 1328 656 1365 v.
674 1314 699 1365 8.
724 1314 886 1365 «abiiciatur
908 1312 1040 1365 emblema
1065 1315 1095 1364 de
1110 1315 1235 1364 iinourio
1258 1315 1440 1376 tundaritano,
1467 1315 1537 1378 qaod
1556 1328 1589 1365 na
1607 1315 1727 1365 Latinum

412 1398 520 1462 quidem
537 1401 590 1459 est,
610 1412 671 1449 cum
689 1397 866 1463 postularetur
881 1400 975 1449 crimen
991 1399 1112 1449 Mercurii
1132 1399 1294 1459 Tyndaritani
1311 1399 1368 1462 (0οι.
1388 1399 1459 1450 idem
1477 1413 1503 1464 p.
1522 1400 1579 1449 222.

477 1495 536 1547 pag.
554 1481 611 1533 360.
629 1495 655 1533 v.
674 1482 714 1534 32.
735 1483 842 1545 posteris
859 1482 941 1544 moin,
965 1496 1046 1546 quam
1064 1482 1279 1534 emendationem
1297 1485 1349 1534 iam
1371 1496 1421 1547 ego
1438 1483 1465 1534 in
1481 1483 1524 1533 ed.
1544 1484 1614 1547 Lips.
1631 1495 1728 1548 propo-

411 1579 531 1628 sueram,
550 1569 630 1618 etiam
646 1568 742 1618 Baiias
758 1579 785 1632 p.
803 1567 861 1619 222.
880 1568 999 1631 requirit.

476 1665 535 1716 pag.
554 1652 611 1702 360.
630 1665 655 1702 v.
674 1651 715 1702 02.
731 1657 858 1714 pennatus
873 1653 963 1702 scituri
978 1652 1111 1702 atrocitate
1125 1652 1217 1717 recolit
1234 1650 1305 1701 idem
1321 1663 1348 1716 p.
1367 1651 1424 1703 223.

477 1748 536 1801 pag.
555 1736 611 1786 363.
631 1749 656 1786 v.
675 1736 699 1786 0.
718 1735 863 1786 criminibus
879 1737 944 1786 enlm
961 1736 1079 1800 orpudur
1095 1735 1167 1786 idem
1183 1749 1210 1800 p.
1227 1735 1286 1786 223,

477 1832 537 1885 pag.
556 1820 612 1871 360.
631 1834 656 1870 v.
675 1820 699 1870 3.
718 1825 845 1870 amulum
861 1826 920 1870 cael
937 1819 1007 1870 idem
1025 1834 1052 1884 p.
1064 1818 1122 1870 220.
1146 1820 1185 1871 Ci.
1204 1819 1366 1870 antitheton:
1386 1821 1429 1882 quel
1442 1857 1448 1870 .
1460 1856 1466 1869 .
1479 1857 1485 1869 .
1497 1819 1596 1869 alcuna
1610 1821 1703 1884 luisset.

477 1917 536 1969 pag.
555 1904 612 1956 300.
630 1918 656 1954 v.
674 1906 716 1955 25.
734 1905 889 1966 Syracusani
905 1907 965 1969 post
981 1905 1077 1955 incolae
1093 1905 1171 1955 Balaio
1188 1918 1215 1969 p.
1234 1905 1292 1955 226.
1311 1902 1477 1969 interpolatio
1494 1904 1606 1954 videtur.

477 2001 536 2052 pag.
555 1988 612 2039 300.
630 2003 656 2039 v.
673 1990 715 2040 23.
732 1990 858 2053 cancellat
873 2002 933 2039 sane
949 1994 1020 2063 caup
1037 1990 1103 2051 quod
1119 1991 1234 2039 deremet
1250 1989 1323 2039 idem
1340 2003 1366 2054 p.
1385 1988 1442 2038 228.

780 2146 830 2205 AD
850 2146 991 2204 LIBRUM
1010 2148 1047 2203 V.
1068 2146 1355 2206 Accusanionts

477 2291 537 2343 pag.
554 2277 612 2329 302.
630 2292 657 2329 v.
676 2279 716 2330 03.
744 2279 951 2330 «devocandum
973 2281 1031 2329 erat
1051 2278 1184 2343 inteutans,
1210 2291 1372 2342 quamquam
1394 2291 1427 2328 ex
1449 2278 1625 2330 deterioribus
1644 2277 1728 2331 libris.

412 2361 493 2413 Stulte
519 2375 584 2413 sane
604 2362 701 2413 Verres
723 2376 756 2412 eo
778 2363 946 2426 conlugeret,
972 2364 994 2413 si
1015 2364 1068 2412 iam
1092 2360 1248 2426 intelligeret
1264 2376 1297 2413 ex
1314 2376 1347 2414 eo
1365 2361 1462 2413 nullam
1479 2363 1529 2414 sibi
1547 2363 1730 2415 defensionem

411 2449 510 2507 oram,
528 2445 577 2498 sed
595 2445 774 2498 intellecturus
791 2449 874 2497 erat.»
892 2448 961 2497 Bake
979 2460 1005 2511 p.
1024 2448 1081 2497 230.
1108 2447 1212 2498 inducit
1228 2447 1301 2497 idem
1317 2460 1343 2497 v.
1363 2446 1403 2498 ti.
1421 2448 1510 2498 ltatiet.

477 2544 537 2596 pag.
555 2532 612 2582 300.
632 2545 658 2582 v.
675 2531 717 2582 26.
735 2536 758 2581 et
775 2533 835 2596 post
850 2531 946 2581 litterae
962 2531 1065 2581 inducit
1079 2531 1152 2583 idem
1171 2545 1199 2596 p.
1216 2531 1274 2583 233.

478 2628 539 2679 pag.
557 2614 615 2667 000.
632 2627 659 2665 v.
677 2615 718 2666 23.
737 2616 767 2665 in
784 2615 847 2666 edit.
866 2617 935 2680 Lips.
948 2615 1054 2666 distinxi
1070 2615 1215 2678 Liuiaeum
1229 2615 1357 2679 fortasse?
1372 2617 1402 2667 ul
1417 2616 1484 2668 haec
1502 2618 1672 2681 interrogatio
1690 2631 1731 2668 re·

413 2700 544 2765 spondeat
560 2701 682 2764 sequenti
698 2700 849 2750 Panamara
866 2698 965 2764 ipilur?

478 2796 538 2848 pag.
556 2782 613 2834 002.
631 2797 658 2834 v.
677 2784 717 2834 t6.
735 2785 842 2834 aduocat
857 2784 951 2834 amicos
966 2785 1068 2835 statim:
1085 2784 1185 2846 quaerut
1200 2798 1234 2835 ea
1249 2784 1286 2833 lis
1297 2782 1359 2849 cet]
1378 2785 1465 2836 ailaec
1477 2786 1515 2836 sic
1527 2786 1728 2850 coniunguntur,

413 2867 550 2930 nmquam
572 2868 595 2919 si
617 2881 649 2917 ex
671 2868 762 2918 amicis
779 2868 967 2932 quaesivissel;
991 2868 1072 2919 credo
1095 2881 1177 2919 unam
1193 2867 1323 2932 syllabam
1340 2882 1389 2933 per
1404 2869 1603 2923 similitudinem
1619 2883 1731 2936 praece-

413 2950 501 3002 dentis
517 2949 670 3016 absorptam
686 2950 900 3016 legendumque:
919 2958 972 3002 tum
988 2953 1086 3016 quaml
1103 2966 1137 3003 aa
1151 2953 1209 3004 iis.»
1226 2954 1296 3004 Bake
1312 2967 1340 3018 p.
1358 2954 1416 3005 236.

479 3048 539 3099 pag.
557 3034 614 3087 020.
632 3050 658 3087 v.
679 3036 720 3087 00.
736 3038 913 3087 mulcendum
928 3038 1024 3087 Baiias
1041 3050 1067 3101 p.
1085 3036 1144 3088 200.
1166 3039 1243 3088 «Non
1260 3038 1408 3102 quaerebat
1424 3051 1494 3090 nnnc
1510 3039 1574 3104 quid
1590 3038 1730 3104 aliquando

413 3118 512 3169 iactam
529 3121 613 3181 esset,
631 3120 680 3171 sed
697 3120 762 3184 qnid
777 3120 835 3170 deri
851 3123 987 3185 oporteret
1003 3134 1035 3171 ac
1051 3134 1133 3186 saepe
1151 3135 1263 3174 necesse
1280 3125 1377 3174 esset.»

478 3216 537 3268 pag.
550 3202 608 3255 036.
625 3217 652 3255 v.
666 3205 706 3255 08.
723 3204 874 3256 remitterer:
888 3207 1018 3269 ipnoraret
1028 3207 1095 3269 (siae
1106 3207 1138 3270 aa)
1149 3219 1213 3257 curn
1223 3208 1337 3258 Manutio
1349 3208 1519 3259 commendat
1530 3209 1624 3260 Baiias
1635 3223 1661 3274 p.
1671 3208 1729 3260 202.

479 3301 539 3353 pag.
558 3288 615 3340 030.
633 3301 660 3340 v.
678 3290 703 3339 6.
722 3287 811 3340 Verba
827 3289 905 3340 moen
920 3292 1059 3341 iionmnom
1075 3289 1189 3342 delenda
1206 3304 1266 3342 esse
1284 3292 1364 3343 etiam
1375 3293 1469 3344 Bauius
1485 3308 1513 3359 p.
1525 3292 1583 3345 202.
1595 3293 1730 3346 intellexit.

415 3372 454 3425 cl.
473 3374 560 3425 adnot.
579 3386 668 3425 meam
685 3374 711 3424 in
729 3373 791 3424 edit.
810 3374 880 3439 Lips.

479 3471 537 3524 pag.
556 3457 612 3510 030.
636 3472 662 3510 v.
680 3458 720 3508 02.
738 3471 824 3521 nempe
839 3458 1020 3512 inducendum
1042 3474 1102 3512 esse
1126 3463 1202 3526 putat
1218 3461 1352 3525 Kayserus
1369 3463 1395 3512 in
1412 3462 1519 3514 Heidell.
1536 3463 1638 3514 latria.
1657 3463 1730 3515 0863.

414 3554 442 3607 p.
460 3542 516 3593 303.
545 3541 630 3606 (idem
651 3543 773 3608 proponit
789 3545 821 3594 li.
847 3543 871 3608 5.
890 3545 931 3595 22.
950 3559 977 3611 p.
996 3546 1058 3607 083,
1076 3546 1118 3597 25.
1144 3551 1203 3597 tuno
1223 3559 1272 3613 pro
1294 3547 1371 3606 limum
1397 3546 1475 3598 obelo
1492 3549 1565 3599 notat
1581 3550 1612 3599 ii.
1630 3548 1654 3613 5.
1674 3548 1730 3599 030.

414 3640 441 3692 p.
459 3626 517 3688 206,
535 3627 559 3677 0.
577 3626 661 3677 verba
678 3628 744 3690 quod
759 3641 842 3679 omnes
857 3629 935 3680 strui
951 3657 967 3668 -
977 3657 992 3668 -
1008 3631 1151 3694 consenum
1170 3631 1234 3682 item
1250 3632 1293 3681 lv.
1312 3631 1336 3695 5.
1356 3631 1412 3683 030.
1431 3645 1457 3697 p.
1477 3631 1534 3695 300,
1546 3632 1571 3684 2.
1590 3646 1633 3683 vv.
1651 3633 1673 3682 le
1689 3633 1733 3696 pul

415 3716 468 3762 tum
483 3712 660 3776 0690060000
676 3713 703 3762 8.
721 3711 837 3772 natam
855 3713 897 3764 IV.
916 3713 941 3778 5.
961 3714 1018 3766 003.
1036 3728 1062 3779 p.
1076 3714 1137 3777 306,
1155 3715 1180 3766 8.
1199 3718 1284 3766 totum
1301 3714 1364 3766 iliud
1380 3716 1407 3766 ln
1423 3730 1475 3779 qua
1490 3718 1733 3768 aeia--cmnmo-

414 3801 482 3846 amet
496 3794 568 3846 idem
586 3809 635 3861 pro
651 3794 812 3847 emblemate
828 3796 925 3857 hahet;
949 3798 1064 3862 denique
1081 3801 1112 3851 V.
1131 3799 1157 3864 5.
1173 3799 1226 3860 st,
1244 3813 1326 3865 quem
1342 3799 1431 3853 iocum
1446 3802 1500 3852 iam
1516 3802 1612 3853 Bakius
1628 3814 1654 3866 p.
1673 3801 1730 3854 230.

415 3880 628 3944 impugnaverat,
645 3880 752 3932 scribit:
770 3881 886 3933 mulieres
900 3887 984 3934 amera
998 3883 1103 3947 mlius,
1120 3884 1147 3933 in
1164 3884 1252 3947 metu
1267 3889 1323 3935 mat
1335 3885 1411 3948 Nice,
1429 3885 1524 3937 mediis
1535 3884 1641 3948 deletis,
1659 3888 1689 3936 nt
1699 3898 1732 3936 ex

415 3963 458 4014 iil.
476 3963 501 4028 5.
518 3964 559 4015 00.
577 3964 630 4016 hnc
647 3962 742 4029 illatis.)

481 4047 520 4098 De
536 4047 626 4100 verbis
641 4062 683 4101 rer
695 4049 797 4114 puellm
811 4064 916 4116 meaque
929 4053 990 4117 fides
1005 4065 1032 4118 p.
1050 4051 1110 4105 002.
1128 4067 1154 4104 v.
1172 4054 1213 4104 22.
1231 4052 1292 4106 vide
1308 4054 1418 4105 Bakinm
1438 4066 1466 4119 p.
1484 4053 1532 4107 203
1549 4067 1591 4118 sq.
