4367 6109
446 567 509 636 iti
754 600 759 610 ·
816 569 860 636 IN
882 569 921 647 Q.
945 566 1165 635 caucium
1184 568 1396 636 DIVINATIO

446 740 624 806 cundarum
650 745 707 803 aut
733 738 898 804 tertiarum
923 740 1077 823 partium,
1110 759 1183 803 cum
1211 739 1314 823 possit
1342 738 1507 822 aliquanto
1530 735 1648 800 clarius
1670 734 1776 799 dicere

446 856 544 922 quarn
558 836 627 919 ipse
641 833 830 917 primarum,
852 834 987 898 multum
1001 834 1214 909 summittere,
1234 841 1271 897 ut
1285 833 1339 896 ille
1355 832 1618 916 princeps-quam
1635 829 1773 894 maxime

447 931 598 995 excellat:
628 929 675 992 sic
695 928 791 993 iaciet
809 929 960 993 Alienus:
987 929 1046 992 tibi
1068 929 1204 1003 serviet,
1231 928 1289 991 tibi
1311 926 1562 1000 lenocinabitur,
1591 925 1698 988 minus
1719 922 1777 986 ali·

447 1032 567 1109 quanto
598 1022 771 1088 contendet
802 1044 899 1109 quam
926 1030 1042 1107 potest.
1085 1020 1138 1086 49.
1166 1024 1233 1087 lam
1261 1021 1324 1085 boc
1346 1020 1563 1094 considerate,
1596 1016 1776 1083 cuiusmodi
1802 1086 1814 1108 ,

422 1122 646 1183 laccusatores
666 1118 701 1181 iu
723 1125 810 1182 tauto
832 1117 952 1182 iudicio
975 1118 1075 1181 simus
1096 1117 1251 1192 habituri,
1281 1135 1354 1179 cum
1376 1114 1499 1197 etipse
1521 1114 1655 1177 Alienus
1677 1132 1720 1176 ex
1740 1130 1778 1175 ea

444 1211 610 1287 facultate,
639 1211 667 1274 si
696 1232 793 1296 quam
814 1211 926 1286 babet,
956 1211 1156 1295 aliquantum
1178 1210 1376 1274 detracturus
1399 1208 1441 1273 sit
1474 1215 1507 1271 et
1529 1207 1689 1272 Caecilius
1711 1212 1778 1269 tum

444 1306 585 1390 denique
607 1325 643 1369 se
663 1304 786 1389 aliquid
807 1304 950 1368 futurum
972 1312 1079 1388 putet,
1103 1306 1131 1368 si
1152 1305 1284 1368 Alienus
1306 1305 1412 1368 miuus
1433 1302 1606 1367 vehemens
1627 1300 1727 1364 fuerit
1747 1306 1779 1363 et

444 1400 507 1463 sibi
528 1400 646 1484 primas
667 1398 702 1461 in
724 1397 860 1462 diceudo
882 1407 989 1482 partes
1012 1400 1215 1463 concesserit
1249 1399 1405 1475 Quartum
1420 1416 1516 1481 quem
1538 1396 1581 1459 sit
1600 1395 1778 1469 habiturus,

445 1513 510 1557 non
531 1493 644 1567 video,
666 1492 729 1556 nisi
751 1513 848 1577 quem
864 1492 948 1558 forte
965 1515 1005 1558 ex
1019 1493 1077 1556 illo
1092 1513 1187 1577 grege
1202 1500 1414 1566 moratorum,
1436 1491 1493 1575 qui
1509 1489 1777 1573 subscriptionem

408 1598 436 1646 ⁴⁰
445 1588 506 1653 sibi
527 1586 746 1670 postularunt,
776 1588 966 1672 cuicumque
997 1609 1055 1652 vos
1076 1588 1269 1652 delationem
1292 1586 1471 1650 dedissetis.
1515 1581 1567 1646 50.
1588 1584 1638 1647 Ex
1660 1584 1778 1667 quibus

444 1681 649 1747 alienissimis
670 1680 856 1745 homiuibus
877 1683 923 1746 ita
944 1690 1073 1766 paratus
1096 1683 1202 1757 venis,
1224 1690 1260 1746 ut
1281 1682 1339 1745 tibi
1360 1682 1479 1765 hospes
1494 1678 1612 1762 aliquis
1635 1678 1677 1741 sit
1698 1676 1778 1741 reci-

444 1774 593 1859 piendus.
627 1774 751 1851 Quibus
773 1795 832 1859 ego
856 1796 921 1840 uou
937 1798 1007 1840 sum
1022 1784 1145 1840 tanturn
1160 1777 1316 1840 honorem
1329 1775 1512 1848 habiturus,
1534 1780 1571 1836 ut
1584 1772 1626 1837 ad
1641 1790 1778 1856 eaquae

446 1870 587 1934 dixerint
608 1876 695 1933 certo
717 1870 790 1934 loco
811 1878 867 1934 aut
888 1871 1073 1955 singillatim
1096 1871 1272 1955 unicuique
1293 1868 1526 1953 respondeam:
1556 1867 1603 1930 sic
1629 1865 1778 1939 breviter,

446 1964 599 2048 quoniam
620 1982 686 2026 nou
701 1964 867 2040 consulto,
889 1966 945 2029 sed
960 1986 1037 2029 casu
1053 1965 1087 2028 in
1103 1985 1214 2029 eorum
1229 1964 1425 2028 mentionem
1439 1962 1556 2037 incidi,
1579 1961 1673 2046 quasi
1687 1979 1779 2044 prae-

408 2058 565 2121 titeriens
593 2057 671 2121 satis
694 2058 808 2124 faciam
829 2060 999 2124 universis.
1041 2060 1127 2123 xvi
1150 2060 1292 2122 Tantane
1321 2058 1413 2122 vobis
1441 2057 1553 2140 inopia
1574 2055 1687 2120 videor
1708 2073 1778 2118 esse

445 2153 638 2228 amicorum,
659 2160 696 2216 ut
717 2153 795 2217 mihi
817 2174 883 2217 non
905 2174 946 2218 ex
966 2155 1022 2230 iis,
1045 2173 1129 2238 quos
1151 2173 1275 2216 mecum
1298 2152 1504 2227 adduxerim,
1527 2150 1584 2214 sed
1599 2148 1639 2213 de
1657 2146 1778 2232 populo

446 2247 645 2331 subscriptor
665 2246 821 2311 addatur‘t
842 2249 934 2313 robis
956 2256 1064 2312 autem
1086 2256 1174 2312 44444
1194 2247 1305 2330 inopia
1325 2265 1453 2309 reorum
1472 2252 1538 2320 est,
1560 2250 1598 2307 ut
1612 2242 1691 2306 mihi
1706 2260 1780 2304 cau·

446 2360 514 2405 4444
534 2342 718 2426 praeripere
740 2342 901 2405 conemini
921 2342 1046 2425 potius,
1075 2362 1173 2426 quam
1202 2342 1329 2426 aliquos
1355 2341 1396 2404 ad
1419 2339 1601 2403 columnam
1622 2336 1780 2402 llaeniam

445 2436 545 2501 vestri
572 2436 695 2500 ordinis
722 2455 795 2500 reos
823 2437 1016 2520 reperiatis?
1062 2431 1115 2498 bl.
1142 2435 1330 2510 Custodem,
1358 2434 1481 2519 inquit,
1513 2432 1619 2497 Tullio
1648 2451 1700 2494 me
1724 2449 1780 2513 ap-

408 2542 439 2592 44
447 2530 568 2614 ponite.
619 2530 731 2607 Quint
760 2531 839 2595 mihi
868 2551 964 2615 quam
990 2529 1100 2593 multis
1133 2529 1319 2593 custodibus
1349 2548 1431 2611 opus
1460 2528 1537 2603 erit,
1566 2527 1594 2590 si
1622 2532 1655 2589 te
1681 2522 1780 2588 semel

447 2624 488 2689 ad
510 2643 597 2688 meas
618 2644 731 2709 capsas
752 2626 932 2690 admisero?
963 2625 1019 2709 qui
1041 2644 1108 2688 uon
1129 2624 1234 2689 solum
1255 2645 1296 2687 ne
1318 2623 1396 2707 quid
1419 2622 1583 2696 enunties,
1606 2619 1780 2684 sedetiam

448 2739 489 2783 ne
511 2717 589 2803 quid
611 2719 753 2796 auferas,
782 2718 1013 2784 custodiendus
1042 2719 1096 2782 sis.
1141 2719 1204 2781 Sed
1226 2719 1266 2781 de
1288 2718 1351 2781 isto
1375 2716 1507 2781 custode
1529 2723 1599 2779 toto
1621 2714 1668 2778 sic
1690 2712 1780 2778 vobis

447 2812 634 2878 brevissime
666 2813 885 2897 respondebo:
918 2833 984 2876 nou
1013 2832 1083 2876 esse
1112 2812 1172 2876 bos
1199 2810 1278 2876 tale's
1299 2812 1386 2892 viros
1408 2810 1650 2883 commissuros,
1682 2813 1720 2871 ut
1740 2805 1780 2870 ad

449 2926 578 2971 oausam
598 2914 734 2983 mutam,
755 2928 775 2972 a
797 2928 847 2970 me
870 2913 1067 2990 susceptam,
1097 2907 1175 2968 mihi
1198 2907 1367 2981 creditam,
1389 2905 1561 2991 quisquam
1583 2902 1782 2985 subscriptor

410 3014 500 3066 time
520 3000 623 3066 inrito
644 3001 808 3086 adspirare
830 3002 942 3085 possit
985 3002 1112 3064 Etenim
1133 2998 1211 3064 fides
1233 3021 1304 3065 mea
1326 2998 1492 3063 custodem
1512 2997 1679 3081 repudiat,
1710 2993 1782 3058 dili·

449 3095 558 3181 gentia
579 3096 813 3179 speculatorem
834 3095 1029 3159 reformidat

515 3186 585 3271 Ι142.
613 3192 750 3266 Verum,
776 3197 813 3254 ut
840 3191 881 3254 ad
909 3198 957 3265 te,
988 3190 1123 3266 Caecili,
1156 3189 1301 3265 redeam,
1330 3209 1427 3273 44444
1447 3188 1548 3251 rniilta
1568 3194 1601 3250 te
1623 3181 1781 3260 deficiant,

451 3287 559 3351 vides:
581 3305 678 3370 quam
699 3285 800 3349 multa
822 3284 886 3348 siut
907 3284 1003 3359 inte,
1026 3305 1110 3368 quae
1124 3305 1199 3347 reus
1213 3303 1334 3347 nocens
1348 3284 1383 3346 iu
1397 3288 1582 3346 accusatore
1597 3300 1657 3344 suo
1673 3280 1783 3364 cupiat

450 3402 540 3456 esse,
559 3379 704 3463 proiecto
718 3379 782 3443 iam
796 3378 959 3461 intelligis.
982 3379 1069 3454 Quid
1084 3378 1219 3443 adhaec
1235 3378 1299 3441 diei
1313 3379 1442 3461 potest?
1463 3379 1535 3459 Non
1549 3376 1635 3440 enim
1650 3394 1781 3460 quaero,

414 3487 443 3535 so
452 3476 531 3560 quid
553 3482 588 3538 tu
609 3474 754 3539 dicturus
776 3474 841 3537 sis:
863 3474 958 3537 video
981 3474 1058 3536 mibi
1080 3494 1147 3537 non
1168 3481 1217 3549 te,
1240 3472 1295 3535 sed
1317 3473 1402 3535 hunc
1424 3470 1541 3533 librum
1561 3490 1633 3534 esse
1649 3489 1782 3553 respou-

451 3590 576 3644 surum,
606 3588 703 3652 quem
728 3568 869 3631 monitor
896 3574 970 3632 tuus
997 3567 1051 3630 bic
1079 3575 1180 3643 tenet,
1208 3566 1281 3651 qui,
1311 3566 1339 3629 si
1366 3574 1398 3629 te
1427 3571 1513 3627 recte
1535 3584 1666 3628 monere
1686 3563 1782 3636 volet.

452 3663 600 3729 suadebit
631 3661 707 3736 tibi,
738 3667 775 3725 ut
803 3662 879 3725 hinc
901 3663 1046 3726 discedas
1071 3682 1178 3746 neque
1200 3661 1278 3724 mibi
1299 3660 1432 3724 verbum
1453 3658 1555 3721 ullum
1576 3658 1782 3743 respondeas.

453 3756 540 3832 Quid
567 3756 651 3820 enim
680 3755 789 3819 dices‘l
828 3757 879 3818 An
901 3756 934 3818 id
957 3757 1045 3839 quod
1068 3757 1210 3831 dictitas,
1244 3754 1393 3818 iniuriam
1414 3752 1473 3817 tibi
1494 3751 1609 3817 fecisse
1630 3753 1781 3818 Verrem?

451 3848 607 3912 Arbitror.
649 3851 762 3934 Neque
790 3850 875 3911 euim
906 3860 990 3913 esset
1010 3851 1077 3914 veri
1106 3851 1227 3923 simile,
1260 3869 1332 3912 cum
1354 3847 1502 3910 omnibus
1526 3847 1644 3912 Siculis
1664 3848 1784 3912 faceret

414 3942 599 4017 toiniurias,
622 3948 654 4005 te
675 3942 723 4005 illi
745 3962 845 4005 uuum
867 3944 1021 4005 eximium
1042 3945 1095 4007 cui
1118 3943 1300 4007 consuleret
1320 3941 1430 4006 fuisse.
1467 3938 1519 4002 53.
1543 3942 1606 4004 Sed
1621 3942 1720 4006 ceteri
1735 3940 1784 4004 Si·

453 4035 518 4099 culi
538 4036 676 4099 ultorem
698 4055 826 4100 suarum
848 4037 1038 4099 iniuriarum
1059 4039 1268 4112 inveneruut;
1298 4044 1347 4111 tu,
1376 4036 1452 4098 dum
1477 4042 1549 4098 tuas
1569 4035 1705 4101 iniurias
1726 4051 1785 4118 per

453 4137 500 4205 te,
522 4128 555 4192 id
579 4130 667 4213 quod
688 4149 754 4193 non
775 4137 886 4214 potes,
907 4132 1059 4215 persequi
1081 4132 1225 4207 conaris,
1246 4129 1280 4194 id
1302 4129 1388 4212 agis,
1409 4136 1446 4193 ut
1460 4136 1638 4193 ceterorum
1652 4146 1784 4214 quoque

452 4223 590 4286 iniuriae
610 4224 675 4287 siut
695 4224 871 4308 impunitae
893 4233 990 4309 atque
1011 4226 1152 4289 inultae:
1176 4233 1207 4289 et
1227 4223 1289 4288 boc
1311 4231 1343 4287 te
1358 4223 1527 4304 praeterit,
1549 4243 1615 4289 nou
1630 4223 1665 4287 id
1679 4223 1785 4288 solum

452 4317 590 4401 spectari
610 4316 731 4393 solere,
754 4319 810 4403 qui
834 4318 962 4394 debeat,
985 4321 1042 4383 sed
1064 4321 1160 4383 etiam
1181 4317 1278 4393 illud,
1301 4319 1358 4403 qui
1381 4319 1485 4401 possit
1504 4317 1634 4397 ulcisci:
1662 4318 1698 4383 in
1719 4334 1784 4403 quo

518 4539 900 4606 7.fatomodild1)1.gts:
924 4543 1052 4607 1444444444
1069 4544 1102 4594 64
1124 4540 1157 4592 41.
1178 4567 1206 4579 -
1228 4547 1251 4592 et
1273 4541 1320 4591 sibi
1341 4542 1409 4592 641)
1427 4554 1519 4606 p.m.:
1546 4540 1734 4594 4444446441.
1754 4563 1782 4577 -

452 4614 477 4665 9.
495 4619 654 4665 moratorum
669 4615 738 4667 coni.
753 4616 842 4666 cuiae.
855 4616 952 4668 Obsvv.
966 4620 1008 4668 lv.
1022 4618 1062 4669 39,
1076 4631 1109 4667 ex
1119 4621 1191 4677 Asc.¹
1210 4617 1238 4668 in
1255 4619 1331 4668 cuius
1348 4616 1408 4668 cod.
1422 4616 1495 4668 leid.
1508 4630 1541 4666 ec
1551 4616 1594 4666 tito
1609 4628 1713 4682 pressos
1727 4627 1786 4667 crs·

451 4688 781 4754 momoleginarratliau
800 4691 820 4740 1.
838 4703 863 4755 p.
881 4691 941 4741 ⁴76:
959 4693 1199 4749 mammenus:
1216 4698 1426 4743 mcmotoroms.
1444 4695 1617 4742 ommatomm
1634 4690 1683 4753 al.;
1701 4695 1787 4741 44444-

450 4763 619 4816 uendidit.
640 4788 669 4802 -
689 4763 729 4814 43.
747 4765 987 4830 4449114444444449.
1006 4768 1039 4819 ci.
1059 4769 1082 4833 5.
1102 4768 1143 4818 44.
1162 4769 1204 4817 ill.
1224 4767 1247 4830 5.
1268 4769 1324 4818 400.
1342 4767 1374 4817 V.
1393 4766 1417 4829 S.
1437 4766 1493 4818 443.
1511 4766 1639 4817 Kuehucr
1654 4763 1689 4815 ad
1705 4765 1785 4817 Tuae.

450 4840 483 4891 V.
501 4840 525 4905 ἕ.
545 4836 593 4891 ai:
617 4839 747 4904 4494444444
763 4840 813 4899 64;
837 4841 982 4905 cucumim
998 4844 1030 4893 64
1043 4844 1072 4894 0.
1093 4868 1123 4879 -
1148 4843 1188 4893 48,
1211 4844 1246 4891 od
1264 4843 1407 4892 coturnicum
1423 4842 1598 4893 1444444444.
1618 4844 1691 4893 Parr.
1709 4837 1785 4902 nali,

451 4915 531 4968 codd.
551 4916 580 4980 (i)
592 4916 649 4968 Urs.
667 4914 797 4966 Wesenb.
816 4915 851 4966 ad
867 4917 935 4967 sest.
952 4930 980 4982 p.
999 4918 1052 4968 67.:
1069 4931 1087 4967 4
1103 4919 1220 4968 curenno
1234 4918 1339 4968 ,4444444
1354 4918 1446 4966 Franc.
1465 4930 1519 4981 pr.;
1538 4929 1557 4965 4
1573 4916 1690 4966 cotim
1706 4927 1787 4966 44444

451 5005 474 5044 4.
492 5004 569 5043 aoso
585 4993 649 5041 cett.
668 4989 747 5040 codd.
767 4990 834 5052 uoti,
858 4992 938 5043 etiam
953 5005 980 5052 ς.
1006 5019 1034 5029 -
1059 4993 1102 5045 44.
1126 4994 1161 5043 ad
1181 5004 1250 5042 nuce
1269 5006 1292 5042 c.
1317 4992 1441 5042 admisero
1458 4990 1552 5042 claud.
1570 4992 1629 5042 sac.
1648 5004 1676 5056 p.
1694 4990 1736 5041 44.
1757 5015 1785 5028 -

450 5066 492 5117 43.
511 5079 650 5129 nunquam
665 5064 728 5116 tates
742 5065 812 5114 ciros
826 5066 1000 5116 coromiesurcr
1014 5069 1045 5117 A.
1065 5094 1087 5104 -
1106 5068 1147 5118 49.
1166 5067 1274 5131 inedias
1290 5067 1336 5117 64.
1359 5068 1388 5117 14
1407 5067 1469 5117 644
1486 5067 1643 5131 saepissime
1660 5066 1788 5131 peccatur

451 5141 478 5191 iu
495 5139 726 5193 terminationibus
742 5137 889 5190 verborum
905 5153 967 5203 -ss,
985 5154 1074 5204 -rem,
1092 5148 1166 5205 ·ret,
1183 5146 1276 5203 ·reot,
1295 5140 1351 5192 aliis
1369 5143 1427 5193 eius
1444 5142 1558 5206 generis.
1578 5168 1607 5178 -
1625 5140 1667 5192 34.
1686 5145 1715 5191 ta
1730 5151 1787 5193 om.

452 5215 530 5267 641).
551 5242 578 5252 -
596 5230 648 5268 reos
664 5221 688 5267 te
698 5241 738 5253 ·-
749 5218 814 5266 toset
829 5215 896 5266 Non.
915 5229 943 5281 p.
955 5213 1013 5268 444.
1028 5244 1057 5254 -
1075 5218 1116 5270 34.
1134 5232 1185 5270 sos
1197 5221 1279 5282 potest
1294 5217 1332 5268 st.
1350 5217 1418 5268 bon.
1437 5216 1472 5269 ad
1488 5214 1674 5284 4444441414.
1686 5216 1713 5283 4,
1726 5215 1786 5283 4,4.

452 5286 511 5341 coll.
529 5289 614 5344 ilenti.
632 5290 668 5344 ed
683 5289 767 5344 Andr.
784 5289 810 5356 4,
829 5292 854 5355 4,
871 5290 913 5343 44.
