4367 6109
476 559 538 627 260
843 563 886 626 ΙΝ
906 559 1073 626 VERREM
1092 561 1216 627 ACTIO
1240 561 1424 627 SECUNDA

475 730 736 815 Agyrinensibus,
757 735 793 794 ut
813 730 960 794 decumas
982 730 1043 814 ipsi
1064 731 1190 814 publice
1213 733 1382 816 accipiant,
1403 733 1542 817 Apronio
1566 732 1685 797 lucrum
1707 736 1794 799 dent.

475 826 508 889 Si
529 845 642 908 magno
664 831 798 899 emerat,
831 825 979 908 quoniam
1008 833 1041 887 tu
1069 845 1120 899 es,
1153 826 1208 909 qui
1229 826 1331 908 pretia
1354 826 1594 908 diligentissime
1616 831 1794 913 exquisisti,

473 919 544 1003 qui,
566 926 602 981 ut
622 918 687 992 ais,
708 937 822 1001 magno
842 917 1028 981 vendidisti:
1053 939 1150 1002 quare
1172 920 1304 1002 putabas
1325 920 1458 1003 emptori
1476 919 1599 982 lucrum
1612 922 1688 985 addi
1701 943 1794 1006 opor-

470 1014 558 1076 44444
579 1013 670 1075 Esto:
692 1012 833 1095 putabas.
877 1011 1130 1087 Quamobrem
1158 1013 1332 1097 imperabas
1359 1021 1395 1076 ut
1426 1014 1603 1077 adderent?
1638 1015 1721 1091 Quid
1745 1024 1793 1079 est

447 1104 554 1169 baliud
582 1123 693 1188 capere
721 1106 887 1169 conciliare
916 1107 1083 1188 pecunias,
1117 1108 1149 1169 in
1172 1127 1235 1190 quo
1257 1114 1288 1169 te
1310 1107 1362 1170 lex
1384 1115 1483 1182 tenet,
1516 1109 1543 1171 si
1563 1107 1625 1171 hoc
1645 1129 1711 1171 nou
1733 1117 1792 1182 est,

468 1200 499 1262 ri
520 1206 616 1283 atque
637 1200 770 1283 imperio
792 1220 904 1283 cogere
926 1201 1039 1264 invitos
1061 1200 1183 1263 lucrum
1206 1199 1281 1263 dare
1306 1200 1414 1276 alteri,
1441 1201 1503 1265 hoc
1531 1210 1595 1277 est,
1624 1204 1792 1285 pecuniam

468 1291 567 1357 daret
611 1289 661 1357 72.
685 1294 769 1370 Quid
789 1297 879 1358 tum?
913 1294 1070 1378 Apronio,
1098 1293 1218 1356 deliciis
1247 1295 1414 1377 praetoris,
1443 1294 1550 1357 lucelli
1572 1294 1693 1381 aliquid
1716 1297 1793 1360 iussi

466 1395 540 1453 eunt
567 1386 652 1451 dare.
694 1389 837 1452 Putatote
865 1389 1005 1471 Apronio
1035 1388 1159 1461 datum,
1187 1389 1213 1451 si
1238 1390 1454 1472 Apronianum
1480 1388 1628 1453 lucellum
1660 1409 1696 1453 ac
1728 1411 1792 1454 non

465 1483 620 1567 praetoria
640 1480 759 1566 praeda
780 1482 869 1546 vobis
891 1482 1055 1546 ridebitur.
1099 1482 1239 1563 Imperas
1266 1490 1303 1544 ut
1324 1482 1659 1565 decumasaocipiant:
1692 1484 1793 1568 Apro-

428 1576 521 1641 ⁴⁰nio
550 1576 627 1639 dent
653 1576 733 1640 lueri
761 1577 854 1639 tritici
875 1575 1069 1638 medimnum
1089 1578 1202 1642 x—xl'ffll‘.
1246 1575 1330 1651 Quid
1354 1583 1402 1639 est
1421 1575 1507 1639 hoc‘l
1534 1596 1598 1640 uua
1620 1576 1728 1640 civitas
1751 1597 1792 1640 ex

464 1691 529 1735 uno
556 1691 632 1754 agro
659 1669 761 1754 plebis
783 1670 941 1734 Romanae
963 1689 1061 1753 prope
1084 1675 1243 1731 menstrua
1265 1669 1382 1732 cibaria
1403 1670 1556 1754 praetoris
1577 1671 1712 1754 imperio
1735 1670 1792 1734 do·

463 1784 539 1827 nare
562 1763 699 1848 Apronio
722 1763 851 1844 cogitur.
894 1763 941 1826 Tu
964 1782 1076 1845 magno
1099 1763 1245 1825 decumas
1267 1763 1453 1837 vendidisti,
1476 1785 1548 1827 cum
1569 1770 1688 1839 tantum
1710 1764 1790 1828 lucri

463 1857 636 1922 decumano
658 1857 698 1920 sit
719 1857 851 1920 datuml
883 1856 1040 1931 Profecto,
1069 1859 1097 1920 si
1125 1857 1258 1941 pretium
1280 1857 1477 1941 exquisisses
1499 1857 1684 1941 diligenter,
1712 1866 1790 1933 tum,

463 1972 533 2017 cum
563 1951 738 2027 vendebas,
769 1949 792 2018 X
821 1948 1015 2013 medimnum
1041 1951 1146 2035 potius
1175 1950 1373 2014 addidissent
1393 1972 1487 2035 quam
1510 1951 1570 2014 HS
1591 1947 1648 2025 136
1668 1960 1789 2036 postea.

425 2047 575 2129 44444344
595 2044 712 2130 praeda
732 2043 872 2108 videtur:
899 2044 1005 2107 audite
1026 2043 1151 2128 reliqua
1172 2052 1203 2108 et
1224 2044 1392 2127 diligenter
1411 2045 1577 2120 attendite,
1600 2065 1663 2129 quo
1684 2045 1789 2108 minus

461 2141 618 2206 miremini
639 2139 761 2203 Siculos
782 2159 817 2201 re
839 2139 1016 2202 necessaria
1037 2145 1161 2202 coactos
1182 2138 1334 2202 auxilium
1355 2158 1374 2202 a
1395 2139 1552 2222 patronis,
1582 2139 1620 2203 ab
1651 2139 1789 2203 consuli-

460 2235 535 2311 bus,
558 2235 596 2299 ab
619 2238 745 2307 senatu,
768 2232 806 2296 ab
828 2232 968 2315 legibus,
991 2232 1030 2296 ab
1052 2231 1177 2295 iudiciis
1198 2231 1356 2316 petivisse.
1393 2230 1444 2295 73.
1466 2233 1506 2296 Ut
1527 2233 1675 2316 probaret
1686 2233 1789 2316 Apro-

406 2331 411 2341 '
459 2329 533 2394 nius
554 2328 616 2393 hoc
637 2326 791 2402 triticum,
822 2324 908 2411 quod
930 2327 960 2389 ei
982 2320 1130 2399 dabatur,
1163 2325 1294 2408 impemt
1315 2325 1565 2409 Agyrinensibus
1587 2326 1720 2400 Verres,
1753 2333 1790 2389 ut

460 2424 494 2488 in
521 2423 681 2488 medimna
710 2419 836 2504 singula
857 2421 972 2484 dentur
992 2418 1133 2503 Apronio
1157 2418 1227 2481 Ha.
1270 2418 1397 2497 XXXl.
1411 2418 1494 2494 Quid
1517 2427 1566 2482 est
1586 2419 1671 2484 hoel
1700 2425 1787 2482 tanto

422 2525 590 2581 adnumero
621 2514 769 2579 frumenti
799 2514 877 2576 lucri
906 2514 1033 2576 nomine
1055 2513 1209 2595 imperato
1238 2519 1270 2576 et
1297 2534 1447 2598 expresso
1476 2517 1596 2579 nummi
1625 2523 1788 2600 praeterea

461 2610 646 2694 exiguntur,
668 2616 704 2671 ut
725 2607 873 2693 probetur
892 2607 1109 2670 frumentum?
1140 2606 1191 2668 An
1212 2615 1334 2690 poterat
1348 2628 1412 2671 uon
1427 2606 1521 2671 modo
1534 2610 1708 2692 Apronius,
1730 2605 1787 2670 sed

461 2704 581 2788 quivis,
604 2701 758 2766 exercitui
771 2702 797 2764 si
811 2701 1004 2764 metiendum
1020 2706 1113 2774 esset,
1128 2700 1303 2784 improbare
1318 2702 1459 2764 Siculum
1472 2700 1681 2774 frumentum,
1701 2699 1795 2784 quod=

459 2796 508 2860 illi
529 2814 570 2858 ex
591 2815 679 2871 area,
709 2795 735 2858 si
764 2794 874 2870 vellet,
901 2795 1047 2858 admetiri
1077 2793 1212 2856 licebat?
1250 2795 1411 2859 Frumenti
1432 2801 1538 2858 tantus
1559 2815 1707 2859 uumerus
1728 2794 1788 2857 im·

458 2890 549 2975 perio
572 2896 627 2953 tuo
650 2891 741 2954 datur
763 2896 793 2951 et
814 2890 944 2972 cogitur.
976 2890 1045 2951 Non
1068 2896 1116 2950 est
1137 2889 1222 2951 satis.
1254 2890 1377 2952 Nummi
1398 2896 1560 2973 praeterea
1581 2889 1785 2973 imperantur.

421 2986 587 3047 ttDantur.
621 2984 735 3047 Parum
757 2989 815 3047 est.
847 2983 906 3046 Pro
929 2981 1069 3045 decumis
1083 2981 1196 3045 bordei
1217 2982 1281 3045 alia
1299 2982 1434 3066 pecunia
1448 2984 1578 3066 cogitur.
1615 2983 1708 3046 lubes
1724 2982 1784 3045 HS

458 3077 525 3145 x'x‘lt
546 3076 626 3141 lucri
650 3076 728 3138 dari.
771 3077 818 3139 lta
840 3077 878 3141 ab
900 3096 965 3139 una
985 3076 1112 3140 civitate
1134 3076 1183 3151 vi,
1205 3076 1317 3160 minis,
1340 3076 1472 3160 imperio
1495 3077 1673 3161 iniuriaque
1695 3096 1786 3161 prae-

458 3169 535 3234 toris
564 3171 740 3254 eripiuntur
765 3171 860 3235 tritici
887 3170 1078 3234 medimnum
1107 3173 1207 3238 xri-iffi
1230 3178 1262 3234 et
1282 3177 1445 3254 praeterea
1467 3169 1527 3232 HJS
1549 3171 1601 3238 n'x.
1643 3171 1686 3233 At
1705 3169 1784 3232 baec

458 3263 590 3327 obscura
611 3271 685 3327 sunt
705 3270 774 3338 aut,
797 3264 825 3326 si
847 3284 958 3328 omnes
979 3263 1124 3328 homines
1144 3265 1259 3340 velint,
1285 3265 1420 3329 obscura
1441 3283 1511 3326 esse
1532 3271 1679 3346 possunt,
1701 3281 1784 3348 quae

458 3363 493 3421 tu
513 3358 616 3443 palam
638 3358 745 3440 egisti,
767 3357 800 3429 in
823 3366 981 3422 conventu
1000 3358 1192 3441 imperasti,
1204 3358 1349 3423 omnibus
1364 3354 1612 3440 inspectantibus
1627 3356 1782 3441 coiigistii

420 3464 523 3536 atqua
543 3451 583 3515 de
604 3471 639 3514 re
659 3451 873 3536 Agyrinenses
895 3452 1095 3536 magistratus
1117 3460 1148 3516 et
1164 3454 1306 3538 quinque
1331 3453 1441 3536 primi,
1464 3473 1546 3536 quos
1566 3460 1601 3516 tu
1623 3451 1670 3516 tui
1686 3471 1784 3536 quae·

522 3750 547 3800 4.
565 3755 677 3801 mamam
692 3752 770 3815 4433.
788 3753 896 3816 praeter
912 3750 952 3802 l2.
974 3778 1002 3788 -
1018 3753 1103 3815 pretia
1119 3754 1188 3818 dilig.
1202 3751 1286 3817 Lgl2:
1305 3753 1374 3817 dilig.
1390 3753 1474 3815 pretia
1490 3750 1584 3817 pleriq.
1598 3751 1691 3812 codd.;
1710 3751 1781 3815 dilig.

453 3826 563 3890 pretim
579 3827 609 3877 0.
629 3854 657 3863 -
683 3826 708 3877 3.
727 3827 787 3877 addi
803 3827 901 3876 luorum
917 3826 995 3890 4349.
1015 3854 1043 3863 -
1070 3829 1095 3877 a.
1114 3829 1248 3879 conciliare
1264 3827 1350 3891 Lgl2:
1377 3832 1401 3877 44
1416 3841 1485 3877 conc.
1504 3829 1550 3878 ctt.
1569 3828 1598 3878 0.
1626 3827 1659 3878 cl.
1678 3826 1702 3891 5.
1722 3825 1780 3877 494.

455 3901 513 3951 448.
532 3899 633 3964 44144.
652 3901 692 3952 94.
713 3930 741 3939 -
763 3902 787 3952 7.
807 3903 872 3964 Quid
887 3900 961 3951 tren?
980 3901 1041 3964 Ape.
1059 3902 1129 3967 4344
1152 3904 1213 3966 (sed
1230 3902 1256 3954 tri
1274 3916 1323 3968 pro
1339 3906 1414 3967 tami:
1438 3916 1497 3967 ape,
1516 3903 1577 3965 qnid
1592 3899 1665 3951 tun?
1680 3901 1702 3950 si
1717 3900 1780 3963 Aer.

456 3977 500 4026 ctt.
519 3977 549 4027 0.
571 4003 595 4015 -
616 3976 641 4027 8.
659 3978 735 4040 dore,
751 3983 837 4040 potate
853 3978 889 4036 0;
904 3981 1017 4040 34444444
1033 3980 1075 4028 est
1090 3991 1124 4028 ex
1140 3977 1196 4029 solo
1213 3977 1290 4042 4344.
1311 4004 1339 4015 -
1359 3979 1399 4029 to.
1417 3977 1481 4027 locri
1497 3975 1565 4041 4344
1584 3976 1625 4039 (44.
1645 3976 1669 4041 S.
1683 3975 1725 4027 74.
1737 3976 1779 4025 75.

455 4048 541 4113 alibil:
560 4050 659 4100 ineram
674 4053 720 4102 ott.
738 4052 767 4102 0.
788 4075 815 4088 -
834 4052 985 4102 medimnum
1002 4052 1181 4103 Hotomanus:
1199 4054 1311 4103 modium
1327 4050 1408 4116 Lgl2;
1426 4052 1584 4101 medimnaN
1600 4053 1627 4101 et
1643 4049 1778 4115 pleriqu03

453 4147 489 4185 m.
507 4134 541 4184 dn
557 4131 638 4183 diana
654 4134 708 4198 (sio)
726 4135 742 4184 7
757 4133 815 4186 rell.
833 4137 911 4198 Lagg.
931 4163 958 4172 -
975 4121 1111 4187 ’ΧΧῙΙΙΒ
1128 4135 1222 4187 lineola
1240 4149 1321 4201 super
1337 4136 1477 4201 imposita:
1494 4135 1595 4185 mill
1609 4133 1781 4198 4344444444

454 4207 488 4268 0;
506 4207 619 4258 XXXIII!
633 4207 681 4259 dit.
696 4235 724 4245 -
742 4209 863 4288 qm'dboc
878 4214 914 4258 est
930 4208 1007 4273 bgl2.
1023 4239 1050 4249 -
1070 4212 1109 4261 44.
1123 4211 1202 4273 plebis
1218 4212 1250 4262 F:
1267 4212 1346 4274 plenis
1362 4209 1443 4274 4344;
1459 4209 1525 4273 plebi
1540 4208 1609 4272 4349
1620 4209 1685 4269 AB;
1699 4207 1781 4271 plebei

453 4290 513 4342 cod.
521 4291 649 4355 Lambini,
659 4293 720 4343 0.-
732 4291 772 4343 44.
784 4294 809 4343 Χ
822 4293 958 4357 Zumptius
976 4307 1008 4344 ex
1025 4298 1090 4359 optt.
1107 4294 1185 4347 codd.
1199 4297 1227 4346 et
1241 4296 1280 4346 sic
1297 4295 1363 4346 inira
1379 4296 1405 4345 iu
1421 4294 1539 4345 numeris
1550 4291 1667 4370 qli-ique:
1685 4292 1739 4344 XO
1752 4295 1780 4343 et

452 4376 491 4427 alc
507 4375 573 4426 intra
589 4375 684 4426 lineola
702 4378 809 4428 omissa.
823 4404 851 4414 -
869 4378 1021 4428 medianarum
1037 4380 1105 4430 coni.
1120 4381 1196 4430 liet:
1213 4381 1339 4430 mediemo
1356 4378 1435 4430 codd.
1447 4406 1474 4416 -
1492 4376 1778 4443 444401444344.

454 4477 482 4488 -
496 4451 536 4502 to.
554 4466 583 4502 re
599 4465 652 4502 om.
671 4453 749 4516 4344.
763 4480 791 4490 -
809 4452 842 4503 ab
857 4467 924 4504 cons.
943 4454 1011 4519 Lgl2
1023 4457 1054 4506 F:
1073 4469 1091 4505 o
1106 4469 1172 4505 cons.
1191 4455 1227 4514 03
1246 4469 1264 4505 a
1280 4468 1333 4505 om.
1348 4457 1394 4505 ctt.
1409 4481 1437 4491 -
1456 4454 1496 4504 47.
1516 4453 1549 4504 ab
1566 4452 1622 4515 (444)
1640 4450 1672 4502 l:
1690 4465 1709 4500 a
1720 4451 1778 4515 4444)

451 4525 485 4586 0;
503 4539 521 4575 o
532 4527 650 4578 secundo
662 4531 688 4578 et
699 4530 776 4579 tertio
787 4527 846 4580 loco
858 4529 924 4580 dett.
937 4555 963 4566 -
984 4531 1023 4581 48.
1042 4531 1108 4593 qood
1124 4530 1146 4580 ei
1162 4529 1220 4581 dab.
1232 4529 1256 4592 l,
1269 4530 1307 4580 N:
1326 4542 1380 4595 cm.
1393 4529 1441 4579 dtt.
1450 4554 1479 4566 -
1498 4527 1539 4578 49.
1556 4527 1599 4578 HS
1615 4527 1650 4590 (=
1662 4527 1779 4578 sestertii

450 4601 468 4651 l.
479 4614 504 4652 e.
513 4598 606 4666 singuli
616 4603 689 4665 sest.)
699 4605 847 4668 Zumptins:
859 4606 901 4656 HS
910 4605 953 4655 111.
966 4605 1045 4656 codd.
1058 4608 1084 4655 44
1094 4607 1122 4655 0.
1136 4609 1243 4672 praeter
1251 4605 1370 4669 Lag.l2.,
1384 4617 1462 4668 aquo
1472 4604 1514 4654 HS
1524 4604 1561 4653 lll
1570 4601 1678 4653 omnino
1690 4599 1777 4652 abest.

452 4701 481 4712 -
498 4676 539 4726 20.
557 4676 622 4726 lueri
637 4678 736 4728 comtos
752 4678 871 4742 Lgl2N:
897 4679 924 4728 in
940 4678 1004 4729 lucri
1020 4681 1119 4730 nomine
1134 4681 1197 4740 AB;
1223 4680 1250 4729 in
1266 4681 1331 4729 taoni
1346 4681 1497 4729 nomenati.
1517 4678 1547 4728 0.
1568 4703 1595 4714 -
1619 4681 1643 4726 44
1658 4690 1682 4737 φ
1699 4675 1776 4728 etl:

450 4763 504 4802 om.
523 4754 569 4802 444.
590 4780 618 4789 -
636 4766 708 4816 repr.
725 4755 829 4819 nummi]
847 4767 925 4816 enpns
941 4756 1051 4804 onnntnm
1067 4753 1145 4817 4344.
1161 4781 1188 4791 -
1206 4755 1248 4804 44.
1266 4755 1403 4818 manniae·
1419 4752 1487 4817 4344
1504 4750 1537 4802 41.
1551 4752 1577 4802 in
1593 4764 1678 4815 marg.
1698 4749 1776 4802 tasi:

449 4826 586 4891 4443444444
596 4841 679 4893 marg.
694 4828 770 4888 4484;
788 4830 919 4894 4443444444
930 4832 974 4880 444.
988 4830 1017 4881 0.
1036 4828 1074 4880 Cl.
1088 4828 1203 4880 similem
1219 4830 1434 4880 terminationum
1450 4824 1679 4892 perturbationem
1695 4826 1720 4890 4.
1733 4826 1775 4877 74.

450 4903 517 4952 extr.
532 4928 559 4938 —
578 4902 619 4952 22.
636 4904 784 4954 metiendam
801 4906 859 4954 444
874 4903 956 4967 4344;
975 4905 1128 4954 ntetinndtm
1144 4906 1190 4954 ott.
1205 4904 1236 4955 0.
1250 4930 1277 4940 —
1296 4904 1337 4954 23.
1355 4904 1392 4952 4444
1408 4904 1469 4966 433.
1489 4915 1591 4962 omnes,
1610 4903 1675 4952 AB:
1692 4901 1734 4951 4444
1746 4902 1775 4952 0.

451 5002 480 5014 -
497 4977 581 5027 metiti
596 4977 675 5042 4344.
695 5006 723 5016 -
745 4981 786 5030 45.
805 4980 899 5030 danim
915 4981 943 5030 et
957 4984 993 5029 est
1009 4992 1060 5031 om.
1078 4977 1156 5043 4344.
1176 5005 1204 5015 -
1228 4978 1269 5029 46.
1286 4979 1353 5029 XXX
1367 4979 1396 5029 0.
1417 5003 1444 5014 -
1462 4976 1496 5042 in]
1517 4977 1549 5026 Vl
1563 4975 1605 5027 vel
1621 4990 1667 5028 444·
1681 4974 1725 5028 vel
1741 4977 1778 5027 lll

448 5107 465 5157 44
481 5107 559 5172 4433.
578 5107 643 5160 dett.
663 5135 690 5145 -
709 5109 750 5160 47.
768 5111 919 5160 medimnsnn
935 5110 1016 5174 Lg27:
1034 5111 1160 5161 medimna
1175 5111 1235 5171 ott,
1253 5058 1279 5160 li
1289 5107 1365 5173 4344.
1381 5136 1408 5147 -
1425 5093 1562 5159 ffcodd.
1581 5105 1775 5172 praeterlata

447 5182 484 5242 N,
501 5182 529 5233 tn
546 5182 643 5247 quibus
660 5186 701 5236 est
717 5185 746 5236 4.
766 5210 794 5221 -
812 5191 840 5237 dt
855 5188 918 5250 433.
936 5199 1039 5251 omnes,
1057 5187 1109 5239 lic
1128 5186 1170 5251 (de
1186 5185 1207 5238 A
1223 5185 1351 5249 tacetnrlz
1375 5199 1410 5238 cn
1426 5184 1488 5237 edd.
1506 5185 1572 5238 vett.
1590 5183 1620 5236 0.
1640 5211 1669 5223 -
1686 5183 1728 5236 30.
1747 5188 1776 5235 tu

451 5257 489 5308 tui
504 5258 690 5323 Lgdllssili:
709 5260 747 5313 444
762 5261 807 5313 444.
