4367 6109
455 543 530 609 6l2'
821 544 874 606 DE
896 542 1000 607 LEGE
1024 544 1200 608 AGRARIA
1222 545 1341 609 LIBER
1362 545 1416 608 111.

540 712 578 773 11.
602 707 631 773 l.
655 711 757 793 Caput
778 718 826 774 est
847 711 925 794 legis
948 712 1238 795 quadragesimum,
1262 713 1301 776 de
1324 734 1387 798 quo
1410 733 1468 796 ego
1488 713 1665 788 consulto,
1693 714 1804 790 Quiri-

454 816 520 880 tes,
551 825 656 888 neque
684 803 767 888 apud
797 825 853 867 vos
884 814 956 868 anie
984 804 1043 868 leci
1071 807 1281 881 mentionem,
1310 828 1350 869 ne
1373 815 1428 870 aut
1449 808 1597 871 refricare
1623 808 1803 873 obductam

454 901 516 962 iam
539 898 750 981 reipublicae
773 898 952 960 cicatricem
973 900 1097 963 viderer
1119 909 1173 962 aut
1201 899 1320 984 aliquid
1344 900 1539 963 alienissimo
1563 910 1721 985 tempore
1745 922 1805 964 no·

454 1014 512 1057 vae
527 992 734 1055 dissensionis
749 1012 961 1065 commovere,
985 1013 1090 1076 neque
1105 1012 1180 1056 vero
1201 1013 1286 1055 nunc
1301 991 1372 1055 ideo
1388 991 1574 1075 disputabo,
1598 994 1697 1076 quod
1711 993 1803 1058 hunc

430 1093 568 1149 astatum
589 1084 635 1146 rei
656 1085 802 1166 publicae
824 1106 888 1147 non
911 1106 1024 1168 magno
1048 1106 1143 1170 opere
1173 1085 1408 1149 defendendum
1439 1094 1566 1168 putem,
1595 1088 1802 1171 praesertim

453 1181 507 1261 qui
529 1178 586 1241 otii
609 1186 641 1241 et
663 1178 851 1240 concordiae
873 1185 1039 1262 patronum
1063 1200 1112 1242 me
1136 1181 1168 1242 in
1182 1179 1268 1242 bunc
1282 1200 1397 1243 aunum
1412 1181 1533 1263 populo
1549 1182 1704 1245 Romano
1721 1201 1800 1264 pro·

452 1272 555 1335 fessus
572 1272 647 1348 sim,
671 1272 727 1335 sed
749 1280 785 1335 ut
806 1273 936 1336 doceam
952 1274 1078 1337 Rullum
1101 1274 1233 1358 posthac
1254 1273 1288 1334 in
1311 1273 1352 1335 iis
1368 1273 1479 1336 saltem
1496 1281 1602 1337 tacere
1618 1276 1741 1350 rebus,
1765 1276 1799 1337 in

453 1366 567 1447 quibus
591 1365 630 1427 de
653 1388 686 1429 se
710 1375 741 1429 et
763 1367 802 1429 de
825 1369 890 1430 suis
912 1366 1002 1430 factis
1025 1370 1120 1432 taceri
1143 1367 1228 1430 volit.
1265 1364 1295 1428 5.
1320 1366 1466 1429 Omnium
1490 1368 1596 1450 legum
1621 1368 1799 1452 iniquissi-

453 1481 534 1523 mam
558 1461 862 1544 dissimillimamque
884 1462 962 1544 legis
985 1483 1055 1525 esse
1070 1462 1205 1523 arbitror
1220 1479 1305 1533 eam,
1329 1480 1422 1541 quam
1444 1461 1478 1522 L.
1494 1462 1630 1527 Flaccus
1647 1464 1798 1526 interrex

416 1555 493 1616 rode
517 1554 605 1616 Sulla
626 1555 714 1629 tulit,
743 1563 778 1617 ut
806 1557 928 1628 omnia,
958 1574 1178 1639 quaecumque
1205 1553 1259 1616 ille
1281 1552 1424 1628 lecisset,
1454 1564 1560 1619 essent
1581 1566 1665 1620 rata.
1710 1559 1796 1619 Nam

455 1668 526 1710 cum
557 1648 669 1710 ceteris
699 1649 732 1711 in
755 1649 933 1713 civitatibus
961 1648 1103 1731 tyrannis
1126 1647 1277 1709 institutis
1301 1647 1386 1728 leges
1409 1670 1517 1712 omnes
1539 1651 1797 1733 exstinguantur

454 1748 549 1822 atque
573 1741 740 1815 tollantur,
762 1742 814 1803 bic
837 1742 1049 1827 reipublicae
1072 1750 1239 1823 tyrannum
1262 1740 1331 1822 lege
1345 1739 1519 1803 constituit.
1552 1743 1609 1805 Est
1623 1744 1795 1807 invidiosa

453 1833 523 1908 lex,
557 1834 647 1895 sicuti
675 1834 756 1907 dixi,
790 1855 899 1897 verum
931 1843 1036 1897 tamen
1057 1836 1154 1897 habet
1175 1834 1428 1908 excusationem3
1462 1836 1637 1897 nonenim
1661 1836 1795 1900 videtur

453 1927 590 1990 bominis
612 1926 666 1989 lex
691 1947 777 2000 esse,
801 1928 857 1990 sed
873 1929 1034 2010 temporis.
1063 1926 1093 1988 6.
1110 1927 1211 2001 Quid,
1234 1927 1260 1987 si
1276 1934 1323 1988 est
1336 1927 1414 1988 baec
1429 1928 1527 1990 multo
1542 1929 1793 2012 impudentiori

417 2023 531 2083 ioNam
560 2020 684 2085 Valeria
711 2020 780 2102 lege
812 2020 1032 2104 Corneliisque
1063 2021 1186 2103 legibus
1209 2020 1341 2102 eripitur
1364 2021 1415 2083 cui
1437 2021 1545 2083 datur:
1578 2023 1794 2105 coniungitur

451 2114 618 2198 impudens
640 2111 824 2196 gratificatio
848 2136 918 2178 cum
940 2115 1053 2177 acerba
1074 2114 1205 2189 iniuria;
1228 2113 1284 2176 sed
1306 2122 1411 2177 tamen
1440 2115 1536 2178 babet
1555 2116 1589 2179 in
1612 2114 1684 2178 illis
1707 2115 1793 2199 legi·

451 2210 509 2272 bus
532 2229 620 2292 spem
643 2207 845 2282 nonnullam,
870 2209 919 2271 cui
942 2209 1121 2291 ademptum
1138 2216 1200 2281 est,
1222 2207 1361 2290 aliquem
1386 2210 1582 2292 scmpulum,
1605 2210 1660 2271 cui
1676 2210 1791 2272 datum

453 2312 510 2367 est.
553 2302 638 2365 Rulli
661 2302 763 2364 cautio
786 2311 834 2364 est
855 2302 950 2365 baec:
974 2320 1028 2376 ovr
1050 2321 1125 2365 ross
1149 2302 1181 2364 C.
1204 2302 1335 2363 Manrvsr
1359 2302 1412 2364 Cn.
1434 2304 1591 2366 Pammvu
1613 2323 1790 2368 consvnas.

452 2396 556 2472 Quam
578 2396 732 2480 procula
754 2396 935 2479 suspicione
956 2395 1054 2479 fugit,
1078 2396 1162 2479 quod
1185 2416 1240 2459 eos
1264 2395 1423 2471 consules,
1446 2396 1500 2478 qui
1516 2397 1695 2462 adversarii
1714 2399 1792 2462 Sul·

414 2492 501 2555 solae
524 2491 660 2554 maxime
682 2489 828 2563 luerunt,
850 2491 1049 2572 potissimum
1071 2490 1268 2553 nominavit?
1300 2489 1333 2551 Si
1355 2489 1440 2552 enim
1456 2489 1576 2553 Sullam
1591 2491 1790 2555 dictatorem

450 2586 659 2657 nominasset,
693 2583 893 2666 perspicuum
920 2581 988 2644 lore
1018 2590 1049 2644 et
1077 2583 1268 2646 invidiosum
1297 2581 1465 2645 arbitratus
1495 2590 1553 2646 est.
1598 2584 1665 2646 Sed
1688 2606 1789 2668 quem
1851 2638 1854 2642 ,

450 2686 594 2742 nostrum
623 2684 686 2739 tam
714 2677 802 2738 tardo
833 2676 960 2758 ingenio
982 2674 1049 2738 lore
1079 2676 1215 2758 putavit,
1248 2675 1298 2738 cui
1320 2684 1392 2758 post
1413 2696 1467 2739 eos
1488 2677 1635 2741 consules
1659 2679 1788 2742 Sullam

451 2773 637 2837 dictatorem
659 2768 758 2832 luisse
780 2770 813 2831 in
836 2778 972 2832 mentem
995 2770 1104 2832 venire
1125 2790 1189 2832 non
1212 2774 1346 2852 posset?
1389 2767 1418 2831 7.
1441 2769 1527 2845 Quid
1549 2790 1623 2852 erqo
1647 2771 1696 2836 ait
1716 2774 1788 2837 Ma-

450 2869 558 2931 rianus
588 2863 879 2944 tribunusplebis,
909 2863 963 2944 qui
993 2883 1052 2927 nos
1080 2864 1228 2926 Sullanos
1257 2864 1291 2926 iu
1317 2862 1465 2926 invidiam
1487 2864 1592 2946 rapiti
1625 2883 1684 2937 er
1705 2884 1787 2929 rosr

413 2961 581 3023 soldanum
603 2977 643 3019 444
667 2955 840 3018 Cnaoonsn
864 2976 1017 3019 consvess
1044 2978 1136 3031 44444,
1166 2976 1342 3031 neormam,
1373 2977 1487 3031 mcvs,
1517 2975 1654 3032 4444444,
1688 2979 1786 3033 noes,

449 3070 667 3116 nossessronns
690 3082 731 3095 -
754 3048 873 3111 caelum
903 3058 934 3111 et
964 3070 1048 3112 mare
1078 3052 1304 3135 praetermisit,
1335 3058 1439 3113 cetera
1460 3050 1644 3134 complexus
1669 3060 1720 3116 est
1740 3086 1785 3099 -

449 3166 580 3209 nvourcs
603 3162 701 3217 onan,
725 3162 911 3216 nssrounm,
934 3163 1085 3218 vunovm,
1109 3164 1261 3207 concussa
1285 3166 1370 3207 svnr.
1403 3146 1430 3205 A
1455 3163 1535 3227 quo,
1558 3145 1676 3208 Rulle‘l
1706 3148 1785 3211 Post

448 3242 581 3303 Marium
604 3246 636 3301 et
659 3237 831 3300 Carbonem
847 3238 992 3299 consules
1009 3238 1080 3321 quis
1096 3240 1282 3320 assignavit,
1307 3239 1377 3321 quis
1399 3238 1503 3313 dedit,
1527 3239 1599 3323 quis
1621 3243 1785 3304 concessit

448 3341 574 3419 praeter
596 3330 737 3393 Sullam?
766 3350 808 3393 444
831 3350 929 3392 ouum
951 3351 992 3392 so
1016 3351 1088 3393 rvna
1111 3352 1193 3393 srnr.
1227 3332 1298 3408 Quo
1321 3334 1410 3395 iuret
1439 3332 1604 3395 labefactat
1624 3332 1783 3398 videlicet

409 3428 555 3494 tenescio
585 3424 673 3509 quid.
717 3424 855 3486 Nimium
885 3445 971 3498 acer,
1000 3427 1132 3489 nimium
1156 3426 1325 3490 vehemens
1353 3428 1497 3489 tribunus
1519 3425 1621 3510 plebis
1643 3427 1782 3492 Sullana

447 3520 606 3586 rescindit.
642 3540 682 3582 vs
711 3539 793 3593 ovas
824 3538 940 3582 omnm
970 3539 1043 3581 rvns
1072 3541 1205 3584 44444444
1236 3542 1320 3583 svnr.
1357 3520 1500 3582 Etiamne
1523 3520 1656 3583 meliore
1683 3543 1781 3606 quam

446 3622 576 3698 paterna
598 3620 629 3675 et
650 3614 758 3675 avita‘l
793 3614 934 3676 Meliore.
979 3612 1008 3674 8.
1032 3616 1071 3676 At
1098 3616 1159 3678 hoc
1181 3615 1307 3678 Valeria
1328 3614 1381 3676 lox
1404 3635 1466 3677 non
1490 3614 1580 3691 dicit,
1609 3614 1781 3681 Corneliae

446 3707 532 3790 leges
555 3728 619 3769 non
641 3708 802 3780 sanciunt,
827 3706 914 3769 Sulla
936 3708 1004 3790 ipse
1026 3729 1091 3770 non
1114 3709 1264 3791 postulat.
1296 3708 1329 3771 Si
1351 3708 1403 3770 isti
1418 3709 1485 3790 agri
1499 3714 1621 3792 partem
1634 3710 1780 3796 aliquam

446 3800 537 3874 iuris,
565 3800 703 3881 aliquam
734 3799 973 3863 similitudinem
1004 3802 1151 3884 propriae
1173 3802 1402 3885 possessionis,
1432 3802 1571 3885 aliquam
1593 3824 1686 3886 spem
1708 3803 1780 3867 diu·

409 3893 606 3956 aotumitatis
634 3894 809 3976 attingunt,
838 3915 931 3956 nemo
961 3902 1008 3956 est
1036 3903 1099 3958 tam
1121 3895 1287 3979 impudens
1309 3896 1462 3969 istorum,
1493 3896 1571 3977 quiu
1592 3895 1644 3978 agi
1667 3916 1778 3959 secum

446 3986 606 4068 praeclare
633 3987 809 4050 arbitretur.
852 3990 899 4051 Tu
931 4009 1022 4064 vero,
1051 3990 1160 4065 Rullo,
1188 3990 1265 4074 quid
1295 3990 1448 4072 quaeris?
1479 3988 1573 4065 Quod
1598 3987 1722 4055 babent
1743 3998 1780 4054 ut

512 4253 536 4304 l.
555 4265 714 4303 commovere.
732 4253 817 4315 Neque
833 4254 894 4303 AO.
919 4254 957 4304 Cl.
977 4253 1135 4320 Madvigium
1153 4258 1187 4307 od
1205 4259 1259 4309 Cic.
1278 4258 1312 4308 de
1331 4259 1403 4309 Fino.
1421 4272 1448 4324 p.
1466 4258 1524 4309 848.
1545 4281 1572 4295 -
1593 4257 1617 4309 6.
1632 4259 1732 4322 populo
1748 4260 1777 4308 li.

446 4330 466 4378 P
482 4331 510 4378 et
525 4327 711 4378 Lauredanus:
730 4330 768 4379 rot
783 4342 809 4391 p.
828 4326 972 4382 Ei‘aio.
992 4356 1019 4364 —
1037 4333 1162 4395 professus
1178 4336 1205 4384 P.
1219 4333 1368 4383 Manutius:
1387 4333 1509 4396 confessus
1525 4333 1640 4385 EFPA.
1654 4357 1683 4369 -
1703 4333 1729 4383 ⁷.
1747 4331 1780 4382 tis

446 4404 474 4453 P.
493 4404 640 4454 Manutius:
659 4403 731 4453 iuius
747 4405 837 4460 EFP;
856 4404 893 4453 ivis
909 4401 993 4455 Abi.
1015 4434 1040 4441 -
1061 4408 1084 4457 9.
1104 4408 1142 4471 4.]
1161 4408 1240 4457 tactas
1256 4409 1284 4457 F..
1301 4433 1327 4442 -
1347 4407 1466 4471 interrex]
1484 4408 1580 4458 intereo
1595 4408 1659 4468 EF3
1676 4407 1780 4457 interro

446 4480 474 4528 P.
496 4506 523 4514 —
544 4477 583 4527 43.
602 4478 673 4527 sicuti
690 4478 778 4528 EFT:
802 4480 864 4528 444444
880 4477 993 4532 Alto.
1015 4508 1041 4516 -
1065 4482 1160 4547 oerum]
1182 4495 1270 4532 ueram
1288 4483 1343 4532 EF.
1365 4510 1391 4517 -
1411 4481 1450 4532 tl.
1470 4482 1652 4543 impmdentior
1666 4481 1726 4531 EF.
1747 4507 1776 4517 -

447 4554 487 4604 45.
505 4553 546 4602 coi
563 4553 651 4602 FGA:
674 4553 724 4600 ciui
741 4554 803 4611 EP3
826 4567 883 4602 com
900 4567 961 4603 curn
980 4554 1022 4604 od.
1042 4554 1133 4605 Aldina
1152 4553 1233 4607 LEO.
1249 4582 1276 4592 -
1291 4558 1331 4606 to.
1349 4557 1420 4606 babet
1436 4558 1462 4606 in
1475 4557 1518 4606 cd.
1531 4556 1717 4618 Hervagiana:
1735 4555 1778 4603 ie-

445 4628 509 4677 hibet
520 4628 539 4677 E
549 4626 566 4674 F
575 4626 667 4685 GPA3
679 4625 773 4676 imbibit
784 4626 878 4677 Orellio
891 4631 1000 4679 auctore
1013 4628 1135 4681 Klotzius.
1145 4658 1172 4666 -
1184 4634 1224 4681 44.
1237 4632 1279 4681 cai
1289 4632 1308 4681 Ε
1318 4633 1335 4681 F
1345 4634 1406 4682 PA:
1425 4632 1474 4692 itte,
1491 4631 1532 4680 cui
1544 4643 1607 4681 cum
1619 4631 1647 4680 P.
1657 4630 1777 4681 Manutio

447 4704 531 4758 LEO.
553 4730 579 4741 -
598 4704 740 4765 ademptum
751 4732 787 4742 --
799 4707 884 4755 44444444
901 4709 1035 4757 Puteanus
1054 4708 1088 4767 tet
1105 4707 1248 4769 Madvigius
1265 4706 1336 4771 apud
1348 4706 1521 4769 Ussiogiumi:
1541 4706 1777 4767 ademimus·-

447 4784 486 4827 tus
503 4780 629 4828 ceteri-
641 4779 680 4829 48.
700 4781 743 4840 oei
761 4781 851 4829 EFA:
870 4794 935 4842 quac
952 4793 1014 4830 cum
1027 4778 1070 4829 ed.
1083 4778 1268 4832 nidinauto.
1281 4809 1308 4817 -
1320 4782 1362 4831 Cn.
1376 4778 1633 4843 Papiriumconsutet]
1647 4780 1693 4831 Co.
1707 4793 1776 4830 cons.

445 4855 574 4916 papirium
591 4854 647 4904 EF.
668 4881 695 4890 —
713 4855 754 4904 44.
772 4856 827 4917 sore
844 4868 897 4904 om.
917 4856 971 4905 EF.
993 4880 1020 4891 —
1039 4856 1080 4906 44.
1099 4862 1211 4906 nostraene
1227 4858 1286 4907 EF:
1305 4864 1414 4907 oestrum
1430 4851 1543 4906 Anto.
1558 4881 1586 4891 -
1604 4852 1646 4904 44.
1666 4855 1712 4915 qui
1729 4855 1776 4905 EF

450 4929 509 4977 PA:
529 4942 594 4990 quoe
611 4942 673 4979 cum
691 4928 734 4979 ed.
752 4928 843 4978 Aldina
862 4928 945 4983 uio.
960 4956 987 4965 -
1007 4932 1046 4981 45.
1067 4933 1125 4995 apri
1141 4935 1174 4981 G:
1194 4946 1270 4995 apros
1286 4930 1427 4984 sunit.
1444 4957 1470 4964 -
1489 4930 1529 4980 48.
1549 4929 1604 4990 quit
1619 4927 1705 4977 dedit?
1723 4930 1779 4990 queis

449 5002 604 5065 assipoooit‘l
626 5004 681 5066 quis
695 5002 822 5053 vendidit?
842 5005 897 5063 qais
913 5004 1047 5055 concessit?
1063 5008 1250 5057 Puteanus-
1280 5007 1320 5056 30.
1339 5007 1450 5055 setania
1465 5003 1583 5055 rescindit
1599 5003 1662 5063 ΕΡ;
1680 5002 1779 5054 ditonis

448 5077 607 5126 rescinditF.
631 5080 700 5129 Fort.
718 5078 837 5129 8444444444
853 5091 893 5127 res
908 5080 1032 5129 rescindit.
1056 5080 1095 5130 Cl.
1114 5080 1138 5143 5.
1157 5080 1244 5131 l3.-
1264 5082 1304 5131 34.
1322 5082 1358 5141 ot]
1377 5083 1518 5143 quol..·—
1491 5082 1600 5127 -svnt
1618 5076 1776 5129 Turnebus·

448 5150 497 5199 sint
517 5150 658 5205 EFAFO.
688 5152 726 5204 Cl
744 5151 911 5216 Wesenberg
932 5153 966 5203 ad
988 5168 1027 5204 or
1050 5168 1076 5219 p.
1099 5156 1183 5205 Sestio
1205 5169 1231 5220 p.
1250 5154 1290 5206 ti
1309 5154 1405 5206 ia-
1433 5156 1473 5207 35.
1491 5153 1635 5217 intptttdeot
1658 5152 1777 5205 Eira.

450 5222 606 5277 Emendavit
620 5228 788 5293 Naugerius¹
781 5241 810 5280 rn
826 5227 870 5279 ed.
887 5226 989 5280 Aldina.
