4367 6109
731 571 1118 637 cmxlvi-xnvm.
1144 565 1414 656 44444-444
1691 570 1733 636 cr

412 736 529 801 domus
550 736 630 803 baec
650 737 797 803 habenda
817 747 865 803 est
886 741 993 825 potins
1014 762 1112 828 qnam
1133 742 1262 807 officina
1282 743 1444 828 nequitiae
1465 762 1503 807 ac
1516 741 1734 806 deversorium

412 831 606 914 flagitiormn
628 834 779 898 omnium.
822 829 894 898 ⁴35.
922 836 994 919 Ipse
1016 858 1091 901 vero
1114 837 1382 923 quomadmodum
1404 838 1580 919 composito
1603 844 1635 901 et
1655 835 1735 899 deli·

411 926 490 990 bulo
525 929 643 1011 capillo
676 929 795 1012 passim
822 950 880 1012 per
907 929 1011 992 lorum
1032 932 1144 994 volitet
1164 952 1236 995 cum
1257 950 1371 1013 magna
1393 939 1517 995 4444444
1539 938 1734 1014 togatorum,

412 1020 547 1096 ridetis,
567 1023 707 1099 iudices;
731 1019 840 1106 [etiam
862 1023 992 1099 videtis,
1014 1021 1166 1107 iudices,]
1196 1032 1232 1088 ut
1254 1044 1364 1088 omnes
1386 1025 1554 1108 despiciat,
1576 1033 1612 1088 nt
1632 1024 1735 1088 homi·

411 1134 485 1178 nem
508 1135 585 1198 prae
606 1136 641 1179 se
655 1117 815 1180 neminem
829 1125 934 1201 putet,
956 1126 992 1181 ut
1009 1139 1043 1182 se
1059 1119 1163 1182 solum
1177 1119 1318 1194 beatum,
1340 1119 1444 1182 solum
1457 1127 1620 1202 potentem
1634 1125 1734 1201 putet.
1755 1117 1772 1166 ⁵

414 1208 505 1286 Quae
526 1229 602 1274 vero
624 1207 742 1274 efficiat
763 1219 795 1275 et
816 1231 899 1295 quae
921 1219 1069 1286 conetur,
1092 1212 1119 1274 si
1142 1213 1237 1275 velim
1251 1232 1516 1288 commemorare,
1537 1232 1665 1287 vereor,
1686 1211 1736 1274 iu·

413 1303 519 1379 dices,
540 1323 582 1367 ne
604 1304 676 1388 quis
698 1305 875 1387 imperitior
897 1307 1072 1382 existimet,
1094 1326 1144 1369 me
1166 1326 1294 1370 causam
1314 1305 1492 1370 nobilitatis
1505 1306 1736 1387 victoriamque

413 1397 554 1462 voluisse
576 1396 719 1461 laedere:
752 1399 876 1463 tametsi
899 1421 970 1464 meo
992 1401 1061 1463 iure
1083 1420 1231 1484 possum,
1262 1401 1289 1463 si
1311 1400 1390 1484 qnid
1409 1400 1444 1463 in
1465 1401 1524 1463 bac
1545 1407 1634 1482 parte
1656 1396 1735 1461 mibi

412 1512 478 1555 non
507 1492 647 1575 placeat,
675 1492 866 1575 vituperare.
908 1497 979 1557 Non
1009 1495 1094 1558 enim
1116 1515 1228 1558 vereor
1258 1515 1299 1558 nc
1328 1495 1400 1577 quis
1427 1494 1565 1559 alienum
1595 1511 1645 1554 me
1667 1490 1737 1554 ani·

413 1604 500 1648 mum
520 1583 671 1650 babuisse
691 1606 711 1650 4
732 1606 827 1650 causa
845 1588 1021 1651 nobilitatis
1036 1589 1206 1653 existimet.
1249 1588 1374 1651 XLVII.
1396 1583 1469 1651 436.
1492 1586 1657 1659 Sciuntii,
1679 1583 1735 1668 qui
1744 1589 1773 1636 44

413 1696 464 1742 me
485 1685 623 1754 norunt,
648 1699 699 1743 me
727 1700 786 1763 pro
808 1679 864 1744 illa
884 1682 974 1744 tenui
995 1678 1183 1767 infirmaque
1204 1689 1310 1766 parte,
1339 1687 1548 1764 posteaquam
1569 1679 1619 1753 id,
1649 1677 1737 1763 quod

413 1771 551 1835 maxime
572 1772 679 1849 volui,
699 1769 769 1837 44444
789 1793 855 1837 non
876 1775 995 1857 potuit,
1017 1783 1053 1839 ut
1066 1784 1328 1859 componeretur,
1348 1775 1383 1838 id
1395 1774 1533 1839 maxime
1547 1771 1737 1845 defendisse,

412 1872 450 1929 nt
470 1865 495 1927 ii
518 1865 697 1942 vincerent,
719 1868 776 1952 qui
797 1868 951 1931 vicerunt.
995 1869 1075 1944 Quis
1098 1869 1184 1933 enim
1205 1877 1288 1944 erat,
1315 1869 1373 1953 qui
1399 1887 1466 1932 non
1486 1867 1608 1932 videret
1634 1864 1737 1927 hnmi-

413 1957 536 2022 litrtem
559 1980 632 2023 cum
654 1961 806 2044 dignitate
828 1963 867 2025 de
888 1962 1098 2045 amplitudine
1115 1964 1330 2027 contenderet
1351 1981 1416 2047 quo
1431 1962 1466 2026 in
1480 1960 1651 2026 certamine
1665 1977 1738 2042 per·

413 2052 472 2115 diti
494 2053 574 2117 ciris
587 2061 656 2117 erat
668 2074 735 2118 non
749 2075 784 2118 se
799 2056 840 2119 ad
854 2075 910 2121 eos
925 2057 1071 2139 iungere,
1095 2058 1210 2141 quibus
1225 2055 1439 2121 incolumibus
1453 2062 1486 2119 et
1500 2053 1587 2119 dorni
1601 2051 1737 2134 dignitas
1746 2059 1775 2106 44

414 2154 447 2210 44
466 2147 546 2212 44444
567 2150 737 2212 auctoritas
758 2149 958 2213 retineretur.
1002 2151 1092 2226 Quae
1120 2151 1260 2234 perlecta
1281 2170 1352 2215 esse
1374 2157 1406 2213 et
1427 2169 1521 2214 suum
1541 2148 1659 2230 cuique
1679 2145 1739 2209 bo·

412 2260 526 2305 norem
547 2249 580 2305 et
601 2243 732 2325 gradum
753 2244 912 2307 redditum
934 2245 1073 2327 gaudeo,
1095 2247 1234 2321 iudices,
1255 2246 1524 2328 vehementerque
1544 2240 1664 2315 laetor,
1685 2259 1739 2303 ea·

414 2357 479 2422 quc
501 2337 609 2401 omnia
629 2337 763 2400 deorum
784 2337 963 2413 voluntate,
986 2340 1092 2403 studio
1107 2340 1220 2422 populi
1234 2339 1384 2414 llomani,
1407 2337 1542 2403 consilio
1557 2343 1590 2400 et
1602 2333 1737 2417 imperio

413 2438 448 2494 et
472 2429 625 2495 felicitate
652 2431 688 2494 L.
711 2432 818 2495 Sullae
847 2440 936 2515 gesta
963 2453 1032 2496 esse
1060 2433 1215 2516 intelligo.
1263 2429 1336 2497 437.
1365 2431 1461 2510 Quod
1482 2429 1738 2495 animadversum

414 2533 464 2589 est
484 2525 519 2588 in
540 2545 612 2600 eos,
634 2526 691 2610 qui
705 2533 816 2590 contra
831 2528 918 2591 omni
933 2528 1057 2591 ratione
1071 2533 1270 2611 pugnarunt,
1291 2546 1358 2590 non
1371 2525 1474 2589 debeo
1487 2521 1776 2607 reprehenderem

413 2619 503 2704 quod
533 2619 611 2683 viris
640 2618 793 2696 fortibus,
824 2640 961 2705 quorum
993 2641 1090 2705 opera
1120 2620 1238 2684 eximia
1259 2621 1294 2684 in
1314 2620 1410 2684 rebus
1431 2617 1579 2703 gerendis
1600 2613 1738 2688 exstitit,

411 2711 518 2776 bonos
539 2711 668 2777 babitus
690 2721 754 2790 est,
777 2715 882 2778 laudo.
920 2716 1010 2791 Quae
1031 2722 1067 2779 ut
1088 2711 1215 2790 fierent,
1236 2715 1356 2779 idcirco
1379 2721 1553 2798 pugnatum
1572 2727 1641 2773 esse
1655 2708 1739 2771 arbi·

413 2813 498 2882 tror,
520 2826 636 2891 meque
658 2807 692 2869 in
714 2827 753 2872 eo
776 2809 882 2871 studio
904 2810 1043 2891 partium
1063 2808 1163 2872 luisse
1177 2806 1340 2873 confiteor.
1371 2811 1428 2872 Sin
1450 2816 1557 2872 autem
1578 2805 1611 2867 id
1632 2810 1738 2867 actum

414 2908 464 2966 444
485 2901 658 2965 etidcirco
680 2921 768 2965 arma
789 2909 915 2986 sumpta
936 2912 1027 2978 sunt,
1054 2910 1091 2966 ut
1116 2903 1263 2967 homines
1284 2902 1437 2986 postremi
1457 2899 1603 2985 pecuniis
1623 2897 1738 2961 alienis

414 2995 686 3080 locupletarentur
713 3003 746 3059 et
778 2996 812 3058 in
833 2995 978 3060 fortunas
999 2996 1096 3059 unius
1117 2996 1272 3080 cuiusque
1292 2996 1447 3079 impetum
1467 2994 1621 3069 iacerent,
1652 2999 1685 3055 et
1705 2991 1776 3054 idas

415 3110 480 3154 non
502 3090 599 3154 modo
621 3110 657 3153 re
676 3089 847 3173 prohibere
866 3110 932 3154 non
946 3091 1035 3166 licet,
1058 3091 1114 3154 sed
1133 3110 1174 3153 ne
1187 3089 1292 3153 serbis
1307 3089 1437 3173 quidem
1451 3089 1649 3170 vituperare,
1670 3092 1738 3149 tum

414 3204 490 3249 vero
511 3184 576 3248 isto
598 3182 683 3246 bello
705 3204 771 3247 non
792 3192 951 3248 recreatus
972 3203 1078 3268 neque
1099 3183 1279 3258 restitutus,
1301 3183 1357 3247 sed
1379 3182 1528 3246 subactus
1551 3198 1739 3263 oppressus-

415 3298 478 3364 que
499 3276 639 3362 populus
660 3277 821 3341 Romanus
844 3286 901 3342 est.
944 3273 1017 3341 438.
1044 3279 1163 3343 Verum
1188 3277 1282 3360 longe
1308 3276 1403 3341 aliter
1430 3283 1494 3351 est3
1522 3271 1603 3336 nibil
1622 3271 1738 3335 borum

414 3377 479 3448 est,
500 3371 632 3436 iudices.
663 3371 735 3434 Non
757 3372 853 3435 modo
868 3391 933 3435 non
948 3372 1092 3436 laedetur
1105 3391 1201 3435 causa
1214 3371 1408 3445 nobilitatis,
1429 3369 1457 3434 si
1472 3368 1542 3432 istis
1555 3365 1738 3430 bominibus

414 3464 584 3541 resistetis,
604 3484 715 3528 rernm
737 3466 832 3528 etiam
854 3466 1028 3529 ornabitur.
1071 3466 1211 3528 XLVlll.
1231 3464 1358 3530 Etenim
1380 3464 1437 3548 qui
1457 3463 1537 3527 baec
1558 3461 1776 3542 vituperarent

414 3558 541 3633 volunt,
565 3557 807 3642 Chrysogonum
829 3566 951 3622 tantum
971 3578 1068 3642 posse
1082 3565 1279 3644 queruntur3
1300 3559 1356 3643 qui
1370 3558 1501 3621 laudare
1514 3555 1641 3628 volunt,
1663 3571 1740 3616 con·

414 3672 539 3717 cessum
557 3651 587 3715 ei
605 3671 671 3716 non
690 3672 760 3716 esse
783 3660 1041 3717 commemorant
1068 3654 1114 3716 Ac
1133 3654 1197 3716 iam
1211 3653 1291 3717 nibil
1313 3659 1375 3727 est,
1397 3652 1485 3735 quod
1500 3649 1670 3734 quisquam
1683 3653 1740 3711 aut

414 3753 479 3810 tam
497 3744 615 3810 stultus
634 3754 691 3810 aut
707 3753 772 3810 tam
786 3747 949 3831 improbus
964 3747 1016 3821 sit,
1038 3747 1095 3832 qui
1110 3747 1210 3811 dicat:
1234 3746 1377 3811 «Vellem
1390 3745 1523 3831 quidem
1537 3745 1661 3808 liceret:
1676 3742 1739 3807 boc

415 3839 604 3905 dixissent»
620 3839 707 3904 (44444
721 3841 805 3904 44444.
829 3841 916 3905 «Hoc
930 3840 1114 3905 fecissemrr
1137 3841 1235 3905 444444
1249 3839 1340 3916 444444
1363 3859 1457 3903 nemo
1470 3837 1628 3922 probibet.
1651 3836 1738 3897 «Hoc

414 3932 661 3998 decrevissent»
675 3935 820 4011 deceme‚
831 3935 927 3998 modo
937 3941 1038 4011 recte;
1048 3954 1160 3999 omnes
1171 3934 1401 4018 approbabunt.
1413 3933 1501 3997 rlloc
1512 3931 1736 3995 indicassem»
1746 3942 1776 3989 44

479 4160 506 4212 4.
523 4172 601 4224 quur
617 4170 671 4209 om.
684 4160 739 4209 Gr.
756 4180 783 4194 -
803 4171 834 4208 oc
849 4158 891 4209 ll:
910 4160 938 4210 44
954 4159 1086 4220 (40444.
1102 4184 1128 4194 -
1143 4158 1456 4211 commonere.
1470 4182 1499 4193 -
1516 4155 1541 4204 4.
1559 4151 1737 4204 wuronc.

417 4261 445 4275 -
462 4233 489 4289 4.
506 4235 584 4287 444444
597 4234 685 4285 4444444
699 4234 792 4285 44444444
808 4234 905 4304 llCT,
931 4235 990 4284 Par.
1009 4233 1033 4284 8.
1051 4232 1090 4294 4.,
1115 4233 1219 4294 44444,
1237 4235 1347 4284 Lvac:
1370 4244 1424 4283 orn.
1443 4229 1485 4282 ed.
1503 4228 1601 4279 llanut.
1619 4224 1692 4277 4444.
1711 4227 1739 4276 44

414 4310 503 4365 ssede.
521 4311 548 4362 ln
565 4309 609 4361 ed.
627 4309 681 4370 444,
699 4311 786 4369 44444,
805 4310 835 4358 ut
850 4307 969 4368 videtum
995 4313 1019 4358 44
1034 4321 1113 4358 namn
1127 4309 1215 4359 4444444
1231 4311 1289 4359 Ρ44.
1308 4309 1333 4358 4.
1351 4306 1387 4367 4.,
1404 4303 1476 4370 quod
1493 4302 1603 4352 Staium.
1621 4301 1737 4365 receplt;

415 4390 440 4439 44
453 4385 570 4437 musto
589 4389 614 4436 44
632 4397 712 4435 amma
732 4384 819 4434 4444444
835 4385 870 4444 G;
896 4383 972 4434 4444444
987 4384 1074 4435 4444444
1091 4383 1154 4446 (om.
1171 4383 1271 4447 4444444)
1289 4383 1357 4433 coni.
1376 4383 1436 4431 Gar.
1454 4379 1494 4438 4.,
1521 4382 1545 4427 ct
1558 4389 1636 4438 444444,
1653 4375 1742 4424 4444444

415 4460 458 4514 04.
476 4461 508 4524 4;
526 4457 855 4514 ammonicus.
876 4485 904 4496 -
922 4460 1026 4508 444444
1043 4458 1278 4509 4444444444444.
1299 4484 1326 4493 -
1347 4452 1610 4506 4444444444444444.
1628 4449 1688 4500 sch.
1709 4475 1737 4484 -

414 4536 546 4588 enlm
562 4535 592 4587 G.
613 4560 640 4573 -
659 4534 700 4585 44.
715 4547 764 4597 pro
781 4533 827 4583 tlto
843 4531 937 4584 codd:
957 4546 1007 4597 pro
1029 4547 1086 4584 meo
1107 4532 1194 4585 lladv.
1212 4530 1358 4582 admodum
1374 4526 1556 4595 probabiliter.
1575 4551 1603 4562 -
1622 4525 1689 4586 guod
1702 4537 1738 4575 m.

413 4610 636 4678 4444414444444.
654 4609 850 4661 444444444444.
871 4635 899 4644 -
926 4606 967 4659 44.
990 4622 1048 4658 com
1067 4608 1188 4672 4444444444
1208 4607 1240 4657 dc
1260 4601 1532 4669 commodhccoddc
1557 4599 1740 4662 mosmos

415 4684 513 4753 qur.
531 4685 653 4746 Welslre;
670 4699 730 4736 com
745 4683 909 4747 mrpiltudtoc
924 4682 1029 4747 Madvig
1045 4683 1094 4747 Op.
1107 4683 1128 4733 1.
1146 4695 1172 4746 p.
1185 4679 1242 4732 444.
1261 4680 1315 4744 sgo
1332 4691 1394 4729 cum
1413 4678 1441 4728 Τ.
1454 4676 1571 4727 Badenio
1587 4674 1686 4738 (444444
1695 4674 1740 4737 sur

414 4758 499 4813 444444.
517 4759 550 4811 IL
568 4772 594 4825 p.
607 4757 675 4824 444.)
692 4762 720 4811 44
735 4760 816 4811 444444
833 4758 906 4822 (Ver.
923 4758 999 4808 lectt.
1018 4758 1049 4807 ll.
1066 4770 1093 4822 p.
1113 4754 1180 4817 444.)
1198 4754 1276 4805 codd.
1295 4753 1435 4804 lectlonem
1452 4754 1541 4812 tneor,
1559 4762 1592 4799 cr
1609 4761 1661 4812 qna
1676 4747 1739 4798 dicit

415 4835 522 4885 emtor:
540 4833 650 4886 44444444
664 4835 761 4900 44444444
776 4847 833 4885 carm
847 4833 911 4884 otrts
926 4833 1047 4898 4444444444
1061 4831 1200 4894 conspicuis
1216 4831 1278 4895 (quo
1295 4829 1402 4880 nomine
1413 4827 1526 4877 honesto
1542 4820 1645 4873 nobiles
1662 4821 1740 4885 signi-

416 4907 537 4973 amur)
563 4909 593 4960 444
616 4909 719 4959 unm&
736 4909 764 4958 44
782 4921 812 4960 44
833 4908 902 4971 publ.
919 4906 1053 4959 4444444444
1076 4905 1183 4970 (quibus
1199 4903 1344 4971 amplitudo
1359 4899 1520 4968 pariebatur)
1536 4897 1690 4948 4444444444.
1709 4920 1737 4930 -

419 4983 457 5036 44.
476 4985 511 5035 cd
527 4996 568 5036 444
583 4984 720 5050 adimam
736 4985 755 5035 l.
771 4982 850 5049 prob.
868 4985 928 5034 Gar.
940 4984 966 5034 4.
985 5007 1013 5019 -
1037 4981 1078 5032 49.
1096 4981 1125 5031 4.
1144 4993 1197 5031 om.
1216 4981 1247 5030 (4
1268 5006 1293 5015 -
1318 4978 1359 5030 44
1382 4978 1429 5027 4444
1444 4974 1505 5026 bello
1521 4974 1556 5035 G,
1581 4974 1612 5022 ut
1627 4973 1687 5022 Gar.
1706 4971 1738 5035 (4)

420 5059 547 5112 conlcclt:
565 5059 593 5111 444
608 5061 656 5110 4444
672 5057 733 5110 betto
749 5056 908 5120 44444414,
927 5058 1000 5107 0.-
1017 5055 1076 5121 4444]
1092 5069 1209 5119 morus.
1223 5081 1251 5091 —
1269 5054 1311 5106 44.
1329 5053 1442 5104 tardetur
1458 5062 1488 5102 c:
1505 5046 1614 5098 44444444
1630 5046 1738 5108 Gllva,

420 5131 505 5185 don.
520 5159 546 5173 -
562 5132 950 5195 44.4444.-444.4444444444,
963 5131 1079 5184 0.-44.
1092 5130 1266 5190 4444444444ς
1283 5128 1434 5182 4444444444.
1447 5148 1474 5162 -
1493 5123 1659 5174 annonem.
1672 5120 1738 5184 (ὶψ.

422 5206 615 5274 -444444444
635 5195 1741 5280 -444444444444444044-44444444444444-44.4444444444444-44·

417 5280 607 5349 molstum
625 5282 806 5351 4444444444.
826 5279 1235 5335 -444444444444444444444
1252 5281 1282 5332 G.
