4367 6109
631 616 748 685 unc
778 616 853 685 cu.
873 612 1230 684 xxxva-xxxta
1256 612 1315 703 ss.
1335 612 1485 683 oa-oo.
1665 608 1727 679 seo

482 787 660 854 XXXVIII.
681 785 733 852 Db.
754 789 816 854 Pro
838 796 1008 875 quaestore
1020 808 1099 854 vero
1114 789 1277 875 quomodo
1295 789 1357 853 iste
1372 806 1540 852 commune
1554 785 1729 870 Milyadum

398 884 539 960 marlt,
570 884 734 969 quomodo
755 884 901 970 Lyciam,
934 883 1169 968 Pamphyliam,
1202 882 1354 946 Pisidiam
1374 882 1608 966 Phrygiamque
1629 885 1729 942 totam

397 977 560 1043 mento
580 977 785 1061 imperando,
811 976 1026 1053 aestimando,
1056 977 1117 1040 hac
1139 997 1214 1051 sua,
1236 995 1332 1060 quam
1353 984 1421 1040 tum
1442 976 1579 1059 primum
1601 972 1730 1057 excogi-

399 1072 495 1146 tavit,
519 1070 678 1135 Siciliensi
701 1072 924 1136 aestImatione
944 1071 1111 1147 alllixerit,
1133 1090 1199 1135 non
1221 1078 1271 1134 est
1284 1088 1414 1134 necesse
1429 1069 1646 1134 demonstrare
1660 1084 1730 1132 ver·

398 1166 459 1231 bis.
494 1164 566 1229 llos
587 1165 721 1230 scitote:
746 1165 797 1230 bis
818 1165 1019 1240 nomInibus,
1043 1160 1136 1250 (quae
1157 1185 1209 1229 res
1231 1184 1289 1249 per
1308 1163 1393 1228 hunc
1415 1172 1524 1246 gestae
1545 1171 1635 1239 sunt,
1656 1169 1754 1225 cumo

399 1261 461 1323 iste
488 1258 671 1323 civitatibus
699 1259 911 1335 frumentum,
944 1260 1045 1335 coma,
1074 1259 1198 1334 cilicia,
1231 1277 1341 1322 succos
1367 1259 1537 1341 imperaret
1565 1276 1671 1343 neque
1693 1274 1730 1320 ea

399 1360 540 1416 sumeret
567 1366 693 1437 proque
717 1353 768 1418 his
790 1354 886 1417 rebus
907 1354 1077 1437 pecuniam
1100 1349 1266 1435 exigeret‚)
1294 1351 1346 1416 his
1367 1351 1551 1415 nominibus
1573 1352 1651 1415 solis
1674 1350 1730 1414 (ln.

399 1444 584 1510 Dolabellae
614 1446 675 1511 fle
697 1446 737 1511 ad
759 1448 867 1511 tricies
890 1447 977 1511 litem
1000 1466 1071 1511 esse
1092 1446 1300 1510 aestimatam.
1344 1445 1435 1522 Quae
1457 1445 1564 1509 omnia
1585 1442 1730 1510 etiamsi

399 1537 565 1603 voluntate
577 1540 762 1604 Dolabellae
774 1537 907 1617 fiebant,
922 1561 981 1625 per
994 1542 1090 1604 istum
1105 1547 1212 1603 tamen
1226 1539 1333 1603 omnIa
1347 1537 1546 1622 gerebantur.
1580 1536 1632 1601 96.
1649 1539 1732 1602 Con·

399 1632 511 1696 sistam
532 1633 567 1697 in
586 1652 654 1698 uno
674 1635 824 1710 nomine3
846 1636 947 1700 multa
969 1635 1053 1699 enim
1076 1641 1152 1698 sunt
1172 1652 1213 1697 ex
1234 1634 1348 1697 eodem
1370 1651 1495 1716 genere.
1528 1633 1647 1697 Recita.
1681 1635 1770 1696 Dnts

400 1746 523 1791 noram
555 1744 744 1794 anaemaris
777 1729 831 1793 (ln.
861 1731 1078 1794 Dosanssnss
1107 1744 1157 1791 en.
1187 1745 1343 1791 ascerus
1371 1742 1549 1791 senseras.
1593 1726 1685 1803 Qvoo
1710 1748 1732 1791 s

400 1838 548 1886 conum
568 1823 756 1887 blrsranvsr.
799 1826 845 1887 Te
865 1822 945 1887 haec
966 1824 1127 1907 coogisse,
1149 1829 1180 1885 te
1195 1822 1396 1896 aestImasse,
1418 1820 1476 1884 tibi
1490 1819 1659 1905 poemiam
1673 1839 1733 1883 nu·

399 1923 553 1980 mercum
573 1934 645 1980 esse
667 1917 757 1992 dico,
779 1917 956 2002 eademque
976 1919 1009 1981 vi
1030 1924 1063 1981 et
1082 1916 1219 1990 Iniuria,
1240 1934 1314 1979 cum
1334 1914 1487 1999 pecunias
1509 1914 1664 1978 maximas
1679 1932 1732 1977 co-

399 2030 508 2094 geres,
536 2028 595 2095 per
622 2030 733 2075 omnes
762 2020 869 2095 partes
897 2012 1080 2095 provinciae
1109 2018 1142 2074 tc
1168 2018 1332 2094 tamquam
1353 2008 1494 2092 aliquam
1515 2007 1731 2072 calamitosam

399 2110 621 2190 tempestatem
649 2112 837 2189 pestemque
868 2106 1047 2189 pervasisse
1073 2105 1267 2169 demonstro.
1311 2101 1771 2187 {temperassemus

399 2200 457 2283 qui
479 2197 537 2262 Cn.
558 2198 757 2263 Dolabellam
777 2199 954 2275 accusavit,
983 2198 1079 2264 istum
1101 2199 1136 2261 in
1158 2217 1217 2261 sua
1236 2204 1396 2280 potestate
1417 2217 1454 2260 ec
1476 2197 1598 2262 ditione
1620 2197 1733 2262 tenuit.

400 2293 505 2357 llomo
526 2292 714 2357 adolescens
728 2312 801 2357 cum
821 2293 914 2357 istius
937 2294 971 2357 in
992 2290 1188 2378 inquirendo
1204 2291 1303 2354 multa
1316 2291 1401 2354 lurta
1415 2310 1452 2354 ac
1466 2292 1584 2376 flagitia
1598 2312 1734 2375 eognos-

400 2394 465 2461 set,
497 2385 575 2452 Iecit
605 2387 709 2472 perite
738 2393 771 2450 ct
797 2386 929 2451 callide:
963 2387 1114 2451 volumen
1142 2385 1211 2449 eius
1239 2405 1344 2448 rerum
1371 2393 1531 2469 gestarum
1561 2387 1732 2451 maximum

400 2480 455 2545 isti
476 2480 638 2545 ostendit:
660 2480 700 2544 ab
720 2479 853 2545 homine
866 2501 949 2567 quae
963 2480 1066 2545 voluit
1078 2480 1113 2543 in
1126 2478 1324 2543 Dolabellam
1339 2478 1488 2543 abstulit:
1509 2479 1607 2544 istum
1621 2487 1734 2545 testem

399 2577 570 2662 produxit:
589 2574 671 2639 dixit
683 2574 763 2650 iste,
782 2594 865 2659 quae
888 2574 971 2639 velle
987 2580 1204 2639 accusatorem
1221 2573 1355 2657 putarit.
1378 2573 1451 2650 Quo
1464 2594 1506 2637 ex
1518 2594 1635 2658 genere
1656 2574 1772 2639 mihist

399 2670 547 2746 metium,
574 2668 631 2754 qui
653 2688 726 2733 cum
747 2669 810 2733 isto
831 2668 927 2733 mmo
949 2675 1039 2745 suut,
1072 2669 1100 2732 si
1121 2668 1170 2732 uti
1192 2667 1383 2744 voluissem,
1405 2687 1519 2752 magna
1541 2670 1634 2755 eopia
1654 2669 1735 2734 Iuia·

400 2771 465 2840 set,
495 2762 553 2848 qui
578 2769 617 2826 ut
637 2781 672 2826 se
698 2762 842 2847 periculo
863 2763 987 2838 litium,
1015 2763 1241 2827 coniunctione
1263 2762 1432 2826 cuminum
1453 2763 1639 2839 liberarent,
1668 2782 1734 2847 quo

400 2878 461 2943 ego
493 2857 628 2932 vellem,
668 2855 878 2922 descensuros
910 2858 1154 2942 pollicebantur.
1208 2855 1262 2920 98.
1294 2859 1413 2921 Eorum
1447 2877 1506 2943 ego
1539 2859 1735 2924 voluntatem

400 2951 545 3016 omniurn
565 2949 743 3034 repudiavi
775 2953 848 3015 Non
869 2953 965 3016 modo
987 2951 1163 3035 proditori,
1186 2952 1241 3016 sed
1264 2971 1305 3016 ne
1326 2952 1478 3036 perfugae
1500 2953 1630 3037 quidem
1643 2952 1735 3017 locus

399 3044 435 3107 in
456 3043 537 3107 meis
558 3045 671 3109 castris
693 3045 842 3130 cuiquam
864 3046 934 3109 luit.
978 3046 1124 3109 Forsitan
1147 3046 1296 3110 meliores
1317 3045 1365 3110 illi
1379 3053 1581 3111 accusatores
1595 3046 1774 3112 habandin

400 3138 483 3215 sint,
516 3138 573 3223 qui
594 3138 683 3203 liaeo
712 3141 820 3203 omnia
849 3138 1003 3203 fecerunt.
1046 3141 1093 3204 lta
1123 3147 1190 3204 est:
1225 3141 1281 3203 sed
1303 3159 1363 3224 ego
1385 3140 1586 3205 defensorem
1607 3139 1642 3202 in
1663 3160 1735 3207 mea

400 3250 558 3318 persona,
579 3251 645 3307 non
666 3242 901 3310 accusatorem,
924 3234 1060 3297 maxime
1081 3232 1206 3296 laudari
1220 3233 1306 3298 volo.
1339 3234 1491 3298 Rationes
1510 3234 1550 3298 ad
1565 3234 1736 3318 aerarium,

401 3334 575 3412 antequam
595 3327 761 3393 Dolabella
782 3329 1013 3392 condemnatus
1035 3335 1099 3402 est,
1121 3347 1187 3391 nou
1201 3328 1299 3392 audet
1317 3327 1458 3393 referre:
1479 3329 1630 3413 Impetrat
1650 3349 1669 3393 a
1686 3349 1737 3394 se·

400 3428 497 3496 natu,
517 3427 555 3484 ut
575 3420 645 3486 dies
667 3422 727 3486 sibi
749 3430 990 3506 prorogaretur,
1013 3421 1101 3508 quod
1122 3420 1247 3485 tabulas
1268 3440 1343 3486 suas
1357 3424 1398 3486 ab
1414 3424 1653 3488 accusatoribus
1671 3425 1737 3490 Do·

402 3514 537 3579 labellae
567 3516 749 3600 obsignatas
779 3517 914 3592 diceret,
944 3516 1080 3600 proinde
1107 3514 1200 3601 quasi
1231 3516 1432 3582 exscribendi
1457 3525 1648 3601 potestatem
1669 3529 1774 3584 nonae

401 3609 545 3674 baberet.
588 3608 683 3673 Solus
716 3617 766 3674 cst
795 3609 867 3685 bic,
899 3611 956 3693 qui
990 3620 1166 3694 numquam
1187 3608 1329 3674 rationes
1362 3611 1404 3676 ad
1431 3613 1588 3676 aerarium
1609 3614 1736 3681 reserat.

403 3704 555 3768 xxxix.
576 3701 720 3768 Audistis
742 3703 957 3788 quaestoriam
979 3703 1135 3766 rationem
1156 3703 1257 3767 tribus
1279 3704 1444 3769 seniculis
1473 3705 1623 3786 relatam3
1651 3709 1737 3793 lega·

405 3799 503 3863 tionis
524 3816 591 3862 non
612 3797 676 3861 nisi
696 3798 910 3862 condemnato
932 3803 964 3861 et
986 3797 1087 3861 eiecto
1103 3816 1159 3873 eo,
1181 3798 1237 3882 qui
1254 3805 1366 3882 posset
1378 3798 1630 3882 reprehendere3
1651 3822 1736 3867 nunc

403 3892 543 3978 denique
564 3898 749 3976 praeturae,
771 3910 867 3976 wem
889 3911 931 3956 ex
952 3901 1083 3956 senatus
1105 3893 1253 3957 consulto
1275 3891 1384 3957 statim
1404 3890 1523 3955 referre
1537 3894 1662 3970 debuit,
1683 3915 1738 3959 us-

403 4005 467 4071 que
496 3987 537 4050 ad
567 3985 631 4050 hoc
659 3994 784 4070 tempus
814 4005 881 4050 non
910 3987 1041 4050 rettulit.
1085 3983 1138 4050 99.
1161 3986 1355 4063 Quaestores
1377 4005 1412 4049 sc
1434 3985 1468 4049 iu
1489 3994 1601 4051 senatu
1623 4001 1775 4072 exspers

403 4088 490 4144 ctare
512 4080 611 4156 dirit,
632 4079 766 4163 perinde
788 4079 881 4164 quasi
896 4099 977 4156 non,
999 4089 1036 4144 ut
1049 4089 1200 4164 quaestor
1218 4080 1287 4143 sine
1301 4087 1448 4162 praetore
1462 4080 1568 4162 possit
1579 4083 1737 4147 rationem

404 4171 522 4238 referre
545 4170 591 4257 (ut
611 4180 663 4249 tu,
691 4173 860 4249 Hortensi,
889 4182 926 4237 ut
947 4171 1086 4256 omnes),
1109 4175 1222 4237 eodem
1243 4174 1340 4237 modo
1362 4173 1432 4238 siue
1453 4182 1624 4257 quaestore
1643 4197 1738 4260 prae·

405 4274 464 4331 tor.
507 4267 596 4331 Dixit
615 4266 701 4330 idem
721 4266 921 4333 Dolabellam
942 4269 1140 4354 impetrasse.
1184 4267 1288 4332 Omen
1309 4268 1409 4351 magis
1430 4267 1575 4351 patribus
1597 4269 1738 4334 conscri-

405 4362 468 4444 ptis
491 4380 588 4447 quam
608 4380 706 4426 causa
726 4361 869 4445 placuita
898 4366 1122 4448 probaverunt.
1165 4364 1284 4427 Verum
1312 4367 1500 4447 quaestores
1522 4380 1652 4446 quoque
1672 4363 1736 4427 iam

470 4585 560 4651 oper
575 4585 641 4636 boae
657 4582 869 4649 etatgsgao:
885 4599 933 4649 per
948 4585 1092 4648 ipsade;
1107 4601 1155 4650 per
1171 4601 1228 4639 cum
1244 4586 1294 4639 (19.
1314 4586 1345 4638 0.
1360 4613 1387 4623 -
1405 4587 1431 4637 I.
1447 4597 1546 4650 proque
1562 4582 1735 4647 Gela-lgm:

402 4672 452 4725 pro
467 4656 517 4711 dtt.
536 4661 565 4711 0.
586 4685 613 4696 -
633 4661 673 4712 tt).
692 4662 758 4712 cutm
775 4674 829 4711 om.
842 4659 891 4711 (19.
906 4687 934 4698 -
954 4661 994 4711 tt.
1011 4660 1069 4725 ru]
1087 4663 1134 4712 PR.
1151 4662 1244 4724 Populo
1259 4662 1342 4722 ltug.
1360 4659 1417 4726 (Pll.
1427 4673 1587 4725 pressasque
1599 4659 1694 4723 populo
1706 4659 1735 4709 ll.

404 4735 510 4788 reducto
526 4734 565 4800 1..)
582 4734 670 4786 Plt.P.
683 4735 712 4785 lt.
730 4736 760 4786 0.
776 4762 804 4772 -
818 4736 955 4799 promtum
970 4734 1081 4797 ng293
1100 4736 1149 4786 Gn.
1163 4735 1382 4798 summosses.
1397 4737 1508 4800 peremis
1522 4736 1628 4787 rucco
1643 4732 1736 4791 eath3

404 4810 453 4863 Gn.
471 4808 604 4861 Dolabella
617 4821 644 4872 p.
661 4822 685 4858 r.
699 4802 812 4872 pecusffi
826 4810 932 4861 redoow
947 4810 1026 4872 equod
1042 4810 1096 4860 cet.
1115 4809 1161 4859 62.
1177 4835 1204 4844 -
1224 4808 1265 4858 ti.
1283 4810 1403 4873 eodm
1421 4810 1452 4876 te]
1469 4810 1594 4875 collegisse
1608 4812 1633 4860 et
1649 4809 1696 4860 Gt.
1707 4832 1736 4845 -

405 4883 447 4938 II.
464 4885 558 4937 mm.
570 4884 685 4948 almum
695 4884 741 4935 61.
755 4910 783 4922 -
800 4885 841 4936 t'l.
854 4889 980 4950 cognosset
990 4884 1027 4934 61
1035 4882 1106 4947 agas
1122 4881 1209 4934 lladv.
1221 4884 1242 4933 1.
1254 4895 1281 4948 p.
1295 4880 1363 4934 blo:
1380 4890 1536 4949 cognosceret
1551 4885 1585 4936 Gt
1600 4883 1693 4935 (19.0.
1707 4908 1735 4920 -·

403 4958 447 5011 16.
466 4959 591 5024 maso:
608 4959 733 5024 prodesstt
748 4959 781 5010 Gt
794 4958 818 5010 1.
845 4961 885 5011 De
901 4958 1053 5013 huiusmodl
1069 4956 1253 5023 dittographlls
1274 4956 1308 5008 cl.
1327 4956 1362 5009 ad
1379 4958 1463 5009 olon.
1482 4958 1507 5023 5.
1518 4959 1560 5009 62.
1579 4984 1607 4995 -
1625 4957 1667 5008 23.
1685 4956 1739 5008 dta-

405 5034 660 5095 cesmatttirc.
681 5060 709 5072 -
732 5031 1578 5098 2691999961.-161196411319εωι11190,-
1595 5031 1734 5082 9111961

407 5107 488 5172 sec:
506 5109 608 5161 loom
624 5109 676 5170 <323
695 5109 793 5161 omo.
808 5136 836 5147 -
851 5108 1266 5174 summoconstant&
1283 5107 1377 5160 (91.-
1395 5106 1558 5171 sopra-ss
1573 5105 1738 5172 (llbcbgit

407 5184 632 5249 amesseae.
653 5210 681 5223 ·-
700 5183 741 5235 bt.
759 5185 795 5236 od
811 5198 897 5236 seror.
914 5189 966 5234 rot.
985 5185 1031 5234 Gt.
1051 5207 1079 5220 -
1102 5183 1144 5236 el.
1162 5196 1240 5246 quoru
1257 5196 1312 5235 om.
1331 5182 1425 5235 GILd.
1446 5208 1474 5220 -
1497 5180 1538 5232 bb.
1557 5181 1738 5244 mma

408 5256 483 5325 liblq
499 5258 593 5324 Batti:
615 5264 771 5324 moron
786 5258 866 5312 codd.
887 5284 914 5294 —
934 5258 974 5310 36.
989 5258 1093 5322 made
1110 5255 1736 5323 egle2ostsssolacbgo.o;prooos1.gg.

408 5330 466 5386 rell.
489 5360 517 5371 -
536 5333 834 5403 smotacplarsq.
853 5331 1128 5399 -poosesacu
1145 5330 1224 5399 prob.
1241 5332 1415 5398 bladum.
1433 5327 1735 5397 ptozpesasueo.
