4367 6109
461 569 523 637 3³8
833 569 877 633 ΙΝ
896 569 1063 635 VERREM
1082 567 1208 636 nerto
1231 568 1414 635 SECUNDA

546 737 598 804 38.
620 738 684 804 Sed
706 737 782 823 quid
804 757 863 821 ego
885 739 977 802 istius
998 739 1031 802 in
1054 737 1229 803 eiusmodi
1250 738 1345 803 rebus
1367 737 1543 800 mediocres
1563 734 1697 799 iniurias
1719 733 1789 798 col·

462 835 538 920 ligo,
560 854 642 920 qnae
657 841 779 898 motum
793 830 889 895 modo
904 833 938 895 in
955 831 1047 896 furtis
1061 832 1154 897 istius
1170 839 1201 895 et
1216 830 1338 895 damnis
1354 850 1475 904 eornm,
1497 831 1646 913 aquibus
1660 828 1788 894 aufere-

462 930 526 1006 bat,
546 936 690 995 versatae
711 948 781 992 esse
802 927 990 991 rideantur?
1011 926 1163 1010 Accipite,
1186 926 1213 989 si
1234 926 1341 999 vultis,
1362 925 1493 999 iudices,
1514 943 1581 988 rem
1604 921 1787 997 eiusmodi,

462 1032 498 1088 ut
519 1025 687 1088 amentiam
708 1021 899 1104 singularem
923 1027 955 1083 et
970 1020 1111 1083 furerem
1125 1020 1197 1094 iam,
1219 1038 1284 1082 non
1299 1019 1505 1101 cupiditatem
1519 1019 1589 1083 eius
1602 1018 1788 1103 perspicere

439 1119 601 1202 ⁵possitis.
643 1116 757 1181 XVlll.
788 1115 962 1179 Melitensis
989 1114 1148 1177 Diodorus
1170 1120 1235 1188 est,
1265 1113 1320 1196 qui
1342 1112 1428 1196 apud
1448 1132 1505 1176 vos
1527 1119 1621 1176 antea
1642 1111 1789 1175 testimo·

461 1212 550 1276 nium
571 1210 660 1275 dixit.
695 1210 727 1273 Ie
741 1209 882 1295 Lilybaei
905 1208 1021 1272 multos
1042 1208 1106 1270 iam
1127 1227 1228 1270 annos
1250 1207 1378 1282 habitat,
1400 1205 1497 1268 homo
1519 1212 1551 1268 et
1565 1205 1652 1268 domi
1667 1205 1788 1269 nobilis

461 1314 494 1370 et
513 1304 598 1388 apud
620 1323 692 1379 eos,
719 1323 784 1387 quo
806 1323 841 1366 se
863 1302 1012 1376 contulit,
1034 1308 1165 1383 propter
1185 1302 1333 1365 virtutem
1355 1297 1542 1382 splendidus
1563 1307 1595 1364 et
1617 1301 1787 1383 gratiosas.

461 1401 508 1465 lte
528 1398 592 1464 hoc
605 1387 695 1462 Verri
718 1396 844 1472 dicitur,
866 1393 982 1460 habere
1005 1415 1076 1459 eum
1099 1395 1239 1478 perbona
1251 1399 1436 1466 toreumata,
1456 1394 1490 1456 in
1504 1392 1544 1456 iis
1557 1394 1674 1478 pocula
1689 1413 1788 1478 quae·

462 1493 551 1567 dam,
573 1510 656 1577 quae
678 1490 835 1554 Thericlia
855 1490 1075 1563 nominantur,
1097 1489 1249 1551 Mentoris
1271 1506 1367 1550 manu
1389 1506 1512 1550 summo
1535 1488 1670 1552 artificio
1692 1489 1787 1553 lacta.

426 1594 454 1642 ⁴⁰
462 1584 558 1663 Quod
578 1585 640 1649 iste
660 1585 716 1647 ubi
737 1583 875 1659 audivit,
904 1585 950 1647 sic
973 1583 1143 1665 cupiditate
1172 1583 1384 1645 intlammatus
1406 1588 1455 1644 est
1474 1600 1540 1644 non
1562 1582 1665 1647 solum
1686 1582 1789 1666 inspi·
1837 1592 1840 1597 '

462 1678 578 1755 ciendi,
599 1679 827 1742 verumetiam
849 1676 1029 1752 auferendi,
1050 1683 1087 1741 ut
1108 1676 1282 1739 Diodorum
1304 1675 1345 1738 ad
1366 1695 1401 1738 se
1422 1683 1551 1739 vocaret
1571 1696 1608 1740 ac
1629 1684 1788 1759 posceret.

460 1773 537 1849 Ille,
565 1772 620 1857 qui
642 1771 698 1835 illa
723 1792 789 1835 non
815 1771 933 1835 invitus
963 1770 1108 1845 haberet,
1137 1767 1303 1853 respondit
1332 1768 1472 1852 lilybaei
1504 1789 1538 1832 se
1566 1789 1631 1834 non
1658 1771 1788 1845 babere,

461 1867 588 1932 Melitae
609 1866 695 1949 apud
716 1866 876 1949 quendam
897 1865 1115 1948 propinquum
1138 1884 1232 1927 suum
1252 1862 1432 1945 reliquisse.
1468 1858 1520 1924 39.
1542 1865 1621 1927 Tum
1636 1865 1697 1928 iste
1711 1884 1789 1928 con·

461 1962 552 2025 tinuo
583 1960 679 2023 mittit
705 1959 851 2022 homines
880 1965 983 2021 certos
1011 1958 1167 2022 Melitam:
1204 1956 1313 2020 scribit
1339 1954 1380 2018 ad
1408 1958 1563 2040 quosdam
1592 1957 1789 2031 Melitenses,

425 2062 498 2118 aaut
520 2074 559 2118 ea
578 2073 655 2117 vasa
675 2052 875 2138 perquirant:
899 2059 990 2133 rogat
1009 2052 1203 2124 Diodorum,
1225 2057 1261 2113 ut
1282 2051 1322 2113 ad
1343 2050 1432 2113 illum
1454 2052 1671 2135 propinquum
1694 2072 1788 2115 suom

463 2147 517 2210 det
537 2146 667 2209 litteras.
694 2144 781 2208 Nihil
795 2145 825 2208 ei
839 2144 966 2226 longius
980 2142 1159 2217 videbatur,
1181 2164 1277 2227 quam
1292 2145 1367 2207 dum
1381 2144 1461 2208 illud
1475 2145 1599 2209 videret
1613 2153 1789 2229 argentum.

461 2240 631 2315 Diodorus,
651 2238 749 2303 bomo
770 2237 854 2321 frugi
874 2258 911 2301 ac
934 2236 1079 2318 diligens,
1102 2239 1158 2321 qui
1177 2258 1235 2301 sua
1249 2257 1374 2302 semare
1388 2239 1495 2314 vellet,
1516 2241 1556 2302 ad
1571 2241 1790 2324 propinquum

462 2353 556 2397 suum
577 2332 703 2409 scribit,
725 2339 762 2395 ut
782 2332 832 2407 iis,
855 2332 910 2415 qui
933 2350 953 2393 a
973 2331 1072 2393 Verre
1093 2333 1271 2406 venissent,
1293 2333 1501 2415 responderet
1521 2333 1601 2396 illud
1622 2342 1790 2417 argentum

463 2448 497 2491 se
519 2427 629 2511 paucis
650 2427 715 2490 illis
737 2425 849 2488 diebus
871 2424 993 2488 misisse
1014 2425 1214 2510 Lilybaeum.
1258 2428 1330 2509 Ipse
1360 2426 1481 2491 interea
1508 2427 1643 2491 recedit:
1677 2429 1790 2493 abeam

425 2533 482 2585 roa
503 2520 598 2584 domo
620 2519 785 2603 paulisper
811 2519 922 2582 maluit
949 2539 1046 2602 quam
1067 2539 1220 2602 praesens
1242 2519 1323 2582 illud
1344 2520 1462 2602 optime
1482 2520 1601 2585 iactum
1622 2529 1790 2606 mgentem

462 2615 616 2678 amittere.
660 2612 755 2688 Quod
777 2613 833 2676 ubi
854 2613 915 2675 iste
937 2611 1071 2688 audivit,
1101 2634 1204 2697 usque
1225 2632 1264 2676 eo
1287 2623 1464 2677 commotus
1486 2623 1552 2689 est,
1573 2622 1609 2678 ut
1630 2616 1699 2679 sine
1720 2615 1790 2679 ulla

463 2707 661 2771 dubitatione
689 2706 830 2771 insanire
859 2707 1005 2770 omnibus
1034 2726 1071 2769 ac
1098 2706 1203 2770 furere
1224 2704 1394 2770 rideretur.
1438 2707 1522 2783 Quia
1548 2729 1615 2772 non
1641 2715 1792 2792 potuerat

463 2801 587 2884 eripere
607 2808 783 2883 argentum,
805 2800 874 2881 ipse
896 2819 915 2862 a
935 2800 1074 2863 Diodoro
1098 2807 1206 2882 erepta
1227 2801 1289 2863 sibi
1311 2819 1386 2864 vasa
1409 2801 1528 2884 optime
1550 2802 1633 2866 facta
1647 2802 1790 2867 dicebat:

462 2894 601 2958 minitari
622 2894 746 2958 absenti
767 2892 919 2968 Diodoro,
942 2892 1108 2958 vociferari
1131 2894 1246 2977 palam,
1268 2894 1413 2957 lacrimas
1427 2893 1587 2957 interdum
1601 2897 1657 2960 vix
1670 2904 1790 2961 tenere.

425 2986 648 3071 alEripbylam
670 2987 850 3070 accepimus
872 2989 905 3051 in
926 2985 1042 3050 fabulis
1065 3007 1105 3051 ea
1126 2988 1314 3069 cupiditate,
1345 2995 1390 3062 ut,
1412 3008 1485 3050 cum
1506 2988 1640 3054 vidisset
1660 2991 1791 3064 monile,

339 3137 354 3162 ‚
462 3088 499 3144 nt
520 3081 653 3165 opinor,
682 3102 723 3145 ex
745 3100 824 3145 aure
847 3089 879 3145 et
901 3082 1048 3164 gemmis,
1071 3080 1306 3164 pulchritudine
1329 3082 1398 3144 eius
1420 3081 1552 3145 incensa
1572 3083 1708 3147 salutem
1729 3084 1792 3148 viri

461 3174 623 3258 proderet.
673 3175 793 3239 Similis
822 3175 913 3239 istius
942 3174 1117 3257 cupiditas:
1154 3173 1214 3235 hoc
1248 3176 1343 3238 etiam
1380 3175 1482 3238 acrior
1514 3183 1610 3261 atque
1638 3178 1792 3253 insanior,

463 3268 551 3353 quod
571 3268 629 3332 illa
649 3269 798 3352 cupiebat
818 3269 866 3344 id,
897 3270 985 3353 quod
1008 3269 1147 3342 viderat,
1176 3267 1270 3332 buius
1292 3269 1441 3333 libidines
1462 3290 1529 3333 non
1550 3271 1655 3335 selum
1677 3273 1791 3348 oculis,

463 3362 520 3426 sed
542 3363 638 3426 etiam
659 3363 789 3427 auribus
812 3363 1040 3427 excitabantur.
1073 3363 1161 3424 xlx.
1183 3358 1234 3422 40.
1258 3361 1411 3446 Conquiri
1432 3364 1607 3428 Diodorum
1629 3372 1696 3430 tota
1716 3386 1793 3452 pro·

426 3457 567 3522 antiocia
588 3457 686 3520 iubet
728 3457 786 3518 Ille
809 3476 849 3519 ex
872 3457 980 3519 Sicilia
1000 3457 1064 3518 iam
1085 3464 1188 3518 castra
1217 3464 1432 3519 commoverat
1460 3465 1492 3519 et
1512 3478 1588 3521 vasa
1609 3460 1792 3544 collegerat.

463 3550 585 3627 Homo,
618 3559 655 3614 ut
675 3550 785 3634 aliquo
809 3550 903 3614 modo
926 3551 960 3613 in
981 3550 1179 3634 provinciam
1200 3549 1292 3612 illum
1320 3558 1498 3626 revocaret,
1526 3553 1609 3617 banc
1631 3554 1794 3636 excogitat

531 3793 556 3843 4.
572 3793 704 3842 mediocris
720 3793 748 3842 lt.
764 3817 793 3829 -
807 3793 833 3843 2.
852 3792 998 3856 auferebant
1014 3795 1043 3852 a,
1063 3795 1096 3843 Gt
1112 3795 1141 3850 23
1160 3793 1339 3858 animabantur
1354 3793 1432 3857 4342.
1446 3822 1473 3830 -
1493 3795 1518 3846 3.
1535 3800 1650 3847 44444444
1666 3797 1694 3847 L.
1713 3790 1791 3848 test:

463 3871 565 3917 cereata
582 3865 660 3918 codd.
679 3868 742 3918 noti.
762 3867 813 3932 [est
827 3873 943 3918 44444444
959 3868 985 3918 in
1003 3867 1091 3932 43444]
1112 3870 1145 3918 At
1161 3870 1229 3919 haec
1246 3867 1325 3919 codd.
1343 3867 1421 3919 lectio
1440 3871 1484 3920 vix
1501 3870 1608 3922 delendi
1624 3871 1794 3935 potestastis

465 3942 566 3992 idoneis
584 3940 723 4006 exemplis,
742 3941 775 3991 cl.
789 3941 950 3993 Sebomann.
969 3941 1004 3992 ad
1015 3942 1069 3992 Cic.
1084 3941 1118 3991 de
1130 3945 1160 3993 N.
1173 3944 1204 3993 D.
1219 3944 1249 3992 11.
1265 3942 1288 4004 S.
1302 3943 1343 4004 44,
1362 3946 1389 3993 44
1405 3949 1514 4010 propter
1525 3959 1576 3997 esre
1587 3944 1659 4009 qood
1671 3946 1795 4009 seqnitur

466 4014 541 4068 lacile
558 4016 640 4065 errari
656 4018 769 4080 poterat.
789 4041 816 4051 -
835 4017 910 4066 444444
925 4019 954 4067 u.
966 4041 995 4052 -
1005 4015 1030 4067 4.
1049 4022 1072 4066 et
1086 4017 1138 4080 sor.
1158 4016 1237 4067 codd.
1257 4019 1325 4066 noti:
1342 4019 1431 4082 44444.
1450 4021 1479 4070 0.
1493 4022 1643 4071 -temecr
1654 4020 1683 4083 lt,
1701 4020 1793 4085 lagga

465 4104 516 4142 roe
530 4091 584 4140 iam
600 4092 647 4152 Gi,
665 4090 713 4140 Ld.
731 4088 759 4149 t;
784 4104 836 4141 aaa
856 4093 909 4141 aira
926 4091 971 4141 Gi.
992 4117 1018 4129 -
1039 4092 1246 4153 coacapldilclem
1270 4093 1300 4143 E.
1321 4119 1348 4129 —
1367 4095 1391 4145 b.
1410 4101 1468 4145 ante
1484 4098 1530 4147 Gt.
1551 4125 1579 4134 -
1597 4096 1622 4147 6.
1641 4095 1713 4146 Moto
1732 4094 1794 4146 aab.

466 4166 582 4229 4344344
597 4165 675 4228 4433.
695 4164 760 4214 dett.
780 4192 807 4202 -
826 4166 851 4216 8.
870 4179 926 4215 eum
943 4177 996 4215 om.
1017 4166 1063 4225 Gi,
1081 4165 1140 4216 cod.
1160 4168 1278 4218 Puteant.
1292 4194 1320 4204 -
1333 4170 1359 4217 ic
1376 4170 1397 4218 ie
1414 4171 1438 4232 (4
1453 4182 1490 4221 m.
1508 4172 1533 4222 2.
1552 4170 1696 4236 superseri
1712 4169 1748 4232 a;
1765 4169 1796 4219 le

465 4242 503 4291 lrls
520 4239 584 4290 dett.
603 4240 632 4289 0.
648 4239 778 4302 -poeula
793 4239 839 4300 443,
859 4240 920 4301 GE,
939 4236 968 4289 i:
983 4240 1076 4302 pocula
1092 4242 1141 4290 444
1158 4239 1223 4290 dett.
1241 4242 1271 4291 0.
1286 4266 1314 4278 -
1327 4243 1352 4293 9.
1366 4244 1593 4298 litericllallCGt
1608 4245 1639 4296 2:
1657 4243 1797 4296 4444444444

465 4317 501 4375 E:
519 4315 628 4365 lloridia
643 4313 695 4374 Ld;
721 4314 843 4364 Hermae
859 4313 924 4364 dett.
943 4315 973 4364 0.
993 4340 1020 4352 —
1039 4317 1079 4366 40.
1097 4316 1247 4378 inspiciendi
1269 4315 1320 4379 Ld,
1339 4319 1369 4369 0.
1390 4347 1416 4357 -
1436 4322 1476 4370 tt.
1495 4320 1527 4369 ab
1542 4333 1568 4371 ee
1583 4322 1613 4383 lt,
1631 4320 1667 4371 ad
1680 4332 1706 4372 ee
1722 4331 1794 4371 corr.

466 4401 504 4442 m.
521 4391 547 4441 3.
563 4416 590 4426 -
610 4389 650 4440 ta.
669 4389 712 4451 444
728 4402 759 4439 ea
775 4388 853 4452 agae.
868 4416 895 4424 -
908 4389 1038 4451 respondet
1055 4390 1075 4440 0
1092 4393 1184 4441 contra
1202 4390 1281 4441 codd.
1296 4416 1324 4428 -
1337 4406 1363 4444 se
1377 4394 1488 4456 lilybaei
1504 4396 1582 4461 lagg.
1601 4394 1667 4446 dett.
1685 4397 1715 4446 0.
1746 4395 1797 4444 nat

466 4465 507 4515 vis
524 4466 566 4514 est
582 4463 608 4514 iu
624 4463 750 4526 lilpboei,
769 4463 804 4514 ad
820 4463 893 4528 quod
909 4464 1024 4515 refertur
1039 4463 1141 4516 Melitae
1157 4465 1246 4515 stetim
1263 4478 1406 4530 sequens.»
1424 4469 1509 4522 Madv.
1527 4483 1555 4535 p.
1573 4471 1614 4521 443.
1630 4495 1658 4509 -
1677 4467 1718 4521 43.
1732 4481 1797 4534 pro·

463 4544 587 4660 precelsi
602 4596 632 4655 a,
651 4596 679 4644 el
695 4594 734 4644 sic
751 4593 832 4644 etiam
848 4606 874 4643 v.
893 4594 933 4644 45.
953 4595 992 4645 tl.
1013 4620 1041 4632 -
1061 4597 1102 4646 lli.
1120 4610 1194 4647 scam
1208 4611 1282 4660 prop.
1301 4599 1348 4661 Gt,
1366 4599 1431 4650 dett.
1449 4602 1479 4651 0.
1494 4629 1522 4638 -
1536 4602 1576 4654 tl.
1591 4602 1735 4667 propitum
1749 4615 1797 4653 ereo

468 4670 534 4721 dett.
552 4670 581 4721 0.
611 4669 865 4731 (Diodcrru--illud
881 4674 1014 4734 arpensem
1031 4683 1084 4720 orn.
1104 4673 1153 4733 Gi,
1175 4671 1234 4735 Ld.)
1253 4698 1280 4709 -
1300 4674 1339 4723 43.
1357 4680 1386 4724 ul
1401 4667 1438 4725 43
1458 4677 1487 4727 44.
1507 4703 1534 4713 -
1553 4677 1594 4728 20.
1613 4692 1631 4728 4
1647 4679 1719 4729 wale
1736 4678 1757 4729 ll
1775 4677 1797 4728 B

469 4745 503 4796 ot
517 4743 543 4806 2,
560 4741 591 4793 i:
609 4742 642 4792 ab
658 4743 730 4794 domo
747 4742 794 4802 Ld,
815 4742 878 4793 deti.
898 4744 927 4794 0.
941 4770 968 4780 ·-
979 4745 1110 4809 paulisper
1125 4747 1155 4807 lt,
1173 4745 1229 4797 alii:
1243 4748 1384 4811 paullisper
1399 4751 1429 4801 0.
1442 4776 1470 4786 —
1484 4753 1525 4803 2⁴.
1543 4753 1667 4804 4444444444
1682 4750 1794 4817 4343.-

470 4817 531 4869 aad.
552 4818 598 4868 isle
618 4815 683 4867 dett.
705 4820 736 4869 0.
765 4818 804 4869 Cl.
822 4817 908 4868 Madv.
931 4832 958 4883 p.
976 4819 1017 4870 43.
1039 4843 1065 4855 -
1085 4825 1120 4870 est
1142 4834 1231 4871 cerm
1256 4822 1320 4873 dell.
1339 4825 1368 4874 0.
1389 4826 1488 4878 -riae
1509 4829 1577 4878 mani
1598 4828 1674 4879 44444.
1698 4826 1745 4878 Ld.
1764 4852 1794 4863 -

469 4894 512 4947 2³.
529 4906 586 4958 erp.
605 4893 701 4956 eripere
717 4893 782 4944 dett.
801 4892 830 4942 0.
845 4919 873 4928 -
886 4907 904 4943 4
915 4907 968 4945 om.
987 4895 1083 4945 illidi
1098 4897 1128 4956 2;
1146 4897 1285 4947 aDiodore
1296 4923 1334 4935 --
1345 4899 1439 4949 cosma
1455 4913 1508 4951 om.
1522 4901 1569 4952 Ld.
1584 4929 1612 4938 -
1623 4903 1695 4966 sacta
1705 4902 1798 4965 optime
1888 4892 1893 4902 '

470 4968 550 5032 agea.
564 4993 592 5004 -
605 4966 647 5020 al.
664 4968 710 5018 444
720 4969 799 5032 4433.
818 4970 845 5019 44
862 4967 938 5030 dett,
956 4969 1063 5020 Servius
1074 4968 1110 5020 ad
1121 4973 1186 5020 Aen.
1199 4970 1230 5019 V.
1245 4970 1306 5021 ⁴73:
1325 4984 1377 5022 om.
1391 4974 1425 5035 a;
1443 4988 1494 5024 narr
1505 4974 1551 5037 63,
1570 4978 1601 5026 ut
1611 4977 1642 5028 V.
1655 4975 1679 5041 3.
1692 4977 1750 5026 til.
1765 5002 1795 5013 -

471 5044 512 5096 25.
530 5043 643 5108 liriplem
658 5045 691 5095 (il
706 5044 737 5104 2;
755 5043 908 5107 Eripbplem,
925 5057 1032 5095 acorem
1047 5044 1196 5107 Amphiarai
1213 5044 1260 5096 Ld.
1280 5045 1529 5100 Ci.lul.seve1tan.
1547 5063 1573 5116 p.
1587 5050 1643 5103 etl.
1659 5079 1687 5088 -
1699 5050 1741 5102 28.
1759 5051 1799 5102 lu-

472 5117 566 5168 4444444
581 5120 610 5169 44.
626 5143 653 5153 -
667 5117 708 5168 30.
726 5117 879 5178 cauatam
894 5124 1006 5168 44444444
1022 5120 1117 5184 4433.;
1135 5120 1188 5170 iam
1204 5134 1226 5170 c.
1243 5127 1356 5172 maarai
1371 5124 1399 5173 0.
1415 5153 1442 5161 -
1456 5125 1496 5176 34.
1514 5127 1628 5188 ispe-ao.
1645 5125 1796 5177 illrmllE:

471 5190 543 5242 illum
558 5193 585 5242 ic
599 5205 672 5255 pree.
691 5194 736 5256 Gi,
755 5192 802 5255 Ld,
822 5192 887 5246 dett.
904 5195 940 5256 0;
957 5197 1033 5247 444444
1048 5197 1162 5260 irprpc.
1175 5199 1222 5248 Gi.
1237 5199 1403 5263 -eacopilat
1418 5201 1515 5253 nnat
1531 5201 1556 5266 2,
1574 5202 1657 5267 mo:
1675 5200 1800 5266 eacopllet

473 5262 526 5328 Le,
544 5263 696 5333 eacopltaelt
711 5266 777 5320 dett.
794 5267 824 5321 0.
