4367 6109
658 578 728 644 cn.
750 579 802 642 w.
830 577 905 644 cn.
926 577 1175 644 cxv-cxvi.
1203 574 1260 662 ss.
1282 572 1474 643 lis-iu.
1664 565 1727 635 eu

413 750 594 813 Decernunt
615 748 719 812 statim
740 749 891 832 primum,
914 769 953 812 vr
972 768 1034 813 cru
1054 748 1152 814 chro
1176 767 1296 813 rnsrar
1320 767 1489 812 sosrrrrvu
1510 762 1641 809 rnnrce
1660 763 1727 807 rus·

414 862 491 916 ner,
519 841 605 924 quod
632 842 659 904 is
690 843 829 905 eandem
843 841 1035 906 voluntatem
1058 864 1131 926 erga
1159 843 1371 927 Syracusanos
1400 841 1605 923 suscepisset,
1634 857 1727 920 quam

414 955 472 1019 ego
495 953 618 1018 semper
637 934 828 999 habuissem.
871 936 906 997 ld
929 956 993 999 non
1015 938 1109 1000 modo
1130 946 1197 1000 tum
1218 936 1423 1019 scripsemnt,
1450 954 1559 997 verum
1580 931 1674 996 etiam
1694 932 1728 993 in

413 1049 485 1093 aere
506 1028 639 1092 incisum
661 1029 754 1092 nohis
776 1027 978 1092 tradiderunt
1021 1030 1120 1092 Valde
1140 1029 1269 1092 hercule
1290 1037 1322 1091 te
1345 1026 1533 1110 Syracusani
1555 1027 1615 1100 tui,
1648 1043 1730 1108 quos

414 1121 523 1185 crebro
546 1140 789 1185 commemorare
809 1120 909 1196 soles,
932 1123 1081 1205 diligunt,
1105 1123 1246 1205 qui'cum
1263 1130 1443 1185 accusatore
1458 1130 1511 1185 tuo
1526 1122 1601 1184 satis
1615 1119 1755 1182 iusume

414 1234 540 1281 eausam
566 1215 805 1298 coniungendas
834 1215 1076 1279 necessitudinis
1097 1223 1224 1299 putent,
1254 1211 1340 1298 quod
1362 1223 1393 1277 le
1414 1222 1616 1278 accusaturus
1637 1213 1732 1276 silet

415 1307 500 1394 quod
532 1308 719 1392 inquisitum
747 1310 779 1371 in
812 1316 843 1372 te
864 1309 995 1373 venerit.
1038 1310 1150 1372 Postea
1172 1310 1364 1382 decernitur,
1396 1327 1431 1371 ac
1452 1329 1517 1370 non
1538 1308 1642 1382 varie,
1675 1305 1731 1369 sed

413 1423 513 1490 prope
540 1402 660 1466 eunctis
689 1403 869 1477 sententiis,
901 1423 940 1465 vr
968 1423 1138 1476 asenario,
1171 1420 1255 1475 ovas
1287 1401 1604 1465 C.Vsaa1nscnsrs
1627 1419 1732 1473 esser,

413 1515 628 1562 renuerem.
671 1490 742 1558 liu.
764 1497 800 1557 ln
824 1515 882 1570 eo,
904 1491 974 1559 cum
995 1497 1058 1560 iam
1079 1517 1143 1559 non
1165 1496 1267 1558 solum
1283 1495 1433 1559 discessio
1454 1495 1535 1559 facta
1554 1503 1653 1570 esset,
1675 1492 1732 1557 sed

414 1593 507 1657 eliam
539 1590 745 1675 perscriptum
780 1596 874 1672 atque
909 1591 942 1652 in
973 1590 1096 1654 tahulas
1131 1590 1279 1663 relatum,
1304 1597 1436 1672 praetor
1465 1589 1651 1672 appellatur.
1693 1589 1770 1652 Atio

414 1687 484 1771 quis
512 1684 674 1771 appellati
717 1685 916 1766 Magistratus
946 1683 1067 1767 aliquit
1110 1685 1220 1746 Nemo.
1264 1683 1417 1746 Senatorl
1455 1683 1501 1744 Ne
1531 1682 1562 1744 id
1592 1681 1733 1766 quidem.

415 1782 680 1866 Syracusanorum
709 1776 833 1861 aliquit
866 1777 1007 1840 Minime.
1051 1777 1128 1853 Quis
1156 1777 1252 1859 igitur
1272 1782 1448 1860 praetorem
1470 1774 1632 1859 appellati
1670 1774 1733 1850 Qui

414 1879 562 1955 quaestor
588 1871 678 1934 istius
698 1870 818 1944 fuerat,
847 1871 880 1933 P.
905 1870 1073 1934 Caesetius.
1117 1870 1144 1932 0
1166 1890 1232 1932 rem
1253 1868 1434 1932 ridiculaml
1458 1889 1476 1932 o
1498 1868 1655 1934 desertum
1676 1869 1736 1931 ho·

415 1969 548 2041 minem,
578 1966 789 2049 desperatum,
817 1964 979 2026 relictuml
1019 1966 1045 2027 A
1074 1964 1255 2046 magistratu
1283 1962 1407 2037 Siculo,
1437 1982 1477 2025 ne
1505 1969 1632 2026 senatus
1659 1982 1735 2026 con·

415 2060 532 2124 sultum
560 2059 657 2122 Siculi
685 2058 830 2121 homines
856 2058 959 2120 lacere
988 2065 1135 2142 possent,
1158 2077 1198 2120 ne
1221 2077 1312 2120 suum
1333 2057 1383 2119 ius
1405 2058 1471 2120 suis
1490 2057 1644 2130 moribus,
1667 2055 1772 2119 suisa

415 2153 538 2236 legibus
568 2152 710 2215 oblinere
742 2159 885 2235 possent,
918 2169 982 2213 non
1009 2152 1129 2215 amicus
1159 2151 1268 2224 istius,
1303 2170 1366 2212 non
1393 2150 1525 2234 hospes,
1558 2169 1624 2213 non
1646 2149 1736 2214 deni·

419 2266 481 2333 que
507 2246 622 2331 aliquis
650 2245 790 2318 Siculus,
818 2245 873 2308 sed
896 2252 1045 2329 quaestor
1065 2251 1241 2329 praetorem
1262 2243 1408 2328 appellat.
1452 2243 1530 2319 Quis
1550 2245 1613 2307 hoc
1633 2245 1737 2308 viditl

416 2341 486 2426 quis
515 2340 661 2403 audivit?
696 2335 825 2403 Praetor
852 2358 972 2422 aequus
1004 2346 1036 2402 et
1063 2340 1189 2423 sapiens
1219 2338 1334 2400 dimitti
1355 2338 1441 2401 iuhet
1460 2345 1613 2401 senatum.
1655 2337 1738 2400 Con·

416 2426 512 2498 currit
539 2433 579 2497 ad
608 2452 658 2495 me
687 2435 825 2496 maxima
847 2432 1033 2496 multitudo:
1067 2434 1203 2519 primum
1229 2439 1389 2495 senatores
1415 2431 1549 2495 clamare
1574 2432 1634 2495 sihi
1658 2431 1737 2517 eripi

414 2529 483 2602 ius,
505 2527 582 2611 eripi
605 2527 798 2590 libertatem:
820 2527 957 2610 populus
981 2533 1122 2591 senatum
1142 2526 1288 2600 laudare,
1310 2526 1426 2608 gratias
1441 2545 1554 2608 agere:
1577 2527 1661 2589 cives
1676 2527 1774 2589 lio-le

415 2621 499 2685 mani
527 2640 546 2684 a
573 2640 623 2683 me
652 2641 807 2704 nusquam
839 2620 1012 2683 discedere.
1057 2620 1128 2696 Quo
1152 2620 1279 2703 quidem
1303 2620 1354 2682 die
1376 2618 1456 2683 nihil
1477 2623 1601 2702 aegrius
1620 2620 1737 2685 factum

416 2722 466 2779 est
486 2714 585 2778 multe
608 2714 715 2778 labore
737 2734 824 2789 meo,
848 2734 941 2799 quam
963 2722 1000 2778 ut
1021 2733 1134 2777 manus
1156 2714 1195 2776 ah
1217 2713 1273 2776 illo
1289 2714 1483 2796 appellatore
1498 2713 1737 2777 abstinerentur.

416 2804 487 2872 lli.
511 2808 589 2871 Cum
618 2809 657 2871 ad
686 2817 862 2890 praetorem
891 2810 924 2871 in
953 2809 1001 2871 ius
1023 2807 1217 2881 adissemus,
1248 2807 1407 2889 excogitat
1428 2826 1505 2870 sane
1527 2815 1632 2882 acute,
1661 2806 1737 2891 quid

417 2904 582 2966 decernat:
613 2922 687 2966 nem
715 2911 804 2977 ante,
836 2922 930 2986 quam
958 2902 1088 2967 verbum
1117 2901 1269 2976 lacerem,
1302 2900 1341 2964 de
1370 2901 1448 2965 sella
1474 2901 1611 2965 surrexit
1641 2908 1737 2983 alque

416 2997 503 3062 ahiit.
557 2997 667 3080 ltaque
698 3004 763 3061 tum
796 2996 835 3059 de
867 2996 957 3072 loro,
998 3017 1069 3059 cum
1100 2996 1162 3059 iam
1195 2997 1485 3080 advesperasceret,
1526 2995 1776 3059 discessimusre

417 3092 526 3154 LXVI.
547 3089 701 3154 Postridie
722 3110 815 3154 mane
837 3092 877 3154 ah
893 3109 931 3154 eo
953 3091 1097 3176 postulo,
1118 3097 1153 3152 ut
1171 3090 1376 3174 Syracusanis
1398 3090 1505 3153 liceret
1519 3096 1648 3153 senatus
1662 3108 1738 3152 con·

417 3185 550 3259 sultum,
579 3184 665 3268 quod
685 3186 786 3269 pridie
808 3185 972 3260 fecissent,
1001 3184 1078 3247 mihi
1100 3185 1243 3247 reddere.
1287 3183 1344 3246 llle
1366 3183 1546 3248 enimvero
1568 3192 1677 3266 negat,
1706 3188 1738 3247 et

417 3280 460 3342 ait
481 3278 644 3360 indignum
665 3278 789 3341 facinus
812 3299 900 3353 csse,
930 3279 1014 3362 quod
1043 3297 1102 3360 ego
1131 3278 1165 3340 in
1189 3285 1299 3341 senatu
1323 3277 1442 3341 Graeco
1463 3277 1559 3342 verba
1578 3278 1738 3346 fecissem:

419 3373 506 3458 quod
529 3373 657 3456 quidem
679 3374 763 3457 apud
785 3374 922 3437 Graecos
944 3373 1062 3436 Graece
1084 3371 1208 3436 locutus
1231 3391 1349 3446 essem,
1381 3371 1414 3433 id
1439 3371 1514 3434 ferri
1534 3372 1622 3434 nullo
1643 3369 1739 3434 modo

417 3485 521 3552 posse.
556 3467 719 3550 Respondi
741 3466 877 3541 homini,
900 3475 934 3529 ul
954 3467 1060 3551 potui,
1081 3473 1118 3528 ut
1134 3465 1244 3540 dehui,
1265 3465 1412 3528 utvolui.
1445 3465 1522 3528 Cum
1544 3465 1650 3539 multa,
1672 3471 1775 3528 tuneo

418 3561 512 3624 eliam
541 3560 604 3623 hoc
635 3579 685 3621 me
716 3561 845 3623 memini
875 3561 996 3635 dicere,
1029 3559 1121 3623 facilc
1143 3580 1212 3623 esse
1234 3560 1449 3643 perspicuum,
1483 3566 1636 3644 quantum
1657 3559 1739 3621 iuter

418 3654 503 3716 hunc
535 3662 567 3716 ct
598 3651 685 3717 illum
708 3654 923 3729 Numidicum,
956 3675 1064 3718 verum
1086 3673 1123 3717 ac
1144 3674 1327 3737 germanum
1348 3653 1525 3727 Metellum,
1553 3653 1737 3717 interesset:

419 3747 508 3811 illum
529 3748 669 3812 noluisse
691 3768 748 3812 sua
769 3749 949 3812 laudatione
965 3750 1071 3812 iuvere
1085 3749 1121 3810 L.
1135 3748 1317 3822 Lucullum,
1340 3749 1455 3811 sororis
1471 3747 1589 3820 virum,
1612 3747 1737 3830 quicum

486 4001 509 4051 l.
528 4013 584 4050 mem
600 4000 628 4050 L.
645 3999 727 4063 (rutra
743 4001 777 4050 ii:
798 4013 855 4050 cum
870 3999 952 4062 palm
966 4000 994 4050 L.
1013 3997 1121 4058 icem
1144 4000 1172 4049 i.
1189 3999 1267 4062 patri
1283 3996 1348 4048 dell.
1368 4025 1395 4034 -
1422 3998 1558 4061 hospicium
1573 4000 1602 4049 a.
1622 4025 1649 4035 -
1668 3998 1692 4050 3.
1710 3999 1738 4049 ie

420 4089 479 4128 aere
493 4074 606 4140 Maon]
637 4074 678 4125 Ad
699 4087 756 4124 rem
779 4074 882 4125 conteri
902 4077 988 4134 Garat.
1008 4076 1037 4125 11.
1065 4076 1156 4125 sctum
1179 4073 1213 4123 de
1231 4071 1345 4123 Pallante
1362 4085 1405 4137 ep.
1423 4071 1486 4123 Plin.
1506 4073 1553 4137 Ep.
1571 4074 1635 4124 Vill.
1654 4073 1678 4134 6,
1697 4073 1737 4124 la.

420 4154 516 4214 Peneg.
535 4163 558 4199 c.
578 4150 618 4199 77.
645 4152 672 4199 et
696 4151 722 4201 in
740 4149 800 4200 elbo
818 4151 912 4201 Curiae
930 4151 1076 4201 Canusinae
1095 4163 1137 4213 ep.
1156 4149 1269 4200 Febrelt.
1288 4161 1314 4212 p.
1333 4148 1405 4198 598:
1432 4147 1568 4200 Nouius.
1587 4148 1739 4199 osclum·

419 4227 501 4277 NVll.
520 4226 563 4275 IN.
581 4223 674 4275 dEiili.
692 4226 881 4276 llt'ClDliNlld.
900 4225 1116 4276 cl'lidVElil'NT.
1136 4250 1164 4259 -
1183 4223 1207 4274 l.
1225 4222 1323 4272 mule
1339 4222 1375 4272 33
1387 4222 1470 4286 Lgtt:
1488 4222 1567 4272 lorck
1583 4223 1646 4273 deit.
1665 4224 1694 4274 0.
1708 4248 1736 4260 -

420 4301 445 4352 7.
462 4301 606 4362 lnqririlsm
622 4299 671 4360 lia,
691 4299 771 4363 Lgttz
797 4300 832 4349 ad
847 4301 1022 4362 inqrsircadum
1039 4300 1103 4349 dell.
1124 4325 1151 4334 -
1170 4304 1197 4349 at
1212 4312 1262 4348 non
1278 4299 1367 4347 ocriae
1382 4298 1411 4349 li.
1432 4324 1460 4333 -
1484 4298 1508 4348 3.
1526 4299 1662 4348 consensus
1676 4302 1737 4348 unt.

420 4377 485 4427 dell.
505 4402 532 4412 —
551 4375 574 4426 9.
593 4377 621 4424 ln
636 4372 1092 4438 mP3l1.g29:aneodell.;ot
1107 4387 1166 4423 cero
1182 4373 1211 4422 0.
1232 4398 1258 4408 -
1284 4372 1324 4421 li.
1343 4375 1418 4433 alque
1434 4371 1568 4434 appellabit
1583 4373 1604 4422 a
1622 4375 1678 4437 (pro
1694 4386 1740 4436 ap·

418 4451 537 4516 pallacii),
557 4477 584 4486 -
603 4450 683 4511 aliqui
699 4451 767 4500 liue
785 4449 831 4500 Ld.
850 4450 866 4500 7
883 4452 977 4514 lagg:
996 4449 1088 4511 aliquis
1104 4449 1136 4497 Gi
1152 4446 1229 4510 Lglt.
1250 4472 1277 4481 -
1296 4445 1337 4495 lt.
1355 4446 1435 4507 aliqui
1450 4446 1503 4496 as:
1521 4447 1613 4508 aliquis
1628 4448 1692 4498 dell.
1708 4449 1738 4500 0.

422 4552 449 4562 -
469 4525 510 4577 43.
528 4526 555 4575 P.
574 4525 704 4587 Comites]
722 4524 752 4575 G.
766 4525 893 4575 Caesecisr
904 4526 923 4575 ii
935 4525 981 4583 (³23
999 4524 1026 4574 S.
1040 4522 1146 4573 caelius
1156 4521 1217 4578 Ld.;
1235 4521 1342 4570 &uates
1357 4522 1444 4572 consul
1455 4524 1486 4572 Gi
1499 4537 1505 4581 ;
1525 4522 1638 4573 Cmdlius
1648 4524 1738 4588 Legg.;

419 4611 583 4666 praenomen
600 4611 653 4649 om.
672 4600 701 4649 0.
720 4600 753 4650 cl.
772 4600 802 4649 V.
822 4600 846 4664 5.
860 4599 900 4650 63.
915 4625 943 4637 -
962 4599 1000 4650 il.
1019 4600 1189 4660 mmmmm,
1206 4595 1320 4646 relictum
1337 4594 1432 4646 uiue
1451 4596 1511 4648 Ld.:
1531 4611 1546 4647 o
1562 4599 1628 4661 desp.
1647 4612 1678 4649 ar
1692 4600 1738 4650 rel.

420 4677 486 4727 deli.
505 4676 539 4734 03
558 4688 573 4724 o
590 4675 655 4738 deep.
673 4675 738 4725 lom.
750 4676 864 4726 relictus
875 4676 920 4725 Gi.
947 4676 1013 4725 'lum
1031 4674 1160 4725 maiorem
1176 4672 1372 4731 distinctionem
1389 4673 1527 4736 posuimus
1538 4686 1600 4725 cum
1612 4675 1740 4738 iladvigio

421 4753 469 4816 Op.
482 4753 501 4801 l.
520 4763 546 4815 p.
560 4749 616 4801 36l.
642 4753 726 4802 Antea
743 4752 781 4802 sic
799 4752 856 4802 erat
872 4751 1013 4814 scriplum:
1031 4749 1145 4800 relictum
1161 4761 1179 4796 a
1194 4760 1261 4811 map.
1275 4747 1374 4797 Siculo!
1390 4748 1428 4798 Na
1444 4750 1495 4798 cet.
1509 4774 1537 4784 -
1557 4752 1597 4800 it.
1614 4763 1741 4800 mussan

422 4827 458 4878 ue
474 4823 499 4876 i.
519 4854 546 4863 -
572 4827 612 4878 ti.
630 4830 746 4889 quaedor
763 4826 797 4875 .Ρ.
816 4827 844 4876 li.
860 4830 1003 4888 praetorem
1019 4825 1047 4874 ii.
1075 4849 1103 4858 —
1128 4822 1191 4892 uidit
1205 4827 1251 4872 eut
1266 4822 1321 4885 quir
1336 4823 1415 4886 Legg.
1434 4825 1541 4887 praeter
1556 4824 1602 4885 29,
1629 4825 1673 4888 qui
1691 4824 1740 4875 he·

421 4901 470 4967 het
477 4917 484 4952 ι
501 4916 526 4951 e.
539 4907 584 4951 aul
593 4902 638 4952 hoc
649 4902 708 4950 aed.
724 4929 751 4938 -
771 4900 810 4951 43.
822 4901 885 4963 sn'pi
901 4900 946 4950 silli
958 4899 1021 4950 dell.
1037 4927 1064 4936 -
1082 4900 1124 4950 33.
1142 4898 1228 4948 labore
1242 4911 1297 4948 meo
1311 4899 1390 4948 mullo
1401 4896 1426 4959 l,
1440 4899 1485 4949 63.
1501 4925 1528 4934 -
1545 4899 1586 4950 33.
1606 4905 1679 4949 acute
1690 4899 1736 4960 lie,

422 4976 455 5029 i:
474 4980 602 5042 diligenter
617 4983 640 5028 el
656 4981 728 5027 caule
744 4976 809 5026 dett.
822 4976 851 5026 0.
867 4999 894 5012 -
913 4975 953 5025 26.
971 4974 1058 5026 emetri
1077 4976 1215 5025 consultior
1231 4975 1261 5024 ii.
1274 5001 1301 5010 -
1320 4974 1361 5025 30.
1379 4980 1407 5024 ut
1423 4975 1506 5036 moui,
1525 4981 1553 5024 ul
1568 4975 1635 5024 colei
1647 4974 1693 5035 lie,
1706 4972 1737 5024 l:

422 5060 450 5104 ul
467 5054 548 5115 uolui,
572 5059 601 5103 ul
621 5052 692 5103 deoru
712 5051 777 5102 dett.
796 5051 824 5101 0.
843 5051 876 5101 cl.
894 5053 999 5114 Agroel.
1018 5063 1045 5114 p.
1063 5050 1137 5100 3368.
1158 5076 1185 5086 -
1209 5064 1266 5101 cem
1282 5052 1310 5112 ii,
1329 5050 1386 5112 Ld.‚
1405 5051 1488 5113 Lgti:
1517 5055 1569 5100 hen
1585 5049 1642 5100 rell.
1660 5051 1689 5100 0.
1709 5076 1736 5086 -

423 5130 464 5180 3i.
481 5129 556 5179 ellam
572 5141 625 5179 om.
645 5128 721 5191 Lgtil.
741 5152 768 5162 -
789 5139 829 5177 me
845 5140 898 5177 om.
918 5125 1007 5184 codd,
1026 5126 1105 5176 etiem
1122 5126 1150 5175 a.
1166 5151 1192 5162 -
1211 5125 1252 5175 33.
1269 5130 1293 5175 el
1307 5138 1386 5189 pem.
1404 5125 1470 5175 dett.
1489 5125 1528 5188 lac
1544 5124 1643 5175 habent
1659 5126 1739 5176 etiem

424 5206 501 5268 Lagg.
518 5204 631 5265 omues.)
649 5229 676 5238 -
704 5201 744 5252 33.
762 5214 811 5252 mc
826 5203 938 5252 mallone
953 5201 1030 5265 Lgit.
1059 5228 1086 5238 -
1113 5201 1228 5262 lucarias
1243 5202 1277 5260 li;
1303 5201 1389 5250 iwan·
1404 5214 1422 5249 a
1438 5213 1451 5250 e
1467 5198 1496 5258 l,
1515 5199 1560 5251 63.
1587 5201 1652 5252 ilinc
1668 5202 1737 5252 coni.

424 5278 516 5332 Lemh.
528 5278 614 5330 limari
624 5292 642 5327 a
651 5291 689 5338 ως
702 5279 789 5328 enat.
800 5279 831 5328 ll.
843 5278 992 5344 suspicatur
1002 5277 1044 5330 his
1055 5275 1146 5328 litteris
1156 5275 1297 5345 significari
1308 5275 1372 5329 elios
1383 5274 1484 5328 hebere
1494 5276 1591 5327 iuuare.
1599 5301 1626 5311 -
1639 5276 1739 5341 waler
