<?xml version="1.0" encoding="UTF-8"?>
<!DOCTYPE html PUBLIC "-//W3C//DTD XHTML 1.0 Transitional//EN"
    "http://www.w3.org/TR/xhtml1/DTD/xhtml1-transitional.dtd">
<html xmlns="http://www.w3.org/1999/xhtml" xml:lang="en" lang="en">
 <head>
  <title>
</title>
<meta http-equiv="Content-Type" content="text/html;charset=utf-8" />
  <meta name='ocr-system' content='tesseract 3.04.00' />
  <meta name='ocr-capabilities' content='ocr_page ocr_carea ocr_par ocr_line ocrx_word'/>
</head>
<body>
  <div class='ocr_page' id='page_1' title='image "./operaquaesupers02halmgoog_0051.png"; bbox 0 0 4367 6109; ppageno 0'>
   <div class='ocr_carea' id='block_1_1' title="bbox 829 600 1734 694">
    <p class='ocr_par' dir='ltr' id='par_1_1' title="bbox 829 600 1734 694">
     <span class='ocr_line' id='line_1_1' title="bbox 829 600 1734 694; baseline 0.002 -21"><span class='ocrx_word' id='word_1_1' title='bbox 829 600 902 674; x_wconf 69' lang='lat' dir='ltr'><strong>cn.</strong></span> <span class='ocrx_word' id='word_1_2' title='bbox 924 610 1063 674; x_wconf 85' lang='lat' dir='ltr'><strong>rx-x.</strong></span> <span class='ocrx_word' id='word_1_3' title='bbox 1090 607 1146 694; x_wconf 72' lang='lat' dir='ltr'><strong>qs.</strong></span> <span class='ocrx_word' id='word_1_4' title='bbox 1169 607 1317 676; x_wconf 78' lang='lat' dir='ltr'><strong>as-as.</strong></span> <span class='ocrx_word' id='word_1_5' title='bbox 1691 608 1734 677; x_wconf 84' lang='lat' dir='ltr'><strong>ar</strong></span> 
     </span>
    </p>
   </div>
   <div class='ocr_carea' id='block_1_2' title="bbox 412 779 1790 3395">
    <p class='ocr_par' dir='ltr' id='par_1_2' title="bbox 412 779 1790 3395">
     <span class='ocr_line' id='line_1_2' title="bbox 414 779 1733 866; baseline 0.004 -24"><span class='ocrx_word' id='word_1_6' title='bbox 414 797 556 861; x_wconf 90' lang='lat' dir='ltr'><strong>sogonus</strong></span> <span class='ocrx_word' id='word_1_7' title='bbox 579 786 610 841; x_wconf 88' lang='lat' dir='ltr'><strong>ct</strong></span> <span class='ocrx_word' id='word_1_8' title='bbox 631 779 699 861; x_wconf 90' lang='lat' dir='ltr'><strong>ipse</strong></span> <span class='ocrx_word' id='word_1_9' title='bbox 721 779 760 841; x_wconf 91' lang='lat' dir='ltr'><strong>ad</strong></span> <span class='ocrx_word' id='word_1_10' title='bbox 782 797 837 840; x_wconf 88' lang='lat' dir='ltr'><strong>eos</strong></span> <span class='ocrx_word' id='word_1_11' title='bbox 858 780 980 842; x_wconf 89' lang='lat' dir='ltr'><strong>accedit</strong></span> <span class='ocrx_word' id='word_1_12' title='bbox 1001 787 1033 843; x_wconf 88' lang='lat' dir='ltr'><strong>et</strong></span> <span class='ocrx_word' id='word_1_13' title='bbox 1052 781 1197 845; x_wconf 91' lang='lat' dir='ltr'><strong>homines</strong></span> <span class='ocrx_word' id='word_1_14' title='bbox 1218 781 1342 844; x_wconf 89' lang='lat' dir='ltr'><strong>nobiles</strong></span> <span class='ocrx_word' id='word_1_15' title='bbox 1364 781 1480 864; x_wconf 88' lang='lat' dir='ltr'><strong>allegat</strong></span> <span class='ocrx_word' id='word_1_16' title='bbox 1498 782 1552 856; x_wconf 92' lang='lat' dir='ltr'><strong>iis,</strong></span> <span class='ocrx_word' id='word_1_17' title='bbox 1575 783 1630 866; x_wconf 94' lang='lat' dir='ltr'><strong>qui</strong></span> <span class='ocrx_word' id='word_1_18' title='bbox 1643 790 1733 865; x_wconf 89' lang='lat' dir='ltr'><strong>pete-</strong></span> 
     </span>
     <span class='ocr_line' id='line_1_3' title="bbox 412 872 1733 959; baseline 0.002 -24"><span class='ocrx_word' id='word_1_19' title='bbox 412 878 500 944; x_wconf 90' lang='lat' dir='ltr'><strong>rent,</strong></span> <span class='ocrx_word' id='word_1_20' title='bbox 523 891 565 935; x_wconf 89' lang='lat' dir='ltr'><strong>ne</strong></span> <span class='ocrx_word' id='word_1_21' title='bbox 587 872 626 936; x_wconf 89' lang='lat' dir='ltr'><strong>ad</strong></span> <span class='ocrx_word' id='word_1_22' title='bbox 649 872 768 935; x_wconf 80' lang='lat' dir='ltr'>Sullam</span> <span class='ocrx_word' id='word_1_23' title='bbox 790 872 929 947; x_wconf 89' lang='lat' dir='ltr'><strong>adirent,</strong></span> <span class='ocrx_word' id='word_1_24' title='bbox 951 879 983 935; x_wconf 92' lang='lat' dir='ltr'><strong>et</strong></span> <span class='ocrx_word' id='word_1_25' title='bbox 1004 875 1110 936; x_wconf 89' lang='lat' dir='ltr'><strong>omnia</strong></span> <span class='ocrx_word' id='word_1_26' title='bbox 1126 874 1382 958; x_wconf 78' lang='lat' dir='ltr'>Chrysogonum,</span> <span class='ocrx_word' id='word_1_27' title='bbox 1405 895 1488 959; x_wconf 90' lang='lat' dir='ltr'><strong>quae</strong></span> <span class='ocrx_word' id='word_1_28' title='bbox 1508 876 1641 949; x_wconf 87' lang='lat' dir='ltr'><strong>vellent,</strong></span> <span class='ocrx_word' id='word_1_29' title='bbox 1664 895 1733 939; x_wconf 89' lang='lat' dir='ltr'><strong>ossa</strong></span> 
     </span>
     <span class='ocr_line' id='line_1_4' title="bbox 413 963 1732 1052; baseline 0.005 -24"><span class='ocrx_word' id='word_1_30' title='bbox 413 964 571 1029; x_wconf 74' lang='lat' dir='ltr'><strong>facturum</strong></span> <span class='ocrx_word' id='word_1_31' title='bbox 594 965 828 1051; x_wconf 79' lang='lat' dir='ltr'>pollicerentur.</span> <span class='ocrx_word' id='word_1_32' title='bbox 864 963 915 1028; x_wconf 71' lang='grc'>16.</span> <span class='ocrx_word' id='word_1_33' title='bbox 938 967 1043 1050; x_wconf 86' lang='lat' dir='ltr'>Usque</span> <span class='ocrx_word' id='word_1_34' title='bbox 1066 968 1145 1030; x_wconf 88' lang='lat' dir='ltr'><strong>adeo</strong></span> <span class='ocrx_word' id='word_1_35' title='bbox 1168 976 1274 1031; x_wconf 90' lang='lat' dir='ltr'><strong>autem</strong></span> <span class='ocrx_word' id='word_1_36' title='bbox 1290 970 1345 1032; x_wconf 89' lang='lat' dir='ltr'><strong>ille</strong></span> <span class='ocrx_word' id='word_1_37' title='bbox 1359 971 1580 1052; x_wconf 80' lang='lat' dir='ltr'><strong>pertimuerat,</strong></span> <span class='ocrx_word' id='word_1_38' title='bbox 1602 977 1637 1033; x_wconf 93' lang='lat' dir='ltr'><strong>ut</strong></span> <span class='ocrx_word' id='word_1_39' title='bbox 1652 972 1732 1034; x_wconf 91' lang='lat' dir='ltr'><strong>mori</strong></span> 
     </span>
     <span class='ocr_line' id='line_1_5' title="bbox 415 1058 1734 1148; baseline 0.006 -28"><span class='ocrx_word' id='word_1_40' title='bbox 415 1058 525 1121; x_wconf 87' lang='lat' dir='ltr'><strong>mallet</strong></span> <span class='ocrx_word' id='word_1_41' title='bbox 547 1079 642 1142; x_wconf 91' lang='lat' dir='ltr'><strong>quam</strong></span> <span class='ocrx_word' id='word_1_42' title='bbox 665 1060 705 1123; x_wconf 90' lang='lat' dir='ltr'><strong>de</strong></span> <span class='ocrx_word' id='word_1_43' title='bbox 726 1060 777 1123; x_wconf 89' lang='lat' dir='ltr'><strong>his</strong></span> <span class='ocrx_word' id='word_1_44' title='bbox 797 1061 891 1124; x_wconf 90' lang='lat' dir='ltr'><strong>rehus</strong></span> <span class='ocrx_word' id='word_1_45' title='bbox 914 1061 1033 1124; x_wconf 87' lang='lat' dir='ltr'>Sullam</span> <span class='ocrx_word' id='word_1_46' title='bbox 1056 1062 1173 1124; x_wconf 90' lang='lat' dir='ltr'><strong>doceri.</strong></span> <span class='ocrx_word' id='word_1_47' title='bbox 1209 1062 1360 1125; x_wconf 83' lang='lat' dir='ltr'>Homines</span> <span class='ocrx_word' id='word_1_48' title='bbox 1382 1065 1522 1147; x_wconf 77' lang='lat' dir='ltr'><strong>antiqui,</strong></span> <span class='ocrx_word' id='word_1_49' title='bbox 1545 1065 1601 1148; x_wconf 90' lang='lat' dir='ltr'><strong>qui</strong></span> <span class='ocrx_word' id='word_1_50' title='bbox 1618 1084 1659 1128; x_wconf 84' lang='lat' dir='ltr'><strong>ex</strong></span> <span class='ocrx_word' id='word_1_51' title='bbox 1677 1084 1734 1128; x_wconf 88' lang='lat' dir='ltr'><strong>sua</strong></span> 
     </span>
     <span class='ocr_line' id='line_1_6' title="bbox 415 1151 1773 1236; baseline 0.001 -19"><span class='ocrx_word' id='word_1_52' title='bbox 415 1160 530 1217; x_wconf 88' lang='lat' dir='ltr'><strong>natura</strong></span> <span class='ocrx_word' id='word_1_53' title='bbox 558 1162 679 1217; x_wconf 89' lang='lat' dir='ltr'><strong>ceteros</strong></span> <span class='ocrx_word' id='word_1_54' title='bbox 705 1151 875 1236; x_wconf 89' lang='lat' dir='ltr'><strong>lingerent,</strong></span> <span class='ocrx_word' id='word_1_55' title='bbox 906 1175 977 1216; x_wconf 91' lang='lat' dir='ltr'><strong>cum</strong></span> <span class='ocrx_word' id='word_1_56' title='bbox 1006 1154 1061 1217; x_wconf 90' lang='lat' dir='ltr'><strong>ille</strong></span> <span class='ocrx_word' id='word_1_57' title='bbox 1084 1151 1282 1218; x_wconf 80' lang='lat' dir='ltr'><strong>confirmaret</strong></span> <span class='ocrx_word' id='word_1_58' title='bbox 1303 1176 1373 1218; x_wconf 89' lang='lat' dir='ltr'><strong>sese</strong></span> <span class='ocrx_word' id='word_1_59' title='bbox 1394 1176 1510 1221; x_wconf 88' lang='lat' dir='ltr'><strong>nomen</strong></span> <span class='ocrx_word' id='word_1_60' title='bbox 1533 1160 1606 1221; x_wconf 85' lang='lat' dir='ltr'>Sex.</span> <span class='ocrx_word' id='word_1_61' title='bbox 1628 1158 1734 1221; x_wconf 77' lang='lat' dir='ltr'><strong>Roscii</strong></span> <span class='ocrx_word' id='word_1_62' title='bbox 1757 1173 1773 1219; x_wconf 86' lang='lat' dir='ltr'><strong>e</strong></span> 
     </span>
     <span class='ocr_line' id='line_1_7' title="bbox 415 1245 1736 1339; baseline 0.002 -28"><span class='ocrx_word' id='word_1_63' title='bbox 415 1248 456 1311; x_wconf 93' lang='lat' dir='ltr'><strong>de</strong></span> <span class='ocrx_word' id='word_1_64' title='bbox 478 1249 594 1311; x_wconf 83' lang='lat' dir='ltr'><strong>tabulis</strong></span> <span class='ocrx_word' id='word_1_65' title='bbox 616 1255 853 1330; x_wconf 81' lang='lat' dir='ltr'><strong>exemptarum,</strong></span> <span class='ocrx_word' id='word_1_66' title='bbox 881 1247 1010 1339; x_wconf 79' lang='lat' dir='ltr'><strong>praedia</strong></span> <span class='ocrx_word' id='word_1_67' title='bbox 1037 1268 1137 1310; x_wconf 86' lang='lat' dir='ltr'><strong>vacua</strong></span> <span class='ocrx_word' id='word_1_68' title='bbox 1159 1245 1223 1310; x_wconf 85' lang='lat' dir='ltr'><strong>lilio</strong></span> <span class='ocrx_word' id='word_1_69' title='bbox 1246 1249 1448 1324; x_wconf 89' lang='lat' dir='ltr'><strong>traditurum,</strong></span> <span class='ocrx_word' id='word_1_70' title='bbox 1478 1272 1615 1337; x_wconf 92' lang='lat' dir='ltr'><strong>cumque</strong></span> <span class='ocrx_word' id='word_1_71' title='bbox 1637 1251 1669 1314; x_wconf 93' lang='lat' dir='ltr'><strong>id</strong></span> <span class='ocrx_word' id='word_1_72' title='bbox 1689 1252 1736 1314; x_wconf 91' lang='lat' dir='ltr'><strong>ita</strong></span> 
     </span>
     <span class='ocr_line' id='line_1_8' title="bbox 415 1342 1735 1428; baseline 0.002 -22"><span class='ocrx_word' id='word_1_73' title='bbox 415 1342 557 1406; x_wconf 80' lang='lat' dir='ltr'><strong>futurum</strong></span> <span class='ocrx_word' id='word_1_74' title='bbox 585 1345 621 1405; x_wconf 89' lang='grc' dir='ltr'><strong>Τ.</strong></span> <span class='ocrx_word' id='word_1_75' title='bbox 643 1343 777 1405; x_wconf 83' lang='lat' dir='ltr'><strong>Roscius</strong></span> <span class='ocrx_word' id='word_1_76' title='bbox 801 1343 928 1425; x_wconf 87' lang='lat' dir='ltr'><strong>Capito,</strong></span> <span class='ocrx_word' id='word_1_77' title='bbox 958 1343 1012 1425; x_wconf 90' lang='lat' dir='ltr'><strong>qui</strong></span> <span class='ocrx_word' id='word_1_78' title='bbox 1041 1342 1206 1404; x_wconf 91' lang='lat' dir='ltr'><strong>indecem</strong></span> <span class='ocrx_word' id='word_1_79' title='bbox 1235 1342 1346 1424; x_wconf 89' lang='lat' dir='ltr'><strong>legatis</strong></span> <span class='ocrx_word' id='word_1_80' title='bbox 1368 1350 1451 1419; x_wconf 89' lang='lat' dir='ltr'><strong>erat,</strong></span> <span class='ocrx_word' id='word_1_81' title='bbox 1482 1346 1735 1428; x_wconf 89' lang='lat' dir='ltr'><strong>appromitteret,</strong></span> 
     </span>
     <span class='ocr_line' id='line_1_9' title="bbox 416 1437 1736 1519; baseline 0.002 -19"><span class='ocrx_word' id='word_1_82' title='bbox 416 1437 634 1501; x_wconf 87' lang='lat' dir='ltr'><strong>crediderunt:</strong></span> <span class='ocrx_word' id='word_1_83' title='bbox 668 1437 825 1499; x_wconf 78' lang='lat' dir='ltr'><strong>Ameriam</strong></span> <span class='ocrx_word' id='word_1_84' title='bbox 857 1456 890 1498; x_wconf 91' lang='lat' dir='ltr'><strong>re</strong></span> <span class='ocrx_word' id='word_1_85' title='bbox 920 1437 1043 1498; x_wconf 86' lang='lat' dir='ltr'><strong>inorata</strong></span> <span class='ocrx_word' id='word_1_86' title='bbox 1070 1443 1275 1498; x_wconf 86' lang='lat' dir='ltr'><strong>reverterunt.</strong></span> <span class='ocrx_word' id='word_1_87' title='bbox 1318 1438 1363 1498; x_wconf 82' lang='lat' dir='ltr'><strong>hc</strong></span> <span class='ocrx_word' id='word_1_88' title='bbox 1391 1437 1493 1519; x_wconf 90' lang='lat' dir='ltr'><strong>primo</strong></span> <span class='ocrx_word' id='word_1_89' title='bbox 1521 1458 1588 1502; x_wconf 88' lang='lat' dir='ltr'><strong>rem</strong></span> <span class='ocrx_word' id='word_1_90' title='bbox 1610 1440 1736 1502; x_wconf 78' lang='lat' dir='ltr'><strong>differre</strong></span> 
     </span>
     <span class='ocr_line' id='line_1_10' title="bbox 418 1527 1734 1616; baseline 0.002 -25"><span class='ocrx_word' id='word_1_91' title='bbox 418 1530 561 1614; x_wconf 86' lang='lat' dir='ltr'><strong>quotidie</strong></span> <span class='ocrx_word' id='word_1_92' title='bbox 582 1550 619 1593; x_wconf 91' lang='lat' dir='ltr'><strong>ac</strong></span> <span class='ocrx_word' id='word_1_93' title='bbox 641 1531 870 1612; x_wconf 81' lang='lat' dir='ltr'><strong>procrastinare</strong></span> <span class='ocrx_word' id='word_1_94' title='bbox 893 1531 945 1592; x_wconf 90' lang='lat' dir='ltr'><strong>isti</strong></span> <span class='ocrx_word' id='word_1_95' title='bbox 969 1536 1158 1612; x_wconf 88' lang='lat' dir='ltr'><strong>coeperunt,</strong></span> <span class='ocrx_word' id='word_1_96' title='bbox 1182 1529 1297 1591; x_wconf 90' lang='lat' dir='ltr'><strong>deinde</strong></span> <span class='ocrx_word' id='word_1_97' title='bbox 1319 1528 1482 1613; x_wconf 88' lang='lat' dir='ltr'><strong>aliquanto</strong></span> <span class='ocrx_word' id='word_1_98' title='bbox 1498 1531 1613 1595; x_wconf 90' lang='lat' dir='ltr'><strong>lentius</strong></span> <span class='ocrx_word' id='word_1_99' title='bbox 1630 1527 1734 1616; x_wconf 91' lang='lat' dir='ltr'><strong>[nihil]</strong></span> 
     </span>
     <span class='ocr_line' id='line_1_11' title="bbox 417 1621 1773 1708; baseline 0.004 -23"><span class='ocrx_word' id='word_1_100' title='bbox 417 1630 627 1706; x_wconf 77' lang='lat' dir='ltr'><strong>agerentque</strong></span> <span class='ocrx_word' id='word_1_101' title='bbox 650 1625 817 1698; x_wconf 89' lang='lat' dir='ltr'><strong>deludere;</strong></span> <span class='ocrx_word' id='word_1_102' title='bbox 840 1631 1015 1706; x_wconf 92' lang='lat' dir='ltr'><strong>postremo,</strong></span> <span class='ocrx_word' id='word_1_103' title='bbox 1037 1624 1070 1686; x_wconf 90' lang='lat' dir='ltr'><strong>id</strong></span> <span class='ocrx_word' id='word_1_104' title='bbox 1093 1624 1180 1708; x_wconf 92' lang='lat' dir='ltr'><strong>quod</strong></span> <span class='ocrx_word' id='word_1_105' title='bbox 1201 1621 1294 1685; x_wconf 80' lang='lat' dir='ltr'><strong>facile</strong></span> <span class='ocrx_word' id='word_1_106' title='bbox 1308 1624 1504 1687; x_wconf 86' lang='lat' dir='ltr'><strong>intellectum</strong></span> <span class='ocrx_word' id='word_1_107' title='bbox 1520 1633 1583 1701; x_wconf 91' lang='lat' dir='ltr'><strong>est,</strong></span> <span class='ocrx_word' id='word_1_108' title='bbox 1605 1625 1773 1690; x_wconf 77' lang='lat' dir='ltr'><strong>insidiosae</strong></span> 
     </span>
     <span class='ocr_line' id='line_1_12' title="bbox 418 1716 1737 1802; baseline -0.001 -21"><span class='ocrx_word' id='word_1_109' title='bbox 418 1720 500 1781; x_wconf 80' lang='lat' dir='ltr'><strong>vitae</strong></span> <span class='ocrx_word' id='word_1_110' title='bbox 521 1718 654 1781; x_wconf 88' lang='lat' dir='ltr'><strong>huiusce</strong></span> <span class='ocrx_word' id='word_1_111' title='bbox 678 1718 751 1781; x_wconf 82' lang='lat' dir='ltr'><strong>Sex.</strong></span> <span class='ocrx_word' id='word_1_112' title='bbox 773 1719 879 1780; x_wconf 85' lang='lat' dir='ltr'><strong>Roscii</strong></span> <span class='ocrx_word' id='word_1_113' title='bbox 902 1737 1030 1800; x_wconf 87' lang='lat' dir='ltr'><strong>parare,</strong></span> <span class='ocrx_word' id='word_1_114' title='bbox 1053 1737 1156 1800; x_wconf 89' lang='lat' dir='ltr'><strong>neque</strong></span> <span class='ocrx_word' id='word_1_115' title='bbox 1172 1736 1241 1779; x_wconf 91' lang='lat' dir='ltr'><strong>sese</strong></span> <span class='ocrx_word' id='word_1_116' title='bbox 1257 1716 1399 1780; x_wconf 86' lang='lat' dir='ltr'><strong>arbitrari</strong></span> <span class='ocrx_word' id='word_1_117' title='bbox 1415 1738 1509 1802; x_wconf 90' lang='lat' dir='ltr'><strong>posse</strong></span> <span class='ocrx_word' id='word_1_118' title='bbox 1526 1719 1645 1783; x_wconf 90' lang='lat' dir='ltr'><strong>diutius</strong></span> <span class='ocrx_word' id='word_1_119' title='bbox 1660 1717 1737 1781; x_wconf 89' lang='lat' dir='ltr'><strong>alie-</strong></span> 
     </span>
     <span class='ocr_line' id='line_1_13' title="bbox 417 1808 1738 1895; baseline 0 -20"><span class='ocrx_word' id='word_1_120' title='bbox 417 1831 490 1876; x_wconf 86' lang='lat' dir='ltr'><strong>nam</strong></span> <span class='ocrx_word' id='word_1_121' title='bbox 512 1813 680 1893; x_wconf 88' lang='lat' dir='ltr'><strong>pecuniam</strong></span> <span class='ocrx_word' id='word_1_122' title='bbox 702 1812 831 1875; x_wconf 93' lang='lat' dir='ltr'><strong>domino</strong></span> <span class='ocrx_word' id='word_1_123' title='bbox 855 1812 1006 1875; x_wconf 90' lang='lat' dir='ltr'><strong>incolumi</strong></span> <span class='ocrx_word' id='word_1_124' title='bbox 1030 1813 1181 1874; x_wconf 88' lang='lat' dir='ltr'><strong>obtinere.</strong></span> <span class='ocrx_word' id='word_1_125' title='bbox 1214 1812 1254 1872; x_wconf 85' lang='lat' dir='ltr'><strong>X.</strong></span> <span class='ocrx_word' id='word_1_126' title='bbox 1277 1808 1328 1873; x_wconf 77' lang='lat'><strong>27.</strong></span> <span class='ocrx_word' id='word_1_127' title='bbox 1354 1812 1449 1888; x_wconf 88' lang='lat' dir='ltr'><strong>Quod</strong></span> <span class='ocrx_word' id='word_1_128' title='bbox 1463 1813 1517 1876; x_wconf 90' lang='lat' dir='ltr'><strong>hic</strong></span> <span class='ocrx_word' id='word_1_129' title='bbox 1531 1811 1625 1875; x_wconf 92' lang='lat' dir='ltr'><strong>simul</strong></span> <span class='ocrx_word' id='word_1_130' title='bbox 1639 1820 1738 1895; x_wconf 88' lang='lat' dir='ltr'><strong>atque</strong></span> 
     </span>
     <span class='ocr_line' id='line_1_14' title="bbox 419 1905 1736 1989; baseline 0.001 -21"><span class='ocrx_word' id='word_1_131' title='bbox 419 1905 532 1978; x_wconf 88' lang='lat' dir='ltr'><strong>sensit,</strong></span> <span class='ocrx_word' id='word_1_132' title='bbox 565 1906 605 1967; x_wconf 90' lang='lat' dir='ltr'><strong>de</strong></span> <span class='ocrx_word' id='word_1_133' title='bbox 634 1905 807 1967; x_wconf 90' lang='lat' dir='ltr'><strong>amicorum</strong></span> <span class='ocrx_word' id='word_1_134' title='bbox 829 1913 1098 1989; x_wconf 79' lang='lat' dir='ltr'><strong>cognatorumque</strong></span> <span class='ocrx_word' id='word_1_135' title='bbox 1120 1907 1277 1969; x_wconf 91' lang='lat' dir='ltr'><strong>sententia</strong></span> <span class='ocrx_word' id='word_1_136' title='bbox 1297 1907 1427 1969; x_wconf 89' lang='lat' dir='ltr'><strong>Romam</strong></span> <span class='ocrx_word' id='word_1_137' title='bbox 1450 1907 1593 1988; x_wconf 78' lang='lat' dir='ltr'><strong>confugit</strong></span> <span class='ocrx_word' id='word_1_138' title='bbox 1613 1913 1646 1969; x_wconf 93' lang='lat' dir='ltr'><strong>et</strong></span> <span class='ocrx_word' id='word_1_139' title='bbox 1667 1925 1736 1969; x_wconf 88' lang='lat' dir='ltr'><strong>sese</strong></span> 
     </span>
     <span class='ocr_line' id='line_1_15' title="bbox 418 1997 1736 2082; baseline -0.002 -20"><span class='ocrx_word' id='word_1_140' title='bbox 418 2001 458 2063; x_wconf 88' lang='lat' dir='ltr'><strong>ad</strong></span> <span class='ocrx_word' id='word_1_141' title='bbox 482 1999 667 2073; x_wconf 84' lang='lat' dir='ltr'><strong>Caeciliam,</strong></span> <span class='ocrx_word' id='word_1_142' title='bbox 690 1998 713 2079; x_wconf 85' lang='lat'><em>†</em></span> <span class='ocrx_word' id='word_1_143' title='bbox 735 2001 866 2082; x_wconf 83' lang='lat' dir='ltr'><strong>Nepotis</strong></span> <span class='ocrx_word' id='word_1_144' title='bbox 889 1997 1001 2072; x_wconf 86' lang='lat' dir='ltr'><strong>filiam,</strong></span> <span class='ocrx_word' id='word_1_145' title='bbox 1030 2020 1125 2082; x_wconf 91' lang='lat' dir='ltr'><strong>quam</strong></span> <span class='ocrx_word' id='word_1_146' title='bbox 1146 1999 1279 2062; x_wconf 90' lang='lat' dir='ltr'><strong>honoris</strong></span> <span class='ocrx_word' id='word_1_147' title='bbox 1301 2019 1395 2062; x_wconf 90' lang='lat' dir='ltr'><strong>causa</strong></span> <span class='ocrx_word' id='word_1_148' title='bbox 1416 2001 1564 2075; x_wconf 92' lang='lat' dir='ltr'><strong>nomino,</strong></span> <span class='ocrx_word' id='word_1_149' title='bbox 1586 1999 1736 2073; x_wconf 92' lang='lat' dir='ltr'><strong>contulit,</strong></span> 
     </span>
     <span class='ocr_line' id='line_1_16' title="bbox 419 2092 1774 2177; baseline 0.002 -21"><span class='ocrx_word' id='word_1_150' title='bbox 419 2111 483 2177; x_wconf 90' lang='lat' dir='ltr'><strong>qua</strong></span> <span class='ocrx_word' id='word_1_151' title='bbox 503 2099 594 2176; x_wconf 88' lang='lat' dir='ltr'><strong>pater</strong></span> <span class='ocrx_word' id='word_1_152' title='bbox 614 2114 692 2156; x_wconf 90' lang='lat' dir='ltr'><strong>usus</strong></span> <span class='ocrx_word' id='word_1_153' title='bbox 714 2100 780 2155; x_wconf 89' lang='lat' dir='ltr'><strong>erat</strong></span> <span class='ocrx_word' id='word_1_154' title='bbox 801 2094 988 2175; x_wconf 90' lang='lat' dir='ltr'><strong>plurimum:</strong></span> <span class='ocrx_word' id='word_1_155' title='bbox 1010 2094 1122 2177; x_wconf 91' lang='lat' dir='ltr'><strong>inqua</strong></span> <span class='ocrx_word' id='word_1_156' title='bbox 1141 2094 1288 2169; x_wconf 90' lang='lat' dir='ltr'><strong>muliere,</strong></span> <span class='ocrx_word' id='word_1_157' title='bbox 1310 2095 1449 2170; x_wconf 90' lang='lat' dir='ltr'><strong>iudices,</strong></span> <span class='ocrx_word' id='word_1_158' title='bbox 1472 2095 1567 2156; x_wconf 91' lang='lat' dir='ltr'><strong>etiam</strong></span> <span class='ocrx_word' id='word_1_159' title='bbox 1582 2113 1682 2167; x_wconf 92' lang='lat' dir='ltr'><strong>nunc,</strong></span> <span class='ocrx_word' id='word_1_160' title='bbox 1704 2092 1736 2154; x_wconf 93' lang='lat' dir='ltr'><strong>id</strong></span> <span class='ocrx_word' id='word_1_161' title='bbox 1746 2111 1774 2159; x_wconf 80' lang='lat' dir='ltr'><strong>ee</strong></span> 
     </span>
     <span class='ocr_line' id='line_1_17' title="bbox 419 2186 1737 2271; baseline 0 -23"><span class='ocrx_word' id='word_1_162' title='bbox 419 2186 505 2271; x_wconf 93' lang='lat' dir='ltr'><strong>quod</strong></span> <span class='ocrx_word' id='word_1_163' title='bbox 527 2205 637 2249; x_wconf 90' lang='lat' dir='ltr'><strong>omnes</strong></span> <span class='ocrx_word' id='word_1_164' title='bbox 659 2207 785 2270; x_wconf 85' lang='lat' dir='ltr'><strong>semper</strong></span> <span class='ocrx_word' id='word_1_165' title='bbox 798 2187 1071 2261; x_wconf 82' lang='lat' dir='ltr'><strong>existimaverunt,</strong></span> <span class='ocrx_word' id='word_1_166' title='bbox 1095 2188 1184 2271; x_wconf 89' lang='lat' dir='ltr'><strong>quasi</strong></span> <span class='ocrx_word' id='word_1_167' title='bbox 1205 2188 1341 2270; x_wconf 85' lang='lat' dir='ltr'><strong>exempli</strong></span> <span class='ocrx_word' id='word_1_168' title='bbox 1358 2208 1452 2252; x_wconf 89' lang='lat' dir='ltr'><strong>causa</strong></span> <span class='ocrx_word' id='word_1_169' title='bbox 1465 2188 1600 2271; x_wconf 84' lang='lat' dir='ltr'><strong>vestigia</strong></span> <span class='ocrx_word' id='word_1_170' title='bbox 1614 2187 1737 2271; x_wconf 88' lang='lat' dir='ltr'><strong>antiqui</strong></span> 
     </span>
     <span class='ocr_line' id='line_1_18' title="bbox 419 2276 1738 2365; baseline -0.002 -21"><span class='ocrx_word' id='word_1_171' title='bbox 419 2276 516 2344; x_wconf 83' lang='lat' dir='ltr'><strong>officii</strong></span> <span class='ocrx_word' id='word_1_172' title='bbox 538 2289 710 2343; x_wconf 88' lang='lat' dir='ltr'><strong>remanent.</strong></span> <span class='ocrx_word' id='word_1_173' title='bbox 747 2282 792 2345; x_wconf 82' lang='lat' dir='ltr'><strong>Ra</strong></span> <span class='ocrx_word' id='word_1_174' title='bbox 815 2282 886 2343; x_wconf 86' lang='lat' dir='ltr'><strong>Sex.</strong></span> <span class='ocrx_word' id='word_1_175' title='bbox 909 2282 1058 2345; x_wconf 91' lang='lat' dir='ltr'><strong>Roscium</strong></span> <span class='ocrx_word' id='word_1_176' title='bbox 1080 2282 1225 2364; x_wconf 87' lang='lat' dir='ltr'><strong>inopem,</strong></span> <span class='ocrx_word' id='word_1_177' title='bbox 1248 2282 1383 2344; x_wconf 84' lang='lat' dir='ltr'><strong>eiectum</strong></span> <span class='ocrx_word' id='word_1_178' title='bbox 1405 2283 1500 2345; x_wconf 93' lang='lat' dir='ltr'><strong>domo</strong></span> <span class='ocrx_word' id='word_1_179' title='bbox 1515 2288 1612 2365; x_wconf 88' lang='lat' dir='ltr'><strong>atque</strong></span> <span class='ocrx_word' id='word_1_180' title='bbox 1627 2280 1738 2364; x_wconf 82' lang='lat' dir='ltr'><strong>expul-</strong></span> 
     </span>
     <span class='ocr_line' id='line_1_19' title="bbox 419 2375 1737 2459; baseline 0 -22"><span class='ocrx_word' id='word_1_181' title='bbox 419 2395 489 2437; x_wconf 93' lang='lat' dir='ltr'><strong>sum</strong></span> <span class='ocrx_word' id='word_1_182' title='bbox 517 2393 559 2437; x_wconf 82' lang='lat' dir='ltr'><strong>ex</strong></span> <span class='ocrx_word' id='word_1_183' title='bbox 580 2375 647 2438; x_wconf 91' lang='lat' dir='ltr'><strong>suis</strong></span> <span class='ocrx_word' id='word_1_184' title='bbox 669 2375 778 2450; x_wconf 87' lang='lat' dir='ltr'><strong>honis,</strong></span> <span class='ocrx_word' id='word_1_185' title='bbox 804 2375 976 2459; x_wconf 84' lang='lat' dir='ltr'><strong>fugientem</strong></span> <span class='ocrx_word' id='word_1_186' title='bbox 1001 2375 1159 2439; x_wconf 89' lang='lat' dir='ltr'><strong>latronum</strong></span> <span class='ocrx_word' id='word_1_187' title='bbox 1181 2375 1245 2437; x_wconf 91' lang='lat' dir='ltr'><strong>tela</strong></span> <span class='ocrx_word' id='word_1_188' title='bbox 1267 2381 1298 2436; x_wconf 92' lang='lat' dir='ltr'><strong>et</strong></span> <span class='ocrx_word' id='word_1_189' title='bbox 1320 2375 1438 2448; x_wconf 91' lang='lat' dir='ltr'><strong>minas,</strong></span> <span class='ocrx_word' id='word_1_190' title='bbox 1467 2376 1587 2459; x_wconf 90' lang='lat' dir='ltr'><strong>recepit</strong></span> <span class='ocrx_word' id='word_1_191' title='bbox 1608 2376 1737 2439; x_wconf 92' lang='lat' dir='ltr'><strong>domum</strong></span> 
     </span>
     <span class='ocr_line' id='line_1_20' title="bbox 418 2468 1737 2554; baseline 0.002 -25"><span class='ocrx_word' id='word_1_192' title='bbox 418 2468 603 2551; x_wconf 87' lang='lat' dir='ltr'><strong>hospitique</strong></span> <span class='ocrx_word' id='word_1_193' title='bbox 631 2489 784 2552; x_wconf 90' lang='lat' dir='ltr'><strong>oppresso</strong></span> <span class='ocrx_word' id='word_1_194' title='bbox 813 2471 875 2532; x_wconf 90' lang='lat' dir='ltr'><strong>iam</strong></span> <span class='ocrx_word' id='word_1_195' title='bbox 898 2471 1130 2554; x_wconf 88' lang='lat' dir='ltr'><strong>desperatoque</strong></span> <span class='ocrx_word' id='word_1_196' title='bbox 1152 2469 1191 2532; x_wconf 90' lang='lat' dir='ltr'><strong>ah</strong></span> <span class='ocrx_word' id='word_1_197' title='bbox 1214 2468 1361 2531; x_wconf 93' lang='lat' dir='ltr'><strong>omnihus</strong></span> <span class='ocrx_word' id='word_1_198' title='bbox 1384 2469 1539 2552; x_wconf 83' lang='lat' dir='ltr'><strong>opitulata</strong></span> <span class='ocrx_word' id='word_1_199' title='bbox 1560 2476 1617 2533; x_wconf 82' lang='lat' dir='ltr'><strong>est</strong></span> <span class='ocrx_word' id='word_1_200' title='bbox 1659 2468 1737 2532; x_wconf 85' lang='lat' dir='ltr'><strong>Eius</strong></span> 
     </span>
     <span class='ocr_line' id='line_1_21' title="bbox 418 2560 1775 2647; baseline 0.003 -23"><span class='ocrx_word' id='word_1_201' title='bbox 418 2562 550 2638; x_wconf 72' lang='lat' dir='ltr'><strong>simule,</strong></span> <span class='ocrx_word' id='word_1_202' title='bbox 585 2560 661 2639; x_wconf 87' lang='lat' dir='ltr'><strong>lide,</strong></span> <span class='ocrx_word' id='word_1_203' title='bbox 690 2564 853 2647; x_wconf 79' lang='lat' dir='ltr'><strong>diligentia</strong></span> <span class='ocrx_word' id='word_1_204' title='bbox 879 2562 996 2625; x_wconf 81' lang='lat' dir='ltr'><strong>iactum</strong></span> <span class='ocrx_word' id='word_1_205' title='bbox 1023 2573 1086 2638; x_wconf 92' lang='lat' dir='ltr'><strong>est,</strong></span> <span class='ocrx_word' id='word_1_206' title='bbox 1119 2572 1155 2626; x_wconf 90' lang='lat' dir='ltr'><strong>ut</strong></span> <span class='ocrx_word' id='word_1_207' title='bbox 1175 2561 1227 2625; x_wconf 91' lang='lat' dir='ltr'><strong>hic</strong></span> <span class='ocrx_word' id='word_1_208' title='bbox 1250 2563 1357 2645; x_wconf 91' lang='lat' dir='ltr'><strong>potius</strong></span> <span class='ocrx_word' id='word_1_209' title='bbox 1378 2563 1470 2626; x_wconf 86' lang='lat' dir='ltr'><strong>vivus</strong></span> <span class='ocrx_word' id='word_1_210' title='bbox 1492 2563 1525 2625; x_wconf 90' lang='lat' dir='ltr'><strong>in</strong></span> <span class='ocrx_word' id='word_1_211' title='bbox 1547 2581 1618 2626; x_wconf 92' lang='lat' dir='ltr'><strong>reos</strong></span> <span class='ocrx_word' id='word_1_212' title='bbox 1641 2581 1775 2646; x_wconf 56' lang='lat' dir='ltr'><strong>mamea</strong></span> 
     </span>
     <span class='ocr_line' id='line_1_22' title="bbox 419 2655 1739 2741; baseline -0.001 -22"><span class='ocrx_word' id='word_1_213' title='bbox 419 2657 545 2720; x_wconf 90' lang='lat' dir='ltr'><strong>occisus</strong></span> <span class='ocrx_word' id='word_1_214' title='bbox 573 2657 604 2719; x_wconf 92' lang='lat' dir='ltr'><strong>in</strong></span> <span class='ocrx_word' id='word_1_215' title='bbox 634 2657 830 2739; x_wconf 89' lang='lat' dir='ltr'><strong>proscriptos</strong></span> <span class='ocrx_word' id='word_1_216' title='bbox 852 2655 1028 2720; x_wconf 81' lang='lat' dir='ltr'><strong>referretur.</strong></span> <span class='ocrx_word' id='word_1_217' title='bbox 1072 2655 1123 2720; x_wconf 75' lang='grc'>18.</span> <span class='ocrx_word' id='word_1_218' title='bbox 1145 2660 1224 2719; x_wconf 91' lang='lat' dir='ltr'><strong>Nam</strong></span> <span class='ocrx_word' id='word_1_219' title='bbox 1246 2665 1416 2741; x_wconf 89' lang='lat' dir='ltr'><strong>postquam</strong></span> <span class='ocrx_word' id='word_1_220' title='bbox 1438 2656 1491 2720; x_wconf 94' lang='lat' dir='ltr'><strong>isti</strong></span> <span class='ocrx_word' id='word_1_221' title='bbox 1512 2657 1739 2719; x_wconf 84' lang='lat' dir='ltr'><strong>intellexerunt</strong></span> 
     </span>
     <span class='ocr_line' id='line_1_23' title="bbox 420 2749 1790 2837; baseline 0 -22"><span class='ocrx_word' id='word_1_222' title='bbox 420 2771 543 2816; x_wconf 90' lang='lat' dir='ltr'><strong>summa</strong></span> <span class='ocrx_word' id='word_1_223' title='bbox 571 2750 736 2830; x_wconf 78' lang='lat' dir='ltr'><strong>diligentia</strong></span> <span class='ocrx_word' id='word_1_224' title='bbox 764 2749 860 2811; x_wconf 82' lang='lat' dir='ltr'><strong>vitam</strong></span> <span class='ocrx_word' id='word_1_225' title='bbox 891 2750 962 2811; x_wconf 87' lang='lat' dir='ltr'><strong>Sex.</strong></span> <span class='ocrx_word' id='word_1_226' title='bbox 986 2752 1091 2814; x_wconf 90' lang='lat' dir='ltr'><strong>Roscii</strong></span> <span class='ocrx_word' id='word_1_227' title='bbox 1121 2754 1273 2816; x_wconf 91' lang='lat' dir='ltr'><strong>custodiri</strong></span> <span class='ocrx_word' id='word_1_228' title='bbox 1304 2772 1408 2837; x_wconf 91' lang='lat' dir='ltr'><strong>neque</strong></span> <span class='ocrx_word' id='word_1_229' title='bbox 1431 2752 1490 2815; x_wconf 89' lang='lat' dir='ltr'><strong>sihi</strong></span> <span class='ocrx_word' id='word_1_230' title='bbox 1512 2752 1610 2814; x_wconf 90' lang='lat' dir='ltr'><strong>ullam</strong></span> <span class='ocrx_word' id='word_1_231' title='bbox 1632 2752 1738 2815; x_wconf 90' lang='lat' dir='ltr'><strong>caedis</strong></span> <span class='ocrx_word' id='word_1_232' title='bbox 1785 2805 1790 2815; x_wconf 94' lang='lat'><strong>.</strong></span> 
     </span>
     <span class='ocr_line' id='line_1_24' title="bbox 419 2844 1738 2929; baseline 0.001 -21"><span class='ocrx_word' id='word_1_233' title='bbox 419 2845 584 2908; x_wconf 81' lang='lat' dir='ltr'><strong>faciendae</strong></span> <span class='ocrx_word' id='word_1_234' title='bbox 606 2850 794 2927; x_wconf 89' lang='lat' dir='ltr'><strong>potestatem</strong></span> <span class='ocrx_word' id='word_1_235' title='bbox 816 2844 898 2917; x_wconf 89' lang='lat' dir='ltr'><strong>dari,</strong></span> <span class='ocrx_word' id='word_1_236' title='bbox 922 2844 1089 2907; x_wconf 90' lang='lat' dir='ltr'><strong>consilium</strong></span> <span class='ocrx_word' id='word_1_237' title='bbox 1113 2855 1265 2929; x_wconf 88' lang='lat' dir='ltr'><strong>ceperunt</strong></span> <span class='ocrx_word' id='word_1_238' title='bbox 1285 2847 1413 2928; x_wconf 91' lang='lat' dir='ltr'><strong>plenum</strong></span> <span class='ocrx_word' id='word_1_239' title='bbox 1436 2844 1565 2908; x_wconf 88' lang='lat' dir='ltr'><strong>sceleris</strong></span> <span class='ocrx_word' id='word_1_240' title='bbox 1588 2852 1621 2909; x_wconf 91' lang='lat' dir='ltr'><strong>et</strong></span> <span class='ocrx_word' id='word_1_241' title='bbox 1641 2847 1738 2909; x_wconf 88' lang='lat' dir='ltr'><strong>auda-</strong></span> 
     </span>
     <span class='ocr_line' id='line_1_25' title="bbox 422 2938 1738 3026; baseline 0.002 -24"><span class='ocrx_word' id='word_1_242' title='bbox 422 2940 504 3013; x_wconf 89' lang='lat' dir='ltr'><strong>ciae,</strong></span> <span class='ocrx_word' id='word_1_243' title='bbox 532 2945 569 3001; x_wconf 91' lang='lat' dir='ltr'><strong>ut</strong></span> <span class='ocrx_word' id='word_1_244' title='bbox 590 2957 706 3001; x_wconf 92' lang='lat' dir='ltr'><strong>nomen</strong></span> <span class='ocrx_word' id='word_1_245' title='bbox 727 2938 822 3001; x_wconf 92' lang='lat' dir='ltr'><strong>huius</strong></span> <span class='ocrx_word' id='word_1_246' title='bbox 845 2939 884 3001; x_wconf 92' lang='lat' dir='ltr'><strong>de</strong></span> <span class='ocrx_word' id='word_1_247' title='bbox 906 2939 1075 3022; x_wconf 89' lang='lat' dir='ltr'><strong>parricidio</strong></span> <span class='ocrx_word' id='word_1_248' title='bbox 1099 2940 1273 3015; x_wconf 80' lang='lat' dir='ltr'><strong>deferrent,</strong></span> <span class='ocrx_word' id='word_1_249' title='bbox 1300 2948 1337 3002; x_wconf 94' lang='lat' dir='ltr'><strong>ut</strong></span> <span class='ocrx_word' id='word_1_250' title='bbox 1357 2939 1397 3001; x_wconf 90' lang='lat' dir='ltr'><strong>ad</strong></span> <span class='ocrx_word' id='word_1_251' title='bbox 1419 2958 1488 3002; x_wconf 89' lang='lat' dir='ltr'><strong>eam</strong></span> <span class='ocrx_word' id='word_1_252' title='bbox 1510 2960 1576 3002; x_wconf 88' lang='lat' dir='ltr'><strong>rem</strong></span> <span class='ocrx_word' id='word_1_253' title='bbox 1598 2941 1738 3026; x_wconf 85' lang='lat' dir='ltr'><strong>aliquem</strong></span> 
     </span>
     <span class='ocr_line' id='line_1_26' title="bbox 422 3032 1776 3119; baseline 0.003 -24"><span class='ocrx_word' id='word_1_254' title='bbox 422 3039 636 3096; x_wconf 86' lang='lat' dir='ltr'><strong>accusatorem</strong></span> <span class='ocrx_word' id='word_1_255' title='bbox 657 3038 796 3095; x_wconf 84' lang='lat' dir='ltr'><strong>veterem</strong></span> <span class='ocrx_word' id='word_1_256' title='bbox 819 3040 1052 3115; x_wconf 89' lang='lat' dir='ltr'><strong>compararent,</strong></span> <span class='ocrx_word' id='word_1_257' title='bbox 1086 3035 1142 3116; x_wconf 93' lang='lat' dir='ltr'><strong>qui</strong></span> <span class='ocrx_word' id='word_1_258' title='bbox 1165 3035 1204 3096; x_wconf 89' lang='lat' dir='ltr'><strong>de</strong></span> <span class='ocrx_word' id='word_1_259' title='bbox 1225 3053 1263 3096; x_wconf 93' lang='lat' dir='ltr'><strong>ea</strong></span> <span class='ocrx_word' id='word_1_260' title='bbox 1284 3052 1317 3094; x_wconf 91' lang='lat' dir='ltr'><strong>re</strong></span> <span class='ocrx_word' id='word_1_261' title='bbox 1339 3040 1449 3115; x_wconf 89' lang='lat' dir='ltr'><strong>posset</strong></span> <span class='ocrx_word' id='word_1_262' title='bbox 1470 3032 1575 3097; x_wconf 89' lang='lat' dir='ltr'><strong>dicere</strong></span> <span class='ocrx_word' id='word_1_263' title='bbox 1598 3035 1776 3119; x_wconf 57' lang='lat' dir='ltr'><strong>aliquidne</strong></span> 
     </span>
     <span class='ocr_line' id='line_1_27' title="bbox 422 3124 1738 3210; baseline 0.003 -21"><span class='ocrx_word' id='word_1_264' title='bbox 422 3127 455 3189; x_wconf 90' lang='lat' dir='ltr'><strong>in</strong></span> <span class='ocrx_word' id='word_1_265' title='bbox 483 3146 546 3210; x_wconf 92' lang='lat' dir='ltr'><strong>qua</strong></span> <span class='ocrx_word' id='word_1_266' title='bbox 574 3146 609 3188; x_wconf 90' lang='lat' dir='ltr'><strong>re</strong></span> <span class='ocrx_word' id='word_1_267' title='bbox 635 3124 724 3188; x_wconf 93' lang='lat' dir='ltr'><strong>nulla</strong></span> <span class='ocrx_word' id='word_1_268' title='bbox 754 3126 898 3189; x_wconf 89' lang='lat' dir='ltr'><strong>subesset</strong></span> <span class='ocrx_word' id='word_1_269' title='bbox 919 3128 1075 3208; x_wconf 90' lang='lat' dir='ltr'><strong>suspicio,</strong></span> <span class='ocrx_word' id='word_1_270' title='bbox 1107 3126 1244 3210; x_wconf 88' lang='lat' dir='ltr'><strong>denique</strong></span> <span class='ocrx_word' id='word_1_271' title='bbox 1266 3132 1317 3201; x_wconf 94' lang='lat' dir='ltr'><strong>ut,</strong></span> <span class='ocrx_word' id='word_1_272' title='bbox 1345 3124 1497 3210; x_wconf 87' lang='lat' dir='ltr'><strong>quoniam</strong></span> <span class='ocrx_word' id='word_1_273' title='bbox 1519 3129 1650 3192; x_wconf 88' lang='lat' dir='ltr'><strong>crimine</strong></span> <span class='ocrx_word' id='word_1_274' title='bbox 1671 3148 1738 3193; x_wconf 89' lang='lat' dir='ltr'><strong>nou</strong></span> 
     </span>
     <span class='ocr_line' id='line_1_28' title="bbox 422 3219 1738 3304; baseline 0.003 -21"><span class='ocrx_word' id='word_1_275' title='bbox 422 3226 582 3303; x_wconf 91' lang='lat' dir='ltr'><strong>poterant,</strong></span> <span class='ocrx_word' id='word_1_276' title='bbox 605 3225 746 3303; x_wconf 92' lang='lat' dir='ltr'><strong>tempore</strong></span> <span class='ocrx_word' id='word_1_277' title='bbox 769 3220 838 3302; x_wconf 92' lang='lat' dir='ltr'><strong>ipso</strong></span> <span class='ocrx_word' id='word_1_278' title='bbox 860 3227 1047 3302; x_wconf 88' lang='lat' dir='ltr'><strong>pugnarent.</strong></span> <span class='ocrx_word' id='word_1_279' title='bbox 1083 3220 1131 3282; x_wconf 89' lang='lat' dir='ltr'><strong>Ita</strong></span> <span class='ocrx_word' id='word_1_280' title='bbox 1152 3219 1243 3304; x_wconf 90' lang='lat' dir='ltr'><strong>loqui</strong></span> <span class='ocrx_word' id='word_1_281' title='bbox 1257 3220 1418 3283; x_wconf 87' lang='lat' dir='ltr'><strong>homines:</strong></span> <span class='ocrx_word' id='word_1_282' title='bbox 1441 3221 1527 3304; x_wconf 88' lang='lat' dir='ltr'><strong>quod</strong></span> <span class='ocrx_word' id='word_1_283' title='bbox 1542 3222 1661 3286; x_wconf 90' lang='lat' dir='ltr'><strong>iudicia</strong></span> <span class='ocrx_word' id='word_1_284' title='bbox 1674 3230 1738 3287; x_wconf 63' lang='lat' dir='ltr'><strong>mm</strong></span> 
     </span>
     <span class='ocr_line' id='line_1_29' title="bbox 423 3312 1738 3395; baseline 0.002 -19"><span class='ocrx_word' id='word_1_285' title='bbox 423 3314 477 3376; x_wconf 91' lang='lat' dir='ltr'><strong>diu</strong></span> <span class='ocrx_word' id='word_1_286' title='bbox 498 3313 581 3375; x_wconf 88' lang='lat' dir='ltr'><strong>sacta</strong></span> <span class='ocrx_word' id='word_1_287' title='bbox 602 3332 668 3375; x_wconf 94' lang='lat' dir='ltr'><strong>non</strong></span> <span class='ocrx_word' id='word_1_288' title='bbox 691 3320 813 3388; x_wconf 90' lang='lat' dir='ltr'><strong>essent,</strong></span> <span class='ocrx_word' id='word_1_289' title='bbox 836 3313 1037 3376; x_wconf 91' lang='lat' dir='ltr'><strong>condemnari</strong></span> <span class='ocrx_word' id='word_1_290' title='bbox 1054 3333 1125 3375; x_wconf 93' lang='lat' dir='ltr'><strong>eum</strong></span> <span class='ocrx_word' id='word_1_291' title='bbox 1145 3321 1307 3394; x_wconf 90' lang='lat' dir='ltr'><strong>oportere,</strong></span> <span class='ocrx_word' id='word_1_292' title='bbox 1331 3312 1387 3395; x_wconf 90' lang='lat' dir='ltr'><strong>qui</strong></span> <span class='ocrx_word' id='word_1_293' title='bbox 1402 3313 1522 3395; x_wconf 87' lang='lat' dir='ltr'><strong>primus</strong></span> <span class='ocrx_word' id='word_1_294' title='bbox 1537 3315 1570 3376; x_wconf 93' lang='lat' dir='ltr'><strong>in</strong></span> <span class='ocrx_word' id='word_1_295' title='bbox 1584 3314 1738 3379; x_wconf 92' lang='lat' dir='ltr'><strong>iudicium</strong></span> 
     </span>
    </p>
   </div>
   <div class='ocr_carea' id='block_1_3' title="bbox 423 3406 1739 3490">
    <p class='ocr_par' dir='ltr' id='par_1_3' title="bbox 423 3406 1739 3490">
     <span class='ocr_line' id='line_1_30' title="bbox 423 3406 1739 3490; baseline 0.002 -21"><span class='ocrx_word' id='word_1_296' title='bbox 423 3406 576 3469; x_wconf 91' lang='lat' dir='ltr'><strong>adductus</strong></span> <span class='ocrx_word' id='word_1_297' title='bbox 598 3414 698 3481; x_wconf 88' lang='lat' dir='ltr'><strong>esset;</strong></span> <span class='ocrx_word' id='word_1_298' title='bbox 727 3407 801 3469; x_wconf 92' lang='lat' dir='ltr'><strong>huic</strong></span> <span class='ocrx_word' id='word_1_299' title='bbox 823 3415 927 3470; x_wconf 89' lang='lat' dir='ltr'><strong>autem</strong></span> <span class='ocrx_word' id='word_1_300' title='bbox 949 3413 1101 3488; x_wconf 89' lang='lat' dir='ltr'><strong>patronos</strong></span> <span class='ocrx_word' id='word_1_301' title='bbox 1122 3414 1254 3489; x_wconf 92' lang='lat' dir='ltr'><strong>propter</strong></span> <span class='ocrx_word' id='word_1_302' title='bbox 1276 3406 1474 3490; x_wconf 78' lang='lat' dir='ltr'><strong>Chrysogoni</strong></span> <span class='ocrx_word' id='word_1_303' title='bbox 1496 3407 1628 3489; x_wconf 90' lang='lat' dir='ltr'><strong>gratiam</strong></span> <span class='ocrx_word' id='word_1_304' title='bbox 1650 3407 1739 3471; x_wconf 81' lang='lat' dir='ltr'><strong>deiu-</strong></span> 
     </span>
    </p>
   </div>
   <div class='ocr_carea' id='block_1_4' title="bbox 423 3581 1746 4397">
    <p class='ocr_par' dir='ltr' id='par_1_4' title="bbox 423 3581 1746 4397">
     <span class='ocr_line' id='line_1_31' title="bbox 487 3581 1742 3646; baseline 0.003 -16"><span class='ocrx_word' id='word_1_305' title='bbox 487 3582 511 3631; x_wconf 89' lang='lat' dir='ltr'><strong>t.</strong></span> <span class='ocrx_word' id='word_1_306' title='bbox 531 3582 625 3645; x_wconf 67' lang='lat' dir='ltr'><strong>clepet</strong></span> <span class='ocrx_word' id='word_1_307' title='bbox 640 3581 679 3646; x_wconf 82' lang='lat' dir='ltr'><strong>its]</strong></span> <span class='ocrx_word' id='word_1_308' title='bbox 702 3581 822 3645; x_wconf 68' lang='lat' dir='ltr'><strong>eliceam</strong></span> <span class='ocrx_word' id='word_1_309' title='bbox 844 3582 904 3645; x_wconf 83' lang='lat' dir='ltr'><strong>Lag.</strong></span> <span class='ocrx_word' id='word_1_310' title='bbox 925 3581 963 3632; x_wconf 81' lang='grc'><strong>13.</strong></span> <span class='ocrx_word' id='word_1_311' title='bbox 983 3595 1018 3631; x_wconf 91' lang='lat' dir='ltr'><strong>m.</strong></span> <span class='ocrx_word' id='word_1_312' title='bbox 1037 3594 1093 3645; x_wconf 86' lang='lat' dir='ltr'><strong>pr.;</strong></span> <span class='ocrx_word' id='word_1_313' title='bbox 1117 3582 1241 3645; x_wconf 72' lang='lat' dir='ltr'><strong>allegebat</strong></span> <span class='ocrx_word' id='word_1_314' title='bbox 1263 3582 1294 3631; x_wconf 90' lang='lat' dir='ltr'><strong>iis</strong></span> <span class='ocrx_word' id='word_1_315' title='bbox 1310 3581 1370 3632; x_wconf 91' lang='lat' dir='ltr'><strong>cod.</strong></span> <span class='ocrx_word' id='word_1_316' title='bbox 1389 3581 1493 3643; x_wconf 70' lang='lat' dir='ltr'><strong>hamb„</strong></span> <span class='ocrx_word' id='word_1_317' title='bbox 1518 3581 1589 3632; x_wconf 91' lang='lat' dir='ltr'><strong>unde</strong></span> <span class='ocrx_word' id='word_1_318' title='bbox 1606 3583 1662 3646; x_wconf 90' lang='lat' dir='ltr'><strong>ipse</strong></span> <span class='ocrx_word' id='word_1_319' title='bbox 1680 3582 1742 3634; x_wconf 88' lang='lat' dir='ltr'><strong>iecit</strong></span> 
     </span>
     <span class='ocr_line' id='line_1_32' title="bbox 424 3654 1739 3723; baseline 0.004 -19"><span class='ocrx_word' id='word_1_320' title='bbox 424 3655 528 3720; x_wconf 74' lang='lat' dir='ltr'><strong>eaeqat,</strong></span> <span class='ocrx_word' id='word_1_321' title='bbox 546 3654 579 3704; x_wconf 81' lang='lat' dir='ltr'><strong>at</strong></span> <span class='ocrx_word' id='word_1_322' title='bbox 595 3657 626 3706; x_wconf 85' lang='lat' dir='ltr'><strong>iis</strong></span> <span class='ocrx_word' id='word_1_323' title='bbox 643 3657 699 3719; x_wconf 78' lang='lat' dir='ltr'><strong>qai3</strong></span> <span class='ocrx_word' id='word_1_324' title='bbox 718 3660 809 3707; x_wconf 87' lang='lat' dir='ltr'><strong>contra</strong></span> <span class='ocrx_word' id='word_1_325' title='bbox 827 3657 886 3707; x_wconf 81' lang='lat' dir='ltr'><strong>Ero.</strong></span> <span class='ocrx_word' id='word_1_326' title='bbox 906 3660 932 3707; x_wconf 90' lang='lat' dir='ltr'><strong>et</strong></span> <span class='ocrx_word' id='word_1_327' title='bbox 949 3659 1034 3707; x_wconf 89' lang='lat' dir='ltr'><strong>Garat.</strong></span> <span class='ocrx_word' id='word_1_328' title='bbox 1053 3657 1076 3705; x_wconf 87' lang='grc'>1.</span> <span class='ocrx_word' id='word_1_329' title='bbox 1100 3657 1131 3705; x_wconf 87' lang='lat' dir='ltr'><strong>iis</strong></span> <span class='ocrx_word' id='word_1_330' title='bbox 1147 3656 1290 3709; x_wconf 84' lang='lat' dir='ltr'><strong>delendum</strong></span> <span class='ocrx_word' id='word_1_331' title='bbox 1308 3660 1427 3709; x_wconf 83' lang='lat' dir='ltr'><strong>censent.</strong></span> <span class='ocrx_word' id='word_1_332' title='bbox 1455 3656 1586 3722; x_wconf 83' lang='lat' dir='ltr'><strong>Equidem</strong></span> <span class='ocrx_word' id='word_1_333' title='bbox 1602 3659 1739 3723; x_wconf 89' lang='lat' dir='ltr'><strong>suspicor:</strong></span> 
     </span>
     <span class='ocr_line' id='line_1_33' title="bbox 424 3730 1742 3797; baseline 0.003 -17"><span class='ocrx_word' id='word_1_334' title='bbox 424 3731 534 3795; x_wconf 63' lang='lat' dir='ltr'><strong>maaet,</strong></span> <span class='ocrx_word' id='word_1_335' title='bbox 561 3730 696 3796; x_wconf 78' lang='lat' dir='ltr'><strong>ablegatis</strong></span> <span class='ocrx_word' id='word_1_336' title='bbox 712 3733 754 3795; x_wconf 84' lang='lat' dir='ltr'><strong>qai</strong></span> <span class='ocrx_word' id='word_1_337' title='bbox 766 3738 885 3795; x_wconf 74' lang='lat' dir='ltr'><strong>peterent.</strong></span> <span class='ocrx_word' id='word_1_338' title='bbox 905 3760 932 3769; x_wconf 97' lang='lat'><em>-</em></span> <span class='ocrx_word' id='word_1_339' title='bbox 952 3733 999 3783; x_wconf 84' lang='lat' dir='ltr'><strong>iiic</strong></span> <span class='ocrx_word' id='word_1_340' title='bbox 1017 3731 1140 3782; x_wconf 88' lang='lat' dir='ltr'><strong>desinunt</strong></span> <span class='ocrx_word' id='word_1_341' title='bbox 1156 3737 1280 3797; x_wconf 82' lang='lat' dir='ltr'><strong>excerpta</strong></span> <span class='ocrx_word' id='word_1_342' title='bbox 1297 3730 1432 3783; x_wconf 83' lang='lat' dir='ltr'><strong>Niebuhrii</strong></span> <span class='ocrx_word' id='word_1_343' title='bbox 1449 3745 1481 3782; x_wconf 83' lang='lat' dir='ltr'><strong>ex</strong></span> <span class='ocrx_word' id='word_1_344' title='bbox 1498 3730 1678 3784; x_wconf 81' lang='lat' dir='ltr'><strong>collationibus</strong></span> <span class='ocrx_word' id='word_1_345' title='bbox 1695 3735 1742 3784; x_wconf 86' lang='lat' dir='ltr'><strong>La·</strong></span> 
     </span>
     <span class='ocr_line' id='line_1_34' title="bbox 424 3805 1744 3872; baseline 0.002 -16"><span class='ocrx_word' id='word_1_346' title='bbox 424 3805 631 3870; x_wconf 79' lang='lat' dir='ltr'><strong>gomersinianis.</strong></span> <span class='ocrx_word' id='word_1_347' title='bbox 653 3834 678 3843; x_wconf 93' lang='lat'>-</span> <span class='ocrx_word' id='word_1_348' title='bbox 698 3807 722 3856; x_wconf 80' lang='lat'><strong>7.</strong></span> <span class='ocrx_word' id='word_1_349' title='bbox 741 3807 830 3872; x_wconf 63' lang='lat' dir='ltr'><strong>meso]</strong></span> <span class='ocrx_word' id='word_1_350' title='bbox 850 3807 926 3871; x_wconf 73' lang='lat' dir='ltr'><strong>tegern</strong></span> <span class='ocrx_word' id='word_1_351' title='bbox 942 3809 976 3865; x_wconf 91' lang='lat' dir='ltr'><strong>G;</strong></span> <span class='ocrx_word' id='word_1_352' title='bbox 995 3810 1119 3872; x_wconf 89' lang='lat' dir='ltr'><strong>suspecta</strong></span> <span class='ocrx_word' id='word_1_353' title='bbox 1137 3810 1178 3859; x_wconf 89' lang='lat' dir='ltr'><strong>est</strong></span> <span class='ocrx_word' id='word_1_354' title='bbox 1193 3809 1285 3858; x_wconf 78' lang='lat' dir='ltr'><strong>voxO.</strong></span> <span class='ocrx_word' id='word_1_355' title='bbox 1299 3809 1331 3858; x_wconf 84' lang='grc'><strong>11.</strong></span> <span class='ocrx_word' id='word_1_356' title='bbox 1346 3805 1483 3868; x_wconf 82' lang='lat' dir='ltr'><strong>Muellero;</strong></span> <span class='ocrx_word' id='word_1_357' title='bbox 1501 3820 1527 3857; x_wconf 85' lang='lat' dir='ltr'><strong>v.</strong></span> <span class='ocrx_word' id='word_1_358' title='bbox 1539 3807 1641 3871; x_wconf 77' lang='lat' dir='ltr'><strong>Alipota.</strong></span> <span class='ocrx_word' id='word_1_359' title='bbox 1654 3807 1744 3858; x_wconf 74' lang='lat' dir='ltr'><strong>&amp;ial-</strong></span> 
     </span>
     <span class='ocr_line' id='line_1_35' title="bbox 424 3879 1744 3946; baseline 0.001 -15"><span class='ocrx_word' id='word_1_360' title='bbox 424 3881 479 3931; x_wconf 83' lang='lat' dir='ltr'><strong>aeit.</strong></span> <span class='ocrx_word' id='word_1_361' title='bbox 498 3879 570 3931; x_wconf 79' lang='grc'>1830.</span> <span class='ocrx_word' id='word_1_362' title='bbox 590 3894 615 3945; x_wconf 90' lang='lat' dir='ltr'><strong>p.</strong></span> <span class='ocrx_word' id='word_1_363' title='bbox 634 3880 691 3931; x_wconf 80' lang='grc'>731.</span> <span class='ocrx_word' id='word_1_364' title='bbox 713 3906 739 3917; x_wconf 95' lang='grc'><strong>-</strong></span> <span class='ocrx_word' id='word_1_365' title='bbox 759 3881 855 3945; x_wconf 74' lang='lat' dir='ltr'><strong>legatas</strong></span> <span class='ocrx_word' id='word_1_366' title='bbox 870 3896 898 3941; x_wconf 85' lang='grc' dir='ltr'><strong>χ.</strong></span> <span class='ocrx_word' id='word_1_367' title='bbox 919 3908 945 3917; x_wconf 79' lang='grc'>-</span> <span class='ocrx_word' id='word_1_368' title='bbox 965 3882 988 3932; x_wconf 87' lang='lat'><strong>8.</strong></span> <span class='ocrx_word' id='word_1_369' title='bbox 1006 3896 1034 3932; x_wconf 87' lang='lat' dir='ltr'><strong>re</strong></span> <span class='ocrx_word' id='word_1_370' title='bbox 1051 3885 1136 3933; x_wconf 85' lang='lat' dir='ltr'><strong>inerte</strong></span> <span class='ocrx_word' id='word_1_371' title='bbox 1152 3886 1207 3942; x_wconf 64' lang='lat' dir='ltr'><strong>um</strong></span> <span class='ocrx_word' id='word_1_372' title='bbox 1225 3897 1253 3934; x_wconf 86' lang='lat' dir='ltr'><strong>re</strong></span> <span class='ocrx_word' id='word_1_373' title='bbox 1268 3887 1371 3933; x_wconf 83' lang='lat' dir='ltr'><strong>moreto</strong></span> <span class='ocrx_word' id='word_1_374' title='bbox 1387 3891 1428 3946; x_wconf 84' lang='grc' dir='ltr'><strong>ψ;</strong></span> <span class='ocrx_word' id='word_1_375' title='bbox 1446 3887 1599 3932; x_wconf 67' lang='lat' dir='ltr'><strong>matera</strong></span> <span class='ocrx_word' id='word_1_376' title='bbox 1614 3894 1646 3941; x_wconf 87' lang='lat' dir='ltr'><strong>v;</strong></span> <span class='ocrx_word' id='word_1_377' title='bbox 1664 3895 1744 3932; x_wconf 84' lang='lat' dir='ltr'><strong>rena·</strong></span> 
     </span>
     <span class='ocr_line' id='line_1_36' title="bbox 423 3956 1741 4020; baseline 0.002 -15"><span class='ocrx_word' id='word_1_378' title='bbox 423 3956 475 4005; x_wconf 87' lang='lat' dir='ltr'><strong>rati</strong></span> <span class='ocrx_word' id='word_1_379' title='bbox 490 3956 520 4005; x_wconf 88' lang='lat' dir='ltr'><strong>G.</strong></span> <span class='ocrx_word' id='word_1_380' title='bbox 541 3982 568 3992; x_wconf 92' lang='lat'><strong>·-</strong></span> <span class='ocrx_word' id='word_1_381' title='bbox 586 3961 713 4006; x_wconf 75' lang='lat' dir='ltr'><strong>repetant</strong></span> <span class='ocrx_word' id='word_1_382' title='bbox 729 3957 809 4007; x_wconf 88' lang='lat' dir='ltr'><strong>ilSa.</strong></span> <span class='ocrx_word' id='word_1_383' title='bbox 831 3984 857 3994; x_wconf 89' lang='lat'>-</span> <span class='ocrx_word' id='word_1_384' title='bbox 885 3957 980 4020; x_wconf 75' lang='lat' dir='ltr'><strong>desem</strong></span> <span class='ocrx_word' id='word_1_385' title='bbox 995 3960 1084 4009; x_wconf 81' lang='lat' dir='ltr'><strong>cotidie</strong></span> <span class='ocrx_word' id='word_1_386' title='bbox 1101 3960 1130 4008; x_wconf 87' lang='lat' dir='ltr'><strong>G.</strong></span> <span class='ocrx_word' id='word_1_387' title='bbox 1151 3985 1178 3994; x_wconf 92' lang='lat'><em>-</em></span> <span class='ocrx_word' id='word_1_388' title='bbox 1202 3957 1225 4007; x_wconf 89' lang='grc'><strong>9.</strong></span> <span class='ocrx_word' id='word_1_389' title='bbox 1244 3963 1376 4020; x_wconf 74' lang='lat' dir='ltr'><strong>ccepemat</strong></span> <span class='ocrx_word' id='word_1_390' title='bbox 1392 3957 1555 4019; x_wconf 82' lang='lat' dir='ltr'><strong>Heusingero</strong></span> <span class='ocrx_word' id='word_1_391' title='bbox 1572 3958 1741 4020; x_wconf 68' lang='lat' dir='ltr'><strong>suspectum</strong></span> 
     </span>
     <span class='ocr_line' id='line_1_37' title="bbox 424 4030 1744 4098; baseline 0 -16"><span class='ocrx_word' id='word_1_392' title='bbox 424 4035 451 4082; x_wconf 90' lang='lat' dir='ltr'><strong>at</strong></span> <span class='ocrx_word' id='word_1_393' title='bbox 466 4032 529 4082; x_wconf 89' lang='lat' dir='ltr'><strong>satis</strong></span> <span class='ocrx_word' id='word_1_394' title='bbox 546 4030 667 4082; x_wconf 85' lang='lat' dir='ltr'><strong>firmatur</strong></span> <span class='ocrx_word' id='word_1_395' title='bbox 683 4030 756 4094; x_wconf 90' lang='lat' dir='ltr'><strong>loco,</strong></span> <span class='ocrx_word' id='word_1_396' title='bbox 783 4046 863 4096; x_wconf 89' lang='lat' dir='ltr'><strong>quem</strong></span> <span class='ocrx_word' id='word_1_397' title='bbox 886 4032 987 4084; x_wconf 89' lang='lat' dir='ltr'><strong>obtinet</strong></span> <span class='ocrx_word' id='word_1_398' title='bbox 1008 4047 1154 4098; x_wconf 87' lang='lat' dir='ltr'><strong>pronomen</strong></span> <span class='ocrx_word' id='word_1_399' title='bbox 1180 4034 1228 4083; x_wconf 86' lang='lat' dir='ltr'><strong>isti.</strong></span> <span class='ocrx_word' id='word_1_400' title='bbox 1249 4060 1276 4068; x_wconf 92' lang='lat'><em>-</em></span> <span class='ocrx_word' id='word_1_401' title='bbox 1302 4032 1364 4082; x_wconf 82' lang='lat' dir='ltr'><strong>aiiii</strong></span> <span class='ocrx_word' id='word_1_402' title='bbox 1384 4034 1414 4081; x_wconf 94' lang='lat' dir='ltr'><strong>ut</strong></span> <span class='ocrx_word' id='word_1_403' title='bbox 1429 4030 1560 4095; x_wconf 83' lang='lat' dir='ltr'><strong>glossema</strong></span> <span class='ocrx_word' id='word_1_404' title='bbox 1577 4044 1637 4082; x_wconf 86' lang='lat' dir='ltr'><strong>voc.</strong></span> <span class='ocrx_word' id='word_1_405' title='bbox 1655 4032 1744 4082; x_wconf 76' lang='lat' dir='ltr'><strong>hotias</strong></span> 
     </span>
     <span class='ocr_line' id='line_1_38' title="bbox 424 4103 1741 4172; baseline 0 -16"><span class='ocrx_word' id='word_1_406' title='bbox 424 4105 527 4156; x_wconf 88' lang='lat' dir='ltr'><strong>uncinis</strong></span> <span class='ocrx_word' id='word_1_407' title='bbox 545 4103 653 4157; x_wconf 89' lang='lat' dir='ltr'><strong>inclusi:</strong></span> <span class='ocrx_word' id='word_1_408' title='bbox 672 4109 801 4172; x_wconf 75' lang='lat' dir='ltr'><strong>eliquanto</strong></span> <span class='ocrx_word' id='word_1_409' title='bbox 817 4110 917 4172; x_wconf 66' lang='lat' dir='ltr'><strong>entius,</strong></span> <span class='ocrx_word' id='word_1_410' title='bbox 935 4109 996 4159; x_wconf 81' lang='lat' dir='ltr'><strong>aiiii</strong></span> <span class='ocrx_word' id='word_1_411' title='bbox 1012 4123 1088 4172; x_wconf 78' lang='lat' dir='ltr'><strong>apere</strong></span> <span class='ocrx_word' id='word_1_412' title='bbox 1105 4107 1165 4159; x_wconf 90' lang='lat' dir='ltr'><strong>edd.</strong></span> <span class='ocrx_word' id='word_1_413' title='bbox 1181 4136 1208 4144; x_wconf 93' lang='lat'><em>-</em></span> <span class='ocrx_word' id='word_1_414' title='bbox 1227 4108 1267 4157; x_wconf 88' lang='grc'><strong>10.</strong></span> <span class='ocrx_word' id='word_1_415' title='bbox 1281 4106 1499 4172; x_wconf 83' lang='lat' dir='ltr'><strong>detoderel·deiers</strong></span> <span class='ocrx_word' id='word_1_416' title='bbox 1514 4107 1568 4166; x_wconf 82' lang='lat' dir='ltr'><strong>us;</strong></span> <span class='ocrx_word' id='word_1_417' title='bbox 1587 4106 1706 4157; x_wconf 74' lang='lat' dir='ltr'><strong>deducam</strong></span> <span class='ocrx_word' id='word_1_418' title='bbox 1715 4120 1741 4157; x_wconf 86' lang='lat' dir='ltr'><strong>v.</strong></span> 
     </span>
     <span class='ocr_line' id='line_1_39' title="bbox 426 4179 1744 4246; baseline 0 -14"><span class='ocrx_word' id='word_1_419' title='bbox 426 4209 453 4218; x_wconf 97' lang='lat'><em>-</em></span> <span class='ocrx_word' id='word_1_420' title='bbox 472 4181 538 4245; x_wconf 83' lang='lat' dir='ltr'><strong>quod</strong></span> <span class='ocrx_word' id='word_1_421' title='bbox 554 4194 607 4233; x_wconf 92' lang='lat' dir='ltr'><strong>om.</strong></span> <span class='ocrx_word' id='word_1_422' title='bbox 626 4185 656 4233; x_wconf 89' lang='lat' dir='ltr'><strong>G.</strong></span> <span class='ocrx_word' id='word_1_423' title='bbox 677 4211 704 4221; x_wconf 92' lang='lat'><em>-</em></span> <span class='ocrx_word' id='word_1_424' title='bbox 723 4185 763 4234; x_wconf 87' lang='grc'><strong>11.</strong></span> <span class='ocrx_word' id='word_1_425' title='bbox 782 4185 891 4246; x_wconf 75' lang='lat' dir='ltr'><strong>optinere</strong></span> <span class='ocrx_word' id='word_1_426' title='bbox 908 4186 964 4234; x_wconf 86' lang='lat' dir='ltr'><strong>Gv.</strong></span> <span class='ocrx_word' id='word_1_427' title='bbox 986 4212 1013 4221; x_wconf 93' lang='lat'><em>-</em></span> <span class='ocrx_word' id='word_1_428' title='bbox 1032 4185 1071 4233; x_wconf 82' lang='lat' dir='ltr'><strong>lic</strong></span> <span class='ocrx_word' id='word_1_429' title='bbox 1088 4186 1206 4244; x_wconf 85' lang='lat' dir='ltr'><strong>Ghtva,</strong></span> <span class='ocrx_word' id='word_1_430' title='bbox 1224 4185 1311 4234; x_wconf 76' lang='lat' dir='ltr'><strong>Pam:</strong></span> <span class='ocrx_word' id='word_1_431' title='bbox 1329 4184 1351 4232; x_wconf 89' lang='lat' dir='ltr'><strong>is</strong></span> <span class='ocrx_word' id='word_1_432' title='bbox 1366 4183 1419 4232; x_wconf 88' lang='lat' dir='ltr'><strong>Oc.</strong></span> <span class='ocrx_word' id='word_1_433' title='bbox 1440 4207 1467 4217; x_wconf 91' lang='lat'><em>-</em></span> <span class='ocrx_word' id='word_1_434' title='bbox 1485 4181 1691 4232; x_wconf 67' lang='lat' dir='ltr'><strong>siancum</strong></span> <span class='ocrx_word' id='word_1_435' title='bbox 1707 4179 1744 4232; x_wconf 88' lang='lat' dir='ltr'><strong>la-</strong></span> 
     </span>
     <span class='ocr_line' id='line_1_40' title="bbox 425 4256 1745 4323; baseline -0.002 -16"><span class='ocrx_word' id='word_1_436' title='bbox 425 4270 502 4308; x_wconf 88' lang='lat' dir='ltr'><strong>cuna.</strong></span> <span class='ocrx_word' id='word_1_437' title='bbox 523 4282 550 4295; x_wconf 90' lang='lat'>-</span> <span class='ocrx_word' id='word_1_438' title='bbox 570 4257 610 4309; x_wconf 84' lang='grc'><strong>11.</strong></span> <span class='ocrx_word' id='word_1_439' title='bbox 630 4258 700 4310; x_wconf 86' lang='lat' dir='ltr'><strong>Ceae.</strong></span> <span class='ocrx_word' id='word_1_440' title='bbox 718 4260 819 4322; x_wconf 82' lang='lat' dir='ltr'><strong>Nepotis</strong></span> <span class='ocrx_word' id='word_1_441' title='bbox 833 4258 913 4323; x_wconf 71' lang='lat' dir='ltr'><strong>tiliam</strong></span> <span class='ocrx_word' id='word_1_442' title='bbox 930 4257 1024 4309; x_wconf 80' lang='lat' dir='ltr'><strong>codd:</strong></span> <span class='ocrx_word' id='word_1_443' title='bbox 1043 4258 1188 4317; x_wconf 84' lang='lat' dir='ltr'><strong>Caeciliam,</strong></span> <span class='ocrx_word' id='word_1_444' title='bbox 1206 4258 1333 4308; x_wconf 75' lang='lat' dir='ltr'><strong>Beieoeici</strong></span> <span class='ocrx_word' id='word_1_445' title='bbox 1346 4257 1440 4321; x_wconf 68' lang='lat' dir='ltr'><strong>filiam,</strong></span> <span class='ocrx_word' id='word_1_446' title='bbox 1457 4257 1559 4319; x_wconf 80' lang='lat' dir='ltr'><strong>Nepotis</strong></span> <span class='ocrx_word' id='word_1_447' title='bbox 1568 4269 1679 4306; x_wconf 78' lang='lat' dir='ltr'><strong>pararem</strong></span> <span class='ocrx_word' id='word_1_448' title='bbox 1690 4256 1745 4305; x_wconf 87' lang='lat' dir='ltr'><strong>llo·</strong></span> 
     </span>
     <span class='ocr_line' id='line_1_41' title="bbox 425 4329 1746 4397; baseline -0.001 -15"><span class='ocrx_word' id='word_1_449' title='bbox 425 4334 488 4382; x_wconf 91' lang='lat' dir='ltr'><strong>tem.</strong></span> <span class='ocrx_word' id='word_1_450' title='bbox 508 4345 540 4382; x_wconf 83' lang='lat' dir='ltr'><strong>ex</strong></span> <span class='ocrx_word' id='word_1_451' title='bbox 556 4329 669 4385; x_wconf 86' lang='lat' dir='ltr'><strong>lectione</strong></span> <span class='ocrx_word' id='word_1_452' title='bbox 686 4333 710 4397; x_wconf 74' lang='grc'><strong>5.</strong></span> <span class='ocrx_word' id='word_1_453' title='bbox 729 4333 802 4392; x_wconf 58' lang='grc'>1174</span> <span class='ocrx_word' id='word_1_454' title='bbox 821 4333 891 4383; x_wconf 85' lang='lat' dir='ltr'><strong>Caec.</strong></span> <span class='ocrx_word' id='word_1_455' title='bbox 910 4334 1010 4395; x_wconf 81' lang='lat' dir='ltr'><strong>Nepotis</strong></span> <span class='ocrx_word' id='word_1_456' title='bbox 1025 4346 1148 4392; x_wconf 86' lang='lat' dir='ltr'><strong>sororem,</strong></span> <span class='ocrx_word' id='word_1_457' title='bbox 1166 4334 1222 4383; x_wconf 82' lang='lat' dir='ltr'><strong>Bal.</strong></span> <span class='ocrx_word' id='word_1_458' title='bbox 1239 4334 1320 4397; x_wconf 70' lang='lat' dir='ltr'><strong>filiam</strong></span> <span class='ocrx_word' id='word_1_459' title='bbox 1336 4334 1422 4384; x_wconf 87' lang='lat' dir='ltr'><strong>Garat.</strong></span> <span class='ocrx_word' id='word_1_460' title='bbox 1440 4332 1471 4395; x_wconf 76' lang='grc'>(1)</span> <span class='ocrx_word' id='word_1_461' title='bbox 1492 4334 1518 4382; x_wconf 91' lang='lat' dir='ltr'><strong>et</strong></span> <span class='ocrx_word' id='word_1_462' title='bbox 1534 4329 1607 4382; x_wconf 87' lang='lat' dir='ltr'><strong>lilotz</strong></span> <span class='ocrx_word' id='word_1_463' title='bbox 1619 4331 1665 4395; x_wconf 76' lang='lat' dir='ltr'><strong>tt);</strong></span> <span class='ocrx_word' id='word_1_464' title='bbox 1684 4332 1746 4382; x_wconf 84' lang='lat' dir='ltr'><strong>Pas·</strong></span> 
     </span>
    </p>
   </div>
   <div class='ocr_carea' id='block_1_5' title="bbox 351 4406 1746 4473">
    <p class='ocr_par' dir='ltr' id='par_1_5' title="bbox 351 4406 1746 4473">
     <span class='ocr_line' id='line_1_42' title="bbox 351 4406 1746 4473; baseline 0.001 -18"><span class='ocrx_word' id='word_1_465' title='bbox 351 4450 354 4455; x_wconf 92' lang='lat'><strong>.</strong></span> <span class='ocrx_word' id='word_1_466' title='bbox 425 4407 537 4458; x_wconf 88' lang='lat' dir='ltr'><strong>seratius</strong></span> <span class='ocrx_word' id='word_1_467' title='bbox 554 4408 657 4457; x_wconf 88' lang='lat' dir='ltr'><strong>censuit</strong></span> <span class='ocrx_word' id='word_1_468' title='bbox 673 4410 718 4457; x_wconf 89' lang='lat' dir='ltr'><strong>aut</strong></span> <span class='ocrx_word' id='word_1_469' title='bbox 734 4406 875 4473; x_wconf 85' lang='lat' dir='ltr'><strong>legendum</strong></span> <span class='ocrx_word' id='word_1_470' title='bbox 893 4407 963 4458; x_wconf 83' lang='lat' dir='ltr'><strong>Caec.</strong></span> <span class='ocrx_word' id='word_1_471' title='bbox 981 4407 1082 4469; x_wconf 85' lang='lat' dir='ltr'><strong>Nepotis</strong></span> <span class='ocrx_word' id='word_1_472' title='bbox 1099 4420 1209 4456; x_wconf 76' lang='lat' dir='ltr'><strong>soreres</strong></span> <span class='ocrx_word' id='word_1_473' title='bbox 1229 4411 1275 4457; x_wconf 91' lang='lat' dir='ltr'><strong>aut</strong></span> <span class='ocrx_word' id='word_1_474' title='bbox 1290 4421 1333 4458; x_wconf 78' lang='lat' dir='ltr'><strong>vv.</strong></span> <span class='ocrx_word' id='word_1_475' title='bbox 1351 4408 1452 4469; x_wconf 85' lang='lat' dir='ltr'><strong>Nepotis</strong></span> <span class='ocrx_word' id='word_1_476' title='bbox 1468 4407 1549 4471; x_wconf 75' lang='lat' dir='ltr'><strong>titiam</strong></span> <span class='ocrx_word' id='word_1_477' title='bbox 1569 4419 1679 4471; x_wconf 87' lang='lat' dir='ltr'><strong>prorsus</strong></span> <span class='ocrx_word' id='word_1_478' title='bbox 1696 4406 1746 4457; x_wconf 90' lang='lat' dir='ltr'><strong>de-</strong></span> 
     </span>
    </p>
   </div>
   <div class='ocr_carea' id='block_1_6' title="bbox 425 4477 1748 5372">
    <p class='ocr_par' dir='ltr' id='par_1_6' title="bbox 425 4477 1748 5372">
     <span class='ocr_line' id='line_1_43' title="bbox 425 4477 1744 4547; baseline 0.001 -17"><span class='ocrx_word' id='word_1_479' title='bbox 425 4477 502 4530; x_wconf 88' lang='lat' dir='ltr'><strong>lenda</strong></span> <span class='ocrx_word' id='word_1_480' title='bbox 515 4491 585 4530; x_wconf 88' lang='lat' dir='ltr'><strong>esse.</strong></span> <span class='ocrx_word' id='word_1_481' title='bbox 603 4477 668 4531; x_wconf 89' lang='lat' dir='ltr'><strong>illud</strong></span> <span class='ocrx_word' id='word_1_482' title='bbox 680 4481 809 4543; x_wconf 86' lang='lat' dir='ltr'><strong>Buechn.,</strong></span> <span class='ocrx_word' id='word_1_483' title='bbox 822 4482 873 4531; x_wconf 91' lang='lat' dir='ltr'><strong>hoc</strong></span> <span class='ocrx_word' id='word_1_484' title='bbox 884 4480 1004 4532; x_wconf 86' lang='lat' dir='ltr'><strong>Schuetz.</strong></span> <span class='ocrx_word' id='word_1_485' title='bbox 1018 4487 1045 4531; x_wconf 88' lang='lat' dir='ltr'><strong>et</strong></span> <span class='ocrx_word' id='word_1_486' title='bbox 1057 4483 1142 4533; x_wconf 80' lang='lat' dir='ltr'><strong>Madv.</strong></span> <span class='ocrx_word' id='word_1_487' title='bbox 1156 4481 1270 4547; x_wconf 82' lang='lat' dir='ltr'><strong>amplexi</strong></span> <span class='ocrx_word' id='word_1_488' title='bbox 1281 4485 1357 4542; x_wconf 88' lang='lat' dir='ltr'><strong>suut;</strong></span> <span class='ocrx_word' id='word_1_489' title='bbox 1376 4485 1403 4532; x_wconf 94' lang='lat' dir='ltr'><strong>at</strong></span> <span class='ocrx_word' id='word_1_490' title='bbox 1414 4485 1486 4532; x_wconf 89' lang='lat' dir='ltr'><strong>recte</strong></span> <span class='ocrx_word' id='word_1_491' title='bbox 1497 4482 1600 4533; x_wconf 91' lang='lat' dir='ltr'><strong>monuit</strong></span> <span class='ocrx_word' id='word_1_492' title='bbox 1610 4479 1687 4531; x_wconf 83' lang='lat' dir='ltr'><strong>Orelli</strong></span> <span class='ocrx_word' id='word_1_493' title='bbox 1697 4482 1744 4545; x_wconf 72' lang='lat' dir='ltr'><strong>itt:</strong></span> 
     </span>
     <span class='ocr_line' id='line_1_44' title="bbox 426 4553 1747 4622; baseline 0.003 -22"><span class='ocrx_word' id='word_1_494' title='bbox 426 4554 518 4616; x_wconf 83' lang='lat' dir='ltr'><strong>«Quod</strong></span> <span class='ocrx_word' id='word_1_495' title='bbox 535 4555 674 4606; x_wconf 85' lang='lat' dir='ltr'><strong>Schuetzio</strong></span> <span class='ocrx_word' id='word_1_496' title='bbox 690 4554 803 4622; x_wconf 84' lang='lat' dir='ltr'><strong>placuit,</strong></span> <span class='ocrx_word' id='word_1_497' title='bbox 822 4557 852 4607; x_wconf 91' lang='lat' dir='ltr'><strong>ut</strong></span> <span class='ocrx_word' id='word_1_498' title='bbox 868 4554 1020 4607; x_wconf 87' lang='lat' dir='ltr'><strong>delerentur</strong></span> <span class='ocrx_word' id='word_1_499' title='bbox 1036 4572 1078 4607; x_wconf 89' lang='lat' dir='ltr'><strong>vv.</strong></span> <span class='ocrx_word' id='word_1_500' title='bbox 1097 4554 1263 4621; x_wconf 87' lang='lat' dir='ltr'><strong>parentelae,</strong></span> <span class='ocrx_word' id='word_1_501' title='bbox 1283 4557 1359 4607; x_wconf 92' lang='lat' dir='ltr'><strong>nimis</strong></span> <span class='ocrx_word' id='word_1_502' title='bbox 1376 4554 1447 4607; x_wconf 89' lang='lat' dir='ltr'><strong>nude</strong></span> <span class='ocrx_word' id='word_1_503' title='bbox 1463 4553 1693 4606; x_wconf 86' lang='lat' dir='ltr'><strong>dictumvidetur:</strong></span> <span class='ocrx_word' id='word_1_504' title='bbox 1712 4556 1747 4605; x_wconf 84' lang='lat' dir='ltr'><strong>ad</strong></span> 
     </span>
     <span class='ocr_line' id='line_1_45' title="bbox 426 4627 1746 4694; baseline -0.002 -12"><span class='ocrx_word' id='word_1_505' title='bbox 426 4630 574 4692; x_wconf 78' lang='lat' dir='ltr'><strong>Caeciliam,</strong></span> <span class='ocrx_word' id='word_1_506' title='bbox 601 4645 676 4694; x_wconf 85' lang='lat' dir='ltr'><strong>qaam</strong></span> <span class='ocrx_word' id='word_1_507' title='bbox 701 4632 801 4683; x_wconf 80' lang='lat' dir='ltr'><strong>honoris</strong></span> <span class='ocrx_word' id='word_1_508' title='bbox 824 4645 900 4682; x_wconf 86' lang='lat' dir='ltr'><strong>caasa</strong></span> <span class='ocrx_word' id='word_1_509' title='bbox 922 4633 1036 4693; x_wconf 74' lang='lat' dir='ltr'><strong>nomiae,</strong></span> <span class='ocrx_word' id='word_1_510' title='bbox 1064 4645 1125 4683; x_wconf 92' lang='lat' dir='ltr'><strong>cum</strong></span> <span class='ocrx_word' id='word_1_511' title='bbox 1142 4629 1295 4683; x_wconf 91' lang='lat' dir='ltr'><strong>addendum</strong></span> <span class='ocrx_word' id='word_1_512' title='bbox 1311 4629 1406 4681; x_wconf 90' lang='lat' dir='ltr'><strong>saltem</strong></span> <span class='ocrx_word' id='word_1_513' title='bbox 1423 4630 1515 4682; x_wconf 79' lang='lat' dir='ltr'><strong>suisset</strong></span> <span class='ocrx_word' id='word_1_514' title='bbox 1531 4630 1688 4680; x_wconf 76' lang='lat' dir='ltr'><strong>ecttsinmm</strong></span> <span class='ocrx_word' id='word_1_515' title='bbox 1702 4627 1746 4680; x_wconf 79' lang='lat' dir='ltr'><strong>vel</strong></span> 
     </span>
     <span class='ocr_line' id='line_1_46' title="bbox 425 4704 1745 4771; baseline -0.001 -15"><span class='ocrx_word' id='word_1_516' title='bbox 425 4707 628 4769; x_wconf 81' lang='lat' dir='ltr'><strong>spectatissimam</strong></span> <span class='ocrx_word' id='word_1_517' title='bbox 647 4708 775 4771; x_wconf 70' lang='lat' dir='ltr'><strong>[enisam.</strong></span> <span class='ocrx_word' id='word_1_518' title='bbox 808 4708 979 4758; x_wconf 88' lang='lat' dir='ltr'><strong>Buechnerus</strong></span> <span class='ocrx_word' id='word_1_519' title='bbox 1001 4719 1061 4757; x_wconf 91' lang='lat' dir='ltr'><strong>cum</strong></span> <span class='ocrx_word' id='word_1_520' title='bbox 1086 4709 1189 4757; x_wconf 84' lang='lat' dir='ltr'><strong>Passer.</strong></span> <span class='ocrx_word' id='word_1_521' title='bbox 1208 4706 1242 4754; x_wconf 84' lang='lat' dir='ltr'><strong>ad</strong></span> <span class='ocrx_word' id='word_1_522' title='bbox 1258 4705 1328 4756; x_wconf 81' lang='lat' dir='ltr'><strong>Coec.</strong></span> <span class='ocrx_word' id='word_1_523' title='bbox 1346 4704 1447 4767; x_wconf 84' lang='lat' dir='ltr'><strong>Nepotis</strong></span> <span class='ocrx_word' id='word_1_524' title='bbox 1462 4716 1582 4756; x_wconf 86' lang='lat' dir='ltr'><strong>sororem.</strong></span> <span class='ocrx_word' id='word_1_525' title='bbox 1608 4704 1659 4755; x_wconf 87' lang='lat' dir='ltr'><strong>Sed</strong></span> <span class='ocrx_word' id='word_1_526' title='bbox 1676 4716 1745 4768; x_wconf 86' lang='lat' dir='ltr'><strong>quae</strong></span> 
     </span>
     <span class='ocr_line' id='line_1_47' title="bbox 427 4780 1747 4846; baseline -0.002 -15"><span class='ocrx_word' id='word_1_527' title='bbox 427 4780 459 4831; x_wconf 92' lang='lat' dir='ltr'><strong>de</strong></span> <span class='ocrx_word' id='word_1_528' title='bbox 477 4783 547 4832; x_wconf 90' lang='lat' dir='ltr'><strong>notis</strong></span> <span class='ocrx_word' id='word_1_529' title='bbox 563 4782 701 4834; x_wconf 90' lang='lat' dir='ltr'><strong>nominum</strong></span> <span class='ocrx_word' id='word_1_530' title='bbox 718 4783 794 4841; x_wconf 91' lang='lat' dir='ltr'><strong>dicit,</strong></span> <span class='ocrx_word' id='word_1_531' title='bbox 813 4785 883 4834; x_wconf 84' lang='lat' dir='ltr'><strong>NS.</strong></span> <span class='ocrx_word' id='word_1_532' title='bbox 904 4781 978 4833; x_wconf 85' lang='lat' dir='ltr'><strong>tacite</strong></span> <span class='ocrx_word' id='word_1_533' title='bbox 996 4781 1119 4832; x_wconf 86' lang='lat' dir='ltr'><strong>contundi</strong></span> <span class='ocrx_word' id='word_1_534' title='bbox 1136 4782 1253 4846; x_wconf 89' lang='lat' dir='ltr'><strong>potuisse</strong></span> <span class='ocrx_word' id='word_1_535' title='bbox 1271 4792 1332 4830; x_wconf 89' lang='lat' dir='ltr'><strong>cum</strong></span> <span class='ocrx_word' id='word_1_536' title='bbox 1350 4780 1381 4829; x_wconf 94' lang='lat' dir='ltr'><strong>N.</strong></span> <span class='ocrx_word' id='word_1_537' title='bbox 1395 4780 1438 4840; x_wconf 72' lang='lat' dir='ltr'><strong>li..</strong></span> <span class='ocrx_word' id='word_1_538' title='bbox 1459 4793 1490 4830; x_wconf 89' lang='lat' dir='ltr'><strong>ea</strong></span> <span class='ocrx_word' id='word_1_539' title='bbox 1508 4792 1561 4831; x_wconf 90' lang='lat' dir='ltr'><strong>noo</strong></span> <span class='ocrx_word' id='word_1_540' title='bbox 1577 4792 1662 4843; x_wconf 89' lang='lat' dir='ltr'><strong>usque</strong></span> <span class='ocrx_word' id='word_1_541' title='bbox 1679 4792 1747 4843; x_wconf 92' lang='lat' dir='ltr'><strong>qua-</strong></span> 
     </span>
     <span class='ocr_line' id='line_1_48' title="bbox 427 4853 1746 4923; baseline -0.001 -18"><span class='ocrx_word' id='word_1_542' title='bbox 427 4868 479 4919; x_wconf 87' lang='lat' dir='ltr'><strong>que</strong></span> <span class='ocrx_word' id='word_1_543' title='bbox 496 4869 560 4906; x_wconf 85' lang='lat' dir='ltr'><strong>vera</strong></span> <span class='ocrx_word' id='word_1_544' title='bbox 583 4859 660 4917; x_wconf 90' lang='lat' dir='ltr'><strong>suut;</strong></span> <span class='ocrx_word' id='word_1_545' title='bbox 688 4871 833 4923; x_wconf 88' lang='lat' dir='ltr'><strong>numquam</strong></span> <span class='ocrx_word' id='word_1_546' title='bbox 857 4860 927 4908; x_wconf 87' lang='lat' dir='ltr'><strong>euim</strong></span> <span class='ocrx_word' id='word_1_547' title='bbox 950 4870 975 4906; x_wconf 82' lang='lat' dir='ltr'><strong>v.</strong></span> <span class='ocrx_word' id='word_1_548' title='bbox 994 4870 1066 4907; x_wconf 88' lang='lat' dir='ltr'><strong>saror</strong></span> <span class='ocrx_word' id='word_1_549' title='bbox 1082 4856 1166 4907; x_wconf 88' lang='lat' dir='ltr'><strong>littera</strong></span> <span class='ocrx_word' id='word_1_550' title='bbox 1185 4856 1210 4905; x_wconf 88' lang='lat' dir='ltr'><strong>S.</strong></span> <span class='ocrx_word' id='word_1_551' title='bbox 1230 4854 1341 4919; x_wconf 75' lang='lat' dir='ltr'><strong>(sectos)</strong></span> <span class='ocrx_word' id='word_1_552' title='bbox 1357 4868 1408 4905; x_wconf 88' lang='lat' dir='ltr'><strong>nec</strong></span> <span class='ocrx_word' id='word_1_553' title='bbox 1424 4869 1450 4905; x_wconf 86' lang='lat' dir='ltr'><strong>v.</strong></span> <span class='ocrx_word' id='word_1_554' title='bbox 1468 4857 1549 4919; x_wconf 85' lang='lat' dir='ltr'><strong>Nepos</strong></span> <span class='ocrx_word' id='word_1_555' title='bbox 1566 4853 1629 4919; x_wconf 82' lang='lat' dir='ltr'><strong>(scil.</strong></span> <span class='ocrx_word' id='word_1_556' title='bbox 1649 4867 1746 4904; x_wconf 90' lang='lat' dir='ltr'><strong>nomeu</strong></span> 
     </span>
     <span class='ocr_line' id='line_1_49' title="bbox 427 4929 1743 4998; baseline -0.002 -17"><span class='ocrx_word' id='word_1_557' title='bbox 427 4933 571 4998; x_wconf 83' lang='lat' dir='ltr'><strong>proprium)</strong></span> <span class='ocrx_word' id='word_1_558' title='bbox 583 4931 669 4983; x_wconf 89' lang='lat' dir='ltr'><strong>littera</strong></span> <span class='ocrx_word' id='word_1_559' title='bbox 679 4935 711 4984; x_wconf 89' lang='lat' dir='ltr'><strong>N.</strong></span> <span class='ocrx_word' id='word_1_560' title='bbox 724 4933 877 4997; x_wconf 74' lang='lat' dir='ltr'><strong>(Numerius)</strong></span> <span class='ocrx_word' id='word_1_561' title='bbox 890 4934 1020 4994; x_wconf 87' lang='lat' dir='ltr'><strong>signatum</strong></span> <span class='ocrx_word' id='word_1_562' title='bbox 1033 4934 1099 4981; x_wconf 75' lang='lat' dir='ltr'><strong>est.»</strong></span> <span class='ocrx_word' id='word_1_563' title='bbox 1114 4958 1140 4967; x_wconf 94' lang='lat'><em>-</em></span> <span class='ocrx_word' id='word_1_564' title='bbox 1160 4930 1199 4979; x_wconf 77' lang='grc'><strong>15.</strong></span> <span class='ocrx_word' id='word_1_565' title='bbox 1218 4942 1294 4990; x_wconf 85' lang='lat' dir='ltr'><strong>quem</strong></span> <span class='ocrx_word' id='word_1_566' title='bbox 1303 4942 1330 4991; x_wconf 89' lang='lat' dir='ltr'><strong>p.</strong></span> <span class='ocrx_word' id='word_1_567' title='bbox 1344 4929 1407 4979; x_wconf 85' lang='lat' dir='ltr'><strong>Gli.</strong></span> <span class='ocrx_word' id='word_1_568' title='bbox 1423 4955 1450 4966; x_wconf 90' lang='lat'>-</span> <span class='ocrx_word' id='word_1_569' title='bbox 1465 4930 1504 4980; x_wconf 84' lang='lat' dir='ltr'><strong>ti.</strong></span> <span class='ocrx_word' id='word_1_570' title='bbox 1517 4931 1636 4992; x_wconf 83' lang='lat' dir='ltr'><strong>domoque</strong></span> <span class='ocrx_word' id='word_1_571' title='bbox 1647 4943 1703 4991; x_wconf 77' lang='lat' dir='ltr'><strong>esp.</strong></span> <span class='ocrx_word' id='word_1_572' title='bbox 1714 4930 1743 4979; x_wconf 89' lang='lat' dir='ltr'><strong>G.</strong></span> 
     </span>
     <span class='ocr_line' id='line_1_50' title="bbox 431 5004 1746 5072; baseline 0 -17"><span class='ocrx_word' id='word_1_573' title='bbox 431 5033 457 5045; x_wconf 92' lang='lat'>-</span> <span class='ocrx_word' id='word_1_574' title='bbox 475 5007 515 5056; x_wconf 89' lang='grc'>18.</span> <span class='ocrx_word' id='word_1_575' title='bbox 534 5007 772 5059; x_wconf 84' lang='lat' dir='ltr'><strong>domamGhlvc:</strong></span> <span class='ocrx_word' id='word_1_576' title='bbox 792 5008 955 5057; x_wconf 76' lang='lat' dir='ltr'><strong>comitisa.</strong></span> <span class='ocrx_word' id='word_1_577' title='bbox 976 5032 1003 5040; x_wconf 84' lang='lat'>-</span> <span class='ocrx_word' id='word_1_578' title='bbox 1023 5005 1062 5055; x_wconf 80' lang='lat' dir='ltr'><strong>ee.</strong></span> <span class='ocrx_word' id='word_1_579' title='bbox 1080 5005 1321 5067; x_wconf 78' lang='lat' dir='ltr'><strong>acsptieacvao:</strong></span> <span class='ocrx_word' id='word_1_580' title='bbox 1339 5005 1603 5072; x_wconf 67' lang='lat' dir='ltr'><strong>hospitioqaerqa3</strong></span> <span class='ocrx_word' id='word_1_581' title='bbox 1626 5004 1746 5067; x_wconf 77' lang='lat' dir='ltr'><strong>hospitio:</strong></span> 
     </span>
     <span class='ocr_line' id='line_1_51' title="bbox 429 5080 1745 5147; baseline -0.002 -15"><span class='ocrx_word' id='word_1_582' title='bbox 429 5094 475 5143; x_wconf 78' lang='lat' dir='ltr'><strong>que</strong></span> <span class='ocrx_word' id='word_1_583' title='bbox 490 5082 515 5132; x_wconf 86' lang='lat' dir='ltr'><strong>hl</strong></span> <span class='ocrx_word' id='word_1_584' title='bbox 537 5082 582 5144; x_wconf 86' lang='grc'>(111</span> <span class='ocrx_word' id='word_1_585' title='bbox 603 5082 687 5146; x_wconf 81' lang='lat' dir='ltr'><strong>qaae).</strong></span> <span class='ocrx_word' id='word_1_586' title='bbox 712 5108 739 5119; x_wconf 90' lang='lat'><em>-</em></span> <span class='ocrx_word' id='word_1_587' title='bbox 764 5082 804 5132; x_wconf 86' lang='grc'>11).</span> <span class='ocrx_word' id='word_1_588' title='bbox 826 5083 873 5147; x_wconf 70' lang='lat' dir='ltr'><strong>tide</strong></span> <span class='ocrx_word' id='word_1_589' title='bbox 893 5086 916 5131; x_wconf 89' lang='lat' dir='ltr'><strong>et</strong></span> <span class='ocrx_word' id='word_1_590' title='bbox 932 5081 974 5130; x_wconf 86' lang='lat' dir='ltr'><strong>dit.</strong></span> <span class='ocrx_word' id='word_1_591' title='bbox 994 5093 1019 5129; x_wconf 87' lang='lat' dir='ltr'><strong>v.</strong></span> <span class='ocrx_word' id='word_1_592' title='bbox 1039 5106 1067 5115; x_wconf 91' lang='lat'><em>-</em></span> <span class='ocrx_word' id='word_1_593' title='bbox 1094 5081 1135 5129; x_wconf 88' lang='grc'><strong>11.</strong></span> <span class='ocrx_word' id='word_1_594' title='bbox 1156 5080 1279 5143; x_wconf 78' lang='lat' dir='ltr'><strong>reseretur</strong></span> <span class='ocrx_word' id='word_1_595' title='bbox 1295 5081 1373 5130; x_wconf 77' lang='lat' dir='ltr'><strong>eut.</strong></span> <span class='ocrx_word' id='word_1_596' title='bbox 1393 5105 1422 5117; x_wconf 97' lang='lat'>-</span> <span class='ocrx_word' id='word_1_597' title='bbox 1449 5081 1489 5129; x_wconf 89' lang='grc'><strong>11.</strong></span> <span class='ocrx_word' id='word_1_598' title='bbox 1507 5082 1571 5130; x_wconf 74' lang='lat' dir='ltr'><strong>sesti</strong></span> <span class='ocrx_word' id='word_1_599' title='bbox 1586 5081 1651 5129; x_wconf 84' lang='lat' dir='ltr'><strong>rosei</strong></span> <span class='ocrx_word' id='word_1_600' title='bbox 1667 5080 1697 5129; x_wconf 87' lang='lat' dir='ltr'><strong>G.</strong></span> <span class='ocrx_word' id='word_1_601' title='bbox 1718 5105 1745 5117; x_wconf 91' lang='lat'>-</span> 
     </span>
     <span class='ocr_line' id='line_1_52' title="bbox 430 5153 1748 5220; baseline -0.002 -15"><span class='ocrx_word' id='word_1_602' title='bbox 430 5155 469 5205; x_wconf 78' lang='grc'>13.</span> <span class='ocrx_word' id='word_1_603' title='bbox 485 5156 688 5220; x_wconf 71' lang='lat' dir='ltr'><strong>[emendasse.</strong></span> <span class='ocrx_word' id='word_1_604' title='bbox 710 5181 736 5192; x_wconf 94' lang='lat'><em>-</em></span> <span class='ocrx_word' id='word_1_605' title='bbox 755 5155 880 5220; x_wconf 71' lang='lat' dir='ltr'><strong>ceperint]</strong></span> <span class='ocrx_word' id='word_1_606' title='bbox 898 5156 1011 5217; x_wconf 82' lang='lat' dir='ltr'><strong>operiant</strong></span> <span class='ocrx_word' id='word_1_607' title='bbox 1028 5157 1057 5205; x_wconf 90' lang='lat' dir='ltr'><strong>G.</strong></span> <span class='ocrx_word' id='word_1_608' title='bbox 1078 5181 1105 5189; x_wconf 91' lang='lat'>—</span> <span class='ocrx_word' id='word_1_609' title='bbox 1123 5153 1164 5205; x_wconf 82' lang='grc'><strong>11.</strong></span> <span class='ocrx_word' id='word_1_610' title='bbox 1181 5168 1270 5204; x_wconf 84' lang='lat' dir='ltr'><strong>nomen</strong></span> <span class='ocrx_word' id='word_1_611' title='bbox 1286 5157 1339 5205; x_wconf 83' lang='lat' dir='ltr'><strong>cias</strong></span> <span class='ocrx_word' id='word_1_612' title='bbox 1351 5169 1378 5217; x_wconf 74' lang='lat' dir='ltr'><strong>y.</strong></span> <span class='ocrx_word' id='word_1_613' title='bbox 1399 5182 1425 5192; x_wconf 91' lang='lat'>-</span> <span class='ocrx_word' id='word_1_614' title='bbox 1440 5153 1565 5216; x_wconf 82' lang='lat' dir='ltr'><strong>paricidio</strong></span> <span class='ocrx_word' id='word_1_615' title='bbox 1581 5167 1611 5213; x_wconf 84' lang='lat' dir='ltr'><strong>v,</strong></span> <span class='ocrx_word' id='word_1_616' title='bbox 1629 5155 1658 5202; x_wconf 93' lang='lat' dir='ltr'><strong>ut</strong></span> <span class='ocrx_word' id='word_1_617' title='bbox 1673 5165 1748 5204; x_wconf 91' lang='lat' dir='ltr'><strong>sem-</strong></span> 
     </span>
     <span class='ocr_line' id='line_1_53' title="bbox 430 5229 1745 5297; baseline -0.001 -19"><span class='ocrx_word' id='word_1_618' title='bbox 430 5242 492 5294; x_wconf 70' lang='lat' dir='ltr'><strong>pert</strong></span> <span class='ocrx_word' id='word_1_619' title='bbox 514 5231 650 5293; x_wconf 77' lang='lat' dir='ltr'><strong>patricidio</strong></span> <span class='ocrx_word' id='word_1_620' title='bbox 668 5235 700 5294; x_wconf 85' lang='lat' dir='ltr'><strong>L,</strong></span> <span class='ocrx_word' id='word_1_621' title='bbox 723 5233 802 5283; x_wconf 87' lang='lat' dir='ltr'><strong>etsie</strong></span> <span class='ocrx_word' id='word_1_622' title='bbox 820 5245 869 5297; x_wconf 88' lang='lat' dir='ltr'><strong>per</strong></span> <span class='ocrx_word' id='word_1_623' title='bbox 892 5234 972 5282; x_wconf 90' lang='lat' dir='ltr'><strong>totam</strong></span> <span class='ocrx_word' id='word_1_624' title='bbox 995 5231 1149 5280; x_wconf 87' lang='lat' dir='ltr'><strong>orationem.</strong></span> <span class='ocrx_word' id='word_1_625' title='bbox 1170 5255 1196 5266; x_wconf 82' lang='lat'>-</span> <span class='ocrx_word' id='word_1_626' title='bbox 1221 5234 1250 5279; x_wconf 85' lang='lat' dir='ltr'><strong>at</strong></span> <span class='ocrx_word' id='word_1_627' title='bbox 1265 5229 1307 5294; x_wconf 83' lang='lat' dir='ltr'><strong>ad]</strong></span> <span class='ocrx_word' id='word_1_628' title='bbox 1325 5233 1348 5279; x_wconf 85' lang='lat' dir='ltr'><strong>et</strong></span> <span class='ocrx_word' id='word_1_629' title='bbox 1364 5229 1398 5278; x_wconf 85' lang='lat' dir='ltr'><strong>ad</strong></span> <span class='ocrx_word' id='word_1_630' title='bbox 1414 5229 1443 5279; x_wconf 88' lang='lat' dir='ltr'><strong>C.</strong></span> <span class='ocrx_word' id='word_1_631' title='bbox 1472 5254 1499 5264; x_wconf 93' lang='lat'><strong>·-</strong></span> <span class='ocrx_word' id='word_1_632' title='bbox 1526 5229 1566 5278; x_wconf 81' lang='grc'>15.</span> <span class='ocrx_word' id='word_1_633' title='bbox 1585 5232 1666 5291; x_wconf 83' lang='lat' dir='ltr'><strong>posset</strong></span> <span class='ocrx_word' id='word_1_634' title='bbox 1686 5240 1745 5279; x_wconf 88' lang='lat' dir='ltr'><strong>ac:</strong></span> 
     </span>
     <span class='ocr_line' id='line_1_54' title="bbox 426 5301 1729 5372; baseline -0.001 -14"><span class='ocrx_word' id='word_1_635' title='bbox 426 5305 503 5368; x_wconf 77' lang='lat' dir='ltr'><strong>pessit</strong></span> <span class='ocrx_word' id='word_1_636' title='bbox 518 5307 672 5371; x_wconf 81' lang='lat' dir='ltr'><strong>Glicllv,</strong></span> <span class='ocrx_word' id='word_1_637' title='bbox 691 5307 740 5361; x_wconf 88' lang='lat' dir='ltr'><strong>sed</strong></span> <span class='ocrx_word' id='word_1_638' title='bbox 757 5308 776 5360; x_wconf 87' lang='lat' dir='ltr'>C</span> <span class='ocrx_word' id='word_1_639' title='bbox 793 5320 830 5362; x_wconf 90' lang='lat' dir='ltr'><strong>m.</strong></span> <span class='ocrx_word' id='word_1_640' title='bbox 849 5319 904 5359; x_wconf 87' lang='lat' dir='ltr'><strong>sec.</strong></span> <span class='ocrx_word' id='word_1_641' title='bbox 920 5311 1009 5372; x_wconf 86' lang='lat' dir='ltr'><strong>posset.</strong></span> <span class='ocrx_word' id='word_1_642' title='bbox 1030 5301 1117 5355; x_wconf 80' lang='grc'>-16,</span> <span class='ocrx_word' id='word_1_643' title='bbox 1135 5303 1206 5355; x_wconf 81' lang='lat' dir='ltr'><strong>natta</strong></span> <span class='ocrx_word' id='word_1_644' title='bbox 1222 5309 1282 5356; x_wconf 71' lang='lat' dir='ltr'><strong>esee</strong></span> <span class='ocrx_word' id='word_1_645' title='bbox 1297 5306 1327 5355; x_wconf 92' lang='lat' dir='ltr'><strong>G.</strong></span> <span class='ocrx_word' id='word_1_646' title='bbox 1341 5327 1369 5340; x_wconf 95' lang='lat'>-</span> <span class='ocrx_word' id='word_1_647' title='bbox 1388 5302 1490 5365; x_wconf 73' lang='lat' dir='ltr'><strong>sospita</strong></span> <span class='ocrx_word' id='word_1_648' title='bbox 1505 5315 1537 5366; x_wconf 81' lang='lat' dir='ltr'><strong>v,</strong></span> <span class='ocrx_word' id='word_1_649' title='bbox 1558 5305 1586 5355; x_wconf 86' lang='lat' dir='ltr'><strong>et</strong></span> <span class='ocrx_word' id='word_1_650' title='bbox 1601 5303 1641 5355; x_wconf 87' lang='lat' dir='ltr'><strong>sle</strong></span> <span class='ocrx_word' id='word_1_651' title='bbox 1656 5301 1729 5360; x_wconf 86' lang='lat' dir='ltr'><strong>allas.</strong></span> 
     </span>
    </p>
   </div>
   <div class='ocr_carea' id='block_1_7' title="bbox 0 0 2206 6100">
    <p class='ocr_par' dir='ltr' id='par_1_7' title="bbox 0 0 2206 6100">
     <span class='ocr_line' id='line_1_55' title="bbox 0 0 2206 6100; baseline 0 0"><span class='ocrx_word' id='word_1_652' title='bbox 0 0 2206 6100; x_wconf 95' lang='lat' dir='ltr'><strong> </strong></span> 
     </span>
    </p>
   </div>
  </div>
 </body>
</html>
