4367 6109
717 567 760 630 ΙΝ
781 565 950 631 VERREM
970 565 1093 631 acrio
1116 566 1301 634 SECUNDA
1321 568 1389 633 Lis.
1410 568 1450 632 11.
1680 564 1742 633 iii

422 751 498 795 num
526 732 663 798 clamore
691 742 786 819 atque
816 736 953 799 convitio
980 737 1184 813 restitissem,
1213 758 1254 802 ex
1274 736 1333 800 hac
1355 737 1482 802 decuria
1503 743 1624 811 vestra,
1652 738 1742 802 cuius

422 824 499 889 mihi
527 828 651 910 copiam
680 849 775 912 qnam
797 829 1004 912 largissimam
1024 829 1139 894 facum
1168 831 1350 915 oportebat,
1378 851 1459 917 quos
1487 831 1547 895 iste
1577 838 1741 905 annuerat,

421 919 456 985 in
475 940 570 985 suum
591 922 758 985 consilium
780 923 847 987 sine
869 943 965 987 causa
985 924 1245 989 subsortiebatur.

487 1154 510 1204 4.
527 1159 612 1205 neura
627 1155 726 1220 vigit
744 1154 785 1206 aiii
803 1154 893 1207 multi:
911 1161 998 1207 nostro
1013 1159 1073 1208 40.
1095 1186 1122 1195 -
1140 1159 1165 1208 2.
1183 1159 1290 1224 coptam]
1305 1163 1450 1223 pauentem
1464 1161 1495 1211 i.
1516 1188 1544 1198 -
1562 1175 1639 1224 paam
1654 1163 1744 1228 torpin-

421 1228 511 1278 ιίιιιιιιιι
526 1229 549 1277 V
565 1230 625 1279 cod.
644 1231 716 1282 Urs:
734 1230 903 1295 aroannam
918 1235 953 1291 A;
971 1245 1049 1295 mmm
1064 1233 1205 1298 torpisstme
1221 1236 1267 1286 ctt.
1286 1235 1314 1285 0.
1336 1261 1363 1272 -
1380 1235 1483 1300 soctan]
1497 1237 1555 1300 fleri
1569 1240 1600 1287 4.
1620 1266 1648 1275 -
1667 1252 1744 1301 opor-

419 1302 486 1354 tebat
503 1304 557 1355 ev:
576 1305 716 1368 oportebat,
734 1312 820 1369 erepto
836 1313 895 1358 esset
910 1307 1019 1372 {scobes
1035 1320 1122 1358 eornm
1139 1312 1184 1359 ctt.
1198 1309 1227 1359 0.
1248 1336 1275 1344 -
1294 1322 1369 1370 quos,
1386 1323 1444 1360 caen
1460 1311 1504 1360 iste
1520 1309 1554 1360 de
1566 1312 1635 1362 coni.
1647 1312 1744 1377 Zumpt

422 1382 449 1429 et
465 1378 549 1429 iiadv.
568 1379 602 1431 ds
619 1385 679 1433 Asc.
698 1395 724 1447 p.
739 1383 795 1433 tar.
815 1382 857 1447 [ct.
876 1382 909 1433 de
926 1383 952 1432 b.
966 1381 984 1433 i.
1003 1383 1152 1434 Mommsen
1170 1384 1196 1434 in
1212 1385 1340 1434 imobcie
1355 1384 1403 1434 444.
1421 1385 1479 1434 Zeti.
1498 1384 1572 1437 4844.
1590 1399 1617 1450 p.
1630 1385 1678 1436 260
1690 1388 1742 1453 σᾳ]

424 1483 450 1492 -
468 1457 593 1508 odram
608 1458 639 1508 V.
651 1483 679 1494 -
699 1458 727 1508 in
744 1457 836 1508 codice
853 1459 978 1509 Vaticano
995 1457 1148 1510 subiicitur:
1167 1458 1196 1508 is
1213 1459 1240 1510 0.
1255 1459 1355 1510 Verrem
1370 1459 1472 1523 explicit
1484 1459 1601 1524 fedatum
1619 1463 1646 1512 in
1663 1462 1741 1524 igit:

420 1531 456 1580 44.
475 1530 547 1582 initii
563 1532 687 1584 menn
703 1532 730 1583 ts
746 1533 774 1586 G.
795 1534 895 1584 Verrem
910 1533 971 1586 tiber
987 1534 1073 1584 teritus
1088 1533 1199 1597 aeplicit.

886 1971 1062 2030 Actionis
1083 1971 1278 2031 securioris

1064 2124 1097 2174 ΙΝ

680 2265 1488 2346 &VERREM

896 2412 1025 2509 'sinan
1047 2441 1247 2493 ssouuous

1059 2579 1098 2626 1>ss

810 2713 1110 2779 IURISDICTIONE
1133 2714 1354 2778 SICILIENSI.

608 3059 765 3111 ustiones
783 3059 934 3122 CODICES,
955 3059 1052 3124 quibus
1070 3060 1137 3111 haec
1154 3060 1237 3110 oratio
1254 3059 1416 3121 continetur,
1434 3061 1496 3111 sunt
1511 3058 1556 3110 hi:

419 3171 488 3238 ipis
504 3186 532 3238 p.
551 3185 587 3222 m.
605 3189 634 3216 =
649 3172 889 3235 toponiorsinianns
905 3185 944 3222 nr.
963 3172 1015 3231 ia,
1034 3171 1290 3236 praestantissimus,
1312 3171 1357 3234 qui
1374 3183 1437 3222 cnm
1452 3170 1487 3222 ab
1503 3172 1575 3223 initio
1592 3186 1625 3225 er
1641 3177 1740 3240 optimo

501 3245 644 3312 exemplari
662 3246 812 3311 descriptus
829 3251 915 3308 esset,
935 3250 1027 3311 postea
1045 3246 1079 3297 ab
1097 3247 1204 3297 bomine
1220 3246 1343 3310 imperito
1360 3246 1395 3296 ad
1411 3243 1608 3298 similitudinem
1625 3248 1742 3302 deterio-

499 3336 561 3374 rnm
581 3321 704 3373 codicum
726 3324 867 3386 corruptus
890 3324 939 3372 cst.
974 3320 1155 3382 Quamobrem
1167 3321 1243 3383 peior
1257 3333 1348 3372 manue
1363 3324 1488 3373 accurate
1504 3321 1604 3388 ubique
1619 3338 1742 3378 comme-

500 3401 632 3459 moratur,
650 3398 749 3462 quippe
767 3410 835 3460 quae
853 3397 887 3447 ad
903 3409 998 3448 verum
1015 3395 1205 3448 inveniendum
1221 3396 1299 3447 unice
1316 3397 1456 3460 pertineat.

418 3473 484 3526 F=
499 3471 672 3524 Fabriciorum.
702 3471 784 3522 Huius
807 3470 906 3523 codicis
925 3472 1097 3523 vetustissimi
1113 3471 1258 3535 scripturas
1279 3483 1294 3520 a
1317 3468 1421 3534 vulgata
1443 3470 1595 3523 ditieremm
1616 3473 1642 3523 in
1663 3471 1741 3525 iibei-

498 3547 554 3600 ium
578 3546 675 3598 relatas
703 3545 737 3596 ad
759 3545 914 3598 Lambinum
935 3547 1006 3598 misit
1032 3547 1072 3597 i'r.
1096 3545 1231 3597 Fabricius
1256 3544 1473 3597 iiarccduranus.
1514 3546 1565 3598 Eas
1589 3546 1740 3599 confirmari

499 3622 604 3674 duobus
624 3620 762 3673 codicibus
785 3634 849 3672 mss.
868 3621 976 3691 Puteani
1000 3622 1079 3673 tradit
1097 3619 1241 3672 Lambinus
1263 3619 1298 3671 ad
1319 3621 1422 3671 initium
1443 3621 1522 3672 butus
1543 3622 1677 3673 cratonis.
1704 3622 1738 3674 ci.

498 3698 566 3749 inira
585 3697 620 3749 ad
636 3699 678 3748 444.
697 3697 722 3761 5.
740 3697 781 3747 db.
816 3698 955 3761 conspirat
976 3699 1066 3746 autem
1091 3697 1135 3746 bic
1159 3694 1244 3746 codex
1267 3696 1364 3746 mirum
1390 3699 1518 3759 quantum
1543 3710 1604 3749 cum
1625 3698 1694 3761 msa
1711 3711 1738 3762 p.
1814 3757 1822 3774 ⁸

499 3788 550 3835 m..
571 3775 602 3824 ut
626 3785 673 3824 eos
696 3785 729 3822 er
751 3769 848 3822 eodem
871 3770 963 3822 codiee
986 3771 1132 3836 archetypo
1155 3770 1302 3835 descriptos
1325 3782 1385 3821 asse
1407 3769 1506 3834 liquido
1522 3775 1657 3838 appareat.
1692 3770 1740 3825 Ubi

497 3848 568 3915 apud
589 3846 682 3899 bamb.
706 3844 746 3897 vei
768 3847 795 3896 in
815 3847 889 3896 testu
910 3843 952 3895 vei
975 3846 1001 3896 in
1027 3847 1145 3909 margine
1169 3846 1232 3897 edit.
1256 3847 1341 3909 repet.
1361 3843 1530 3898 teutiscam
1552 3848 1683 3912 reperitur
1703 3845 1738 3898 ab

500 3922 614 3975 editione
634 3935 658 3972 a.
677 3921 750 3972 titt.
769 3920 936 3985 discrepans,
963 3932 1024 3971 cum
1046 3922 1146 3984 optima
1167 3918 1263 3971 inmitia
1286 3919 1423 3982 codicum,
1446 3920 1574 3984 imprimis
1591 3933 1654 3973 cum
1671 3920 1740 3985 igis

499 4010 526 4064 p.
544 4011 592 4060 m..
610 3996 791 4056 concordans,
815 3994 852 4046 ibi
873 4007 933 4045 eam
957 4007 990 4045 ex
1006 3994 1066 4046 cod.
1084 3993 1162 4046 Faba.
1180 3995 1366 4060 depromptam
1382 4007 1443 4046 esse
1460 3997 1563 4046 certum
1580 3996 1629 4046 est.
1663 3995 1741 4047 Eius-

499 4072 573 4124 modi
588 4070 715 4123 lectioncs
731 4069 936 4135 significavimus
947 4085 983 4132 φ,
1002 4083 1055 4134 quo
1072 4070 1288 4121 discernerentur
1301 4069 1388 4132 abiis,
1406 4068 1503 4135 quibus
1514 4083 1530 4120 a
1541 4068 1668 4120 lambino
1678 4083 1703 4120 o.
1715 4083 1738 4120 e.

499 4149 516 4199 i.
530 4161 553 4199 e.
566 4148 664 4199 veteris
681 4145 780 4197 codicis
795 4144 940 4196 Fabriciani
951 4145 1092 4196 auctoritas
1104 4144 1202 4196 diserte
1214 4144 1347 4209 adscripta
1358 4145 1407 4196 est.
1426 4144 1590 4208 Ubicumque
1600 4144 1627 4193 in
1638 4141 1697 4194 libr.
1706 4143 1739 4195 11.

499 4224 526 4274 et
541 4223 583 4273 444.
602 4220 702 4272 codicis
721 4219 866 4271 Fabriciani
882 4219 921 4284 (ii.
940 4232 962 4270 s.
979 4219 1013 4283 φ)
1032 4219 1195 4270 mentionem
1212 4232 1265 4271 non
1282 4219 1407 4281 iacimus,
1432 4217 1519 4270 ibide
1537 4220 1594 4272 etus
1610 4219 1740 4284 scriptura

498 4293 561 4348 nihii
579 4296 689 4348 constet.
724 4294 798 4345 idem
815 4292 885 4345 valet
900 4294 934 4344 de
951 4292 1100 4346 iteteiiiano
1117 4296 1144 4344 et
1159 4294 1305 4345 Nannieno.

458 4383 486 4406 ¹·
498 4371 662 4432 Hetetttamss,
681 4370 757 4422 cutus
773 4369 859 4420 varias
875 4366 1003 4421 lectiones
1019 4382 1035 4420 a
1052 4368 1190 4421 Guiiieimo
1206 4371 1331 4435 acceptas
1343 4371 1470 4421 Gruterus
1487 4368 1568 4421 dedit.
1591 4370 1639 4421 iiic
1655 4369 1740 4421 codex

496 4445 532 4496 ita
554 4458 617 4497 cum
637 4443 793 4496 Fabricinno
815 4444 960 4504 consentit,
986 4446 1016 4494 ut
1037 4443 1198 4508 quibusdam
1219 4457 1272 4496 non
1294 4444 1426 4496 immerito
1444 4443 1515 4495 idem
1532 4456 1593 4496 esse
1609 4443 1738 4495 videatur.

497 4521 529 4573 ct.
548 4521 652 4586 Zumpt.
671 4519 755 4572 Praei.
773 4533 801 4585 p.
819 4519 873 4569 444.
899 4518 952 4569 Sed
969 4532 1031 4570 cum
1049 4520 1107 4570 eius
1118 4521 1206 4569 variae
1223 4517 1350 4571 lectiones
1367 4521 1469 4570 tantum
1480 4531 1565 4583 usque
1577 4516 1611 4568 ad
1624 4517 1683 4569 iibr.
1696 4518 1738 4568 iii.

497 4609 521 4647 c.
535 4596 575 4646 46.
594 4597 744 4661 pertineant
758 4597 838 4658 atque
856 4594 887 4644 iis
898 4592 963 4644 iocis
975 4607 1026 4644 non
1039 4607 1100 4645 raro
1111 4595 1365 4654 commemorentur,
1382 4593 1428 4644 ubi
1440 4606 1473 4644 er
1484 4591 1647 4654 fabriciano,
1665 4592 1740 4642 cuius

495 4683 582 4736 usque
599 4670 632 4722 ad
650 4670 731 4721 flnem
747 4668 807 4720 iibri
824 4670 866 4719 444.
880 4669 979 4719 mentio
996 4668 1036 4732 tit,
1057 4667 1120 4719 nihii
1133 4671 1269 4728 enotatur,
1287 4670 1376 4734 potest
1386 4671 1475 4719 tanam
1486 4668 1641 4732 ambiguum
1651 4666 1739 4732 aiiqno

495 4745 577 4796 modo
593 4745 693 4806 videri,
712 4744 818 4796 idemne
835 4744 869 4795 sit
885 4743 972 4795 codex
987 4756 1022 4794 an
1039 4742 1187 4795 simillimus
1198 4742 1360 4795 fabriciano.
1387 4742 1567 4805 Quamobrem
1584 4743 1641 4795 eius
1651 4742 1739 4793 names

496 4817 624 4872 lectiones
641 4817 774 4871 noluimus
791 4819 921 4870 omittere.

414 4894 481 4946 u·
498 4895 660 4956 Narnienses,
686 4894 918 4960 praestantissimis
938 4893 1173 4957 adnumerandus,
1200 4907 1234 4946 ex
1255 4907 1309 4959 quo
1331 4891 1429 4945 multas
1450 4894 1511 4958 (non
1526 4891 1628 4955 omnes)
1650 4891 1738 4943 varias

495 4966 622 5021 lectiones
643 4970 761 5021 sonavit
779 4971 849 5021 Patr.
867 4969 993 5021 Nannius.
1028 4970 1079 5021 Eas
1102 4968 1157 5021 tere
1179 4981 1274 5021 omnes
1293 4969 1396 5034 recepit
1419 4968 1479 5020 Car.
1496 4967 1645 5032 stephanus
1667 4969 1695 5018 et
1709 4966 1738 5018 tn

493 5043 648 5110 Appendices
665 5043 722 5096 Voi.
745 5045 776 5096 11.
794 5058 821 5110 p.
839 5043 896 5095 6444.
914 5046 1060 5110 separatim
1075 5044 1172 5110 posuit.

415 5116 485 5189 igit
499 5142 528 5169 =
542 5119 784 5185 Lwommnntoese
800 5132 840 5170 nr.
857 5118 900 5169 49.

414 5196 437 5245 Δ
451 5205 480 5234 =
495 5194 642 5248 mensa
657 5209 698 5246 nr.
716 5194 790 5247 teis.
809 5195 884 5246 Saea
902 5193 967 5245 4444.

415 5269 435 5318 it
450 5297 479 5332 :
494 5268 641 5323 means
657 5285 698 5324 nr.
716 5270 790 5323 nino.
808 5271 883 5322 saec.
896 5268 961 5320 44444.
988 5267 1020 5319 iii
1035 5270 1091 5320 tres
1106 5267 1227 5333 codices,
1244 5267 1307 5335 qut,
1324 5265 1448 5332 utbpii,
1465 5264 1665 5333 diiigentissime
1676 5267 1738 5319 sant

457 5360 630 5414 nenena.
1479 5357 1521 5430 42
