4367 6109
452 576 516 646 369
823 577 866 642 nt
886 576 1053 642 VERREM
1072 575 1196 643 Aemo
1217 575 1401 644 SECUNDA

454 773 548 838 quam
571 751 661 815 illum
682 767 792 832 apmm
812 746 1050 832 Erymanthium
1071 747 1180 812 referri
1202 754 1357 831 oportere.
1394 747 1504 812 XLIV
1525 743 1577 810 96.
1599 745 1776 812 Huncrir·

453 853 551 910 tutem
572 841 843 926 Agrigentinorum
866 841 973 904 imitati
997 849 1070 904 sunt
1089 842 1231 906 Assorini
1252 850 1378 925 postea,
1399 842 1458 906 riri
1478 841 1576 905 fortes
1598 848 1630 904 et
1652 837 1775 915 fideles,

453 939 509 1003 sed
530 956 730 1045 nequaqnam
759 954 801 997 ex
828 942 891 997 tam
918 934 1023 1018 ampla
1049 955 1155 1020 neque
1183 945 1248 1001 tam
1274 956 1316 1000 ex
1336 935 1434 1013 nobili
1455 935 1590 1000 civitate.
1635 934 1775 1020 Chrysas

452 1038 501 1097 est
521 1031 638 1104 amnis,
661 1030 717 1114 qui
738 1048 795 1113 per
815 1030 1034 1092 Assorinorum
1056 1050 1147 1113 agros
1169 1031 1245 1094 fluit
1287 1032 1318 1093 is
1339 1029 1423 1114 apud
1445 1030 1517 1093 illos
1537 1029 1674 1094 babetur
1694 1029 1774 1094 deus

428 1134 483 1191 oet
509 1125 662 1207 religione
690 1123 826 1186 maxima
854 1123 974 1185 colitur.
1024 1125 1143 1187 Fanum
1172 1125 1240 1188 eins
1269 1131 1317 1188 est
1346 1125 1379 1188 in
1408 1144 1483 1207 agro
1511 1130 1640 1208 propter
1670 1121 1773 1206 ipsam

450 1221 550 1294 riam,
581 1237 643 1302 qua
669 1218 787 1280 Assoro
808 1217 870 1279 itur
891 1216 1043 1280 llcnnam.
1085 1219 1122 1280 ln
1144 1238 1183 1281 eo
1207 1218 1343 1303 Chrysae
1365 1218 1563 1282 simulacrum
1585 1223 1650 1291 est,
1680 1233 1774 1298 prae-

450 1312 533 1377 clare
554 1311 669 1375 lactum
691 1331 709 1374 ι
731 1329 895 1373 marmore.
936 1310 972 1372 Id
993 1313 1051 1374 iste
1077 1332 1207 1397 poscere
1227 1314 1395 1375 Assorinos
1423 1319 1551 1394 propter
1580 1307 1774 1392 singularem

450 1408 518 1472 eius
539 1406 605 1469 iani
624 1405 807 1487 religionem
827 1424 892 1467 non
914 1424 1008 1468 ausus
1031 1415 1096 1469 est:
1118 1406 1300 1492 Tlepolemo
1322 1405 1375 1468 dat
1396 1414 1428 1468 et
1447 1405 1577 1467 Hieroni
1598 1403 1774 1486 negotium.

449 1500 500 1564 Illi
522 1508 617 1564 noctu
637 1498 720 1562 iacta
740 1517 834 1561 manu
855 1507 1036 1583 armataque
1058 1502 1204 1563 veniunt:
1225 1500 1309 1563 fores
1330 1500 1417 1562 aedis
1440 1500 1623 1581 effringunt:
1650 1495 1774 1560 aeditui

413 1614 441 1662 lo
450 1595 659 1678 custodesque
681 1598 802 1655 mature
824 1592 980 1655 sentiunt:
1003 1594 1137 1676 signum,
1160 1595 1245 1677 quod
1267 1601 1335 1657 erat
1348 1601 1456 1656 notum
1471 1593 1634 1667 vicinitati,
1655 1591 1775 1656 bucina

450 1688 555 1752 datur:
586 1686 730 1750 homines
760 1705 800 1748 ex
829 1687 911 1768 agris
942 1696 1145 1750 concurrunt:
1178 1688 1297 1751 eiicitur
1326 1687 1514 1770 fugaturque
1546 1687 1774 1770 Tlepolemusc

449 1802 557 1866 neque
585 1780 756 1864 quidquam
785 1801 826 1843 ex
852 1778 926 1843 iano
957 1780 1093 1865 Chrysae
1122 1789 1243 1864 praeter
1270 1803 1367 1844 unum
1395 1781 1615 1864 perparrulum
1642 1782 1775 1864 signum

450 1896 491 1941 ex
512 1895 586 1939 aere
607 1873 817 1938 desideratum
841 1880 898 1938 est
934 1871 984 1937 97.
1007 1877 1114 1938 Matris
1136 1894 1265 1958 magnae
1286 1875 1393 1938 lanum
1414 1875 1499 1958 apud
1520 1875 1682 1958 Enguinos
1705 1880 1773 1949 est3

449 1970 511 2032 iam
534 1967 618 2031 enim
639 1969 716 2032 mibi
737 1989 800 2032 non
822 1970 915 2033 modo
935 1969 1073 2032 breviter
1094 1969 1135 2033 de
1155 1991 1220 2034 uno
1239 1989 1369 2054 qnoque
1391 1968 1573 2045 dicendum,
1595 1969 1652 2032 sed
1674 1968 1773 2032 etiam

413 2061 679 2149 repraetereunda
698 2062 846 2126 ridentur
867 2082 937 2126 esse
965 2064 1137 2147 permulta,
1169 2071 1204 2127 ut
1224 2063 1264 2126 ad
1293 2063 1412 2126 maiora
1433 2064 1523 2126 istius
1544 2068 1576 2126 et
1595 2061 1775 2124 illustriora

449 2159 483 2223 in
504 2157 565 2221 boc
587 2176 703 2240 genere
723 2155 807 2220 furta
828 2162 860 2219 ct
881 2156 1000 2220 scelera
1020 2157 1195 2221 veniamus.
1230 2158 1266 2219 ln
1286 2156 1348 2219 hoc
1367 2155 1441 2219 iano
1462 2156 1575 2220 loricas
1597 2154 1774 2238 galeasque

450 2271 573 2326 aeneas,
596 2251 732 2315 caelatas
754 2270 849 2334 opere
873 2249 1045 2325 Corinthio,
1066 2251 1259 2336 hydriasque
1287 2249 1438 2333 grandes,
1466 2250 1560 2314 simili
1588 2251 1621 2314 in
1651 2267 1774 2333 genere

450 2353 545 2430 atque
567 2344 677 2410 eadem
698 2352 764 2408 arte
787 2344 957 2428 perlectas,
988 2344 1073 2409 idem
1098 2345 1153 2409 ille
1176 2346 1293 2428 Scipio,
1325 2346 1374 2409 vir
1394 2345 1540 2409 omnibus
1561 2344 1655 2408 rebus
1677 2363 1775 2426 prae-

450 2440 710 2513 cellentissimus,
731 2445 880 2523 posuerat
900 2446 933 2502 ct
954 2459 1045 2502 suum
1065 2459 1181 2503 nomen
1202 2438 1412 2522 inscripserat
1456 2437 1539 2514 Quid
1561 2439 1624 2502 iam
1646 2436 1687 2499 de
1707 2436 1774 2500 isto

412 2535 541 2619 roplura
563 2532 665 2597 dicam
686 2541 740 2596 aut
762 2535 898 2616 quarm?
942 2531 1056 2596 Omnia
1077 2533 1150 2608 illa,
1172 2532 1302 2608 iudices,
1325 2533 1466 2596 abstulit:
1488 2532 1566 2595 nihil
1587 2533 1621 2595 in
1641 2530 1775 2614 religio-

450 2631 573 2693 sissimo
594 2627 668 2692 iano
691 2634 816 2710 praeter
843 2627 976 2709 uestigia
1004 2628 1138 2690 violatae
1167 2627 1325 2709 religionis
1355 2646 1535 2710 nomenque
1556 2627 1589 2689 P.
1612 2625 1773 2708 Scipionis

449 2722 586 2806 reliquit.
629 2722 772 2784 Hostium
795 2720 911 2802 spolia,
940 2730 1143 2784 monumenta
1164 2722 1402 2802 imperatomm,
1426 2721 1538 2784 decora
1559 2727 1655 2804 atque
1677 2739 1774 2783 orna·

449 2824 554 2880 menta
574 2814 716 2878 sanorum
738 2813 870 2896 posthac
890 2813 941 2876 his
962 2814 1131 2897 praeclaris
1160 2816 1336 2879 nominibus
1363 2816 1485 2879 amissis
1507 2816 1540 2878 in
1561 2815 1772 2878 instrumento

448 2918 544 2993 atque
566 2908 600 2971 in
621 2907 817 2992 supellectile
841 2907 946 2970 Verris
968 2909 1222 2971 nominabuntur.
1265 2907 1316 2970 98.
1343 2911 1391 2971 Τιι
1412 2909 1558 2972 videlicet
1578 2907 1664 2971 solus
1685 2909 1771 2972 rasis

411 3023 440 3072 ιι
450 3003 618 3067 Corinthiis
641 3002 826 3065 delectaris?
849 3008 883 3063 tu
899 3000 984 3063 illius
999 3003 1079 3065 aeris
1095 3005 1362 3085 temperationem,
1384 3012 1418 3066 tu
1433 3024 1564 3086 operum
1578 3002 1771 3065 lineamenta

448 3097 667 3162 sollertissime
688 3095 859 3179 perspicis?
894 3092 972 3158 baec
995 3096 1101 3177 Scipio
1122 3097 1175 3159 ille
1197 3117 1261 3159 non
1282 3096 1486 3179 intelligebat,
1507 3096 1601 3161 homo
1624 3097 1770 3160 doctissi-

448 3212 517 3255 mus
539 3199 633 3276 atque
656 3189 922 3253 humanissimus?
944 3196 978 3250 tu
999 3190 1067 3252 sine
1090 3190 1155 3252 ulla
1175 3191 1260 3253 bona
1281 3198 1357 3264 arte,
1380 3192 1447 3254 sine
1468 3191 1674 3266 humanitate,
1697 3190 1769 3254 sine

446 3285 590 3367 ingenio,
623 3285 691 3347 sinc
717 3282 830 3346 litteris
860 3281 1011 3365 intelligis
1038 3291 1070 3346 et
1098 3283 1241 3347 iudicas?
1291 3285 1386 3360 Vide,
1414 3306 1454 3348 ne
1484 3285 1538 3348 ille
1569 3304 1633 3348 non
1663 3285 1767 3348 solum

447 3378 665 3462 temperantia,
688 3377 744 3440 sed
767 3376 861 3439 etiam
883 3376 1092 3461 intelligentia
1114 3385 1144 3440 te
1165 3385 1259 3461 atque
1281 3379 1370 3452 istos,
1392 3380 1445 3463 qui
1468 3400 1502 3442 se
1524 3379 1684 3462 elegantes
1706 3379 1769 3444 dici

410 3473 572 3546 accolunt,
593 3470 713 3534 uicerit.
756 3472 835 3534 Nam
865 3472 954 3554 quia,
985 3492 1078 3555 quam
1106 3472 1239 3554 pulchra
1260 3480 1381 3548 essent,
1411 3474 1620 3555 intelligebat,
1648 3473 1768 3538 idcirco

447 3564 643 3630 existimabat
672 3585 710 3628 ea
737 3584 802 3627 non
831 3564 871 3626 ad
903 3565 1065 3628 bominum
1092 3566 1265 3642 luxuriem,
1296 3568 1351 3630 sed
1379 3567 1419 3631 ad
1446 3576 1590 3631 omatum
1619 3565 1769 3630 fanorum

445 3665 541 3743 atque
570 3658 756 3742 oppidorum
785 3677 855 3722 esse
882 3657 981 3733 facta,
1014 3668 1049 3722 ut
1077 3661 1212 3741 posteris
1242 3663 1356 3725 nostris
1387 3667 1588 3725 monumenta
1617 3660 1769 3744 religiosa

446 3773 516 3816 esse
539 3752 714 3817 videantur.

511 3929 535 3978 4
548 3926 748 3992 oprumlirpm]
766 3925 799 3977 cl.
813 3927 899 3987 Quint
911 3926 954 3976 Vl
967 3926 991 3988 3,
1003 3929 1044 3978 33.
1059 3927 1332 3994 (erprmuduunltl-
1351 3931 1375 3981 3
1387 3943 1509 3992 cequeec
1524 3930 1682 3981 lomGiLd
1696 3930 1767 3994 4399

444 4003 534 4056 43.-
552 4002 576 4054 4.
596 4003 859 4065 usrpriuorumlloe
878 4003 1087 4067 ualonuth
1061 4018 1184 4068 -prope
1201 4006 1293 4055 Gt.-
1313 4006 1336 4055 6.
1355 4006 1534 4055 odiorum·
1550 4006 1662 4056 Ηιιιιιιιιιι
1679 4003 1764 4069 4399;

443 4079 544 4130 Eorum
560 4079 673 4129 440.-
693 4083 727 4128 ιιι
742 4077 823 4128 simul.
842 4077 907 4128 dett.
926 4078 1003 4128 0.-
1021 4079 1046 4130 8
1065 4080 1277 4142 depolemoltae
1290 4081 1438 4142 [lictorique
1453 4080 1574 4144 43990,
1591 4080 1692 4130 Hieroni
1708 4092 1763 4130 om.

444 4158 467 4204 et
488 4154 503 4203 l
527 4156 653 4217 lagg.-
625 4152 701 4203 -9
719 4157 868 4215 emmaque
890 4151 984 4203 codd:
1011 4157 1152 4216 mmulique
1175 4155 1271 4206 Victor.
1291 4156 1367 4211 Ern.;
1389 4157 1480 4206 notum
1499 4157 1540 4205 est
1555 4153 1618 4205 illud
1634 4155 1766 4219 praetoris

443 4227 611 4279 interdictum
630 4228 679 4278 «cle
693 4227 831 4278 homiuibus
846 4228 937 4277 conclis
953 4229 1125 4291 omnesque»
1147 4243 1180 4280 ex
1196 4232 1261 4280 orat.
1280 4244 1305 4295 p.
1325 4232 1403 4281 Caec.
1422 4245 1446 4280 o.
1465 4232 1551 4280 94-
1572 4229 1682 4280 melosi
1698 4227 1763 4281 Geli.

443 4304 497 4355 llll.
522 4303 561 4352 40.
586 4304 672 4367 (ιάίιιι
689 4304 728 4367 44.)
748 4332 776 4342 -
801 4304 841 4354 40.
865 4304 891 4353 in
912 4304 1039 4355 uiduitate
1057 4304 1135 4370 4349.
1156 4333 1183 4340 -
1202 4305 1291 4356 bucino
1307 4308 1341 4357 R:
1368 4307 1471 4356 buccina
1492 4306 1521 4357 0.
1542 4331 1568 4342 ·-
1592 4305 1632 4355 43.
1653 4305 1766 4369 Epuinos

443 4377 1003 4443 ltliGlLd31rupuiuosLagg.-ll.uon
1019 4381 1091 4430 modo
1108 4380 1146 4429 br.
1163 4381 1223 4429 mili
1240 4382 1285 4432 63.
1301 4382 1470 4432 -dicendum
1482 4381 1561 4430 hill:
1581 4381 1628 4430 dic.
1646 4386 1681 4431 est
1697 4381 1763 4432 dell.

443 4453 473 4503 0.
493 4479 520 4488 -
539 4454 620 4504 sedet
636 4454 680 4504 63.
702 4481 729 4490 -
749 4455 788 4504 43.
807 4454 889 4503 4ιι4ιιι4.
909 4456 937 4505 44.
959 4479 986 4490 -
1007 4455 1045 4504 47.
1063 4455 1224 4519 grandissimi
1249 4456 1284 4505 iii
1300 4458 1327 4505 iu
1342 4471 1367 4520 p.
1390 4457 1423 4514 44;
1449 4456 1628 4520 praediscimus
1643 4456 1678 4506 bii
1694 4471 1721 4507 uo
1736 4473 1763 4522 p.

443 4529 494 4582 64ς
511 4529 693 4592 praediscimus
709 4529 736 4577 iu
751 4544 776 4593 p.
795 4530 830 4589 E;
848 4531 1011 4594 praebemus
1026 4530 1061 4578 hii
1076 4530 1103 4578 in
1119 4543 1144 4593 p.
1158 4531 1194 4579 69
1207 4530 1255 4589 4ι4;
1273 4532 1378 4595 pondu
1394 4532 1469 4580 simili
1484 4530 1607 4595 penerel.
1628 4533 1765 4584 Eiusmodi

442 4602 524 4654 miros
536 4616 640 4655 errores
652 4603 819 4655 librariorum
836 4605 870 4655 ad
888 4606 1010 4657 codicum
1028 4606 1156 4668 originem
1168 4608 1247 4669 atque
1265 4608 1450 4669 cognationem
1467 4609 1680 4671 perspiciendam
1697 4609 1764 4659 alle-

441 4678 534 4728 rimus.
555 4706 583 4716 -
601 4681 642 4731 48.
661 4682 790 4730 incudem
807 4687 862 4731 urle
879 4684 911 4732 64
932 4683 956 4732 9.
978 4708 1005 4719 -
1023 4681 1107 4743 Scipio
1124 4681 1160 4731 443
1178 4681 1210 4731 E:
1238 4684 1264 4733 P.
1282 4684 1366 4744 Scipio
1387 4682 1451 4732 dett.
1471 4684 1499 4733 0.
1521 4707 1548 4719 -
1568 4683 1608 4732 49.
1630 4685 1764 4747 scripserat

441 4753 487 4813 443,
506 4754 525 4803 E
542 4751 567 4804 λ.
589 4782 616 4790 -
634 4757 675 4806 90.
694 4769 786 4817 queror
803 4757 880 4821 4399.
901 4786 929 4794 -
947 4759 989 4808 99.
1007 4757 1115 4820 reliquid
1131 4758 1160 4807 44.
1175 4784 1202 4793 -
1221 4758 1261 4808 93.
1279 4759 1407 4822 sunonem]
1423 4758 1483 4821 suco
1500 4760 1525 4808 P.
1544 4759 1573 4809 ll.
1589 4787 1615 4794 —
1631 4765 1687 4822 post
1702 4762 1764 4811 boec

441 4829 487 4886 443,
506 4826 562 4879 El.
590 4829 623 4880 cl.
643 4831 726 4882 Hand.
746 4832 774 4881 T.
787 4833 829 4882 1V.
848 4846 874 4897 p.
888 4833 987 4882 304-
1006 4831 1046 4883 94.
1066 4834 1183 4895 ulqrmiu
1199 4831 1407 4895 supcllectilelli
1424 4835 1460 4883 69
1477 4833 1526 4884 al:
1545 4834 1572 4882 iu
1588 4847 1641 4884 om.
1660 4836 1692 4885 64
1714 4836 1762 4887 Ld.

441 4902 524 4966 4399ς
552 4918 583 4954 uc
599 4906 741 4967 oupeiectili
758 4907 823 4957 dett.
842 4909 874 4967 03
894 4913 969 4969 utque
987 4908 1014 4957 iu
1029 4908 1215 4970 supellectilibus
1231 4910 1259 4960 E.
1281 4936 1306 4948 -
1330 4911 1412 4960 Verris
1429 4911 1448 4959 44
1466 4912 1498 4959 64
1519 4910 1706 4971 22oestrls133
1733 4913 1761 4963 6.

444 4977 526 5028 Verris
542 4976 616 5029 ihd.
635 4980 698 5031 dett.
713 4983 741 5032 0.
760 4981 837 5044 prob.
856 4982 942 5034 Madv.
955 4983 1002 5046 Op.
1015 4984 1035 5033 Ι.
1050 4998 1076 5048 p.
1090 4984 1147 5044 369,
1165 4986 1284 5051 lirerupii
1297 4984 1434 5036 collatione
1446 4985 1545 5036 codicis
1556 4986 1618 5049 Reg.
1631 4987 1761 5048 conlisum

441 5065 509 5118 qnae
527 5067 608 5118 quam
624 5069 718 5120 pamm
735 5060 859 5108 accurata
877 5059 919 5119 sit,
937 5058 963 5108 in
981 5058 1210 5111 commentatione
1227 5063 1317 5111 nostra
1335 5059 1368 5109 de
1386 5059 1463 5110 codd.
1482 5058 1541 5109 libr.
1559 5062 1600 5110 lV.
1620 5061 1693 5110 etV.
1712 5060 1763 5111 de-

441 5131 705 5183 monstravimusae·
723 5134 922 5184 numerabuntur
938 5136 958 5185 0
976 5137 1067 5186 contra
1084 5136 1163 5186 codd.
1181 5138 1314 5187 notos.-
1333 5138 1373 5186 93.
1392 5136 1601 5186 dommuli.-
1614 5136 1763 5188 liniamento

439 5206 505 5257 liet
520 5205 646 5270 bagg-
619 5209 705 5260 -.96
724 5211 857 5261 mucimus
872 5216 948 5274 utque
962 5211 1145 5262 honestissimus
1160 5211 1279 5276 43944-
1251 5211 1338 5263 -97
1357 5210 1421 5261 bonu
1437 5224 1490 5265 om
1507 5210 1633 5327 idem·
1651 5211 1692 5262 99.
1710 5211 1762 5264 ι4ι-

438 5280 602 5357 puulbltp.
620 5295 705 5336 m.-
723 5284 764 5336 30.
783 5286 913 5350 quicom.
932 5285 997 5345 dett.
