4367 6109
718 586 786 653 ns.
807 587 845 653 v.
871 585 947 653 cn».
968 584 1172 653 xcx-xe
1202 581 1261 670 ss.
1281 579 1433 648 so-eo.
1675 566 1738 638 aas

419 779 482 825 non
503 753 615 842 potes),
636 755 776 840 publice,
798 755 884 840 quod
905 756 1085 820 Mamertini
1107 754 1270 820 materiem
1291 772 1357 818 non
1375 752 1511 827 babent,
1531 744 1738 833 imperavisti.

417 854 504 918 XIX.
528 851 562 915 Si
585 859 617 916 et
638 871 679 914 ex
700 871 764 933 quo
786 846 822 914 fit
842 850 932 914 navis
954 858 986 914 ot
1000 850 1056 934 qui
1075 848 1210 923 iaciunt,
1232 847 1365 932 imperio
1381 847 1439 911 tibi
1453 854 1526 920 tuo,
1546 865 1611 908 nou
1625 840 1739 926 pretio,

417 953 544 1032 praesto
564 945 712 1009 fuerunt:
740 945 795 1008 ubi
824 943 952 1008 tandem
974 945 1059 1008 istud
1081 943 1174 1018 latet,
1200 943 1288 1027 quod
1308 948 1343 1006 tu
1365 943 1404 1005 de
1426 948 1481 1004 tua
1502 938 1637 1023 pecunia
1658 933 1739 998 dicis

418 1042 620 1125 impensum?
640 1071 683 1086 -
704 1034 756 1101 48.
777 1040 818 1102 At
840 1038 1018 1102 Mamertini
1039 1038 1072 1101 in
1093 1037 1209 1101 tabulis
1232 1036 1311 1101 nibil
1332 1034 1458 1098 habent.
1493 1034 1631 1096 Primum
1644 1028 1738 1094 video

417 1135 557 1220 potuisse
578 1129 665 1206 lieri,
687 1140 723 1196 ut
745 1151 785 1195 ex
807 1133 929 1197 aerario
952 1131 1032 1194 nihil
1054 1130 1222 1194 darent·
1236 1130 1352 1193 etenim
1368 1128 1420 1192 uel
1435 1127 1637 1211 Capitolium,
1659 1124 1763 1188 siculo

417 1227 501 1312 apud
526 1227 662 1292 maiores
686 1234 811 1291 nostros
831 1225 949 1290 tactum
972 1232 1033 1298 est,
1056 1224 1181 1308 publico
1203 1225 1322 1287 coactis
1339 1221 1436 1285 labris
1450 1222 1620 1304 operisque
1641 1220 1742 1301 impe·

417 1321 495 1387 ratis
517 1321 614 1404 gratis
635 1316 835 1385 exaedificari
857 1326 953 1401 atque
975 1315 1057 1382 offici
1079 1319 1201 1402 potuit:
1223 1350 1266 1364 -
1280 1315 1410 1390 deinde,
1430 1314 1463 1379 id
1478 1315 1564 1399 quod
1583 1310 1741 1398 perspicio

419 1425 450 1482 et
471 1414 560 1501 quod
582 1414 763 1489 ostendam,
792 1433 864 1477 curn
891 1412 978 1498 ipsos
1003 1412 1201 1494 produxero,
1230 1412 1371 1493 ipsorum
1400 1429 1441 1472 ex
1468 1408 1599 1481 litteris,
1627 1404 1742 1469 multas

419 1509 571 1597 pecunias
592 1507 647 1571 isti
669 1515 814 1592 erogatas
835 1509 868 1571 in
890 1526 1024 1590 operum
1047 1505 1220 1569 locationes
1241 1503 1336 1567 falsas
1349 1511 1444 1587 atquo
1461 1503 1572 1566 inanes
1587 1521 1657 1564 esse
1672 1518 1743 1582 per·

419 1605 562 1689 scriptas.
606 1602 673 1665 lam
700 1601 780 1666 illud
806 1603 936 1667 minimo
962 1600 1076 1664 mirum
1105 1606 1167 1673 ost,
1199 1599 1418 1671 Mamertinos,
1450 1616 1469 1659 a
1497 1618 1560 1680 quo
1587 1613 1743 1659 summum
1751 1600 1779 1648 ⁴⁰

419 1693 605 1765 beneficium
626 1703 830 1779 acceperant,
852 1714 948 1778 quern
970 1693 1030 1759 sibi
1052 1692 1236 1756 amiciorem
1258 1711 1352 1774 quam
1372 1691 1490 1775 populo
1512 1693 1651 1755 Romano
1673 1705 1744 1751 esse

420 1796 649 1876 cognoverant,
679 1790 747 1853 eins
774 1788 869 1873 capiti
898 1788 1010 1853 littoris
1032 1787 1099 1851 snis
1123 1787 1314 1871 pepercisse.
1359 1785 1421 1847 Sed
1443 1785 1471 1848 si
1492 1789 1675 1867 argumento
1696 1786 1746 1844 est

419 1883 623 1953 Mamertinos
652 1882 709 1945 tibi
736 1882 903 1967 pecuniam
931 1900 997 1945 non
1020 1879 1162 1955 dedisse,
1190 1881 1267 1963 qnia
1287 1877 1438 1961 scriptum
1458 1897 1524 1940 non
1544 1875 1677 1940 habent:
1704 1873 1747 1937 sit

421 1984 606 2062 argumento
628 1975 686 2040 tibi
707 1977 804 2059 gratis
825 1983 908 2040 stare
929 1995 1059 2050 narem,
1091 1975 1184 2057 quia,
1210 1972 1287 2055 quid
1309 1971 1421 2036 emeris
1448 1978 1503 2035 ant
1523 1971 1600 2055 quid
1621 1968 1746 2041 locaris,

422 2073 575 2156 scriptum
595 2069 740 2155 prolerre
762 2090 826 2133 non
848 2076 950 2153 potes.
1755 2068 1784 2118 46

505 2161 557 2227 49.
584 2164 625 2226 At
653 2164 739 2226 enim
766 2163 882 2225 idcirco
908 2182 1022 2226 navem
1051 2162 1246 2226 Mamertinis
1274 2181 1339 2224 non
1361 2160 1538 2246 imperasti,
1566 2158 1652 2243 quod
1673 2162 1748 2222 sunt

421 2257 587 2323 foederati.
609 2288 651 2303 -
683 2257 724 2320 lli
756 2256 947 2340 approbentl
979 2256 1140 2320 Habemus
1172 2255 1334 2320 hominem
1364 2257 1396 2319 in
1425 2253 1581 2318 fetialium
1602 2251 1747 2315 manibus

422 2350 606 2427 educatum,
642 2370 741 2414 unum
762 2358 888 2435 praeter
909 2357 1031 2414 ceteros
1053 2352 1086 2415 in
1108 2350 1244 2435 publicis
1264 2349 1472 2432 religionibus
1492 2347 1656 2412 foederum
1676 2365 1749 2410 san·

423 2454 508 2510 ctum
536 2463 573 2509 ac
601 2443 796 2528 diligentem.
840 2443 975 2519 Omnes,
1005 2445 1059 2529 qui
1088 2452 1164 2508 anta
1183 2452 1215 2507 te
1243 2443 1371 2507 luerunt
1390 2451 1565 2528 praetores,
1592 2440 1750 2505 dedantur

424 2537 638 2613 Mamertinis,
660 2536 747 2621 quod
768 2540 807 2602 iis
828 2557 941 2604 navem
963 2546 1073 2603 contra
1093 2539 1275 2623 pactionem
1296 2536 1433 2602 foederis
1454 2535 1654 2620 imperarintl
1684 2533 1785 2598 8660

423 2641 528 2697 tamen
552 2638 604 2706 tu,
625 2639 734 2696 sancte
754 2631 852 2695 homo
873 2651 910 2695 ac
930 2632 1092 2714 religiose,
1114 2653 1172 2696 cur
1188 2633 1461 2696 Tauromenitanis
1483 2632 1559 2696 item
1578 2628 1749 2694 foederatis

422 2747 536 2791 navem
560 2725 741 2810 imperasti?
763 2745 804 2789 an
824 2725 885 2790 hoc
899 2727 1064 2810 probabis,
1086 2728 1121 2790 in
1135 2746 1238 2809 aequa
1251 2745 1347 2790 causa
1361 2725 1549 2810 populorum
1563 2725 1632 2788 siue
1647 2721 1749 2806 pretio

423 2822 546 2887 vanum
574 2820 626 2883 ius
655 2828 687 2884 et
718 2819 875 2904 disparem
905 2821 1125 2885 condicionem
1147 2821 1273 2885 luisset
1315 2817 1367 2882 50.
1389 2819 1496 2895 Quint
1525 2819 1553 2882 si
1575 2813 1750 2880 eiusmodi

426 2932 495 2979 esse
517 2911 597 2977 baec
620 2913 683 2976 duo
705 2912 836 2977 foedera
852 2915 986 2979 duorum
1003 2914 1209 2999 populorum,
1230 2914 1371 2988 iudices,
1392 2913 1509 2988 doceo,
1530 2920 1566 2977 ut
1579 2913 1750 2974 Taurome-

424 3005 542 3071 nitanis
563 3007 751 3072 nominatim
773 3015 899 3071 cautum
921 3015 954 3072 et
974 3016 1141 3090 exceptum
1163 3009 1204 3072 sit
1223 3006 1369 3081 foedere,
1399 3027 1440 3071 ra
1461 3025 1568 3071 66661
1590 3023 1673 3069 osas
1693 3008 1787 3067 nra-tt

424 3121 543 3175 marr,
573 3102 767 3166 Mamertinis
797 3102 829 3165 in
854 3102 926 3186 ipso
946 3101 1076 3166 foedera
1098 3109 1240 3166 sanctum
1260 3108 1358 3185 atque
1378 3102 1606 3185 praescriptum
1627 3100 1682 3172 sit,
1708 3117 1749 3159 rr

426 3214 533 3261 narra
555 3214 638 3259 naar
660 3212 795 3260 necasse
818 3216 883 3268 sm
911 3197 1005 3260 istum
1032 3203 1139 3260 autem
1160 3203 1271 3260 contra
1290 3193 1403 3259 foedus
1425 3203 1457 3258 et
1477 3191 1750 3257 Tauromenitanis

425 3290 600 3374 imperasse
622 3297 654 3353 et
674 3290 867 3356 Mamertinis
888 3291 1065 3353 remisisse:
1092 3288 1249 3373 numquid
1271 3288 1400 3353 dubium
1421 3289 1535 3372 poterit
1555 3306 1642 3360 esse,
1671 3284 1750 3367 quin

425 3385 522 3448 Verre
554 3391 701 3470 praetore
729 3384 802 3466 plus
830 3383 1025 3448 Mamertinis
1054 3384 1186 3467 cybaea,
1220 3403 1316 3467 qnam
1345 3379 1617 3446 Tauromenitanis
1637 3375 1750 3441 foedus

427 3479 616 3562 opitulatum
638 3479 702 3543 stat
728 3478 912 3543 Recitentur
931 3476 1070 3542 foedera.
1114 3478 1187 3540 XX.
1209 3478 1274 3540 Isto
1296 3478 1392 3560 igitur
1412 3484 1485 3551 tuo,
1506 3495 1601 3558 quom
1622 3472 1662 3537 ad
1684 3477 1787 3535 sno-³⁰

426 3571 501 3635 dum
530 3572 600 3654 ipse
628 3572 806 3656 praedicas,
835 3571 1006 3646 beneficio,
1034 3578 1145 3635 utres
1175 3570 1309 3646 indicat,
1341 3570 1444 3655 pretio
1470 3577 1566 3653 atque
1593 3565 1750 3642 mercede,

425 3665 568 3731 minuisti
596 3666 791 3733 maiestatem
817 3665 863 3729 rei
891 3664 1053 3750 publicae,
1081 3666 1223 3730 minuisti
1244 3664 1364 3729 auxilia
1384 3662 1493 3746 populi
1514 3662 1666 3736 Romani,
1691 3661 1751 3726 mi·

426 3758 525 3823 nuisti
547 3761 652 3844 copias
674 3759 828 3825 maiorum
848 3759 965 3843 virtute
986 3778 1024 3823 ac
1046 3759 1204 3842 sapientia
1218 3766 1427 3842 comparatas,
1447 3756 1602 3823 sustulisti
1621 3757 1672 3819 ins
1692 3755 1751 3818 im-

426 3854 524 3938 perii,
546 3853 766 3919 condicionem
788 3853 959 3931 sociorum,
987 3853 1172 3921 memoriam
1192 3850 1342 3917 foederis.
1384 3851 1448 3928 Qui
1469 3871 1512 3916 ox
1529 3850 1659 3916 foedere
1680 3850 1750 3934 ipso

1736 4091 1750 4121 0

494 4163 518 4213 4.
536 4162 666 4213 momen
682 4163 745 4213 4464
766 4161 813 4213 Ld.
833 4162 894 4225 (om.
914 4162 973 4226 GM:
991 4162 1127 4213 6664666666
1142 4161 1225 4226 agam
1242 4160 1360 4211 6666466666
1376 4158 1442 4212 660.
1460 4185 1484 4196 -
1506 4160 1532 4211 3.
1549 4173 1583 4210 se
1598 4172 1652 4210 om.
1670 4157 1749 4222 ngas.

430 4239 586 4291 -ta'biooo
609 4243 710 4300 toopr.
730 4235 803 4287 634.
823 4263 850 4272 -
870 4237 1077 4289 3466644646
1100 4235 1293 4294 3066666664
1315 4236 1378 4286 unco
1399 4235 1465 4286 dett.
1483 4235 1751 4298 0.-t.tspm

429 4319 457 4368 ll.
479 4344 506 4354 -
524 4316 549 4366 6.
567 4313 666 4378 66664466
687 4313 769 4378 urstis
790 4314 883 4364 coactis
899 4313 964 4365 660.
982 4314 1012 4364 0.
1031 4338 1058 4348 -
1082 4311 1108 4362 7.
1125 4312 1207 4376 gratis
1221 4311 1310 4363 66666.
1328 4310 1364 4361 443
1383 4312 1423 4376 (Gt
1444 4309 1576 4375 66066606
1598 4310 1680 4374 grotta
1694 4321 1749 4361 om.

428 4394 494 4445 660.
513 4392 542 4443 0.
561 4417 589 4426 -
607 4390 634 4440 id
650 4389 716 4452 quod
728 4403 757 4451 p.
775 4393 799 4438 et
815 4389 881 4452 66666
896 4390 964 4440 4462
980 4389 1025 4450 4...
1042 4386 1164 4452 plerique
1182 4386 1276 4450 (Madv.
1295 4400 1338 4450 ep.
1356 4400 1383 4450 p.
1401 4386 1458 4437 409.
1476 4386 1524 4449 Op.
1537 4386 1557 4435 l.
1575 4397 1602 4449 p.
1615 4384 1672 4435 366.
1691 4381 1751 4434 coll.

427 4468 490 4520 Male
508 4480 536 4531 p.
553 4463 618 4528 ³9.):
636 4465 663 4514 46
679 4463 872 4526 quodomGl5
890 4464 917 4514 id
934 4461 1179 4527 qooqopmso,
1197 4462 1263 4524 quod
1278 4466 1301 4512 st
1317 4459 1415 4524 illlo.
1430 4485 1457 4495 -
1476 4459 1501 4510 8.
1518 4456 1676 4522 ipsoslldi:
1693 4459 1753 4509 istos

429 4544 495 4595 660.
511 4541 541 4592 0.
561 4566 588 4575 -
607 4539 647 4590 40.
665 4541 719 4589 iem
736 4538 772 4589 63
792 4539 872 4603 Lgttl:
894 4553 955 4588 666666
976 4537 1040 4589 660.
1059 4538 1088 4588 0.
1108 4562 1136 4573 -
1162 4537 1203 4587 44.
1221 4537 1297 4586 amb.
1315 4548 1365 4586 6666
1384 4547 1462 4596 quom
1474 4547 1502 4597 p.
1520 4535 1549 4586 44.
1568 4534 1614 4586 63.
1634 4535 1694 4597 (non
1710 4533 1750 4596 ll.)

431 4646 458 4656 -
479 4615 664 4678 46666666.
684 4603 1027 4679 descensuros.
1053 4638 1081 4648 -
1107 4610 1296 4674 somma.
1318 4637 1346 4648 -
1373 4608 1750 4672 campomastali:

430 4693 474 4744 tibi
486 4691 607 4756 1666646466
622 4688 684 4748 4.6.;
704 4689 839 4752 pecuniam
854 4689 899 4739 tibi
914 4686 987 4752 λ(9);
1006 4687 1128 4752 pecunias
1143 4685 1187 4736 tibi
1203 4684 1268 4736 dett.
1286 4685 1315 4735 0.
1337 4710 1365 4720 -
1390 4683 1431 4735 44.
1448 4684 1531 4748 grafia
1544 4689 1613 4735 64666
1629 4685 1662 4735 lt:
1685 4687 1752 4733 stan

428 4768 509 4834 protis
525 4766 577 4825 033
599 4766 682 4830 protis
697 4769 811 4815 cosdore
827 4763 891 4815 dett.
910 4765 940 4815 0.
959 4789 986 4800 -
1013 4762 1134 4813 tocwsris
1150 4761 1214 4813 660.
1233 4761 1262 4812 0.
1281 4785 1308 4795 -
1330 4760 1370 4810 47.
1387 4759 1525 4823 adprobent
1540 4761 1570 4811 a.
1589 4786 1617 4796 -
1634 4758 1752 4824 fidolium

429 4845 459 4894 R.
479 4867 506 4877 -
526 4841 566 4891 49.
584 4853 616 4891 oc
632 4836 790 4903 acragas:
814 4838 967 4891 ridolto.
989 4866 1017 4875 -
1035 4841 1119 4901 prosc
1135 4836 1238 4901 [666660
1254 4833 1319 4885 660.
1337 4836 1367 4886 0.
1389 4862 1416 4873 -
1439 4835 1480 4885 20.
1499 4835 1529 4884 iis
1546 4835 1598 4885 Gt:
1619 4834 1691 4893 ⁵⁸33
1712 4833 1753 4883 636

430 4918 475 4969 Gt.
490 4942 518 4952 —
536 4913 578 4967 34.
598 4914 810 4966 ramicosis
825 4914 855 4965 R.
870 4941 898 4951 -
916 4913 957 4965 36.
973 4912 1158 4975 praescriptus
1173 4911 1204 4973 u,
1216 4912 1277 4974 ng.
1295 4909 1415 4976 plerique
1426 4923 1433 4961 ε
1446 4912 1613 4974 6666666466
1624 4908 1661 4960 63
1672 4906 1750 4972 Lgti,

430 4994 460 5045 0.
478 5017 506 5027 -
524 4995 552 5041 ut
568 4989 604 5041 443
615 4988 644 5039 i:
663 4990 700 5039 uti
716 4989 781 5040 660.
799 4989 827 5038 0.
848 5015 875 5026 -
899 4989 941 5040 tt.
958 4989 1045 5038 oovtm
1061 4989 1151 5051 Lagg„
1169 4989 1198 5036 ut
1213 4985 1328 5037 videtur.
1347 5013 1375 5023 -
1400 4986 1442 5038 28.
1459 4987 1560 5036 66666666
1576 4986 1605 5036 a.
1624 5010 1652 5021 -
1675 4996 1753 5033 soss-

431 5068 491 5132 quld
502 5067 551 5119 nt:
568 5080 630 5116 num
646 5067 686 5118 cui
702 5066 809 5117 detto.
823 5090 852 5104 -
871 5067 912 5117 29.
930 5065 1023 5126 cubaea
1039 5075 1117 5124 quom
1134 5062 1209 5112 Your.
1228 5074 1281 5112 orn.
1293 5062 1373 5126 Lagg.
1388 5086 1416 5097 ·-
1435 5061 1476 5111 30.
1492 5061 1602 5124 foedas.
1619 5058 1753 5111 amaa-

432 5144 576 5195 TINOllVM
590 5143 634 5193 ΕΤ
649 5140 988 5195 TAVROMENITANORVM
1003 5137 1071 5188 CVM
1085 5136 1151 5187 Por.
1169 5137 1198 5188 c.
1209 5136 1360 5188 FOEDERA
1377 5136 1438 5195 n0;
1456 5133 1634 5187 abesttitulus
1644 5147 1661 5185 a
1672 5132 1751 5186 codd.

433 5245 461 5255 -
479 5219 521 5271 34.
537 5219 590 5283 ipss
605 5230 659 5270 om.
676 5218 755 5280 Lagg.
768 5215 925 5282 praeterit.
940 5241 969 5253 -
981 5214 1022 5268 ³2.
1038 5214 1193 5266 6660666666
1205 5211 1293 5280 populi
1307 5213 1338 5269 a.
1357 5211 1404 5280 laic
1420 5211 1501 5265 etiam
1517 5210 1604 5281 igit),
1621 5210 1684 5263 sais.
1701 5222 1752 5265 oe·

429 5292 496 5345 uilio
510 5293 549 5346 roi
561 5292 676 5358 polleas
692 5293 721 5344 l..
