<?xml version="1.0" encoding="UTF-8"?>
<!DOCTYPE html PUBLIC "-//W3C//DTD XHTML 1.0 Transitional//EN"
    "http://www.w3.org/TR/xhtml1/DTD/xhtml1-transitional.dtd">
<html xmlns="http://www.w3.org/1999/xhtml" xml:lang="en" lang="en">
 <head>
  <title>
</title>
<meta http-equiv="Content-Type" content="text/html;charset=utf-8" />
  <meta name='ocr-system' content='tesseract 3.04.00' />
  <meta name='ocr-capabilities' content='ocr_page ocr_carea ocr_par ocr_line ocrx_word'/>
</head>
<body>
  <div class='ocr_page' id='page_1' title='image "./operaquaesupers02halmgoog_0257.png"; bbox 0 0 4367 6109; ppageno 0'>
   <div class='ocr_carea' id='block_1_1' title="bbox 698 615 1715 706">
    <p class='ocr_par' dir='ltr' id='par_1_1' title="bbox 698 615 1715 706">
     <span class='ocr_line' id='line_1_1' title="bbox 698 615 1715 706; baseline -0.002 -21"><span class='ocrx_word' id='word_1_1' title='bbox 698 622 767 685; x_wconf 86' lang='lat' dir='ltr'><strong>Lm.</strong></span> <span class='ocrx_word' id='word_1_2' title='bbox 789 620 843 683; x_wconf 87' lang='grc' dir='ltr'><strong>ΠΙ.</strong></span> <span class='ocrx_word' id='word_1_3' title='bbox 875 618 949 685; x_wconf 80' lang='lat' dir='ltr'><strong>Csr.</strong></span> <span class='ocrx_word' id='word_1_4' title='bbox 970 620 1128 686; x_wconf 84' lang='lat' dir='ltr'><strong>ix-xi.</strong></span> <span class='ocrx_word' id='word_1_5' title='bbox 1156 618 1213 706; x_wconf 64' lang='lat'><strong>55.</strong></span> <span class='ocrx_word' id='word_1_6' title='bbox 1235 617 1385 686; x_wconf 73' lang='lat'>22-27.</span> <span class='ocrx_word' id='word_1_7' title='bbox 1653 615 1715 684; x_wconf 76' lang='grc'><strong>448</strong></span> 
     </span>
    </p>
   </div>
   <div class='ocr_carea' id='block_1_2' title="bbox 388 789 1764 3604">
    <p class='ocr_par' dir='ltr' id='par_1_2' title="bbox 388 789 1763 2363">
     <span class='ocr_line' id='line_1_2' title="bbox 388 789 1715 876; baseline -0.005 -16"><span class='ocrx_word' id='word_1_8' title='bbox 388 812 478 860; x_wconf 77' lang='lat' dir='ltr'><strong>mano</strong></span> <span class='ocrx_word' id='word_1_9' title='bbox 500 793 573 857; x_wconf 84' lang='lat' dir='ltr'><strong>dare</strong></span> <span class='ocrx_word' id='word_1_10' title='bbox 600 798 763 873; x_wconf 83' lang='lat' dir='ltr'><strong>cogeretur.</strong></span> <span class='ocrx_word' id='word_1_11' title='bbox 807 789 879 866; x_wconf 86' lang='lat' dir='ltr'><strong>Quo</strong></span> <span class='ocrx_word' id='word_1_12' title='bbox 901 791 1024 855; x_wconf 74' lang='lat' dir='ltr'><strong>modo?</strong></span> <span class='ocrx_word' id='word_1_13' title='bbox 1053 797 1207 876; x_wconf 87' lang='lat' dir='ltr'><strong>quantum</strong></span> <span class='ocrx_word' id='word_1_14' title='bbox 1229 792 1411 875; x_wconf 80' lang='lat' dir='ltr'><strong>poposcerit</strong></span> <span class='ocrx_word' id='word_1_15' title='bbox 1431 790 1608 874; x_wconf 78' lang='lat' dir='ltr'>Apronius,</span> <span class='ocrx_word' id='word_1_16' title='bbox 1630 789 1715 855; x_wconf 92' lang='lat' dir='ltr'><strong>dato.</strong></span> 
     </span>
     <span class='ocr_line' id='line_1_3' title="bbox 390 884 1716 968; baseline -0.004 -16"><span class='ocrx_word' id='word_1_17' title='bbox 390 888 477 967; x_wconf 84' lang='lat' dir='ltr'><strong>Quid</strong></span> <span class='ocrx_word' id='word_1_18' title='bbox 498 893 546 949; x_wconf 88' lang='lat' dir='ltr'><strong>est</strong></span> <span class='ocrx_word' id='word_1_19' title='bbox 566 884 651 948; x_wconf 73' lang='lat' dir='ltr'><strong>hoo?</strong></span> <span class='ocrx_word' id='word_1_20' title='bbox 676 891 782 948; x_wconf 91' lang='lat' dir='ltr'><strong>utrum</strong></span> <span class='ocrx_word' id='word_1_21' title='bbox 804 885 960 968; x_wconf 90' lang='lat' dir='ltr'><strong>praetoris</strong></span> <span class='ocrx_word' id='word_1_22' title='bbox 983 887 1163 950; x_wconf 92' lang='lat' dir='ltr'><strong>institutum</strong></span> <span class='ocrx_word' id='word_1_23' title='bbox 1185 886 1219 949; x_wconf 93' lang='lat' dir='ltr'><strong>in</strong></span> <span class='ocrx_word' id='word_1_24' title='bbox 1242 887 1345 950; x_wconf 89' lang='lat' dir='ltr'><strong>socios</strong></span> <span class='ocrx_word' id='word_1_25' title='bbox 1367 907 1408 950; x_wconf 89' lang='lat' dir='ltr'><strong>an</strong></span> <span class='ocrx_word' id='word_1_26' title='bbox 1430 886 1463 949; x_wconf 91' lang='lat' dir='ltr'><strong>in</strong></span> <span class='ocrx_word' id='word_1_27' title='bbox 1484 886 1593 949; x_wconf 90' lang='lat' dir='ltr'><strong>hostes</strong></span> <span class='ocrx_word' id='word_1_28' title='bbox 1614 884 1716 948; x_wconf 80' lang='lat' dir='ltr'><strong>victos</strong></span> 
     </span>
     <span class='ocr_line' id='line_1_4' title="bbox 389 977 1718 1064; baseline -0.005 -16"><span class='ocrx_word' id='word_1_29' title='bbox 389 980 493 1048; x_wconf 85' lang='lat' dir='ltr'><strong>insani</strong></span> <span class='ocrx_word' id='word_1_30' title='bbox 522 977 662 1042; x_wconf 90' lang='lat' dir='ltr'><strong>edictum</strong></span> <span class='ocrx_word' id='word_1_31' title='bbox 688 985 786 1062; x_wconf 89' lang='lat' dir='ltr'><strong>atque</strong></span> <span class='ocrx_word' id='word_1_32' title='bbox 815 978 985 1063; x_wconf 91' lang='lat' dir='ltr'><strong>imperium</strong></span> <span class='ocrx_word' id='word_1_33' title='bbox 1013 980 1165 1063; x_wconf 77' lang='lat' dir='ltr'><strong>tyranni?</strong></span> <span class='ocrx_word' id='word_1_34' title='bbox 1200 980 1268 1063; x_wconf 89' lang='lat' dir='ltr'><strong>Ego</strong></span> <span class='ocrx_word' id='word_1_35' title='bbox 1297 987 1419 1044; x_wconf 91' lang='lat' dir='ltr'><strong>tantum</strong></span> <span class='ocrx_word' id='word_1_36' title='bbox 1447 980 1536 1055; x_wconf 92' lang='lat' dir='ltr'><strong>dem,</strong></span> <span class='ocrx_word' id='word_1_37' title='bbox 1563 986 1718 1064; x_wconf 90' lang='lat' dir='ltr'><strong>quantum</strong></span> 
     </span>
     <span class='ocr_line' id='line_1_5' title="bbox 388 1072 1718 1160; baseline -0.002 -19"><span class='ocrx_word' id='word_1_38' title='bbox 388 1078 443 1141; x_wconf 87' lang='lat' dir='ltr'><strong>iiie</strong></span> <span class='ocrx_word' id='word_1_39' title='bbox 464 1072 673 1159; x_wconf 73' lang='lat' dir='ltr'><strong>poposcerit?</strong></span> <span class='ocrx_word' id='word_1_40' title='bbox 701 1079 814 1156; x_wconf 90' lang='lat' dir='ltr'><strong>poscet</strong></span> <span class='ocrx_word' id='word_1_41' title='bbox 838 1093 949 1149; x_wconf 88' lang='lat' dir='ltr'><strong>omne,</strong></span> <span class='ocrx_word' id='word_1_42' title='bbox 980 1082 1133 1156; x_wconf 91' lang='lat' dir='ltr'><strong>quantum</strong></span> <span class='ocrx_word' id='word_1_43' title='bbox 1163 1093 1345 1137; x_wconf 81' lang='lat' dir='ltr'><strong>exaravero.</strong></span> <span class='ocrx_word' id='word_1_44' title='bbox 1389 1073 1475 1149; x_wconf 85' lang='lat' dir='ltr'><strong>Quid</strong></span> <span class='ocrx_word' id='word_1_45' title='bbox 1497 1078 1617 1139; x_wconf 74' lang='lat' dir='ltr'><strong>omne?</strong></span> <span class='ocrx_word' id='word_1_46' title='bbox 1646 1076 1718 1160; x_wconf 90' lang='lat' dir='ltr'><strong>pius</strong></span> 
     </span>
     <span class='ocr_line' id='line_1_6' title="bbox 388 1165 1743 1250; baseline -0.002 -15"><span class='ocrx_word' id='word_1_47' title='bbox 388 1172 485 1235; x_wconf 93' lang='lat' dir='ltr'><strong>immo</strong></span> <span class='ocrx_word' id='word_1_48' title='bbox 507 1167 622 1242; x_wconf 89' lang='lat' dir='ltr'><strong>etiam,</strong></span> <span class='ocrx_word' id='word_1_49' title='bbox 644 1165 769 1249; x_wconf 90' lang='lat' dir='ltr'><strong>inquit,</strong></span> <span class='ocrx_word' id='word_1_50' title='bbox 791 1168 819 1230; x_wconf 94' lang='lat' dir='ltr'><strong>si</strong></span> <span class='ocrx_word' id='word_1_51' title='bbox 841 1167 938 1231; x_wconf 84' lang='lat' dir='ltr'><strong>volet</strong></span> <span class='ocrx_word' id='word_1_52' title='bbox 972 1165 1057 1241; x_wconf 84' lang='lat' dir='ltr'><strong>Quid</strong></span> <span class='ocrx_word' id='word_1_53' title='bbox 1081 1169 1173 1228; x_wconf 77' lang='lat' dir='ltr'><strong>tum?</strong></span> <span class='ocrx_word' id='word_1_54' title='bbox 1202 1167 1280 1250; x_wconf 90' lang='lat' dir='ltr'><strong>quid</strong></span> <span class='ocrx_word' id='word_1_55' title='bbox 1302 1170 1438 1232; x_wconf 74' lang='lat' dir='ltr'><strong>censes?</strong></span> <span class='ocrx_word' id='word_1_56' title='bbox 1468 1169 1643 1234; x_wconf 78' lang='lat' dir='ltr'><strong>Aut-dahis</strong></span> <span class='ocrx_word' id='word_1_57' title='bbox 1665 1176 1743 1233; x_wconf 73' lang='lat' dir='ltr'><strong>auto</strong></span> 
     </span>
     <span class='ocr_line' id='line_1_7' title="bbox 390 1259 1719 1347; baseline -0.001 -21"><span class='ocrx_word' id='word_1_58' title='bbox 390 1272 501 1327; x_wconf 85' lang='lat' dir='ltr'><strong>contra</strong></span> <span class='ocrx_word' id='word_1_59' title='bbox 522 1260 660 1325; x_wconf 91' lang='lat' dir='ltr'><strong>edictum</strong></span> <span class='ocrx_word' id='word_1_60' title='bbox 681 1259 796 1324; x_wconf 84' lang='lat' dir='ltr'><strong>iecisse</strong></span> <span class='ocrx_word' id='word_1_61' title='bbox 820 1260 1020 1324; x_wconf 87' lang='lat' dir='ltr'><strong>damnabere.</strong></span> <span class='ocrx_word' id='word_1_62' title='bbox 1052 1261 1112 1322; x_wconf 90' lang='lat' dir='ltr'><strong>Per</strong></span> <span class='ocrx_word' id='word_1_63' title='bbox 1135 1259 1212 1324; x_wconf 90' lang='lat' dir='ltr'><strong>deos</strong></span> <span class='ocrx_word' id='word_1_64' title='bbox 1234 1260 1443 1338; x_wconf 85' lang='lat' dir='ltr'><strong>immortales,</strong></span> <span class='ocrx_word' id='word_1_65' title='bbox 1466 1264 1544 1347; x_wconf 87' lang='lat' dir='ltr'><strong>quid</strong></span> <span class='ocrx_word' id='word_1_66' title='bbox 1567 1273 1615 1328; x_wconf 92' lang='lat' dir='ltr'><strong>est</strong></span> <span class='ocrx_word' id='word_1_67' title='bbox 1634 1265 1719 1328; x_wconf 83' lang='lat' dir='ltr'><strong>hoct</strong></span> 
     </span>
     <span class='ocr_line' id='line_1_8' title="bbox 388 1352 1721 1436; baseline -0.001 -15"><span class='ocrx_word' id='word_1_68' title='bbox 388 1356 457 1421; x_wconf 77' lang='lat' dir='ltr'><strong>reri</strong></span> <span class='ocrx_word' id='word_1_69' title='bbox 479 1355 565 1419; x_wconf 92' lang='lat' dir='ltr'><strong>enim</strong></span> <span class='ocrx_word' id='word_1_70' title='bbox 579 1355 682 1418; x_wconf 90' lang='lat' dir='ltr'><strong>simile</strong></span> <span class='ocrx_word' id='word_1_71' title='bbox 696 1373 763 1417; x_wconf 90' lang='lat' dir='ltr'><strong>non</strong></span> <span class='ocrx_word' id='word_1_72' title='bbox 779 1362 836 1419; x_wconf 89' lang='lat' dir='ltr'><strong>est.</strong></span> <span class='ocrx_word' id='word_1_73' title='bbox 867 1352 919 1417; x_wconf 74' lang='lat'><strong>26.</strong></span> <span class='ocrx_word' id='word_1_74' title='bbox 936 1354 988 1418; x_wconf 87' lang='lat' dir='ltr'><strong>Sic</strong></span> <span class='ocrx_word' id='word_1_75' title='bbox 1002 1352 1080 1416; x_wconf 92' lang='lat' dir='ltr'><strong>mihi</strong></span> <span class='ocrx_word' id='word_1_76' title='bbox 1095 1352 1290 1436; x_wconf 82' lang='lat' dir='ltr'><strong>persuadeo,</strong></span> <span class='ocrx_word' id='word_1_77' title='bbox 1313 1355 1452 1419; x_wconf 87' lang='lat' dir='ltr'><strong>iudices:</strong></span> <span class='ocrx_word' id='word_1_78' title='bbox 1475 1359 1599 1421; x_wconf 89' lang='lat' dir='ltr'><strong>tametsi</strong></span> <span class='ocrx_word' id='word_1_79' title='bbox 1615 1358 1721 1421; x_wconf 91' lang='lat' dir='ltr'><strong>omnia</strong></span> 
     </span>
     <span class='ocr_line' id='line_1_9' title="bbox 388 1448 1720 1532; baseline 0.002 -19"><span class='ocrx_word' id='word_1_80' title='bbox 388 1451 423 1515; x_wconf 92' lang='lat' dir='ltr'><strong>in</strong></span> <span class='ocrx_word' id='word_1_81' title='bbox 453 1449 549 1514; x_wconf 90' lang='lat' dir='ltr'><strong>istum</strong></span> <span class='ocrx_word' id='word_1_82' title='bbox 575 1448 739 1513; x_wconf 89' lang='lat' dir='ltr'><strong>hominem</strong></span> <span class='ocrx_word' id='word_1_83' title='bbox 767 1450 938 1515; x_wconf 87' lang='lat' dir='ltr'><strong>convenire</strong></span> <span class='ocrx_word' id='word_1_84' title='bbox 966 1449 1104 1532; x_wconf 89' lang='lat' dir='ltr'><strong>putetis,</strong></span> <span class='ocrx_word' id='word_1_85' title='bbox 1138 1456 1244 1511; x_wconf 64' lang='lat' dir='ltr'><strong>umen</strong></span> <span class='ocrx_word' id='word_1_86' title='bbox 1272 1448 1335 1511; x_wconf 92' lang='lat' dir='ltr'><strong>hoc</strong></span> <span class='ocrx_word' id='word_1_87' title='bbox 1357 1449 1447 1513; x_wconf 87' lang='lat' dir='ltr'><strong>vobis</strong></span> <span class='ocrx_word' id='word_1_88' title='bbox 1469 1448 1584 1515; x_wconf 84' lang='lat' dir='ltr'><strong>falsum</strong></span> <span class='ocrx_word' id='word_1_89' title='bbox 1606 1453 1720 1518; x_wconf 81' lang='lat' dir='ltr'><strong>videri.</strong></span> 
     </span>
     <span class='ocr_line' id='line_1_10' title="bbox 388 1539 1721 1628; baseline 0.001 -21"><span class='ocrx_word' id='word_1_90' title='bbox 388 1546 458 1628; x_wconf 84' lang='lat' dir='ltr'><strong>Ego</strong></span> <span class='ocrx_word' id='word_1_91' title='bbox 480 1543 581 1619; x_wconf 91' lang='lat' dir='ltr'><strong>enim,</strong></span> <span class='ocrx_word' id='word_1_92' title='bbox 604 1563 677 1606; x_wconf 92' lang='lat' dir='ltr'><strong>cum</strong></span> <span class='ocrx_word' id='word_1_93' title='bbox 691 1542 754 1605; x_wconf 91' lang='lat' dir='ltr'><strong>hoc</strong></span> <span class='ocrx_word' id='word_1_94' title='bbox 776 1549 843 1606; x_wconf 89' lang='lat' dir='ltr'><strong>tota</strong></span> <span class='ocrx_word' id='word_1_95' title='bbox 866 1542 975 1605; x_wconf 91' lang='lat' dir='ltr'><strong>Sicilia</strong></span> <span class='ocrx_word' id='word_1_96' title='bbox 998 1540 1135 1616; x_wconf 91' lang='lat' dir='ltr'><strong>diceret,</strong></span> <span class='ocrx_word' id='word_1_97' title='bbox 1167 1550 1273 1605; x_wconf 89' lang='lat' dir='ltr'><strong>tamen</strong></span> <span class='ocrx_word' id='word_1_98' title='bbox 1294 1539 1451 1606; x_wconf 84' lang='lat' dir='ltr'><strong>affirmare</strong></span> <span class='ocrx_word' id='word_1_99' title='bbox 1474 1563 1539 1607; x_wconf 93' lang='lat' dir='ltr'><strong>non</strong></span> <span class='ocrx_word' id='word_1_100' title='bbox 1561 1546 1721 1621; x_wconf 82' lang='lat' dir='ltr'><strong>auderem,</strong></span> 
     </span>
     <span class='ocr_line' id='line_1_11' title="bbox 390 1634 1758 1721; baseline -0.007 -18"><span class='ocrx_word' id='word_1_101' title='bbox 390 1639 417 1703; x_wconf 93' lang='lat' dir='ltr'><strong>si</strong></span> <span class='ocrx_word' id='word_1_102' title='bbox 438 1639 518 1703; x_wconf 91' lang='lat' dir='ltr'><strong>haec</strong></span> <span class='ocrx_word' id='word_1_103' title='bbox 539 1638 643 1701; x_wconf 91' lang='lat' dir='ltr'><strong>edicta</strong></span> <span class='ocrx_word' id='word_1_104' title='bbox 663 1656 729 1701; x_wconf 91' lang='lat' dir='ltr'><strong>non</strong></span> <span class='ocrx_word' id='word_1_105' title='bbox 752 1637 915 1720; x_wconf 86' lang='lat' dir='ltr'><strong>exipsius</strong></span> <span class='ocrx_word' id='word_1_106' title='bbox 938 1635 1054 1699; x_wconf 89' lang='lat' dir='ltr'><strong>tabulis</strong></span> <span class='ocrx_word' id='word_1_107' title='bbox 1077 1634 1210 1698; x_wconf 90' lang='lat' dir='ltr'><strong>totidem</strong></span> <span class='ocrx_word' id='word_1_108' title='bbox 1232 1635 1337 1699; x_wconf 84' lang='lat' dir='ltr'><strong>verbis</strong></span> <span class='ocrx_word' id='word_1_109' title='bbox 1359 1637 1492 1700; x_wconf 90' lang='lat' dir='ltr'><strong>recitare</strong></span> <span class='ocrx_word' id='word_1_110' title='bbox 1514 1657 1657 1721; x_wconf 90' lang='lat' dir='ltr'><strong>possem,</strong></span> <span class='ocrx_word' id='word_1_111' title='bbox 1679 1639 1722 1702; x_wconf 92' lang='lat' dir='ltr'><strong>si·</strong></span> <span class='ocrx_word' id='word_1_112' title='bbox 1731 1646 1758 1694; x_wconf 83' lang='lat' dir='ltr'><strong>so</strong></span> 
     </span>
     <span class='ocr_line' id='line_1_12' title="bbox 390 1729 1723 1815; baseline -0.002 -17"><span class='ocrx_word' id='word_1_113' title='bbox 390 1734 456 1798; x_wconf 86' lang='lat' dir='ltr'><strong>cuti</strong></span> <span class='ocrx_word' id='word_1_114' title='bbox 476 1732 601 1796; x_wconf 82' lang='lat' dir='ltr'><strong>faciam.</strong></span> <span class='ocrx_word' id='word_1_115' title='bbox 644 1732 707 1806; x_wconf 84' lang='lat' dir='ltr'><strong>Da,</strong></span> <span class='ocrx_word' id='word_1_116' title='bbox 731 1749 868 1815; x_wconf 83' lang='lat' dir='ltr'><strong>quaeso,</strong></span> <span class='ocrx_word' id='word_1_117' title='bbox 891 1729 1032 1794; x_wconf 88' lang='lat' dir='ltr'><strong>scribae:</strong></span> <span class='ocrx_word' id='word_1_118' title='bbox 1054 1730 1168 1793; x_wconf 85' lang='lat' dir='ltr'><strong>recitet</strong></span> <span class='ocrx_word' id='word_1_119' title='bbox 1189 1749 1230 1792; x_wconf 85' lang='lat' dir='ltr'><strong>ex</strong></span> <span class='ocrx_word' id='word_1_120' title='bbox 1252 1730 1363 1794; x_wconf 90' lang='lat' dir='ltr'><strong>codice</strong></span> <span class='ocrx_word' id='word_1_121' title='bbox 1384 1729 1627 1814; x_wconf 80' lang='lat' dir='ltr'><strong>professionem.</strong></span> <span class='ocrx_word' id='word_1_122' title='bbox 1662 1733 1723 1795; x_wconf 80' lang='lat' dir='ltr'><strong>Ite-</strong></span> 
     </span>
     <span class='ocr_line' id='line_1_13' title="bbox 391 1824 1724 1910; baseline 0 -20"><span class='ocrx_word' id='word_1_123' title='bbox 391 1825 455 1890; x_wconf 89' lang='lat' dir='ltr'><strong>cita</strong></span> <span class='ocrx_word' id='word_1_124' title='bbox 476 1824 614 1889; x_wconf 90' lang='lat' dir='ltr'><strong>edictum</strong></span> <span class='ocrx_word' id='word_1_125' title='bbox 636 1824 676 1888; x_wconf 89' lang='lat' dir='ltr'><strong>de</strong></span> <span class='ocrx_word' id='word_1_126' title='bbox 697 1824 909 1909; x_wconf 80' lang='lat' dir='ltr'><strong>professione.</strong></span> <span class='ocrx_word' id='word_1_127' title='bbox 952 1826 1054 1907; x_wconf 86' lang='lat' dir='ltr'><strong>Negat</strong></span> <span class='ocrx_word' id='word_1_128' title='bbox 1075 1844 1125 1886; x_wconf 91' lang='lat' dir='ltr'><strong>me</strong></span> <span class='ocrx_word' id='word_1_129' title='bbox 1147 1824 1280 1887; x_wconf 91' lang='lat' dir='ltr'><strong>recitare</strong></span> <span class='ocrx_word' id='word_1_130' title='bbox 1302 1830 1422 1887; x_wconf 87' lang='lat' dir='ltr'><strong>totum:</strong></span> <span class='ocrx_word' id='word_1_131' title='bbox 1450 1845 1523 1888; x_wconf 89' lang='lat' dir='ltr'><strong>nam</strong></span> <span class='ocrx_word' id='word_1_132' title='bbox 1548 1825 1580 1888; x_wconf 94' lang='lat' dir='ltr'><strong>id</strong></span> <span class='ocrx_word' id='word_1_133' title='bbox 1603 1826 1724 1910; x_wconf 90' lang='lat' dir='ltr'><strong>signiti-</strong></span> 
     </span>
     <span class='ocr_line' id='line_1_14' title="bbox 391 1915 1724 2001; baseline -0.001 -16"><span class='ocrx_word' id='word_1_134' title='bbox 391 1938 464 1985; x_wconf 90' lang='lat' dir='ltr'><strong>care</strong></span> <span class='ocrx_word' id='word_1_135' title='bbox 484 1926 568 1984; x_wconf 90' lang='lat' dir='ltr'><strong>nutu</strong></span> <span class='ocrx_word' id='word_1_136' title='bbox 588 1916 724 1983; x_wconf 80' lang='lat' dir='ltr'><strong>videtur.</strong></span> <span class='ocrx_word' id='word_1_137' title='bbox 769 1918 855 1995; x_wconf 87' lang='lat' dir='ltr'><strong>Quid</strong></span> <span class='ocrx_word' id='word_1_138' title='bbox 875 1921 1069 2001; x_wconf 75' lang='lat' dir='ltr'><strong>praetereo?</strong></span> <span class='ocrx_word' id='word_1_139' title='bbox 1097 1937 1138 1980; x_wconf 90' lang='lat' dir='ltr'><strong>an</strong></span> <span class='ocrx_word' id='word_1_140' title='bbox 1160 1915 1256 1992; x_wconf 90' lang='lat' dir='ltr'><strong>illud,</strong></span> <span class='ocrx_word' id='word_1_141' title='bbox 1287 1916 1343 1980; x_wconf 90' lang='lat' dir='ltr'><strong>ubi</strong></span> <span class='ocrx_word' id='word_1_142' title='bbox 1366 1938 1458 1982; x_wconf 82' lang='lat' dir='ltr'><strong>cares</strong></span> <span class='ocrx_word' id='word_1_143' title='bbox 1480 1926 1585 1983; x_wconf 88' lang='lat' dir='ltr'><strong>tamen</strong></span> <span class='ocrx_word' id='word_1_144' title='bbox 1608 1920 1724 1985; x_wconf 84' lang='lat' dir='ltr'><strong>Siculis</strong></span> 
     </span>
     <span class='ocr_line' id='line_1_15' title="bbox 392 2010 1725 2097; baseline -0.002 -19"><span class='ocrx_word' id='word_1_145' title='bbox 392 2022 425 2079; x_wconf 90' lang='lat' dir='ltr'><strong>et</strong></span> <span class='ocrx_word' id='word_1_146' title='bbox 444 2014 580 2078; x_wconf 92' lang='lat' dir='ltr'><strong>miseros</strong></span> <span class='ocrx_word' id='word_1_147' title='bbox 601 2012 735 2096; x_wconf 82' lang='lat' dir='ltr'><strong>respicis</strong></span> <span class='ocrx_word' id='word_1_148' title='bbox 757 2015 923 2076; x_wconf 84' lang='lat' dir='ltr'><strong>aratorest</strong></span> <span class='ocrx_word' id='word_1_149' title='bbox 955 2012 1042 2075; x_wconf 89' lang='lat' dir='ltr'><strong>Dicis</strong></span> <span class='ocrx_word' id='word_1_150' title='bbox 1065 2013 1149 2076; x_wconf 92' lang='lat' dir='ltr'><strong>enim</strong></span> <span class='ocrx_word' id='word_1_151' title='bbox 1172 2019 1203 2074; x_wconf 93' lang='lat' dir='ltr'><strong>te</strong></span> <span class='ocrx_word' id='word_1_152' title='bbox 1226 2013 1258 2075; x_wconf 92' lang='lat' dir='ltr'><strong>in</strong></span> <span class='ocrx_word' id='word_1_153' title='bbox 1275 2010 1502 2088; x_wconf 91' lang='lat' dir='ltr'><strong>decumanum,</strong></span> <span class='ocrx_word' id='word_1_154' title='bbox 1525 2014 1552 2077; x_wconf 88' lang='lat' dir='ltr'><strong>si</strong></span> <span class='ocrx_word' id='word_1_155' title='bbox 1574 2013 1648 2097; x_wconf 92' lang='lat' dir='ltr'><strong>plus</strong></span> <span class='ocrx_word' id='word_1_156' title='bbox 1670 2013 1725 2075; x_wconf 88' lang='lat' dir='ltr'><strong>ab·</strong></span> 
     </span>
     <span class='ocr_line' id='line_1_16' title="bbox 392 2104 1763 2193; baseline -0.003 -20"><span class='ocrx_word' id='word_1_157' title='bbox 392 2108 519 2173; x_wconf 83' lang='lat' dir='ltr'><strong>etulerit</strong></span> <span class='ocrx_word' id='word_1_158' title='bbox 539 2126 635 2193; x_wconf 89' lang='lat' dir='ltr'><strong>quam</strong></span> <span class='ocrx_word' id='word_1_159' title='bbox 658 2106 801 2170; x_wconf 91' lang='lat' dir='ltr'><strong>debitum</strong></span> <span class='ocrx_word' id='word_1_160' title='bbox 824 2107 882 2181; x_wconf 91' lang='lat' dir='ltr'><strong>sit,</strong></span> <span class='ocrx_word' id='word_1_161' title='bbox 910 2105 945 2168; x_wconf 92' lang='lat' dir='ltr'><strong>in</strong></span> <span class='ocrx_word' id='word_1_162' title='bbox 975 2107 1139 2189; x_wconf 80' lang='lat' dir='ltr'><strong>octuplum</strong></span> <span class='ocrx_word' id='word_1_163' title='bbox 1169 2104 1324 2168; x_wconf 91' lang='lat' dir='ltr'><strong>iudicium</strong></span> <span class='ocrx_word' id='word_1_164' title='bbox 1346 2105 1494 2169; x_wconf 92' lang='lat' dir='ltr'><strong>daturum</strong></span> <span class='ocrx_word' id='word_1_165' title='bbox 1516 2127 1596 2170; x_wconf 89' lang='lat' dir='ltr'><strong>esse.</strong></span> <span class='ocrx_word' id='word_1_166' title='bbox 1639 2104 1763 2171; x_wconf 75' lang='lat' dir='ltr'><strong>Nihilo</strong></span> 
     </span>
     <span class='ocr_line' id='line_1_17' title="bbox 391 2198 1726 2286; baseline -0.003 -18"><span class='ocrx_word' id='word_1_167' title='bbox 391 2202 471 2268; x_wconf 86' lang='lat' dir='ltr'><strong>mihi</strong></span> <span class='ocrx_word' id='word_1_168' title='bbox 491 2201 598 2286; x_wconf 90' lang='lat' dir='ltr'><strong>placet</strong></span> <span class='ocrx_word' id='word_1_169' title='bbox 618 2199 836 2285; x_wconf 87' lang='lat' dir='ltr'><strong>praetermitti.</strong></span> <span class='ocrx_word' id='word_1_170' title='bbox 880 2200 991 2263; x_wconf 83' lang='lat' dir='ltr'><strong>Recita</strong></span> <span class='ocrx_word' id='word_1_171' title='bbox 1013 2199 1075 2263; x_wconf 86' lang='lat' dir='ltr'><strong>hoc</strong></span> <span class='ocrx_word' id='word_1_172' title='bbox 1098 2220 1245 2284; x_wconf 89' lang='lat' dir='ltr'><strong>quoque,</strong></span> <span class='ocrx_word' id='word_1_173' title='bbox 1269 2198 1355 2284; x_wconf 87' lang='lat' dir='ltr'><strong>quod</strong></span> <span class='ocrx_word' id='word_1_174' title='bbox 1377 2200 1536 2283; x_wconf 90' lang='lat' dir='ltr'><strong>postulat:</strong></span> <span class='ocrx_word' id='word_1_175' title='bbox 1559 2208 1661 2265; x_wconf 92' lang='lat' dir='ltr'><strong>totum</strong></span> <span class='ocrx_word' id='word_1_176' title='bbox 1675 2221 1726 2265; x_wconf 88' lang='lat' dir='ltr'><strong>re-</strong></span> 
     </span>
     <span class='ocr_line' id='line_1_18' title="bbox 393 2296 1115 2363; baseline -0.004 -2"><span class='ocrx_word' id='word_1_177' title='bbox 393 2297 465 2363; x_wconf 86' lang='lat' dir='ltr'><strong>cita.</strong></span> <span class='ocrx_word' id='word_1_178' title='bbox 507 2296 654 2361; x_wconf 83' lang='lat' dir='ltr'><strong>Enrcrvrr</strong></span> <span class='ocrx_word' id='word_1_179' title='bbox 674 2313 719 2360; x_wconf 85' lang='lat' dir='ltr'><strong>ns</strong></span> <span class='ocrx_word' id='word_1_180' title='bbox 741 2314 861 2359; x_wconf 76' lang='lat' dir='ltr'><strong>morcio</strong></span> <span class='ocrx_word' id='word_1_181' title='bbox 883 2314 916 2357; x_wconf 82' lang='lat' dir='ltr'><strong>ra</strong></span> <span class='ocrx_word' id='word_1_182' title='bbox 939 2313 1115 2358; x_wconf 81' lang='lat' dir='ltr'><strong>ocrvrsvu.</strong></span> 
     </span>
    </p>

    <p class='ocr_par' dir='ltr' id='par_1_3' title="bbox 391 2389 1764 3604">
     <span class='ocr_line' id='line_1_19' title="bbox 462 2389 1725 2478; baseline 0.001 -22"><span class='ocrx_word' id='word_1_183' title='bbox 462 2392 587 2457; x_wconf 87' lang='lat' dir='ltr'><strong>iudicio</strong></span> <span class='ocrx_word' id='word_1_184' title='bbox 607 2398 645 2453; x_wconf 92' lang='lat' dir='ltr'><strong>ut</strong></span> <span class='ocrx_word' id='word_1_185' title='bbox 665 2397 772 2453; x_wconf 90' lang='lat' dir='ltr'><strong>arator</strong></span> <span class='ocrx_word' id='word_1_186' title='bbox 794 2390 1004 2453; x_wconf 90' lang='lat' dir='ltr'><strong>decumanum</strong></span> <span class='ocrx_word' id='word_1_187' title='bbox 1026 2392 1263 2475; x_wconf 73' lang='lat' dir='ltr'><strong>persequatur?</strong></span> <span class='ocrx_word' id='word_1_188' title='bbox 1285 2389 1435 2453; x_wconf 89' lang='lat' dir='ltr'><strong>miserum</strong></span> <span class='ocrx_word' id='word_1_189' title='bbox 1458 2397 1557 2474; x_wconf 90' lang='lat' dir='ltr'><strong>atque</strong></span> <span class='ocrx_word' id='word_1_190' title='bbox 1579 2390 1725 2478; x_wconf 91' lang='lat' dir='ltr'><strong>iniquum</strong></span> 
     </span>
     <span class='ocr_line' id='line_1_20' title="bbox 394 2482 1727 2572; baseline -0.001 -19"><span class='ocrx_word' id='word_1_191' title='bbox 394 2510 435 2554; x_wconf 82' lang='lat' dir='ltr'><strong>ex</strong></span> <span class='ocrx_word' id='word_1_192' title='bbox 456 2506 532 2572; x_wconf 90' lang='lat' dir='ltr'><strong>agro</strong></span> <span class='ocrx_word' id='word_1_193' title='bbox 553 2484 700 2549; x_wconf 90' lang='lat' dir='ltr'><strong>homines</strong></span> <span class='ocrx_word' id='word_1_194' title='bbox 724 2485 846 2547; x_wconf 86' lang='lat' dir='ltr'><strong>traduci</strong></span> <span class='ocrx_word' id='word_1_195' title='bbox 868 2484 901 2546; x_wconf 91' lang='lat' dir='ltr'><strong>in</strong></span> <span class='ocrx_word' id='word_1_196' title='bbox 923 2482 1046 2558; x_wconf 83' lang='lat' dir='ltr'><strong>forum,</strong></span> <span class='ocrx_word' id='word_1_197' title='bbox 1076 2484 1116 2546; x_wconf 92' lang='lat' dir='ltr'><strong>ab</strong></span> <span class='ocrx_word' id='word_1_198' title='bbox 1145 2492 1250 2547; x_wconf 90' lang='lat' dir='ltr'><strong>aratro</strong></span> <span class='ocrx_word' id='word_1_199' title='bbox 1274 2485 1313 2547; x_wconf 90' lang='lat' dir='ltr'><strong>ad</strong></span> <span class='ocrx_word' id='word_1_200' title='bbox 1336 2484 1504 2560; x_wconf 85' lang='lat' dir='ltr'><strong>subsellia,</strong></span> <span class='ocrx_word' id='word_1_201' title='bbox 1532 2486 1571 2549; x_wconf 88' lang='lat' dir='ltr'><strong>ab</strong></span> <span class='ocrx_word' id='word_1_202' title='bbox 1594 2509 1654 2550; x_wconf 91' lang='lat' dir='ltr'><strong>usu</strong></span> <span class='ocrx_word' id='word_1_203' title='bbox 1676 2509 1727 2552; x_wconf 92' lang='lat' dir='ltr'><strong>re·</strong></span> 
     </span>
     <span class='ocr_line' id='line_1_21' title="bbox 393 2575 1764 2662; baseline -0.001 -15"><span class='ocrx_word' id='word_1_204' title='bbox 393 2602 464 2647; x_wconf 86' lang='lat' dir='ltr'><strong>rum</strong></span> <span class='ocrx_word' id='word_1_205' title='bbox 485 2578 674 2644; x_wconf 84' lang='lat' dir='ltr'><strong>rusticarum</strong></span> <span class='ocrx_word' id='word_1_206' title='bbox 696 2576 737 2640; x_wconf 86' lang='lat' dir='ltr'><strong>ad</strong></span> <span class='ocrx_word' id='word_1_207' title='bbox 759 2577 921 2640; x_wconf 85' lang='lat' dir='ltr'><strong>insolitam</strong></span> <span class='ocrx_word' id='word_1_208' title='bbox 943 2576 1030 2639; x_wconf 91' lang='lat' dir='ltr'><strong>litem</strong></span> <span class='ocrx_word' id='word_1_209' title='bbox 1052 2584 1149 2662; x_wconf 91' lang='lat' dir='ltr'><strong>atque</strong></span> <span class='ocrx_word' id='word_1_210' title='bbox 1172 2578 1335 2641; x_wconf 86' lang='lat' dir='ltr'><strong>iudicium.</strong></span> <span class='ocrx_word' id='word_1_211' title='bbox 1368 2579 1424 2641; x_wconf 85' lang='lat' dir='ltr'><strong>xi.</strong></span> <span class='ocrx_word' id='word_1_212' title='bbox 1448 2575 1499 2640; x_wconf 74' lang='lat'><strong>27.</strong></span> <span class='ocrx_word' id='word_1_213' title='bbox 1522 2578 1600 2644; x_wconf 86' lang='lat' dir='ltr'><strong>Cum</strong></span> <span class='ocrx_word' id='word_1_214' title='bbox 1624 2583 1764 2646; x_wconf 78' lang='lat' dir='ltr'><strong>omni-²⁰</strong></span> 
     </span>
     <span class='ocr_line' id='line_1_22' title="bbox 392 2670 1725 2756; baseline 0 -16"><span class='ocrx_word' id='word_1_215' title='bbox 392 2677 453 2740; x_wconf 86' lang='lat' dir='ltr'><strong>bus</strong></span> <span class='ocrx_word' id='word_1_216' title='bbox 474 2676 509 2738; x_wconf 91' lang='lat' dir='ltr'><strong>iu</strong></span> <span class='ocrx_word' id='word_1_217' title='bbox 533 2672 604 2736; x_wconf 90' lang='lat' dir='ltr'><strong>aliis</strong></span> <span class='ocrx_word' id='word_1_218' title='bbox 618 2671 828 2754; x_wconf 85' lang='lat' dir='ltr'><strong>vectigalibus</strong></span> <span class='ocrx_word' id='word_1_219' title='bbox 842 2670 953 2745; x_wconf 79' lang='lat' dir='ltr'><strong>Asiae,</strong></span> <span class='ocrx_word' id='word_1_220' title='bbox 976 2671 1197 2746; x_wconf 87' lang='lat' dir='ltr'><strong>Macedoniae,</strong></span> <span class='ocrx_word' id='word_1_221' title='bbox 1219 2672 1409 2756; x_wconf 87' lang='lat' dir='ltr'><strong>Hispaniae,</strong></span> <span class='ocrx_word' id='word_1_222' title='bbox 1432 2671 1569 2749; x_wconf 88' lang='lat' dir='ltr'><strong>Galliae,</strong></span> <span class='ocrx_word' id='word_1_223' title='bbox 1591 2675 1725 2753; x_wconf 76' lang='lat' dir='ltr'><strong>Africae,</strong></span> 
     </span>
     <span class='ocr_line' id='line_1_23' title="bbox 393 2764 1727 2852; baseline 0 -18"><span class='ocrx_word' id='word_1_224' title='bbox 393 2766 578 2841; x_wconf 86' lang='lat' dir='ltr'><strong>Sardiniae,</strong></span> <span class='ocrx_word' id='word_1_225' title='bbox 601 2765 704 2848; x_wconf 91' lang='lat' dir='ltr'><strong>ipsius</strong></span> <span class='ocrx_word' id='word_1_226' title='bbox 726 2764 851 2840; x_wconf 89' lang='lat' dir='ltr'><strong>Italiae,</strong></span> <span class='ocrx_word' id='word_1_227' title='bbox 874 2785 957 2849; x_wconf 88' lang='lat' dir='ltr'><strong>quae</strong></span> <span class='ocrx_word' id='word_1_228' title='bbox 971 2765 1141 2847; x_wconf 81' lang='lat' dir='ltr'><strong>vectigalia</strong></span> <span class='ocrx_word' id='word_1_229' title='bbox 1162 2774 1253 2840; x_wconf 92' lang='lat' dir='ltr'><strong>sunt,</strong></span> <span class='ocrx_word' id='word_1_230' title='bbox 1276 2786 1348 2829; x_wconf 91' lang='lat' dir='ltr'><strong>oum</strong></span> <span class='ocrx_word' id='word_1_231' title='bbox 1369 2767 1403 2828; x_wconf 91' lang='lat' dir='ltr'><strong>in</strong></span> <span class='ocrx_word' id='word_1_232' title='bbox 1425 2765 1491 2841; x_wconf 90' lang='lat' dir='ltr'><strong>his,</strong></span> <span class='ocrx_word' id='word_1_233' title='bbox 1514 2767 1655 2852; x_wconf 90' lang='lat' dir='ltr'><strong>inquam,</strong></span> <span class='ocrx_word' id='word_1_234' title='bbox 1676 2791 1727 2834; x_wconf 89' lang='lat' dir='ltr'><strong>re·</strong></span> 
     </span>
     <span class='ocr_line' id='line_1_24' title="bbox 391 2858 1727 2948; baseline 0.001 -20"><span class='ocrx_word' id='word_1_235' title='bbox 391 2864 452 2928; x_wconf 85' lang='lat' dir='ltr'><strong>bus</strong></span> <span class='ocrx_word' id='word_1_236' title='bbox 474 2858 622 2927; x_wconf 85' lang='lat' dir='ltr'><strong>omnihus</strong></span> <span class='ocrx_word' id='word_1_237' title='bbox 644 2858 834 2942; x_wconf 87' lang='lat' dir='ltr'><strong>publicanus</strong></span> <span class='ocrx_word' id='word_1_238' title='bbox 857 2860 975 2942; x_wconf 91' lang='lat' dir='ltr'><strong>petitor</strong></span> <span class='ocrx_word' id='word_1_239' title='bbox 996 2880 1032 2922; x_wconf 91' lang='lat' dir='ltr'><strong>ac</strong></span> <span class='ocrx_word' id='word_1_240' title='bbox 1054 2860 1256 2942; x_wconf 80' lang='lat' dir='ltr'><strong>pignerator,</strong></span> <span class='ocrx_word' id='word_1_241' title='bbox 1287 2881 1352 2924; x_wconf 92' lang='lat' dir='ltr'><strong>non</strong></span> <span class='ocrx_word' id='word_1_242' title='bbox 1375 2866 1502 2944; x_wconf 90' lang='lat' dir='ltr'><strong>ereptor</strong></span> <span class='ocrx_word' id='word_1_243' title='bbox 1523 2882 1630 2947; x_wconf 90' lang='lat' dir='ltr'><strong>neque</strong></span> <span class='ocrx_word' id='word_1_244' title='bbox 1651 2885 1727 2948; x_wconf 92' lang='lat' dir='ltr'><strong>pos·</strong></span> 
     </span>
     <span class='ocr_line' id='line_1_25' title="bbox 393 2952 1726 3039; baseline -0.002 -16"><span class='ocrx_word' id='word_1_245' title='bbox 393 2977 501 3023; x_wconf 91' lang='lat' dir='ltr'><strong>sessor</strong></span> <span class='ocrx_word' id='word_1_246' title='bbox 522 2954 624 3019; x_wconf 88' lang='lat' dir='ltr'><strong>soleat</strong></span> <span class='ocrx_word' id='word_1_247' title='bbox 646 2972 732 3031; x_wconf 89' lang='lat' dir='ltr'><strong>esse,</strong></span> <span class='ocrx_word' id='word_1_248' title='bbox 754 2961 788 3016; x_wconf 94' lang='lat' dir='ltr'><strong>tu</strong></span> <span class='ocrx_word' id='word_1_249' title='bbox 811 2952 851 3016; x_wconf 90' lang='lat' dir='ltr'><strong>de</strong></span> <span class='ocrx_word' id='word_1_250' title='bbox 874 2954 1012 3037; x_wconf 93' lang='lat' dir='ltr'><strong>optimo,</strong></span> <span class='ocrx_word' id='word_1_251' title='bbox 1035 2953 1074 3015; x_wconf 92' lang='lat' dir='ltr'><strong>de</strong></span> <span class='ocrx_word' id='word_1_252' title='bbox 1100 2953 1291 3029; x_wconf 90' lang='lat' dir='ltr'><strong>iustissimo,</strong></span> <span class='ocrx_word' id='word_1_253' title='bbox 1315 2954 1354 3017; x_wconf 89' lang='lat' dir='ltr'><strong>de</strong></span> <span class='ocrx_word' id='word_1_254' title='bbox 1367 2952 1594 3018; x_wconf 88' lang='lat' dir='ltr'><strong>honestissimo</strong></span> <span class='ocrx_word' id='word_1_255' title='bbox 1610 2977 1726 3039; x_wconf 84' lang='lat' dir='ltr'><strong>genere</strong></span> 
     </span>
     <span class='ocr_line' id='line_1_26' title="bbox 392 3045 1763 3132; baseline -0.007 -16"><span class='ocrx_word' id='word_1_256' title='bbox 392 3053 575 3123; x_wconf 90' lang='lat' dir='ltr'><strong>hominum,</strong></span> <span class='ocrx_word' id='word_1_257' title='bbox 603 3046 666 3109; x_wconf 88' lang='lat' dir='ltr'><strong>hoc</strong></span> <span class='ocrx_word' id='word_1_258' title='bbox 695 3055 743 3110; x_wconf 88' lang='lat' dir='ltr'><strong>est</strong></span> <span class='ocrx_word' id='word_1_259' title='bbox 773 3045 812 3110; x_wconf 92' lang='lat' dir='ltr'><strong>de</strong></span> <span class='ocrx_word' id='word_1_260' title='bbox 835 3047 1032 3122; x_wconf 90' lang='lat' dir='ltr'><strong>aratoribus,</strong></span> <span class='ocrx_word' id='word_1_261' title='bbox 1064 3067 1102 3110; x_wconf 89' lang='lat' dir='ltr'><strong>ea</strong></span> <span class='ocrx_word' id='word_1_262' title='bbox 1125 3048 1194 3110; x_wconf 92' lang='lat' dir='ltr'><strong>iura</strong></span> <span class='ocrx_word' id='word_1_263' title='bbox 1216 3047 1450 3123; x_wconf 86' lang='lat' dir='ltr'><strong>constituebas,</strong></span> <span class='ocrx_word' id='word_1_264' title='bbox 1474 3067 1556 3132; x_wconf 86' lang='lat' dir='ltr'><strong>quae</strong></span> <span class='ocrx_word' id='word_1_265' title='bbox 1579 3050 1763 3115; x_wconf 78' lang='lat' dir='ltr'><strong>omnibusaa</strong></span> 
     </span>
     <span class='ocr_line' id='line_1_27' title="bbox 392 3141 1725 3226; baseline -0.003 -14"><span class='ocrx_word' id='word_1_266' title='bbox 392 3147 465 3212; x_wconf 89' lang='lat' dir='ltr'><strong>aliis</strong></span> <span class='ocrx_word' id='word_1_267' title='bbox 487 3149 595 3211; x_wconf 86' lang='lat' dir='ltr'><strong>essent</strong></span> <span class='ocrx_word' id='word_1_268' title='bbox 615 3142 782 3205; x_wconf 88' lang='lat' dir='ltr'><strong>contraria.</strong></span> <span class='ocrx_word' id='word_1_269' title='bbox 826 3142 937 3205; x_wconf 91' lang='lat' dir='ltr'><strong>Utrum</strong></span> <span class='ocrx_word' id='word_1_270' title='bbox 966 3149 1015 3205; x_wconf 88' lang='lat' dir='ltr'><strong>est</strong></span> <span class='ocrx_word' id='word_1_271' title='bbox 1039 3141 1175 3226; x_wconf 89' lang='lat' dir='ltr'><strong>aequius</strong></span> <span class='ocrx_word' id='word_1_272' title='bbox 1198 3143 1408 3206; x_wconf 89' lang='lat' dir='ltr'><strong>decumanum</strong></span> <span class='ocrx_word' id='word_1_273' title='bbox 1429 3149 1538 3226; x_wconf 89' lang='lat' dir='ltr'><strong>petere</strong></span> <span class='ocrx_word' id='word_1_274' title='bbox 1560 3162 1600 3205; x_wconf 90' lang='lat' dir='ltr'><strong>an</strong></span> <span class='ocrx_word' id='word_1_275' title='bbox 1622 3152 1725 3209; x_wconf 92' lang='lat' dir='ltr'><strong>arato·</strong></span> 
     </span>
     <span class='ocr_line' id='line_1_28' title="bbox 392 3234 1725 3323; baseline -0.003 -17"><span class='ocrx_word' id='word_1_276' title='bbox 392 3261 460 3306; x_wconf 88' lang='lat' dir='ltr'><strong>rem</strong></span> <span class='ocrx_word' id='word_1_277' title='bbox 486 3238 656 3323; x_wconf 82' lang='lat' dir='ltr'><strong>repeteret</strong></span> <span class='ocrx_word' id='word_1_278' title='bbox 690 3234 844 3298; x_wconf 91' lang='lat' dir='ltr'><strong>iudicium</strong></span> <span class='ocrx_word' id='word_1_279' title='bbox 873 3237 995 3320; x_wconf 91' lang='lat' dir='ltr'><strong>integra</strong></span> <span class='ocrx_word' id='word_1_280' title='bbox 1024 3257 1057 3299; x_wconf 91' lang='lat' dir='ltr'><strong>re</strong></span> <span class='ocrx_word' id='word_1_281' title='bbox 1079 3255 1120 3298; x_wconf 88' lang='lat' dir='ltr'><strong>an</strong></span> <span class='ocrx_word' id='word_1_282' title='bbox 1153 3237 1278 3321; x_wconf 89' lang='lat' dir='ltr'><strong>perdita</strong></span> <span class='ocrx_word' id='word_1_283' title='bbox 1299 3234 1393 3301; x_wconf 80' lang='lat' dir='ltr'><strong>fierit</strong></span> <span class='ocrx_word' id='word_1_284' title='bbox 1428 3257 1517 3311; x_wconf 89' lang='lat' dir='ltr'><strong>eum,</strong></span> <span class='ocrx_word' id='word_1_285' title='bbox 1552 3239 1607 3321; x_wconf 89' lang='lat' dir='ltr'><strong>qui</strong></span> <span class='ocrx_word' id='word_1_286' title='bbox 1629 3258 1725 3302; x_wconf 91' lang='lat' dir='ltr'><strong>manu</strong></span> 
     </span>
     <span class='ocr_line' id='line_1_29' title="bbox 394 3328 1725 3422; baseline -0.002 -24"><span class='ocrx_word' id='word_1_287' title='bbox 394 3332 585 3422; x_wconf 87' lang='lat' dir='ltr'><strong>quaesierit,</strong></span> <span class='ocrx_word' id='word_1_288' title='bbox 606 3348 647 3393; x_wconf 86' lang='lat' dir='ltr'><strong>an</strong></span> <span class='ocrx_word' id='word_1_289' title='bbox 669 3348 756 3403; x_wconf 89' lang='lat' dir='ltr'><strong>eum,</strong></span> <span class='ocrx_word' id='word_1_290' title='bbox 779 3331 834 3413; x_wconf 90' lang='lat' dir='ltr'><strong>qui</strong></span> <span class='ocrx_word' id='word_1_291' title='bbox 850 3328 949 3413; x_wconf 82' lang='lat' dir='ltr'><strong>digito</strong></span> <span class='ocrx_word' id='word_1_292' title='bbox 972 3330 1075 3394; x_wconf 92' lang='lat' dir='ltr'><strong>licitus</strong></span> <span class='ocrx_word' id='word_1_293' title='bbox 1098 3331 1150 3405; x_wconf 91' lang='lat' dir='ltr'><strong>sit,</strong></span> <span class='ocrx_word' id='word_1_294' title='bbox 1171 3331 1360 3415; x_wconf 84' lang='lat' dir='ltr'><strong>possideret</strong></span> <span class='ocrx_word' id='word_1_295' title='bbox 1384 3329 1492 3406; x_wconf 83' lang='lat' dir='ltr'><strong>Quidt</strong></span> <span class='ocrx_word' id='word_1_296' title='bbox 1515 3330 1571 3413; x_wconf 92' lang='lat' dir='ltr'><strong>qui</strong></span> <span class='ocrx_word' id='word_1_297' title='bbox 1591 3331 1725 3415; x_wconf 88' lang='lat' dir='ltr'><strong>singuiis</strong></span> 
     </span>
     <span class='ocr_line' id='line_1_30' title="bbox 393 3423 1725 3513; baseline -0.004 -21"><span class='ocrx_word' id='word_1_298' title='bbox 393 3428 477 3513; x_wconf 86' lang='lat' dir='ltr'><strong>iugis</strong></span> <span class='ocrx_word' id='word_1_299' title='bbox 507 3429 613 3500; x_wconf 76' lang='lat' dir='ltr'><strong>mant,</strong></span> <span class='ocrx_word' id='word_1_300' title='bbox 645 3423 701 3507; x_wconf 80' lang='lat' dir='ltr'><strong>qui</strong></span> <span class='ocrx_word' id='word_1_301' title='bbox 728 3423 767 3485; x_wconf 87' lang='lat' dir='ltr'><strong>ab</strong></span> <span class='ocrx_word' id='word_1_302' title='bbox 799 3443 896 3507; x_wconf 90' lang='lat' dir='ltr'><strong>opere</strong></span> <span class='ocrx_word' id='word_1_303' title='bbox 923 3424 986 3509; x_wconf 90' lang='lat' dir='ltr'><strong>ipsi</strong></span> <span class='ocrx_word' id='word_1_304' title='bbox 1008 3445 1074 3488; x_wconf 90' lang='lat' dir='ltr'><strong>non</strong></span> <span class='ocrx_word' id='word_1_305' title='bbox 1095 3423 1265 3501; x_wconf 89' lang='lat' dir='ltr'><strong>recedunt,</strong></span> <span class='ocrx_word' id='word_1_306' title='bbox 1294 3425 1416 3509; x_wconf 88' lang='lat' dir='ltr'><strong>quoin</strong></span> <span class='ocrx_word' id='word_1_307' title='bbox 1437 3444 1570 3488; x_wconf 90' lang='lat' dir='ltr'><strong>numero</strong></span> <span class='ocrx_word' id='word_1_308' title='bbox 1592 3443 1725 3508; x_wconf 91' lang='lat' dir='ltr'><strong>magnus</strong></span> 
     </span>
     <span class='ocr_line' id='line_1_31' title="bbox 393 3517 1762 3604; baseline -0.005 -17"><span class='ocrx_word' id='word_1_309' title='bbox 393 3530 468 3587; x_wconf 83' lang='lat' dir='ltr'><strong>ante</strong></span> <span class='ocrx_word' id='word_1_310' title='bbox 503 3527 535 3586; x_wconf 89' lang='lat' dir='ltr'><strong>te</strong></span> <span class='ocrx_word' id='word_1_311' title='bbox 571 3523 753 3602; x_wconf 89' lang='lat' dir='ltr'><strong>praetorem</strong></span> <span class='ocrx_word' id='word_1_312' title='bbox 777 3537 946 3595; x_wconf 89' lang='lat' dir='ltr'><strong>numerus,</strong></span> <span class='ocrx_word' id='word_1_313' title='bbox 975 3538 1090 3602; x_wconf 88' lang='lat' dir='ltr'><strong>magna</strong></span> <span class='ocrx_word' id='word_1_314' title='bbox 1120 3517 1289 3583; x_wconf 90' lang='lat' dir='ltr'><strong>multitudo</strong></span> <span class='ocrx_word' id='word_1_315' title='bbox 1324 3518 1503 3582; x_wconf 87' lang='lat' dir='ltr'><strong>Siculorum</strong></span> <span class='ocrx_word' id='word_1_316' title='bbox 1535 3518 1615 3595; x_wconf 82' lang='lat' dir='ltr'><strong>tuit,</strong></span> <span class='ocrx_word' id='word_1_317' title='bbox 1646 3519 1762 3604; x_wconf 77' lang='lat' dir='ltr'><strong>quidto</strong></span> 
     </span>
    </p>
   </div>
   <div class='ocr_carea' id='block_1_3' title="bbox 392 3758 1747 5405">
    <p class='ocr_par' dir='ltr' id='par_1_4' title="bbox 392 3758 1747 5405">
     <span class='ocr_line' id='line_1_32' title="bbox 451 3758 1726 3827; baseline -0.003 -10"><span class='ocrx_word' id='word_1_318' title='bbox 451 3765 477 3817; x_wconf 85' lang='grc'><strong>4.</strong></span> <span class='ocrx_word' id='word_1_319' title='bbox 491 3759 627 3827; x_wconf 65' lang='lat' dir='ltr'><strong>praem]</strong></span> <span class='ocrx_word' id='word_1_320' title='bbox 639 3773 683 3823; x_wconf 83' lang='lat' dir='ltr'><strong>pr.</strong></span> <span class='ocrx_word' id='word_1_321' title='bbox 696 3760 760 3811; x_wconf 72' lang='lat' dir='ltr'><strong>VM.</strong></span> <span class='ocrx_word' id='word_1_322' title='bbox 772 3787 800 3798; x_wconf 89' lang='lat'><em>-</em></span> <span class='ocrx_word' id='word_1_323' title='bbox 813 3760 889 3810; x_wconf 83' lang='lat' dir='ltr'><strong>iestis</strong></span> <span class='ocrx_word' id='word_1_324' title='bbox 896 3760 964 3810; x_wconf 82' lang='lat' dir='ltr'>V.-‘</span> <span class='ocrx_word' id='word_1_325' title='bbox 972 3760 997 3812; x_wconf 84' lang='grc'><strong>8.</strong></span> <span class='ocrx_word' id='word_1_326' title='bbox 1010 3761 1136 3824; x_wconf 69' lang='lat' dir='ltr'><strong>inpositas</strong></span> <span class='ocrx_word' id='word_1_327' title='bbox 1144 3761 1175 3814; x_wconf 90' lang='lat' dir='ltr'><strong>V.</strong></span> <span class='ocrx_word' id='word_1_328' title='bbox 1186 3788 1213 3799; x_wconf 93' lang='lat'>—</span> <span class='ocrx_word' id='word_1_329' title='bbox 1227 3766 1326 3813; x_wconf 74' lang='lat' dir='ltr'><strong>testum</strong></span> <span class='ocrx_word' id='word_1_330' title='bbox 1336 3762 1391 3811; x_wconf 62' lang='lat' dir='ltr'><strong>mm</strong></span> <span class='ocrx_word' id='word_1_331' title='bbox 1401 3758 1562 3812; x_wconf 85' lang='lat' dir='ltr'><strong>Lambinus:</strong></span> <span class='ocrx_word' id='word_1_332' title='bbox 1580 3763 1726 3813; x_wconf 71' lang='lat' dir='ltr'><strong>tostmdem</strong></span> 
     </span>
     <span class='ocr_line' id='line_1_33' title="bbox 394 3834 1724 3903; baseline -0.003 -12"><span class='ocrx_word' id='word_1_333' title='bbox 394 3839 598 3903; x_wconf 76' lang='lat' dir='ltr'><strong>daooV1recte;</strong></span> <span class='ocrx_word' id='word_1_334' title='bbox 617 3834 650 3887; x_wconf 87' lang='lat' dir='ltr'><strong>ci.</strong></span> <span class='ocrx_word' id='word_1_335' title='bbox 660 3837 703 3886; x_wconf 89' lang='grc'><strong>111.</strong></span> <span class='ocrx_word' id='word_1_336' title='bbox 717 3835 807 3901; x_wconf 69' lang='lat' dir='ltr'><strong>§.iot</strong></span> <span class='ocrx_word' id='word_1_337' title='bbox 821 3835 928 3900; x_wconf 62' lang='lat' dir='ltr'><strong>Hanni,</strong></span> <span class='ocrx_word' id='word_1_338' title='bbox 946 3837 1092 3887; x_wconf 79' lang='lat' dir='ltr'><strong>tantundem</strong></span> <span class='ocrx_word' id='word_1_339' title='bbox 1104 3839 1182 3887; x_wconf 82' lang='lat' dir='ltr'><strong>ott·</strong></span> <span class='ocrx_word' id='word_1_340' title='bbox 1196 3836 1220 3888; x_wconf 95' lang='grc'><strong>4.</strong></span> <span class='ocrx_word' id='word_1_341' title='bbox 1233 3844 1257 3887; x_wconf 85' lang='lat' dir='ltr'><strong>st</strong></span> <span class='ocrx_word' id='word_1_342' title='bbox 1267 3850 1376 3887; x_wconf 67' lang='lat' dir='ltr'><strong>mouere</strong></span> <span class='ocrx_word' id='word_1_343' title='bbox 1387 3835 1467 3886; x_wconf 84' lang='lat' dir='ltr'><strong>dtt-</strong></span> <span class='ocrx_word' id='word_1_344' title='bbox 1478 3837 1536 3898; x_wconf 79' lang='lat' dir='ltr'><strong>ptos</strong></span> <span class='ocrx_word' id='word_1_345' title='bbox 1545 3837 1622 3886; x_wconf 82' lang='lat' dir='ltr'><strong>immo</strong></span> <span class='ocrx_word' id='word_1_346' title='bbox 1633 3835 1724 3888; x_wconf 87' lang='lat' dir='ltr'><strong>codd:</strong></span> 
     </span>
     <span class='ocr_line' id='line_1_34' title="bbox 393 3909 1723 3980; baseline -0.002 -15"><span class='ocrx_word' id='word_1_347' title='bbox 393 3920 471 3970; x_wconf 71' lang='lat' dir='ltr'><strong>emm</strong></span> <span class='ocrx_word' id='word_1_348' title='bbox 484 3914 543 3980; x_wconf 84' lang='lat' dir='ltr'><strong>ptus</strong></span> <span class='ocrx_word' id='word_1_349' title='bbox 553 3914 616 3965; x_wconf 89' lang='lat'><strong>0.-</strong></span> <span class='ocrx_word' id='word_1_350' title='bbox 628 3912 653 3963; x_wconf 86' lang='grc'><strong>6.</strong></span> <span class='ocrx_word' id='word_1_351' title='bbox 666 3913 735 3974; x_wconf 79' lang='lat' dir='ltr'><strong>qaid,</strong></span> <span class='ocrx_word' id='word_1_352' title='bbox 748 3911 809 3974; x_wconf 75' lang='lat' dir='ltr'><strong>qaid</strong></span> <span class='ocrx_word' id='word_1_353' title='bbox 819 3916 854 3962; x_wconf 84' lang='lat' dir='ltr'><strong>est</strong></span> <span class='ocrx_word' id='word_1_354' title='bbox 864 3910 911 3961; x_wconf 79' lang='lat' dir='ltr'><strong>toc&#39;</strong></span> <span class='ocrx_word' id='word_1_355' title='bbox 920 3910 980 3961; x_wconf 92' lang='lat' dir='ltr'><strong>cod.</strong></span> <span class='ocrx_word' id='word_1_356' title='bbox 994 3911 1099 3961; x_wconf 82' lang='lat' dir='ltr'><strong>iann-</strong></span> <span class='ocrx_word' id='word_1_357' title='bbox 1113 3912 1137 3960; x_wconf 83' lang='lat'><strong>7.</strong></span> <span class='ocrx_word' id='word_1_358' title='bbox 1151 3912 1216 3961; x_wconf 84' lang='lat' dir='ltr'><strong>enim</strong></span> <span class='ocrx_word' id='word_1_359' title='bbox 1227 3912 1306 3961; x_wconf 78' lang='lat' dir='ltr'><strong>simite</strong></span> <span class='ocrx_word' id='word_1_360' title='bbox 1316 3910 1385 3973; x_wconf 77' lang='grc'><strong>4344</strong></span> <span class='ocrx_word' id='word_1_361' title='bbox 1395 3911 1411 3960; x_wconf 86' lang='lat' dir='ltr'>F</span> <span class='ocrx_word' id='word_1_362' title='bbox 1420 3909 1452 3958; x_wconf 89' lang='lat' dir='ltr'><strong>V:</strong></span> <span class='ocrx_word' id='word_1_363' title='bbox 1470 3911 1549 3962; x_wconf 69' lang='grc'><strong>4444114</strong></span> <span class='ocrx_word' id='word_1_364' title='bbox 1560 3913 1624 3962; x_wconf 81' lang='lat' dir='ltr'><strong>caim</strong></span> <span class='ocrx_word' id='word_1_365' title='bbox 1635 3915 1681 3962; x_wconf 87' lang='lat' dir='ltr'><strong>ctt.</strong></span> <span class='ocrx_word' id='word_1_366' title='bbox 1694 3911 1723 3963; x_wconf 88' lang='lat'><strong>0.</strong></span> 
     </span>
     <span class='ocr_line' id='line_1_35' title="bbox 397 3984 1727 4050; baseline -0.006 -6"><span class='ocrx_word' id='word_1_367' title='bbox 397 4018 426 4032; x_wconf 96' lang='lat'><em>-</em></span> <span class='ocrx_word' id='word_1_368' title='bbox 438 3993 463 4045; x_wconf 97' lang='grc'><strong>8.</strong></span> <span class='ocrx_word' id='word_1_369' title='bbox 476 3993 504 4042; x_wconf 80' lang='lat' dir='ltr'><strong>to</strong></span> <span class='ocrx_word' id='word_1_370' title='bbox 515 4002 569 4041; x_wconf 90' lang='lat' dir='ltr'><strong>om.</strong></span> <span class='ocrx_word' id='word_1_371' title='bbox 582 3988 605 4038; x_wconf 94' lang='lat' dir='ltr'>V</span> <span class='ocrx_word' id='word_1_372' title='bbox 617 3988 643 4038; x_wconf 92' lang='lat' dir='ltr'><strong>in</strong></span> <span class='ocrx_word' id='word_1_373' title='bbox 655 3987 708 4038; x_wconf 86' lang='lat' dir='ltr'><strong>tine</strong></span> <span class='ocrx_word' id='word_1_374' title='bbox 720 4001 824 4038; x_wconf 89' lang='lat' dir='ltr'><strong>versus.</strong></span> <span class='ocrx_word' id='word_1_375' title='bbox 837 4014 864 4024; x_wconf 94' lang='lat'>-</span> <span class='ocrx_word' id='word_1_376' title='bbox 877 3987 901 4036; x_wconf 93' lang='grc'><strong>9.</strong></span> <span class='ocrx_word' id='word_1_377' title='bbox 915 3987 1052 4050; x_wconf 70' lang='lat' dir='ltr'><strong>adlimam</strong></span> <span class='ocrx_word' id='word_1_378' title='bbox 1060 3987 1124 4034; x_wconf 81' lang='grc'><strong>41.-</strong></span> <span class='ocrx_word' id='word_1_379' title='bbox 1143 3986 1183 4035; x_wconf 92' lang='grc'><strong>44.</strong></span> <span class='ocrx_word' id='word_1_380' title='bbox 1196 3987 1281 4036; x_wconf 85' lang='lat' dir='ltr'><strong>recitet</strong></span> <span class='ocrx_word' id='word_1_381' title='bbox 1291 3996 1411 4049; x_wconf 84' lang='lat' dir='ltr'><strong>supersc.</strong></span> <span class='ocrx_word' id='word_1_382' title='bbox 1423 3996 1465 4048; x_wconf 89' lang='lat' dir='ltr'><strong>pr.</strong></span> <span class='ocrx_word' id='word_1_383' title='bbox 1478 3996 1515 4035; x_wconf 91' lang='lat' dir='ltr'><strong>m.</strong></span> <span class='ocrx_word' id='word_1_384' title='bbox 1529 3984 1555 4035; x_wconf 91' lang='lat' dir='ltr'><strong>in</strong></span> <span class='ocrx_word' id='word_1_385' title='bbox 1566 3985 1629 4037; x_wconf 95' lang='lat' dir='ltr'><strong>V.-</strong></span> <span class='ocrx_word' id='word_1_386' title='bbox 1642 4000 1676 4037; x_wconf 78' lang='lat' dir='ltr'><strong>se</strong></span> <span class='ocrx_word' id='word_1_387' title='bbox 1686 4000 1727 4036; x_wconf 89' lang='lat' dir='ltr'><strong>co-</strong></span> 
     </span>
     <span class='ocr_line' id='line_1_36' title="bbox 395 4054 1727 4130; baseline -0.006 -11"><span class='ocrx_word' id='word_1_388' title='bbox 395 4069 450 4120; x_wconf 77' lang='lat' dir='ltr'><strong>dics</strong></span> <span class='ocrx_word' id='word_1_389' title='bbox 461 4064 649 4130; x_wconf 66' lang='lat' dir='ltr'><strong>professionem</strong></span> <span class='ocrx_word' id='word_1_390' title='bbox 667 4064 761 4113; x_wconf 68' lang='lat' dir='ltr'><strong>Recita</strong></span> <span class='ocrx_word' id='word_1_391' title='bbox 779 4062 926 4113; x_wconf 80' lang='lat' dir='ltr'><em>EDICTVM</em></span> <span class='ocrx_word' id='word_1_392' title='bbox 940 4062 987 4111; x_wconf 79' lang='lat' dir='ltr'><strong>Dii</strong></span> <span class='ocrx_word' id='word_1_393' title='bbox 1003 4061 1222 4111; x_wconf 79' lang='lat' dir='ltr'><strong><em>PROFESSIONE</em></strong></span> <span class='ocrx_word' id='word_1_394' title='bbox 1237 4061 1320 4110; x_wconf 78' lang='lat' dir='ltr'><strong>ninius</strong></span> <span class='ocrx_word' id='word_1_395' title='bbox 1336 4058 1402 4110; x_wconf 83' lang='lat' dir='ltr'><strong>exV</strong></span> <span class='ocrx_word' id='word_1_396' title='bbox 1418 4058 1451 4121; x_wconf 87' lang='lat' dir='ltr'><strong>(in</strong></span> <span class='ocrx_word' id='word_1_397' title='bbox 1464 4070 1517 4122; x_wconf 88' lang='lat' dir='ltr'><strong>quo</strong></span> <span class='ocrx_word' id='word_1_398' title='bbox 1530 4061 1583 4110; x_wconf 90' lang='lat' dir='ltr'><strong>est:</strong></span> <span class='ocrx_word' id='word_1_399' title='bbox 1593 4054 1634 4110; x_wconf 75' lang='lat' dir='ltr'><strong>&#39;cx</strong></span> <span class='ocrx_word' id='word_1_400' title='bbox 1645 4062 1727 4111; x_wconf 84' lang='lat' dir='ltr'><strong>codice</strong></span> 
     </span>
     <span class='ocr_line' id='line_1_37' title="bbox 392 4135 1728 4208; baseline -0.004 -16"><span class='ocrx_word' id='word_1_401' title='bbox 392 4142 546 4208; x_wconf 67' lang='lat' dir='ltr'><strong>professione</strong></span> <span class='ocrx_word' id='word_1_402' title='bbox 563 4153 596 4191; x_wconf 83' lang='lat' dir='ltr'><strong>.r.</strong></span> <span class='ocrx_word' id='word_1_403' title='bbox 614 4140 721 4190; x_wconf 63' lang='lat' dir='ltr'><strong>edwium</strong></span> <span class='ocrx_word' id='word_1_404' title='bbox 731 4141 760 4188; x_wconf 88' lang='lat' dir='ltr'><strong>ds</strong></span> <span class='ocrx_word' id='word_1_405' title='bbox 774 4137 975 4202; x_wconf 64' lang='lat' dir='ltr'><strong>professionem:</strong></span> <span class='ocrx_word' id='word_1_406' title='bbox 994 4151 1028 4188; x_wconf 71' lang='lat' dir='ltr'><strong>ea</strong></span> <span class='ocrx_word' id='word_1_407' title='bbox 1038 4138 1130 4188; x_wconf 84' lang='lat' dir='ltr'><strong>codice.</strong></span> <span class='ocrx_word' id='word_1_408' title='bbox 1149 4138 1233 4187; x_wconf 66' lang='lat' dir='ltr'><strong>{tento</strong></span> <span class='ocrx_word' id='word_1_409' title='bbox 1244 4137 1350 4187; x_wconf 70' lang='lat' dir='ltr'><strong>edictm</strong></span> <span class='ocrx_word' id='word_1_410' title='bbox 1361 4137 1390 4184; x_wconf 88' lang='lat' dir='ltr'><strong>ds</strong></span> <span class='ocrx_word' id='word_1_411' title='bbox 1400 4136 1563 4198; x_wconf 68' lang='lat' dir='ltr'><strong>professione.</strong></span> <span class='ocrx_word' id='word_1_412' title='bbox 1582 4135 1728 4187; x_wconf 70' lang='lat' dir='ltr'><strong>EDit&#39;iVH</strong></span> 
     </span>
     <span class='ocr_line' id='line_1_38' title="bbox 395 4208 1726 4277; baseline -0.007 -8"><span class='ocrx_word' id='word_1_413' title='bbox 395 4216 444 4269; x_wconf 75' lang='grc'><strong>142</strong></span> <span class='ocrx_word' id='word_1_414' title='bbox 460 4213 682 4267; x_wconf 71' lang='lat' dir='ltr'><strong>Paorsssious</strong></span> <span class='ocrx_word' id='word_1_415' title='bbox 697 4212 776 4277; x_wconf 78' lang='lat' dir='ltr'><strong>rutgo</strong></span> <span class='ocrx_word' id='word_1_416' title='bbox 793 4217 820 4264; x_wconf 88' lang='lat' dir='ltr'><strong>et</strong></span> <span class='ocrx_word' id='word_1_417' title='bbox 836 4211 994 4276; x_wconf 69' lang='grc'><strong>41043440.</strong></span> <span class='ocrx_word' id='word_1_418' title='bbox 1013 4213 1042 4263; x_wconf 92' lang='lat' dir='ltr'><strong>in</strong></span> <span class='ocrx_word' id='word_1_419' title='bbox 1059 4211 1194 4276; x_wconf 76' lang='lat' dir='ltr'><strong>plerisque</strong></span> <span class='ocrx_word' id='word_1_420' title='bbox 1206 4225 1260 4262; x_wconf 91' lang='lat' dir='ltr'><strong>om.</strong></span> <span class='ocrx_word' id='word_1_421' title='bbox 1273 4212 1351 4261; x_wconf 80' lang='lat' dir='ltr'><strong>recito</strong></span> <span class='ocrx_word' id='word_1_422' title='bbox 1362 4208 1468 4260; x_wconf 71' lang='lat' dir='ltr'><strong>edictam</strong></span> <span class='ocrx_word' id='word_1_423' title='bbox 1479 4210 1508 4259; x_wconf 84' lang='lat' dir='ltr'><strong>de</strong></span> <span class='ocrx_word' id='word_1_424' title='bbox 1520 4209 1589 4273; x_wconf 71' lang='lat' dir='ltr'><strong>prof.</strong></span> <span class='ocrx_word' id='word_1_425' title='bbox 1601 4210 1675 4260; x_wconf 67' lang='grc'><strong>41).</strong></span> <span class='ocrx_word' id='word_1_426' title='bbox 1687 4211 1726 4272; x_wconf 74' lang='lat' dir='ltr'><strong>P..</strong></span> 
     </span>
     <span class='ocr_line' id='line_1_39' title="bbox 396 4283 1726 4353; baseline -0.005 -10"><span class='ocrx_word' id='word_1_427' title='bbox 396 4294 424 4344; x_wconf 87' lang='lat' dir='ltr'><strong>iu</strong></span> <span class='ocrx_word' id='word_1_428' title='bbox 441 4290 499 4343; x_wconf 86' lang='lat' dir='ltr'><strong>eliis</strong></span> <span class='ocrx_word' id='word_1_429' title='bbox 515 4291 620 4342; x_wconf 86' lang='lat' dir='ltr'><strong>tantum</strong></span> <span class='ocrx_word' id='word_1_430' title='bbox 636 4302 691 4341; x_wconf 87' lang='lat' dir='ltr'><strong>om.</strong></span> <span class='ocrx_word' id='word_1_431' title='bbox 709 4289 924 4339; x_wconf 70' lang='grc'><strong>4141441401.</strong></span> <span class='ocrx_word' id='word_1_432' title='bbox 945 4286 1037 4353; x_wconf 80' lang='lat' dir='ltr'><strong>[Maius</strong></span> <span class='ocrx_word' id='word_1_433' title='bbox 1055 4300 1109 4337; x_wconf 89' lang='lat' dir='ltr'><strong>non</strong></span> <span class='ocrx_word' id='word_1_434' title='bbox 1126 4286 1208 4337; x_wconf 87' lang='lat' dir='ltr'><strong>habet</strong></span> <span class='ocrx_word' id='word_1_435' title='bbox 1225 4286 1309 4336; x_wconf 77' lang='lat' dir='ltr'><strong>Recito</strong></span> <span class='ocrx_word' id='word_1_436' title='bbox 1325 4284 1374 4336; x_wconf 90' lang='lat' dir='ltr'><strong>sed</strong></span> <span class='ocrx_word' id='word_1_437' title='bbox 1393 4285 1445 4340; x_wconf 85' lang='grc'><strong>.11.;</strong></span> <span class='ocrx_word' id='word_1_438' title='bbox 1465 4283 1570 4334; x_wconf 80' lang='lat' dir='ltr'><strong>eteius</strong></span> <span class='ocrx_word' id='word_1_439' title='bbox 1587 4283 1647 4335; x_wconf 86' lang='lat' dir='ltr'><strong>adn.</strong></span> <span class='ocrx_word' id='word_1_440' title='bbox 1659 4284 1726 4336; x_wconf 85' lang='lat' dir='ltr'><strong>intra</strong></span> 
     </span>
     <span class='ocr_line' id='line_1_40' title="bbox 395 4358 1729 4431; baseline -0.004 -14"><span class='ocrx_word' id='word_1_441' title='bbox 395 4379 422 4417; x_wconf 84' lang='lat' dir='ltr'><strong>v.</strong></span> <span class='ocrx_word' id='word_1_442' title='bbox 442 4364 494 4431; x_wconf 72' lang='grc'><strong>44]</strong></span> <span class='ocrx_word' id='word_1_443' title='bbox 513 4390 541 4403; x_wconf 94' lang='grc'><strong>-</strong></span> <span class='ocrx_word' id='word_1_444' title='bbox 562 4364 602 4415; x_wconf 83' lang='grc'><strong>44.</strong></span> <span class='ocrx_word' id='word_1_445' title='bbox 620 4364 690 4427; x_wconf 78' lang='lat' dir='ltr'><strong>nom]</strong></span> <span class='ocrx_word' id='word_1_446' title='bbox 707 4378 758 4413; x_wconf 81' lang='lat' dir='ltr'><strong>ooo</strong></span> <span class='ocrx_word' id='word_1_447' title='bbox 774 4363 853 4426; x_wconf 79' lang='lat' dir='ltr'><strong>Lgia.</strong></span> <span class='ocrx_word' id='word_1_448' title='bbox 874 4390 901 4400; x_wconf 89' lang='lat'><em>-</em></span> <span class='ocrx_word' id='word_1_449' title='bbox 919 4367 984 4413; x_wconf 83' lang='lat' dir='ltr'><strong>outo</strong></span> <span class='ocrx_word' id='word_1_450' title='bbox 999 4363 1083 4427; x_wconf 72' lang='lat' dir='ltr'><strong>signif.</strong></span> <span class='ocrx_word' id='word_1_451' title='bbox 1103 4362 1151 4413; x_wconf 87' lang='lat' dir='ltr'><strong>dtt.</strong></span> <span class='ocrx_word' id='word_1_452' title='bbox 1166 4391 1194 4399; x_wconf 92' lang='lat'>—</span> <span class='ocrx_word' id='word_1_453' title='bbox 1213 4363 1253 4412; x_wconf 87' lang='grc'><strong>48.</strong></span> <span class='ocrx_word' id='word_1_454' title='bbox 1273 4362 1335 4411; x_wconf 79' lang='grc'><strong>41144</strong></span> <span class='ocrx_word' id='word_1_455' title='bbox 1352 4359 1453 4410; x_wconf 76' lang='grc'><strong>4444494</strong></span> <span class='ocrx_word' id='word_1_456' title='bbox 1470 4358 1590 4422; x_wconf 87' lang='grc'><strong>1344.-</strong></span> <span class='ocrx_word' id='word_1_457' title='bbox 1609 4359 1649 4411; x_wconf 91' lang='grc'><strong>44.</strong></span> <span class='ocrx_word' id='word_1_458' title='bbox 1667 4362 1729 4411; x_wconf 85' lang='lat' dir='ltr'><strong>dicis</strong></span> 
     </span>
     <span class='ocr_line' id='line_1_41' title="bbox 397 4432 1727 4501; baseline -0.003 -10"><span class='ocrx_word' id='word_1_459' title='bbox 397 4439 492 4491; x_wconf 81' lang='lat' dir='ltr'><strong>codd:</strong></span> <span class='ocrx_word' id='word_1_460' title='bbox 510 4438 586 4490; x_wconf 63' lang='lat' dir='ltr'><strong>eduis</strong></span> <span class='ocrx_word' id='word_1_461' title='bbox 601 4437 635 4489; x_wconf 92' lang='lat' dir='ltr'><strong>de</strong></span> <span class='ocrx_word' id='word_1_462' title='bbox 653 4439 758 4489; x_wconf 87' lang='lat' dir='ltr'><strong>iiotom.</strong></span> <span class='ocrx_word' id='word_1_463' title='bbox 778 4438 846 4487; x_wconf 90' lang='lat' dir='ltr'><strong>coni.</strong></span> <span class='ocrx_word' id='word_1_464' title='bbox 866 4437 894 4487; x_wconf 91' lang='lat'><strong>0.</strong></span> <span class='ocrx_word' id='word_1_465' title='bbox 916 4437 1016 4501; x_wconf 83' lang='lat' dir='ltr'><strong>-plus</strong></span> <span class='ocrx_word' id='word_1_466' title='bbox 1032 4436 1161 4487; x_wconf 68' lang='grc'><strong>4444414444</strong></span> <span class='ocrx_word' id='word_1_467' title='bbox 1177 4436 1277 4500; x_wconf 77' lang='grc'><strong>414349</strong></span> <span class='ocrx_word' id='word_1_468' title='bbox 1288 4435 1351 4487; x_wconf 78' lang='grc'><strong>4414</strong></span> <span class='ocrx_word' id='word_1_469' title='bbox 1368 4432 1428 4484; x_wconf 92' lang='lat' dir='ltr'><strong>cod.</strong></span> <span class='ocrx_word' id='word_1_470' title='bbox 1447 4434 1504 4484; x_wconf 86' lang='lat' dir='ltr'><strong>Urs.</strong></span> <span class='ocrx_word' id='word_1_471' title='bbox 1523 4434 1556 4484; x_wconf 89' lang='lat' dir='ltr'><strong>ci.</strong></span> <span class='ocrx_word' id='word_1_472' title='bbox 1576 4434 1651 4498; x_wconf 72' lang='grc'><strong>4449.</strong></span> <span class='ocrx_word' id='word_1_473' title='bbox 1671 4435 1727 4499; x_wconf 79' lang='lat' dir='ltr'><strong>(sed</strong></span> 
     </span>
     <span class='ocr_line' id='line_1_42' title="bbox 396 4501 1747 4581; baseline -0.004 -16"><span class='ocrx_word' id='word_1_474' title='bbox 396 4514 467 4581; x_wconf 68' lang='grc'><strong>4349</strong></span> <span class='ocrx_word' id='word_1_475' title='bbox 484 4514 622 4577; x_wconf 60' lang='lat' dir='ltr'><strong>mutarim</strong></span> <span class='ocrx_word' id='word_1_476' title='bbox 637 4513 695 4577; x_wconf 85' lang='lat' dir='ltr'><strong>ptus</strong></span> <span class='ocrx_word' id='word_1_477' title='bbox 709 4513 836 4563; x_wconf 77' lang='lat' dir='ltr'><strong>sustulerit</strong></span> <span class='ocrx_word' id='word_1_478' title='bbox 852 4512 935 4575; x_wconf 70' lang='lat' dir='ltr'><strong>1.th</strong></span> <span class='ocrx_word' id='word_1_479' title='bbox 953 4513 1032 4576; x_wconf 80' lang='lat' dir='ltr'><strong>ptura</strong></span> <span class='ocrx_word' id='word_1_480' title='bbox 1048 4512 1174 4562; x_wconf 70' lang='lat' dir='ltr'><strong>macularit</strong></span> <span class='ocrx_word' id='word_1_481' title='bbox 1191 4511 1238 4562; x_wconf 87' lang='lat' dir='ltr'><strong>dit.</strong></span> <span class='ocrx_word' id='word_1_482' title='bbox 1260 4538 1287 4546; x_wconf 95' lang='lat'><strong>--</strong></span> <span class='ocrx_word' id='word_1_483' title='bbox 1312 4511 1352 4561; x_wconf 87' lang='grc'><strong>45.</strong></span> <span class='ocrx_word' id='word_1_484' title='bbox 1374 4522 1424 4559; x_wconf 82' lang='lat' dir='ltr'><strong>csse</strong></span> <span class='ocrx_word' id='word_1_485' title='bbox 1446 4522 1499 4558; x_wconf 91' lang='lat' dir='ltr'><strong>om.</strong></span> <span class='ocrx_word' id='word_1_486' title='bbox 1518 4507 1541 4556; x_wconf 96' lang='lat' dir='ltr'>V</span> <span class='ocrx_word' id='word_1_487' title='bbox 1558 4511 1585 4557; x_wconf 91' lang='lat' dir='ltr'><strong>et</strong></span> <span class='ocrx_word' id='word_1_488' title='bbox 1600 4508 1678 4572; x_wconf 77' lang='grc'><strong>4344.</strong></span> <span class='ocrx_word' id='word_1_489' title='bbox 1699 4537 1726 4548; x_wconf 96' lang='grc'>-</span> <span class='ocrx_word' id='word_1_490' title='bbox 1745 4501 1747 4507; x_wconf 79' lang='grc'><strong>’</strong></span> 
     </span>
     <span class='ocr_line' id='line_1_43' title="bbox 397 4582 1728 4653; baseline -0.004 -11"><span class='ocrx_word' id='word_1_491' title='bbox 397 4590 439 4642; x_wconf 80' lang='lat' dir='ltr'><strong>td.</strong></span> <span class='ocrx_word' id='word_1_492' title='bbox 455 4590 538 4642; x_wconf 73' lang='lat' dir='ltr'><strong>exito</strong></span> <span class='ocrx_word' id='word_1_493' title='bbox 558 4591 621 4653; x_wconf 86' lang='lat' dir='ltr'><strong>post</strong></span> <span class='ocrx_word' id='word_1_494' title='bbox 643 4593 722 4639; x_wconf 79' lang='lat' dir='ltr'><strong>totum</strong></span> <span class='ocrx_word' id='word_1_495' title='bbox 739 4601 792 4638; x_wconf 91' lang='lat' dir='ltr'><strong>om.</strong></span> <span class='ocrx_word' id='word_1_496' title='bbox 811 4586 964 4651; x_wconf 74' lang='grc' dir='ltr'><strong>43494414ς</strong></span> <span class='ocrx_word' id='word_1_497' title='bbox 983 4591 1070 4637; x_wconf 80' lang='lat' dir='ltr'><strong>totum.</strong></span> <span class='ocrx_word' id='word_1_498' title='bbox 1088 4587 1118 4636; x_wconf 85' lang='lat' dir='ltr'><strong>a.</strong></span> <span class='ocrx_word' id='word_1_499' title='bbox 1136 4585 1283 4636; x_wconf 75' lang='lat' dir='ltr'><strong>EDICTVM</strong></span> <span class='ocrx_word' id='word_1_500' title='bbox 1302 4584 1385 4636; x_wconf 74' lang='lat' dir='ltr'><strong>tinius</strong></span> <span class='ocrx_word' id='word_1_501' title='bbox 1402 4596 1435 4633; x_wconf 82' lang='lat' dir='ltr'><strong>er</strong></span> <span class='ocrx_word' id='word_1_502' title='bbox 1449 4582 1481 4643; x_wconf 90' lang='lat' dir='ltr'><strong>V,</strong></span> <span class='ocrx_word' id='word_1_503' title='bbox 1498 4582 1566 4634; x_wconf 85' lang='lat' dir='ltr'><strong>haec</strong></span> <span class='ocrx_word' id='word_1_504' title='bbox 1583 4584 1728 4637; x_wconf 83' lang='lat' dir='ltr'><strong>adnotans:</strong></span> 
     </span>
     <span class='ocr_line' id='line_1_44' title="bbox 398 4656 1731 4726; baseline -0.006 -8"><span class='ocrx_word' id='word_1_505' title='bbox 398 4667 452 4718; x_wconf 77' lang='lat' dir='ltr'><strong>«its</strong></span> <span class='ocrx_word' id='word_1_506' title='bbox 469 4667 497 4718; x_wconf 91' lang='lat' dir='ltr'><strong>in</strong></span> <span class='ocrx_word' id='word_1_507' title='bbox 514 4663 574 4717; x_wconf 93' lang='lat' dir='ltr'><strong>cod.</strong></span> <span class='ocrx_word' id='word_1_508' title='bbox 587 4662 749 4715; x_wconf 79' lang='lat' dir='ltr'><strong>vocabulum</strong></span> <span class='ocrx_word' id='word_1_509' title='bbox 766 4665 807 4726; x_wconf 81' lang='lat' dir='ltr'><strong>n,</strong></span> <span class='ocrx_word' id='word_1_510' title='bbox 826 4664 842 4714; x_wconf 92' lang='lat' dir='ltr'><strong>i.</strong></span> <span class='ocrx_word' id='word_1_511' title='bbox 857 4677 882 4714; x_wconf 89' lang='lat' dir='ltr'><strong>e.</strong></span> <span class='ocrx_word' id='word_1_512' title='bbox 893 4663 975 4713; x_wconf 83' lang='lat' dir='ltr'><strong>recita</strong></span> <span class='ocrx_word' id='word_1_513' title='bbox 992 4665 1037 4712; x_wconf 88' lang='lat' dir='ltr'><strong>aut</strong></span> <span class='ocrx_word' id='word_1_514' title='bbox 1052 4662 1180 4722; x_wconf 76' lang='lat' dir='ltr'><strong>recitatur,</strong></span> <span class='ocrx_word' id='word_1_515' title='bbox 1198 4661 1326 4725; x_wconf 86' lang='lat' dir='ltr'><strong>pertinet,</strong></span> <span class='ocrx_word' id='word_1_516' title='bbox 1345 4660 1375 4708; x_wconf 89' lang='lat' dir='ltr'><strong>ut</strong></span> <span class='ocrx_word' id='word_1_517' title='bbox 1391 4658 1506 4722; x_wconf 86' lang='lat' dir='ltr'><strong>spatium</strong></span> <span class='ocrx_word' id='word_1_518' title='bbox 1523 4656 1613 4721; x_wconf 86' lang='lat' dir='ltr'><strong>docet,</strong></span> <span class='ocrx_word' id='word_1_519' title='bbox 1631 4660 1666 4710; x_wconf 88' lang='lat' dir='ltr'><strong>ad</strong></span> <span class='ocrx_word' id='word_1_520' title='bbox 1680 4660 1731 4710; x_wconf 82' lang='lat' dir='ltr'><strong>sdi-</strong></span> 
     </span>
     <span class='ocr_line' id='line_1_45' title="bbox 397 4732 1731 4803; baseline -0.004 -12"><span class='ocrx_word' id='word_1_521' title='bbox 397 4745 478 4803; x_wconf 64' lang='lat' dir='ltr'><strong>com</strong></span> <span class='ocrx_word' id='word_1_522' title='bbox 496 4739 568 4791; x_wconf 77' lang='grc'><strong>44144</strong></span> <span class='ocrx_word' id='word_1_523' title='bbox 585 4738 647 4790; x_wconf 87' lang='lat' dir='ltr'><strong>edit.</strong></span> <span class='ocrx_word' id='word_1_524' title='bbox 666 4737 810 4789; x_wconf 86' lang='lat' dir='ltr'><strong>retrahitur</strong></span> <span class='ocrx_word' id='word_1_525' title='bbox 826 4736 859 4787; x_wconf 85' lang='lat' dir='ltr'><strong>sd</strong></span> <span class='ocrx_word' id='word_1_526' title='bbox 878 4743 982 4789; x_wconf 76' lang='lat' dir='ltr'><strong>tantm.»</strong></span> <span class='ocrx_word' id='word_1_527' title='bbox 1001 4762 1030 4773; x_wconf 89' lang='lat'>-</span> <span class='ocrx_word' id='word_1_528' title='bbox 1051 4736 1090 4785; x_wconf 82' lang='grc'><strong>44.</strong></span> <span class='ocrx_word' id='word_1_529' title='bbox 1110 4734 1240 4785; x_wconf 82' lang='lat' dir='ltr'><strong>IVDICIIS</strong></span> <span class='ocrx_word' id='word_1_530' title='bbox 1250 4734 1281 4784; x_wconf 92' lang='lat' dir='ltr'><strong>V.</strong></span> <span class='ocrx_word' id='word_1_531' title='bbox 1297 4760 1325 4768; x_wconf 92' lang='lat'>-</span> <span class='ocrx_word' id='word_1_532' title='bbox 1345 4733 1384 4783; x_wconf 88' lang='grc'><strong>48.</strong></span> <span class='ocrx_word' id='word_1_533' title='bbox 1402 4732 1497 4781; x_wconf 82' lang='lat' dir='ltr'><strong>inicum</strong></span> <span class='ocrx_word' id='word_1_534' title='bbox 1514 4733 1545 4784; x_wconf 90' lang='lat' dir='ltr'><strong>V.</strong></span> <span class='ocrx_word' id='word_1_535' title='bbox 1564 4760 1592 4770; x_wconf 93' lang='lat'>—</span> <span class='ocrx_word' id='word_1_536' title='bbox 1616 4736 1656 4785; x_wconf 89' lang='grc'><strong>49.</strong></span> <span class='ocrx_word' id='word_1_537' title='bbox 1678 4740 1731 4784; x_wconf 86' lang='lat' dir='ltr'><strong>tro·</strong></span> 
     </span>
     <span class='ocr_line' id='line_1_46' title="bbox 398 4807 1731 4878; baseline -0.008 -11"><span class='ocrx_word' id='word_1_538' title='bbox 398 4816 470 4867; x_wconf 68' lang='lat' dir='ltr'><strong>ducis</strong></span> <span class='ocrx_word' id='word_1_539' title='bbox 484 4814 515 4878; x_wconf 87' lang='grc'><strong>4,</strong></span> <span class='ocrx_word' id='word_1_540' title='bbox 532 4815 565 4867; x_wconf 91' lang='lat' dir='ltr'><strong>V.</strong></span> <span class='ocrx_word' id='word_1_541' title='bbox 586 4841 614 4852; x_wconf 87' lang='lat'><em>-</em></span> <span class='ocrx_word' id='word_1_542' title='bbox 632 4812 702 4865; x_wconf 79' lang='lat' dir='ltr'><strong>subsc</strong></span> <span class='ocrx_word' id='word_1_543' title='bbox 715 4822 720 4873; x_wconf 81' lang='grc' dir='ltr'>Ι</span> <span class='ocrx_word' id='word_1_544' title='bbox 734 4813 771 4863; x_wconf 82' lang='lat' dir='ltr'><strong>tia</strong></span> <span class='ocrx_word' id='word_1_545' title='bbox 782 4813 813 4863; x_wconf 90' lang='lat' dir='ltr'><strong>V.</strong></span> <span class='ocrx_word' id='word_1_546' title='bbox 828 4840 856 4849; x_wconf 92' lang='lat'>—</span> <span class='ocrx_word' id='word_1_547' title='bbox 874 4814 915 4865; x_wconf 89' lang='grc'><strong>49.</strong></span> <span class='ocrx_word' id='word_1_548' title='bbox 933 4814 962 4862; x_wconf 80' lang='lat' dir='ltr'><strong>io</strong></span> <span class='ocrx_word' id='word_1_549' title='bbox 978 4811 1090 4862; x_wconf 74' lang='lat' dir='ltr'><strong>onnon</strong></span> <span class='ocrx_word' id='word_1_550' title='bbox 1106 4811 1164 4860; x_wconf 81' lang='lat' dir='ltr'><strong>otiis</strong></span> <span class='ocrx_word' id='word_1_551' title='bbox 1179 4810 1257 4873; x_wconf 76' lang='grc'><strong>4349.</strong></span> <span class='ocrx_word' id='word_1_552' title='bbox 1273 4836 1300 4845; x_wconf 95' lang='grc'>-</span> <span class='ocrx_word' id='word_1_553' title='bbox 1319 4809 1359 4859; x_wconf 86' lang='grc'><strong>44.</strong></span> <span class='ocrx_word' id='word_1_554' title='bbox 1372 4809 1514 4870; x_wconf 74' lang='lat' dir='ltr'><strong>ipsisnom.</strong></span> <span class='ocrx_word' id='word_1_555' title='bbox 1528 4807 1605 4871; x_wconf 81' lang='grc'><strong>4344.</strong></span> <span class='ocrx_word' id='word_1_556' title='bbox 1620 4836 1647 4845; x_wconf 96' lang='grc'>-</span> <span class='ocrx_word' id='word_1_557' title='bbox 1667 4821 1731 4871; x_wconf 76' lang='lat' dir='ltr'><strong>psas</strong></span> 
     </span>
     <span class='ocr_line' id='line_1_47' title="bbox 397 4882 1731 4955; baseline -0.006 -14"><span class='ocrx_word' id='word_1_558' title='bbox 397 4889 533 4955; x_wconf 68' lang='lat' dir='ltr'><strong>castigatio</strong></span> <span class='ocrx_word' id='word_1_559' title='bbox 547 4894 605 4940; x_wconf 81' lang='lat' dir='ltr'><strong>sust</strong></span> <span class='ocrx_word' id='word_1_560' title='bbox 614 4889 638 4938; x_wconf 91' lang='lat' dir='ltr'>V</span> <span class='ocrx_word' id='word_1_561' title='bbox 649 4892 677 4940; x_wconf 85' lang='lat' dir='ltr'><strong>et</strong></span> <span class='ocrx_word' id='word_1_562' title='bbox 692 4887 724 4941; x_wconf 75' lang='lat' dir='ltr'><strong>i:</strong></span> <span class='ocrx_word' id='word_1_563' title='bbox 744 4903 809 4951; x_wconf 76' lang='lat' dir='ltr'><strong>ossas</strong></span> <span class='ocrx_word' id='word_1_564' title='bbox 820 4891 855 4939; x_wconf 85' lang='lat' dir='ltr'><strong>od</strong></span> <span class='ocrx_word' id='word_1_565' title='bbox 868 4894 929 4940; x_wconf 85' lang='lat' dir='ltr'><strong>vect.</strong></span> <span class='ocrx_word' id='word_1_566' title='bbox 948 4893 1005 4938; x_wconf 82' lang='lat' dir='ltr'><strong>suat</strong></span> <span class='ocrx_word' id='word_1_567' title='bbox 1021 4887 1070 4938; x_wconf 86' lang='lat' dir='ltr'><strong>dit.</strong></span> <span class='ocrx_word' id='word_1_568' title='bbox 1099 4888 1213 4936; x_wconf 75' lang='lat' dir='ltr'><strong>ssensus</strong></span> <span class='ocrx_word' id='word_1_569' title='bbox 1231 4888 1284 4936; x_wconf 89' lang='lat' dir='ltr'><strong>est:</strong></span> <span class='ocrx_word' id='word_1_570' title='bbox 1304 4897 1372 4949; x_wconf 86' lang='lat' dir='ltr'><strong>quse</strong></span> <span class='ocrx_word' id='word_1_571' title='bbox 1390 4882 1499 4948; x_wconf 88' lang='lat' dir='ltr'><strong>quidem</strong></span> <span class='ocrx_word' id='word_1_572' title='bbox 1516 4883 1542 4933; x_wconf 92' lang='lat' dir='ltr'><strong>in</strong></span> <span class='ocrx_word' id='word_1_573' title='bbox 1558 4883 1630 4934; x_wconf 84' lang='lat' dir='ltr'><strong>italia</strong></span> <span class='ocrx_word' id='word_1_574' title='bbox 1646 4885 1731 4934; x_wconf 83' lang='lat' dir='ltr'><strong>vecti—</strong></span> 
     </span>
     <span class='ocr_line' id='line_1_48' title="bbox 399 4957 1733 5030; baseline -0.007 -14"><span class='ocrx_word' id='word_1_575' title='bbox 399 4963 467 5030; x_wconf 75' lang='lat' dir='ltr'><strong>galia</strong></span> <span class='ocrx_word' id='word_1_576' title='bbox 484 4965 563 5028; x_wconf 88' lang='lat' dir='ltr'><strong>sunt,</strong></span> <span class='ocrx_word' id='word_1_577' title='bbox 587 4976 674 5030; x_wconf 79' lang='lat' dir='ltr'><strong>peuce</strong></span> <span class='ocrx_word' id='word_1_578' title='bbox 692 4963 808 5026; x_wconf 82' lang='lat' dir='ltr'><strong>scilicet,</strong></span> <span class='ocrx_word' id='word_1_579' title='bbox 833 4979 858 5016; x_wconf 89' lang='lat' dir='ltr'><strong>v.</strong></span> <span class='ocrx_word' id='word_1_580' title='bbox 877 4979 901 5015; x_wconf 88' lang='lat' dir='ltr'><strong>c.</strong></span> <span class='ocrx_word' id='word_1_581' title='bbox 920 4977 984 5027; x_wconf 79' lang='lat' dir='ltr'><strong>ager</strong></span> <span class='ocrx_word' id='word_1_582' title='bbox 1002 4960 1169 5026; x_wconf 84' lang='lat' dir='ltr'><strong>Campanus,</strong></span> <span class='ocrx_word' id='word_1_583' title='bbox 1194 4959 1301 5021; x_wconf 71' lang='lat' dir='ltr'><strong>Stellas,</strong></span> <span class='ocrx_word' id='word_1_584' title='bbox 1328 4963 1355 5010; x_wconf 88' lang='lat' dir='ltr'><strong>et</strong></span> <span class='ocrx_word' id='word_1_585' title='bbox 1374 4957 1458 5010; x_wconf 84' lang='lat' dir='ltr'><strong>verbe</strong></span> <span class='ocrx_word' id='word_1_586' title='bbox 1475 4958 1543 5008; x_wconf 86' lang='lat' dir='ltr'><strong>haec</strong></span> <span class='ocrx_word' id='word_1_587' title='bbox 1561 4958 1733 5022; x_wconf 87' lang='lat' dir='ltr'><strong>requiruntur</strong></span> 
     </span>
     <span class='ocr_line' id='line_1_49' title="bbox 398 5032 1732 5108; baseline -0.011 -16"><span class='ocrx_word' id='word_1_588' title='bbox 398 5044 510 5107; x_wconf 83' lang='lat' dir='ltr'><strong>propter</strong></span> <span class='ocrx_word' id='word_1_589' title='bbox 520 5053 598 5108; x_wconf 82' lang='lat' dir='ltr'><strong>seqq.</strong></span> <span class='ocrx_word' id='word_1_590' title='bbox 615 5054 673 5092; x_wconf 73' lang='lat' dir='ltr'><strong>usn</strong></span> <span class='ocrx_word' id='word_1_591' title='bbox 688 5042 715 5091; x_wconf 80' lang='lat' dir='ltr'><strong>in</strong></span> <span class='ocrx_word' id='word_1_592' title='bbox 728 5041 895 5105; x_wconf 66' lang='lat' dir='ltr'><strong>coaequam,</strong></span> <span class='ocrx_word' id='word_1_593' title='bbox 915 5037 1021 5104; x_wconf 88' lang='lat' dir='ltr'><strong>quibus,</strong></span> <span class='ocrx_word' id='word_1_594' title='bbox 1041 5038 1082 5088; x_wconf 89' lang='lat' dir='ltr'><strong>his</strong></span> <span class='ocrx_word' id='word_1_595' title='bbox 1100 5035 1210 5100; x_wconf 86' lang='lat' dir='ltr'><strong>quidem</strong></span> <span class='ocrx_word' id='word_1_596' title='bbox 1227 5035 1348 5097; x_wconf 88' lang='lat' dir='ltr'><strong>omissis,</strong></span> <span class='ocrx_word' id='word_1_597' title='bbox 1366 5032 1464 5085; x_wconf 86' lang='lat' dir='ltr'><strong>Tuttius</strong></span> <span class='ocrx_word' id='word_1_598' title='bbox 1482 5045 1535 5083; x_wconf 91' lang='lat' dir='ltr'><strong>non</strong></span> <span class='ocrx_word' id='word_1_599' title='bbox 1552 5035 1624 5083; x_wconf 88' lang='lat' dir='ltr'><strong>esset</strong></span> <span class='ocrx_word' id='word_1_600' title='bbox 1640 5044 1732 5083; x_wconf 71' lang='lat' dir='ltr'><strong>usus.-</strong></span> 
     </span>
     <span class='ocr_line' id='line_1_50' title="bbox 400 5106 1734 5178; baseline -0.007 -12"><span class='ocrx_word' id='word_1_601' title='bbox 400 5114 445 5166; x_wconf 83' lang='lat' dir='ltr'><strong>Os.</strong></span> <span class='ocrx_word' id='word_1_602' title='bbox 466 5141 494 5153; x_wconf 88' lang='lat'>-</span> <span class='ocrx_word' id='word_1_603' title='bbox 518 5115 559 5167; x_wconf 85' lang='grc'><strong>48.</strong></span> <span class='ocrx_word' id='word_1_604' title='bbox 578 5116 692 5168; x_wconf 73' lang='lat' dir='ltr'><strong>maedus</strong></span> <span class='ocrx_word' id='word_1_605' title='bbox 707 5129 762 5168; x_wconf 93' lang='lat' dir='ltr'><strong>om.</strong></span> <span class='ocrx_word' id='word_1_606' title='bbox 780 5116 810 5167; x_wconf 94' lang='lat' dir='ltr'><strong>V.</strong></span> <span class='ocrx_word' id='word_1_607' title='bbox 830 5144 860 5158; x_wconf 68' lang='lat'><strong>.-</strong></span> <span class='ocrx_word' id='word_1_608' title='bbox 876 5116 995 5178; x_wconf 85' lang='lat' dir='ltr'><strong>rcpotitor</strong></span> <span class='ocrx_word' id='word_1_609' title='bbox 1011 5114 1059 5163; x_wconf 79' lang='lat' dir='ltr'><strong>AB</strong></span> <span class='ocrx_word' id='word_1_610' title='bbox 1077 5126 1104 5176; x_wconf 89' lang='lat' dir='ltr'><strong>p.</strong></span> <span class='ocrx_word' id='word_1_611' title='bbox 1118 5124 1154 5162; x_wconf 96' lang='lat' dir='ltr'><strong>m.</strong></span> <span class='ocrx_word' id='word_1_612' title='bbox 1170 5138 1198 5149; x_wconf 89' lang='lat'><em>-</em></span> <span class='ocrx_word' id='word_1_613' title='bbox 1216 5115 1261 5161; x_wconf 82' lang='lat' dir='ltr'><strong>ost</strong></span> <span class='ocrx_word' id='word_1_614' title='bbox 1273 5110 1345 5174; x_wconf 74' lang='lat' dir='ltr'><strong>pigri.</strong></span> <span class='ocrx_word' id='word_1_615' title='bbox 1358 5109 1427 5173; x_wconf 76' lang='grc'><strong>4344</strong></span> <span class='ocrx_word' id='word_1_616' title='bbox 1440 5121 1465 5172; x_wconf 88' lang='lat' dir='ltr'><strong>p.</strong></span> <span class='ocrx_word' id='word_1_617' title='bbox 1479 5119 1516 5157; x_wconf 93' lang='lat' dir='ltr'><strong>m.</strong></span> <span class='ocrx_word' id='word_1_618' title='bbox 1531 5134 1558 5144; x_wconf 88' lang='lat'><em>-</em></span> <span class='ocrx_word' id='word_1_619' title='bbox 1576 5107 1617 5159; x_wconf 88' lang='grc'><strong>48.</strong></span> <span class='ocrx_word' id='word_1_620' title='bbox 1630 5108 1661 5157; x_wconf 77' lang='lat' dir='ltr'><strong>sit</strong></span> <span class='ocrx_word' id='word_1_621' title='bbox 1677 5106 1734 5157; x_wconf 77' lang='lat' dir='ltr'><strong>iict-</strong></span> 
     </span>
     <span class='ocr_line' id='line_1_51' title="bbox 400 5180 1733 5257; baseline -0.007 -17"><span class='ocrx_word' id='word_1_622' title='bbox 400 5194 441 5240; x_wconf 79' lang='lat' dir='ltr'><strong>tos</strong></span> <span class='ocrx_word' id='word_1_623' title='bbox 455 5189 526 5256; x_wconf 74' lang='grc'><strong>4349</strong></span> <span class='ocrx_word' id='word_1_624' title='bbox 536 5191 568 5243; x_wconf 92' lang='lat' dir='ltr'><strong>V.</strong></span> <span class='ocrx_word' id='word_1_625' title='bbox 583 5218 612 5231; x_wconf 91' lang='lat'><em>-</em></span> <span class='ocrx_word' id='word_1_626' title='bbox 629 5192 734 5257; x_wconf 72' lang='lat' dir='ltr'><strong>singuiis</strong></span> <span class='ocrx_word' id='word_1_627' title='bbox 749 5191 819 5256; x_wconf 77' lang='grc'><strong>4344</strong></span> <span class='ocrx_word' id='word_1_628' title='bbox 835 5192 858 5241; x_wconf 96' lang='lat' dir='ltr'>V</span> <span class='ocrx_word' id='word_1_629' title='bbox 875 5190 917 5255; x_wconf 79' lang='lat' dir='ltr'><strong>(ct.</strong></span> <span class='ocrx_word' id='word_1_630' title='bbox 936 5189 960 5255; x_wconf 71' lang='lat'><strong>5.</strong></span> <span class='ocrx_word' id='word_1_631' title='bbox 975 5188 1053 5250; x_wconf 68' lang='lat' dir='ltr'><strong>stoi:</strong></span> <span class='ocrx_word' id='word_1_632' title='bbox 1072 5188 1100 5237; x_wconf 84' lang='lat' dir='ltr'><strong>io</strong></span> <span class='ocrx_word' id='word_1_633' title='bbox 1115 5187 1219 5252; x_wconf 67' lang='lat' dir='ltr'><strong>sinpuis</strong></span> <span class='ocrx_word' id='word_1_634' title='bbox 1235 5186 1283 5238; x_wconf 90' lang='lat' dir='ltr'><strong>dtt.</strong></span> <span class='ocrx_word' id='word_1_635' title='bbox 1303 5187 1331 5236; x_wconf 93' lang='lat'><strong>0.</strong></span> <span class='ocrx_word' id='word_1_636' title='bbox 1352 5211 1379 5221; x_wconf 88' lang='lat'>-</span> <span class='ocrx_word' id='word_1_637' title='bbox 1398 5184 1439 5236; x_wconf 87' lang='grc'><strong>49.</strong></span> <span class='ocrx_word' id='word_1_638' title='bbox 1457 5182 1573 5233; x_wconf 73' lang='lat' dir='ltr'><strong>modost</strong></span> <span class='ocrx_word' id='word_1_639' title='bbox 1589 5182 1657 5245; x_wconf 78' lang='grc'><strong>4341</strong></span> <span class='ocrx_word' id='word_1_640' title='bbox 1669 5180 1733 5232; x_wconf 80' lang='grc'><strong>4414</strong></span> 
     </span>
     <span class='ocr_line' id='line_1_52' title="bbox 399 5255 1734 5331; baseline -0.007 -16"><span class='ocrx_word' id='word_1_641' title='bbox 399 5276 428 5329; x_wconf 91' lang='lat' dir='ltr'><strong>p.</strong></span> <span class='ocrx_word' id='word_1_642' title='bbox 440 5276 479 5316; x_wconf 87' lang='lat' dir='ltr'><strong>m.</strong></span> <span class='ocrx_word' id='word_1_643' title='bbox 494 5291 523 5304; x_wconf 92' lang='lat'><em>-</em></span> <span class='ocrx_word' id='word_1_644' title='bbox 541 5264 583 5318; x_wconf 81' lang='grc'><strong>89.</strong></span> <span class='ocrx_word' id='word_1_645' title='bbox 601 5280 634 5318; x_wconf 84' lang='lat' dir='ltr'><strong>ac</strong></span> <span class='ocrx_word' id='word_1_646' title='bbox 648 5280 746 5331; x_wconf 75' lang='lat' dir='ltr'><strong>mogon</strong></span> <span class='ocrx_word' id='word_1_647' title='bbox 762 5266 831 5330; x_wconf 75' lang='grc'><strong>4349</strong></span> <span class='ocrx_word' id='word_1_648' title='bbox 841 5266 873 5316; x_wconf 93' lang='lat' dir='ltr'><strong>V.</strong></span> <span class='ocrx_word' id='word_1_649' title='bbox 889 5291 916 5300; x_wconf 95' lang='lat'>-</span> <span class='ocrx_word' id='word_1_650' title='bbox 935 5263 1005 5328; x_wconf 81' lang='lat' dir='ltr'><strong>[quid</strong></span> <span class='ocrx_word' id='word_1_651' title='bbox 1019 5263 1126 5326; x_wconf 69' lang='lat' dir='ltr'><strong>(odeat,</strong></span> <span class='ocrx_word' id='word_1_652' title='bbox 1143 5275 1201 5313; x_wconf 85' lang='lat' dir='ltr'><strong>cum</strong></span> <span class='ocrx_word' id='word_1_653' title='bbox 1221 5260 1332 5313; x_wconf 66' lang='lat' dir='ltr'><strong>weiss</strong></span> <span class='ocrx_word' id='word_1_654' title='bbox 1346 5260 1376 5314; x_wconf 77' lang='grc' dir='ltr'><strong>Δ.</strong></span> <span class='ocrx_word' id='word_1_655' title='bbox 1395 5259 1461 5323; x_wconf 76' lang='lat' dir='ltr'><strong>good</strong></span> <span class='ocrx_word' id='word_1_656' title='bbox 1476 5255 1639 5321; x_wconf 72' lang='lat' dir='ltr'><strong>poposcerit?</strong></span> <span class='ocrx_word' id='word_1_657' title='bbox 1654 5255 1734 5307; x_wconf 80' lang='lat' dir='ltr'><strong>retia-</strong></span> 
     </span>
     <span class='ocr_line' id='line_1_53' title="bbox 401 5338 1081 5405; baseline -0.006 -9"><span class='ocrx_word' id='word_1_658' title='bbox 401 5345 478 5405; x_wconf 67' lang='lat' dir='ltr'><strong>gunt</strong></span> <span class='ocrx_word' id='word_1_659' title='bbox 491 5341 639 5398; x_wconf 65' lang='grc'><strong>4441404444</strong></span> <span class='ocrx_word' id='word_1_660' title='bbox 654 5346 729 5397; x_wconf 87' lang='lat' dir='ltr'><strong>recte</strong></span> <span class='ocrx_word' id='word_1_661' title='bbox 747 5341 864 5395; x_wconf 68' lang='lat' dir='ltr'><strong>distinm</strong></span> <span class='ocrx_word' id='word_1_662' title='bbox 875 5342 969 5395; x_wconf 72' lang='lat' dir='ltr'><strong>ateius.</strong></span> <span class='ocrx_word' id='word_1_663' title='bbox 988 5338 1081 5405; x_wconf 69' lang='lat' dir='ltr'><strong>uns]</strong></span> 
     </span>
    </p>
   </div>
   <div class='ocr_carea' id='block_1_4' title="bbox 0 0 2203 6100">
    <p class='ocr_par' dir='ltr' id='par_1_5' title="bbox 0 0 2203 6100">
     <span class='ocr_line' id='line_1_54' title="bbox 0 0 2203 6100; baseline 0 0"><span class='ocrx_word' id='word_1_664' title='bbox 0 0 2203 6100; x_wconf 95' lang='lat' dir='ltr'><strong> </strong></span> 
     </span>
    </p>
   </div>
  </div>
 </body>
</html>
