4367 6109
476 574 540 646 lto
844 580 893 654 ΙΝ,
907 580 1075 650 VERREM
1095 582 1221 651 ACTIO
1242 582 1427 652 SECUNDA
1457 655 1459 659 .

476 751 600 836 pridem
632 757 798 817 venerumt
842 754 906 819 Cur
936 774 1002 819 non
1032 754 1210 819 rettulisti?
1243 755 1373 820 illarum
1403 756 1563 819 rationum
1594 773 1695 820 exea
1713 754 1801 820 faece

476 845 645 928 legationis
669 847 942 933 quaestoriaeque,
958 857 1031 913 tuae
1053 850 1286 932 procurationis
1308 850 1364 913 illa
1379 856 1454 913 sunt
1467 849 1616 925 nomina,
1640 870 1723 935 quae
1737 852 1801 916 Do·

477 938 610 1004 labellae
631 941 812 1005 necessario
839 951 914 1007 sunt
942 945 1117 1007 aestimata
1160 944 1210 1007 Ex
1231 961 1357 1008 nrrraus
1377 963 1565 1009 sssrrrrsrrs
1586 946 1800 1011 Dossennus

474 1053 524 1099 aa.
553 1056 594 1098 nr
621 1055 731 1100 asora.
783 1032 855 1100 l00.
888 1037 983 1112 Quod
1013 1039 1119 1101 minus
1153 1038 1317 1102 Dolabella
1344 1038 1435 1101 Verri
1469 1047 1634 1122 acceptum
1670 1042 1801 1116 rettulit,

449 1143 569 1214 aquam
584 1129 699 1194 Verres
720 1130 768 1193 illi
783 1150 959 1215 expensum
979 1132 1103 1208 tulerit,
1126 1132 1186 1195 Hs
1202 1134 1377 1217 quingenta
1391 1131 1521 1215 triginta
1537 1134 1685 1220 quinque
1699 1135 1801 1210 milia;

473 1231 505 1288 et
527 1222 614 1308 quod
637 1224 709 1306 plus
729 1224 806 1289 fecit
826 1226 991 1289 Dolabella
1013 1227 1142 1290 Verrem
1165 1226 1343 1309 accepisse,
1366 1246 1462 1311 quam
1477 1226 1538 1289 iste
1553 1227 1587 1289 in
1601 1230 1670 1293 suis
1686 1229 1802 1293 tabulis

471 1318 597 1394 babuit,
620 1318 680 1382 HS
703 1319 839 1384 ducenta
861 1320 990 1403 triginta
1012 1320 1076 1384 duo
1098 1321 1204 1396 milia;
1226 1329 1257 1384 et
1280 1322 1367 1405 quod
1389 1321 1462 1405 plus
1481 1320 1632 1386 frumenti
1653 1323 1733 1387 fecit
1752 1342 1803 1387 ae·

472 1414 597 1496 cepisse
618 1413 733 1489 istum,
756 1414 816 1477 Ha·
838 1413 945 1477 decies
968 1422 1000 1478 et
1021 1416 1205 1497 octingenta
1225 1415 1330 1490 milia,
1360 1415 1447 1499 quod
1469 1421 1521 1491 tu,
1541 1415 1640 1480 homo
1662 1417 1804 1482 castissi-

473 1528 560 1584 mus,
581 1507 670 1571 aliod
692 1508 726 1571 in
741 1508 856 1572 tabulis
870 1508 1019 1573 habebas.
1052 1509 1136 1573 Hinc
1150 1510 1225 1572 illae
1240 1510 1509 1574 extraordinariae
1524 1510 1699 1593 pecuniae,
1722 1530 1803 1595 quas

434 1617 463 1664 to
471 1603 561 1666 nullo
583 1602 665 1666 duce
686 1608 792 1665 tamen
814 1602 923 1686 aliqua
943 1623 984 1667 ex
1012 1603 1169 1685 particula
1190 1604 1433 1687 investigamus,
1461 1604 1699 1669 redundaruntz
1728 1604 1804 1669 bine

471 1698 553 1763 ratio
575 1716 647 1760 curn
670 1696 709 1773 Q.
732 1701 764 1759 et
786 1696 842 1760 Cn.
864 1697 1024 1761 Postumis
1048 1697 1164 1762 Curtiis
1188 1698 1295 1761 multis
1316 1697 1514 1773 nominibus,
1536 1717 1673 1783 quorum
1696 1699 1732 1763 in
1757 1707 1804 1762 ta·

471 1793 557 1856 bulis
589 1792 650 1855 iste
679 1790 777 1855 babet
803 1791 942 1854 nullum:
974 1792 1050 1855 bine
1079 1793 1139 1856 Hs
1173 1792 1393 1876 quaterdecies
1420 1794 1453 1855 P.
1477 1793 1579 1856 Tadio
1601 1801 1803 1859 numeratum

470 1886 605 1950 Athenis
626 1885 761 1949 testibus
782 1886 913 1969 planum
933 1884 1069 1949 faciam:
1100 1886 1174 1950 bino
1198 1894 1304 1969 empta
1325 1886 1523 1969 apertissime
1546 1895 1711 1970 praetura,
1738 1888 1802 1952 nisi

469 1981 552 2044 forte
573 1980 607 2043 id
629 1980 724 2044 etiam
746 1980 878 2043 dubium
901 1988 967 2054 est,
990 1981 1168 2064 quomodo
1190 1981 1250 2043 iste
1264 1988 1394 2064 praetor
1407 1979 1510 2044 factus
1525 1982 1575 2044 sit
1608 1978 1681 2045 tol.
1695 1982 1802 2046 llcmo

433 2076 593 2140 toscilicet
624 2083 680 2139 aut
710 2074 868 2138 industria
900 2083 955 2139 aut
983 2094 1080 2157 opera
1108 2074 1241 2157 probata
1270 2083 1325 2138 aut
1352 2073 1543 2158 frugalitatis
1565 2075 1801 2140 existimatione

470 2170 633 2256 praeclara
660 2177 715 2233 aut
747 2169 902 2253 denique,
933 2169 965 2231 id
989 2168 1076 2253 quod
1106 2168 1301 2233 levissimum
1323 2178 1386 2243 est,
1415 2169 1621 2245 assiduitate,
1648 2171 1801 2256 quiante

472 2273 675 2352 quaesturam
697 2283 770 2327 cum
792 2263 1010 2326 meretricibus
1033 2264 1267 2347 lenonibusque
1282 2264 1429 2338 vixisset,
1453 2271 1658 2346 quaesturam
1671 2265 1717 2329 ita
1731 2284 1802 2347 ges·

472 2361 583 2436 sisset,
606 2358 875 2444 quemadmodum
898 2356 1108 2440 cognovistis,
1135 2358 1255 2420 Romae
1282 2364 1356 2441 post
1378 2366 1581 2441 quaesturam
1603 2359 1691 2423 illam
1713 2359 1801 2422 nefa·

471 2457 551 2520 riam
573 2455 628 2518 vix
649 2453 789 2518 triduum
811 2450 1022 2526 constitisset,
1044 2450 1159 2515 absem
1181 2470 1247 2513 non
1268 2451 1301 2513 in
1324 2450 1486 2514 oblivione
1504 2452 1673 2527 iacuisset,
1695 2451 1801 2515 sedin

431 2549 599 2614 massidua
613 2546 916 2612 commemoratione
937 2546 1085 2609 omnibus
1100 2545 1243 2615 omnium
1259 2540 1450 2627 flagitiorum
1464 2544 1595 2610 fuisset:
1617 2547 1645 2609 is
1660 2554 1800 2629 repente,

470 2652 506 2708 ut
527 2645 659 2706 Romam
680 2642 782 2716 venit,
805 2641 902 2723 gratis
924 2648 1052 2725 praetor
1071 2639 1174 2703 factus
1197 2646 1255 2703 est
1298 2638 1370 2702 Alia
1390 2659 1487 2722 porro
1509 2641 1664 2725 pecunia,
1685 2660 1728 2704 ne
1749 2660 1801 2704 ac·

469 2743 652 2812 cusaretur,
674 2736 757 2800 data.
802 2734 860 2798 Cui
884 2734 925 2797 sit
947 2735 1039 2809 data,
1060 2733 1142 2798 nibil
1163 2733 1204 2798 ad
1227 2753 1293 2808 me,
1315 2733 1396 2796 nibil
1418 2733 1459 2798 ad
1480 2754 1548 2799 rem
1569 2736 1730 2819 pertinere
1752 2755 1801 2800 ar-

469 2832 591 2895 bitror:
614 2831 718 2894 datam
741 2829 871 2913 quidem
894 2848 963 2892 esse
985 2837 1052 2891 tum
1074 2828 1159 2892 inter
1180 2848 1292 2892 omnes
1316 2829 1436 2891 recenti
1458 2830 1588 2913 negotio
1609 2828 1703 2894 facila
1725 2850 1800 2894 oon·

469 2927 583 2990 stabat.
626 2920 698 2988 i02.
720 2923 825 2986 Homo
846 2922 1034 2986 stultissime
1063 2928 1096 2985 et
1124 2923 1354 2998 amentissime,
1386 2922 1511 2987 tabulas
1533 2943 1605 2989 cum
1627 2920 1799 2988 conficeres

427 3028 503 3084 atet
524 3039 596 3084 cum
618 3016 888 3081 extraordinariae
910 3016 1065 3099 pecuniae
1088 3018 1207 3079 crimen
1227 3016 1445 3099 subterfugere
1459 3018 1574 3094 velles,
1596 3018 1674 3082 satis
1689 3026 1721 3082 te
1735 3017 1800 3082 ela-

468 3135 601 3200 psurum
624 3112 710 3176 omni
733 3110 916 3193 suspicione
938 3110 1148 3186 arbitrabare,
1174 3111 1216 3186 si,
1240 3111 1356 3196 quibus
1378 3112 1547 3195 pecuniam
1570 3111 1737 3187 credebas,
1759 3111 1798 3175 iis

434 3281 436 3286 ,
465 3227 645 3292 expensum
667 3225 732 3269 non
753 3205 853 3268 ferres
874 3224 980 3289 neque
1003 3204 1037 3267 in
1058 3214 1130 3270 tuas
1150 3204 1273 3269 tabulas
1296 3204 1399 3268 ullum
1413 3225 1531 3269 nomen
1552 3203 1705 3280 referres,
1727 3224 1798 3269 cum

468 3311 517 3368 tot
547 3303 604 3367 tibi
634 3300 818 3366 nominibus
847 3307 1012 3383 acceptum
1042 3299 1143 3364 Curtii
1172 3299 1352 3363 referrent?
1396 3299 1481 3376 Quid
1508 3300 1660 3384 proderat
1685 3298 1744 3368 tibi
1767 3306 1797 3361 te

469 3415 646 3481 expensum
674 3396 739 3459 illis
769 3414 835 3458 non
857 3394 995 3459 tulisset
1038 3395 1088 3457 An
1111 3394 1175 3460 tuis
1197 3394 1274 3459 solis
1296 3393 1414 3459 tabulis
1436 3402 1468 3458 te
1490 3414 1620 3460 causam
1641 3394 1797 3460 dicturum

431 3490 687 3556 etexistimastii
1684 3551 1686 3555 .

554 3586 620 3648 XL.
644 3578 715 3647 ⁴03.
738 3585 856 3648 Verum
878 3585 920 3648 ad
940 3585 1028 3647 illam
1049 3585 1114 3646 iam
1135 3584 1299 3647 veniamus
1319 3582 1515 3667 praeclaram
1536 3592 1716 3667 praeturam
1738 3582 1798 3648 cri·-

470 3678 620 3762 minaque
643 3696 697 3754 ea,
728 3698 810 3762 qnae
832 3679 960 3742 notiora
981 3685 1056 3741 sunt
1075 3677 1127 3741 bis
1149 3676 1206 3762 qui
1227 3676 1361 3751 adsunt,
1391 3695 1488 3760 quarn
1509 3677 1622 3753 nobis,
1654 3677 1712 3761 qui
1733 3698 1798 3742 me·

469 3772 560 3836 ditati
582 3771 622 3834 ad
636 3772 805 3836 dicendum
821 3774 991 3857 paratique
1005 3772 1168 3846 venimus3
1190 3772 1224 3834 in
1239 3770 1356 3854 quibam
1377 3790 1442 3834 non
1462 3770 1574 3834 dubito
1597 3772 1677 3857 quin
1698 3772 1798 3838 offen·

469 3866 592 3929 sionem
621 3865 835 3947 negligentiae
861 3867 962 3930 vitare
988 3875 1085 3950 atque
1108 3866 1247 3948 effugere
1270 3885 1335 3927 non
1356 3864 1488 3947 possim.
1532 3866 1624 3929 blulti
1647 3866 1732 3930 enim
1754 3866 1798 3929 ita

430 3960 593 4024 abdicent:
624 3961 690 4021 olle
718 3960 774 4022 illo
806 3959 886 4022 nihil
909 3959 1009 4035 dixit,
1038 3961 1071 4022 in
1101 3980 1166 4044 quo
1190 3980 1249 4042 ego
1271 3958 1423 4023 interfui:
1451 3959 1538 4022 illam
1560 3959 1710 4025 iniuriam
1732 3980 1797 4024 non

468 4053 588 4136 attigit,
611 4053 794 4138 quaemihi
816 4062 872 4117 aut
893 4074 976 4139 quae
999 4055 1102 4118 amico
1124 4074 1196 4117 meo
1217 4053 1301 4119 facta
1322 4061 1385 4129 est,
1416 4054 1533 4136 quibus
1556 4073 1616 4137 ego
1645 4055 1680 4118 in
1701 4054 1797 4120 rebus

468 4146 628 4213 interfui.»
669 4149 727 4212 His
750 4150 912 4223 omnibus,
936 4150 992 4233 qui
1015 4149 1108 4212 istius
1130 4149 1262 4211 iniurias
1277 4154 1413 4222 norunt,
1434 4147 1497 4211 boc
1513 4156 1576 4222 est,
1598 4149 1720 4231 populo
1735 4150 1797 4211 Ro·

469 4262 563 4306 mano
591 4242 758 4318 universo,
788 4264 838 4307 me
867 4243 1072 4307 vehementer
1093 4250 1279 4306 excusatum
1300 4241 1393 4317 volo,
1423 4261 1488 4304 non
1509 4240 1706 4324 negligentia
1727 4260 1796 4305 mea

467 4337 553 4412 fore,
574 4345 611 4400 ut
632 4338 731 4401 multa
753 4344 966 4420 praeteream,
991 4338 1047 4401 sed
1071 4338 1158 4421 quod
1180 4337 1243 4400 alia
1263 4335 1399 4399 testibus
1420 4335 1544 4418 integra
1565 4335 1723 4399 reservari
1743 4354 1796 4399 ve·

431 4432 540 4507 tolim,
569 4431 670 4496 multa
698 4439 804 4495 autem
834 4440 967 4516 propter
996 4432 1152 4495 rationem
1178 4429 1343 4494 brevitatis
1364 4449 1402 4493 ac
1423 4428 1577 4511 temporis
1598 4430 1796 4513 praetermit-

532 4701 557 4754 l.
575 4703 618 4754 lif
631 4701 739 4754 PROPR.
758 4702 797 4752 sic
814 4702 851 4752 Gt
868 4702 947 4752 codd.
966 4701 1071 4767 pleriq..
1090 4702 1117 4751 in
1133 4702 1166 4751 Gt
1181 4701 1225 4751 hic
1240 4699 1330 4752 titulus
1344 4700 1436 4753 deest:
1453 4699 1520 4751 Poe.
1536 4699 1614 4752 lton.
1632 4702 1726 4753 Frons.
1742 4711 1794 4767 pr:

464 4779 577 4831 eoacti
592 4777 642 4829 llo.
659 4776 819 4828 Paeonias
835 4777 1003 4828 REDACTAE
1020 4777 1048 4828 0.
1065 4803 1091 4823 ψ
1111 4778 1136 4827 8.
1155 4776 1246 4841 oetion
1260 4777 1308 4826 duo
1324 4776 1396 4827 mito
1407 4775 1444 4826 Gt
1455 4774 1502 4825 bd.
1518 4801 1546 4812 -
1565 4775 1739 4826 οαιιιόιιιιιιιιιι
1748 4776 1794 4835 (ὶις

465 4856 622 4907 οαιιιιιιιιιιω
646 4854 704 4905 eliis
727 4854 755 4903 io
778 4858 796 4903 t.
820 4854 888 4903 coni.
907 4852 1045 4917 Wyttenb.
1071 4854 1105 4903 Αι
1126 4852 1159 4904 cl.
1182 4851 1270 4904 lladv.
1288 4853 1308 4902 1.
1327 4864 1354 4916 p.
1373 4850 1429 4902 838.
1449 4848 1534 4902 llalm.
1552 4849 1588 4901 ad
1604 4850 1673 4902 seat.
1691 4863 1719 4916 p.
1736 4850 1793 4902 23⁴.

466 4929 596 4981 Ostender
612 4927 688 4980 colon
705 4929 780 4994 ponit
796 4927 986 4992 posthabebas.
1007 4954 1035 4965 -
1054 4929 1079 4979 8.
1098 4927 1177 4992 diod]
1194 4927 1252 4978 eltis
1267 4926 1336 4978 coni.
1350 4925 1489 4990 wyttenb.
1503 4951 1531 4961 -
1550 4925 1591 4976 ιι.
1602 4925 1725 4977 Pom
1735 4925 1796 4977 Cra*-

465 5005 506 5055 ttle
522 5006 591 5056 coni.
616 5006 672 5057 llrs.
694 5002 730 5054 cl.
748 4998 860 5053 Ellendt.
878 5001 913 5053 ad
936 5004 990 5055 Cic.
1010 5002 1044 5053 de
1062 5003 1132 5055 Orat.
1150 5004 1170 5052 l.
1189 5016 1216 5067 p.
1235 5001 1301 5053 29⁴:
1324 5001 1455 5053 Ροιιιιιηιίε
1471 4999 1564 5052 douo
1579 5001 1610 5050 Α.
1635 5000 1666 5053 ln
1684 5001 1722 5054 Gi
1738 5001 1792 5053 est:

463 5080 532 5130 mtto
548 5082 578 5144 (t.
596 5080 729 5130 Formae
740 5076 844 5136 Cuctm
871 5077 899 5127 in
916 5078 969 5128 st:
991 5077 1058 5128 cotto
1075 5082 1225 5137 coacturos
1241 5078 1271 5139 Q.
1288 5076 1426 5127 Ροιιιιιιιιιιι
1442 5074 1552 5127 Οιιιιιιιι.
1578 5072 1627 5126 Alii
1643 5073 1720 5128 aliter
1736 5076 1795 5126 tur·

464 5151 539 5205 aaut.
559 5178 587 5193 -
606 5155 647 5206 ta.
665 5158 826 5205 moretm
842 5154 911 5203 coni.
928 5152 952 5203 J.
971 5153 1013 5203 Fr.
1025 5153 1139 5202 Gronov.
1158 5151 1192 5202 de
1208 5164 1268 5216 pec.
1287 5153 1350 5201 vett.
1364 5153 1396 5201 ll.
1408 5150 1433 5202 3.
1453 5151 1495 5201 lll.
1509 5151 1544 5199 t.:
1561 5156 1698 5203 mereto
1713 5148 1792 5202 codd.

466 5245 497 5264 ⁶-
512 5227 555 5279 tt.
572 5229 782 5281 extraordinario
798 5229 908 5291 peceato
929 5228 978 5279 dtt.
999 5253 1027 5265 -
1053 5227 1095 5279 td.
1119 5226 1246 5277 motem
1262 5224 1294 5275 ot
1317 5226 1347 5275 ut
1364 5225 1390 5290 5.
1406 5224 1449 5278 88.
1474 5247 1503 5262 -
1529 5222 1571 5278 dl.
1593 5224 1762 5291 mahanaiim
1776 5237 1794 5287 ς

464 5297 1024 5371 W'*8⁸⁸mw]wl¹dtdu·
1044 5302 1254 5357 ’stomoma
1274 5299 1673 5364 ’wamsmfflo
