4367 6109
971 561 1028 648 88.
1049 560 1208 631 30-36.
1712 561 1756 631 87

423 733 516 799 saxis
536 754 598 819 pro
621 741 716 819 portu
737 734 939 820 stationeque
960 741 1103 800 utuntur.
1146 737 1226 799 Nam
1252 734 1287 798 in
1308 732 1384 798 dolo
1411 733 1496 797 malo
1517 733 1630 799 volunt
1650 734 1756 799 deliti-

425 848 533 906 scero3
555 830 590 893 in
612 850 677 915 quo
698 851 763 894 non
786 829 882 894 modo
905 851 977 895 cum
999 832 1106 895 omnia
1127 830 1189 915 ipsi
1209 829 1355 894 iecemnt
1368 849 1452 914 quae
1467 828 1622 906 fatentur,
1643 850 1755 896 verum

426 924 525 989 etiem
546 925 575 989 si
597 946 655 1009 per
675 926 754 988 alios
775 925 810 988 id
829 924 998 1001 fecissent,
1021 926 1189 990 haererent
1209 945 1246 988 ac
1268 928 1464 988 tenerentur.

512 1015 566 1083 36.
586 1018 655 1102 Ego
677 1039 743 1082 nou
763 1018 797 1083 in
818 1038 883 1083 una
903 1038 938 1083 re
960 1020 1038 1094 sola,
1060 1020 1149 1103 quod
1170 1019 1248 1082 mibi
1269 1019 1346 1082 satis
1361 1025 1420 1093 est,
1436 1038 1542 1103 neque
1558 1019 1592 1081 in
1605 1020 1755 1083 universa

427 1134 464 1179 re
484 1113 605 1188 solum,
627 1113 715 1197 quod
735 1112 814 1176 mihi
836 1113 912 1177 satis
934 1120 995 1189 est,
1018 1115 1074 1178 sed
1090 1114 1277 1197 singillatim
1295 1113 1329 1176 in
1344 1112 1492 1177 omnibus
1507 1113 1617 1177 dolum
1636 1113 1755 1179 malum
1777 1125 1794 1175 6

428 1215 554 1273 exstare
570 1207 652 1270 dico.
676 1207 852 1271 Consilium
866 1207 1005 1290 capiunt,
1018 1214 1055 1271 ut
1068 1208 1108 1270 ad
1123 1227 1232 1271 servos
1246 1207 1289 1271 it.
1302 1205 1399 1268 Tullii
1414 1207 1558 1270 veniant:
1580 1206 1656 1271 dolo
1671 1208 1756 1273 malo

427 1303 559 1367 faciunt.
601 1303 698 1365 Arma
723 1301 873 1383 capiunt:
908 1301 982 1365 dolo
1012 1301 1096 1365 malo
1122 1300 1252 1364 iaciunt.
1305 1303 1445 1384 Tempus
1472 1301 1513 1364 ad
1539 1301 1757 1366 insidiandum

428 1404 526 1482 atque
547 1394 716 1460 celandum
737 1393 890 1458 idoneum
912 1395 1052 1479 eligunt:
1083 1395 1159 1460 dolo
1181 1396 1264 1459 malo
1287 1395 1418 1459 iaciunt.
1451 1395 1491 1458 Vi
1513 1394 1547 1457 in
1569 1403 1686 1460 tectum
1707 1396 1758 1458 in·

427 1496 542 1555 ruunt:
570 1490 605 1552 in
631 1490 701 1572 ipsa
721 1489 754 1552 vi
776 1487 870 1553 dolus
898 1498 955 1554 est.
998 1489 1159 1554 Occidunt
1177 1490 1342 1566 homines,
1375 1496 1495 1553 tectum
1518 1489 1664 1554 diruunt:
1697 1510 1757 1554 nec

427 1586 524 1649 bomo
557 1583 661 1648 occidi
686 1604 746 1648 nec
774 1583 921 1648 consulto
948 1584 1041 1649 alteri
1068 1585 1218 1648 damnum
1246 1584 1315 1649 dari
1343 1585 1414 1648 sine
1436 1582 1512 1646 dolo
1534 1584 1618 1647 malo
1641 1591 1795 1668 potestte

426 1682 511 1761 Ergo
532 1678 562 1742 si
584 1698 695 1743 omnes
716 1685 823 1762 partes
845 1687 921 1744 sunt
941 1681 1116 1755 eiusmodi,
1137 1688 1173 1742 ut
1194 1680 1227 1742 in
1243 1677 1377 1760 singulis
1393 1676 1488 1740 dolus
1502 1678 1604 1741 malus
1618 1678 1757 1754 haereat,

410 1773 610 1838 runiversam
641 1793 709 1837 rem
741 1780 773 1837 et
804 1780 907 1837 totum
937 1773 1061 1839 facinus
1090 1776 1159 1840 sinc
1189 1776 1264 1839 dolo
1291 1774 1376 1838 malo
1404 1771 1522 1836 iactum
1552 1771 1756 1836 iudicabitis?

427 1866 478 1932 35.
502 1866 591 1943 Quid
611 1866 653 1930 ad
673 1867 753 1931 baec
775 1866 971 1943 Quinctius?
1008 1870 1090 1935 Sane
1120 1870 1200 1934 nihil
1222 1877 1344 1934 certum
1365 1887 1472 1951 neque
1492 1886 1608 1942 unum,
1637 1864 1671 1928 in
1692 1883 1756 1949 quo

427 1984 493 2029 non
514 1961 613 2026 modo
634 1963 752 2046 possit,
773 1982 884 2028 verum
905 1969 997 2045 potet
1017 1983 1052 2026 sc
1072 1984 1168 2048 posse
1192 1965 1376 2028 consistere.
1410 1961 1550 2025 Primum
1571 1959 1657 2022 enim
1677 1958 1758 2022 illud

427 2059 555 2134 iniecit,
576 2056 659 2121 nihil
680 2076 776 2141 posse
798 2056 873 2120 dolo
895 2056 979 2120 malo
1000 2056 1140 2123 familiae
1161 2056 1240 2124 lieri.
1285 2058 1355 2121 Hoc
1376 2057 1449 2120 loco
1471 2075 1538 2120 non
1559 2055 1663 2119 solum
1681 2053 1794 2118 fecitte

426 2163 464 2220 ut
491 2153 679 2219 defenderet
707 2151 855 2226 Fabium,
884 2151 941 2215 sed
964 2158 1001 2215 ut
1022 2153 1153 2217 omnino
1174 2152 1397 2217 huiuscemodi
1418 2151 1538 2215 iudicia
1560 2150 1757 2214 dissolveret.

426 2252 507 2312 llam
529 2249 558 2311 si
580 2247 670 2312 venit
690 2246 724 2310 id
745 2247 779 2308 in
800 2246 955 2310 iudicium
976 2247 1016 2311 de
1037 2245 1175 2322 familia,
1197 2247 1286 2331 quod
1307 2245 1438 2310 omnino
1454 2243 1575 2308 familia
1590 2244 1679 2309 nulla
1700 2263 1758 2327 po·

426 2351 490 2409 test
510 2343 726 2416 committere,
748 2341 872 2404 nullum
894 2350 943 2405 est
956 2341 1129 2420 iudicium
1150 2342 1356 2406 absolvantur
1370 2360 1480 2404 omnes
1495 2338 1536 2403 de
1550 2337 1648 2403 simili
1661 2359 1759 2404 cause

426 2459 560 2505 neeesse
583 2444 641 2501 est
684 2432 736 2497 36.
757 2434 827 2498 Hoc
850 2436 968 2511 solum,
997 2437 1083 2501 bona
1103 2436 1285 2501 mehercule
1303 2435 1380 2517 fide,
1403 2434 1430 2498 si
1452 2433 1515 2496 boo
1537 2433 1640 2498 solum
1663 2441 1757 2511 esset,

427 2546 535 2600 tamen
555 2551 632 2607 vos,
661 2530 741 2594 tales
763 2529 839 2603 viri,
867 2530 954 2594 nolle
977 2531 1135 2595 deberetis
1157 2531 1328 2594 maximam
1348 2549 1431 2603 rem,
1460 2528 1663 2593 coniunctam
1684 2538 1795 2592 eumue

427 2647 552 2694 summa
573 2647 608 2690 re
630 2625 758 2710 publica
779 2623 980 2708 fortunisque
1002 2624 1218 2708 priuatorum,
1251 2622 1488 2689 severissimum
1515 2622 1670 2686 iudicium
1691 2642 1759 2686 ma·

427 2725 580 2807 ximaque
601 2721 727 2784 ratione
749 2720 961 2802 compositum
987 2739 1045 2803 per
1066 2739 1124 2784 vos
1145 2719 1247 2784 videri
1269 2739 1341 2783 esse
1362 2716 1563 2781 dissolutum.
1607 2717 1670 2780 Sed
1692 2736 1757 2781 non

428 2819 461 2882 id
482 2814 588 2881 solum
610 2815 715 2898 agitur
990 2896 1009 2934 ⁸
1084 2896 1103 2934 ἰ,
1179 2894 1198 2932 .

428 2989 490 3054 boc
511 2987 667 3052 iudicium
689 2984 736 3050 sic
757 2993 973 3070 exspectatur,
996 2992 1118 3049 utnon
1140 3002 1224 3047 unae
1238 2982 1286 3048 rei
1308 2983 1422 3060 statui,
1443 2981 1501 3048 sed
1517 2982 1665 3049 omnihus
1680 3000 1758 3048 con-

430 3080 518 3146 stitui
541 3088 672 3165 putetur
993 3113 1011 3151 s
1087 3113 1106 3151 s
1182 3112 1200 3150 s
1765 3105 1795 3154 tt

494 3263 518 3310 6.
533 3259 668 3309 delitum
678 3259 710 3309 T:
729 3259 867 3309 delitam
878 3258 1024 3309 PBOllK.
1045 3257 1083 3309 Cl.
1098 3271 1124 3322 p.
1139 3257 1253 3308 Caecina
1264 3256 1290 3320 5.
1303 3256 1343 3306 66.
1357 3255 1398 3306 66.
1411 3254 1445 3305 66
1460 3254 1535 3306 deor.
1548 3257 1602 3306 nat.
1615 3256 1647 3306 11.
1658 3255 1700 3315 26,
1713 3255 1756 3309 et.

428 3335 469 3397 68,
482 3334 540 3384 686.
559 3335 656 3384 Fronto
668 3332 711 3384 ed.
723 3334 798 3384 Rom.
812 3347 837 3382 a.
851 3332 924 3384 6866.
937 3345 963 3397 p.
974 3334 1026 3391 7⁰4
1045 3333 1108 3382 item
1120 3333 1277 3382 conticiscere
1287 3330 1370 3382 Plani.
1383 3330 1480 3381 Bacch.
1491 3329 1516 3390 6,
1527 3330 1552 3392 6,
1561 3330 1603 3382 28.
1622 3328 1673 3381 blil.
1687 3327 1720 3392 gl.
1731 3330 1756 3392 8,

428 3410 453 3472 6,
465 3409 507 3460 bb.
526 3408 593 3459 liud.
606 3411 632 3470 6,
645 3411 670 3470 2,
683 3409 724 3459 69.
742 3411 797 3459 Liv.
811 3409 836 3469 2,
848 3408 889 3459 29.
903 3411 943 3459 66.
962 3408 987 3470 6,
1002 3411 1025 3459 6.
1044 3409 1132 3458 Front.
1149 3420 1175 3472 p.
1196 3407 1252 3457 669.
1267 3407 1322 3456 666.
1341 3406 1574 3456 resumerent.
1588 3407 1681 3457 licant.
1694 3404 1719 3464 3,
1732 3404 1756 3466 6,

429 3489 452 3536 6.
471 3486 560 3535 Proui.
579 3497 605 3549 p.
619 3485 676 3535 663.
696 3512 724 3521 -
743 3485 767 3534 8.
786 3498 851 3548 quos
866 3486 978 3548 [6666666
994 3495 1086 3534 errore
1104 3482 1221 3547 quodam
1237 3492 1291 3531 om.
1310 3480 1371 3530 iili.
1387 3505 1415 3516 —
1433 3482 1506 3531 beet
1521 3481 1610 3531 ΤΡΗ.
1625 3507 1653 3516 -
1673 3479 1759 3543 666666-

428 3557 626 3610 tutimiilotrius
637 3573 643 3607 :
656 3559 792 3622 6669666666
803 3560 909 3616 Tritis,
922 3557 1130 3622 6666666680.
1147 3582 1174 3593 -
1188 3557 1213 3606 6.
1224 3554 1454 3620 666666ΤΡΒΙΤΚ.
1469 3583 1496 3593 -
1511 3555 1715 3617 cucurreris.
1728 3581 1757 3590 -

428 3635 453 3687 8.
466 3633 702 3696 neutram·
717 3634 757 3683 66.
770 3632 847 3697 Erpo]
862 3671 868 3683 .
884 3646 932 3683 .oo
944 3634 972 3683 T.
983 3662 1010 3673 -
1023 3633 1276 3696 comparesset]
1288 3632 1413 3683 Boethius
1424 3632 1605 3696 6666666666
1617 3643 1644 3696 p.
1657 3629 1699 3681 23.
1713 3628 1756 3679 ed.

428 3710 510 3761 Paris.
523 3721 548 3759 a.
562 3707 643 3760 teti:
662 3708 733 3759 siloc
752 3709 834 3759 etiam
851 3721 899 3772 pro
916 3710 951 3759 bl.
964 3708 1045 3760 'lollio
1063 3711 1137 3760 66666
1154 3709 1274 3772 (Cicero),
1293 3706 1339 3758 ubi
1356 3719 1406 3772 per
1416 3708 1645 3758 enumerationem
1662 3703 1759 3755 modo·

428 3796 497 3846 rum,
515 3797 566 3851 per
576 3797 644 3848 quos
661 3783 690 3834 tit
707 3783 783 3835 dolus
801 3782 896 3845 maius,
916 3783 1033 3835 definitio
1050 3786 1085 3835 ita
1099 3784 1141 3845 tit,
1159 3787 1189 3835 ut
1204 3781 1313 3846 singulis
1329 3781 1472 3846 speciebus
1483 3781 1560 3833 dolus
1571 3779 1657 3832 melus
1674 3781 1759 3846 possit

429 3861 564 3928 agnosci.»
582 3859 661 3911 lulius
677 3860 768 3910 Victor
783 3874 811 3924 p.
825 3859 881 3910 866.
894 3873 920 3909 v.
931 3859 1019 3910 3266.
1033 3871 1073 3909 6.;
1099 3857 1188 3908 «ldem
1206 3858 1307 3920 (Cicero
1324 3869 1373 3921 pro
1389 3858 1424 3907 il.
1437 3855 1544 3919 Tullio):
1563 3856 1647 3906 666666
1661 3855 1759 3906 molum

429 3951 492 4000 esse,
510 3935 684 4000 amramitis
700 3939 803 3985 emisio
818 3936 863 3994 eit,
881 3948 939 3984 cum
955 3935 989 3984 66
1003 3934 1055 3984 vim
1070 3935 1178 3993 6666666,
1196 3947 1253 3983 cren
1268 3935 1390 3982 66666666
1404 3932 1541 3983 interlecti.»
1567 3931 1641 3983 ldem
1657 3946 1684 3996 p.
1697 3933 1756 3983 869.

428 4025 455 4063 v.
467 4012 515 4062 st:
536 4010 585 4061 «nt.
605 4008 702 4061 'tullius
719 4009 808 4061 dolum
826 4011 897 4061 circa
914 4023 1006 4061 servos
1023 4011 1052 4059 P.
1071 4008 1143 4059 Fabii
1160 4007 1277 4059 definivit
1293 4021 1326 4058 ex
1342 4021 1388 4068 eo,
1407 4007 1479 4072 quod
1496 4008 1610 4059 insidiati
1620 4009 1699 4059 sint·
1717 4007 1756 4060 cl.

427 4087 537 4151 u'lsq
552 4113 580 4122 -
595 4086 635 4137 63.
649 4086 932 4149 octodurTPboillt.
951 4084 1009 4134 Vid.
1023 4083 1093 4148 adp.
1107 4084 1148 4134 89.
1161 4085 1221 4134 v.t.
1237 4111 1264 4120 -
1284 4082 1324 4134 66.
1336 4095 1437 4134 reims
1450 4086 1454 4141 Ι
1468 4085 1640 4134 r.c.rT.-
1656 4083 1696 4135 68.
1708 4098 1759 4138 uss

433 4173 510 4214 ..66
525 4171 600 4212 cersi
615 4161 649 4221 Τ,
676 4160 706 4209 de
721 4160 796 4210 666666
812 4172 891 4210 causo
905 4173 964 4210 reae
981 4160 1114 4222 Kayserus
1130 4156 1147 4208 l.
1166 4156 1183 4209 l.
1202 4172 1229 4223 p.
1243 4159 1299 4209 686.
1320 4185 1348 4196 -
1367 4157 1407 4208 69.
1425 4157 1491 4208 borae
1505 4159 1641 4210 6666666666
1656 4161 1759 4225 66666

429 4238 496 4289 itit:
516 4233 830 4296 boscoseberculesiTP,
849 4234 925 4297 6666,
943 4233 1089 4293 mehercule,
1110 4236 1168 4284 rest
1184 4233 1273 4294 siBO,
1292 4232 1362 4293 besse,
1379 4232 1545 4283 mehercules!
1561 4233 1755 4286 simetrius.-

428 4313 468 4364 26.
487 4310 547 4362 tulis
560 4310 612 4359 oiri
627 4310 691 4361 solie
707 4309 822 4360 deestis
838 4310 895 4371 TP,
914 4310 976 4360 tates
989 4310 1049 4370 oiri,
1066 4308 1131 4359 66666
1151 4310 1264 4360 dueretis
1280 4309 1311 4359 H.
1336 4306 1440 4359 Kellcro
1457 4312 1547 4360 tamen
1563 4310 1660 4362 iterum
1676 4313 1757 4375 atque

429 4389 526 4437 iterum
542 4384 692 4449 inspicienti
704 4398 756 4435 non
767 4383 898 4450 liquebat,
917 4386 1006 4435 utrum
1017 4385 1079 4434 tetes
1089 4387 1117 4434 et
1127 4384 1244 4435 deberetis
1254 4382 1342 4447 (Bou)
1355 4397 1389 4434 en
1400 4385 1458 4434 tetis
1469 4387 1496 4435 ei
1506 4386 1620 4438 66666666
1629 4388 1759 4452 scriptum

429 4464 509 4514 esset.
525 4488 553 4499 -
572 4462 613 4512 86.
626 4474 655 4512 re
670 4461 825 4523 fortunisque
835 4461 883 4511 Pii
894 4460 924 4510 ll.
943 4462 1081 4524 Peyronus
1093 4460 1164 4510 euim
1181 4460 1208 4510 iu
1220 4459 1312 4510 codice
1324 4459 1362 4510 sic
1374 4457 1483 4522 legeret.
1501 4460 1555 4511 Sed
1564 4461 1683 4514 Kellerus
1694 4475 1758 4527 per-

429 4538 516 4604 spexit
528 4535 650 4587 codicem
661 4535 764 4587 babere
779 4547 985 4597 arraonrrrrrso,
1003 4548 1084 4599 quam
1100 4533 1242 4586 lectionem
1259 4534 1424 4585 divinaverat
1434 4533 1552 4587 orellius.
1567 4565 1594 4574 -
1612 4538 1654 4587 88.
1674 4549 1759 4588 nonar

428 4612 609 4678 superscripta
626 4610 728 4675 syliabe
746 4624 775 4660 ra
791 4611 825 4673 Τ,
850 4611 977 4661 oiderettsr
992 4611 1052 4662 Pil.
1071 4635 1099 4647 -
1123 4610 1165 4662 83.
1182 4608 1276 4674 opitu]
1294 4610 1323 4660 ln
1340 4609 1391 4659 boc
1406 4608 1537 4660 vocabulo
1554 4610 1650 4662 desinit
1665 4610 1757 4662 lolium

428 4688 591 4739 taurinense
609 4687 743 4751 quintum,
763 4687 831 4736 inter
848 4686 920 4750 quod
938 4688 965 4736 et
982 4687 1086 4736 sextum
1103 4687 1232 4749 quantum
1249 4684 1331 4745 desit,
1350 4685 1412 4735 sciri
1429 4698 1482 4736 uon
1498 4686 1595 4750 potest.
1619 4688 1706 4750 opitssr
1722 4685 1758 4750 [ie

428 4764 473 4814 ioe
488 4762 595 4824 6666666,
616 4762 810 4824 6666666666,
837 4766 865 4811 ut
880 4762 915 4812 it.
936 4760 1088 4823 Ttdliusper
1102 4761 1260 4811 6666666666
1274 4772 1348 4809 muers
1363 4760 1403 4810 666
1418 4765 1499 4810 terreat
1514 4765 1589 4824 etque
1603 4762 1724 4811 inierim
1739 4774 1758 4811 6

428 4841 455 4890 Ρ.
472 4837 546 4889 Fodit
561 4836 662 4901 [666666
676 4836 772 4900 [octoni
785 4840 964 4899 persequetur,
984 4836 1080 4901 cenem]
1104 4837 1149 4887 boc
1165 4837 1214 4887 ΒΟ
1231 4848 1326 4900 parum
1342 4833 1523 4900 probabiliter.
1543 4862 1570 4871 —
1595 4835 1637 4886 26.
1654 4835 1700 4884 boc
1715 4834 1757 4883 iu-

429 4914 522 4964 dieissm
538 4913 601 4975 666]
619 4913 739 4962 Servant
754 4911 807 4964 boc
824 4912 1013 4976 fragmentum,
1033 4912 1106 4977 quod
1121 4913 1224 4978 primus
1240 4912 1349 4963 Beierus
1364 4912 1408 4962 bic
1423 4912 1547 4973 inseruit,
1565 4912 1713 4962 Prisciaw
1730 4910 1755 4973 6,

430 4991 454 5051 6,
469 4988 494 5039 b,
512 5000 541 5053 p.
552 4987 611 5038 826.
630 4987 729 5039 brebi:
749 4988 861 5052 «ltaque
878 5000 931 5037 uon
948 4985 1035 5039 solum
1051 5002 1117 5050 666,
1134 4988 1220 5050 usius,
1237 4988 1298 5049 uni,
1315 4986 1365 5038 sed
1381 4988 1461 5037 etiam
1476 4987 1551 5036 buius
1567 4988 1594 5036 et
1609 4985 1666 5034 huic
1680 4997 1755 5046 6666,

431 5068 458 5117 66
473 5064 594 5117 similiter
609 5065 684 5125 66666,
702 5065 798 5128 nultos,
816 5067 894 5127 soloe,
912 5071 990 5129 truse,
1009 5065 1088 5126 66666,
1107 5063 1203 5115 cucco
1217 5063 1244 5114 in
1255 5076 1306 5114 usu
1323 5064 1470 5127 antiquiore
1481 5061 1638 5112 invenimus.
1662 5059 1755 5110 Cicero

430 5152 479 5204 pro
495 5140 530 5191 it.
549 5137 648 5191 Tullio:
672 5142 725 5191 iloc
740 5141 859 5192 iudicium
876 5143 945 5194 cet.»
966 5169 993 5178 -
1019 5140 1064 5190 uni
1079 5138 1127 5190 ΒΟ
1143 5152 1298 5205 perperam,
1323 5137 1351 5190 id
1369 5138 1441 5204 quod
1461 5139 1572 5203 apparet
1588 5149 1620 5186 ex
1632 5136 1757 5187 Prisciani

430 5213 529 5265 verbis.
553 5214 591 5266 ct.
610 5214 704 5266 Halmii
721 5214 795 5266 Auel.
811 5210 877 5269 'iuli
890 5220 910 5270 1.
928 5231 955 5284 p.
970 5217 1008 5267 62.
1024 5244 1051 5253 -
1070 5215 1111 5266 86.
1126 5214 1237 5279 mosim]
1263 5216 1325 5265 Post
1343 5214 1396 5266 boc
1415 5213 1595 5278 fragmentum
1614 5210 1697 5262 verba
1713 5212 1756 5263 vt-

432 5289 525 5342 ctorini
542 5290 569 5340 in
585 5289 755 5347 adnotatione
771 5292 807 5346 ad
823 5293 847 5360 5.
865 5294 906 5347 88.
925 5294 1058 5359 exscripta
1077 5292 1247 5344 inseruerunt
1261 5289 1320 5343 Bo.

472 5381 638 5434 66616616.
1525 5378 1547 5447 7
