4367 6109
731 625 883 695 omno
903 627 982 694 rao
1003 626 1045 694 u.
1067 625 1215 695 annuo
1244 624 1300 713 sn.
1323 623 1428 692 t-t.

413 806 624 886 posteaquam
645 785 710 864 nod
731 799 827 863 modo
849 796 1012 864 consessus
1035 806 1083 865 est
1104 799 1153 863 vir
1172 799 1358 882 primarius,
1390 799 1425 862 L.
1448 797 1611 874 Quinctius
1633 843 1641 860 .
1663 841 1672 860 .
1695 793 1736 860 .'

415 1126 1021 1148 ....................
1051 1082 1251 1155 laborabam,
1284 1089 1335 1157 ut,
1367 1082 1454 1165 quod
1484 1081 1669 1165 arguebam,
1701 1029 1736 1142 id

413 1176 534 1244 factum
554 1196 625 1241 essa
646 1176 864 1253 ostenderem
886 1195 971 1240 nunc
992 1177 1026 1239 in
1048 1196 1087 1239 eo
1109 1175 1324 1240 consumenda
1345 1182 1394 1238 ast
1415 1175 1534 1252 oratio,
1562 1184 1600 1241 ut
1619 1197 1660 1240 no
1682 1174 1738 1241 ad·
1759 1190 1775 1240 t

415 1271 564 1347 samarii,
593 1272 681 1356 quod
710 1268 838 1336 infitiari
863 1270 953 1336 nullo
975 1271 1070 1334 modo
1092 1276 1282 1353 potuerunt,
1315 1289 1386 1332 cum
1409 1271 1544 1335 maxime
1567 1272 1737 1354 cuperent,

416 1365 448 1432 id
470 1385 543 1429 oum
565 1365 703 1430 confessi
725 1373 814 1440 sunt,
837 1364 968 1429 meliore
989 1363 1061 1427 loco
1084 1384 1153 1429 esse
1175 1363 1352 1427 uideantur.

499 1456 530 1525 2.
552 1461 665 1546 ltaque
686 1468 752 1524 tum
772 1467 911 1524 vestrum
934 1455 1096 1522 difficilius
1117 1457 1288 1531 iudicium,
1310 1476 1382 1522 mea
1394 1455 1496 1522 facilis
1511 1456 1654 1522 defensio
1667 1455 1737 1521 iore

415 1555 592 1620 videbatur.
633 1556 702 1638 Ego
724 1554 808 1619 anim
831 1555 938 1620 omnia
959 1554 994 1617 in
1015 1553 1141 1618 testibus
1165 1595 1736 1617 ...................

416 1882 1026 1904 ....................
1049 1837 1127 1922 quid
1155 1845 1204 1901 est
1232 1834 1375 1911 facilius,
1408 1856 1504 1920 quam
1531 1835 1571 1900 de
1593 1855 1649 1910 eo,
1682 1833 1739 1918 qui

416 1931 603 2008 confitetur,
625 1933 788 1998 iudicaret
822 1933 901 1997 Mihi
923 1940 1028 1996 autem
1050 1928 1179 1996 difficile
1201 1938 1250 1995 est
1271 1931 1346 1995 satis
1368 1931 1499 2014 copiose
1514 1930 1554 1993 de
1569 1948 1608 1992 ao
1624 1929 1738 2001 dicere,

416 2027 504 2113 quod
525 2048 586 2092 nec
607 2027 747 2092 atrocius
767 2028 872 2092 verbis
895 2026 1104 2091 demonstrari
1126 2032 1247 2109 potest,
1276 2044 1372 2109 quam
1393 2045 1427 2088 re
1449 2024 1520 2107 ipsa
1541 2029 1606 2098 est,
1633 2041 1738 2104 neque

415 2123 559 2206 apertius
581 2121 725 2186 oratione
747 2141 817 2189 mea
838 2120 924 2196 fieri,
948 2140 1043 2206 quam
1064 2120 1207 2203 ipsorum
1230 2119 1430 2183 confessione
1450 2117 1569 2183 iactum
1590 2126 1648 2182 ast.
1748 2134 1776 2182 ta

500 2214 531 2279 3.
556 2213 635 2279 Cum
658 2217 692 2280 in
714 2215 774 2280 bac
795 2237 846 2290 re,
869 2236 964 2301 quam
986 2214 1244 2288 commemoravi,
1266 2213 1344 2277 mihi
1366 2212 1516 2277 mutanda
1533 2212 1615 2278 ratio
1631 2208 1740 2274 delen·

415 2595 522 2659 minus
543 2593 713 2676 diligenter
733 2593 819 2659 illins
841 2594 1124 2668 existimationem,
1155 2611 1250 2676 quam
1271 2611 1338 2655 rem
1358 2593 1399 2655 bl.
1422 2590 1518 2654 Tullii
1538 2590 1663 2654 viderer
1685 2589 1775 2653 de-so

415 2688 557 2753 tendere.
593 2688 684 2751 Nunc
706 2689 858 2773 quoniam
880 2687 1050 2765 Quinctius
1071 2687 1111 2750 ad
1135 2707 1261 2753 oausam
1282 2686 1442 2770 pertinere
1461 2687 1600 2769 putavit,
1622 2705 1673 2748 res
1694 2684 1740 2750 iu

417 2781 550 2855 multas,
571 2778 668 2847 falsas
688 2784 875 2867 praesertim
897 2789 929 2845 et
949 2783 1059 2867 inique
1074 2778 1241 2857 confictas,
1263 2781 1404 2864 proferre
1420 2781 1459 2844 do
1474 2782 1539 2844 vita
1552 2788 1584 2843 et
1598 2778 1738 2846 moribus

417 2883 448 2941 et
469 2875 706 2940 existimatione
727 2878 770 2941 it.
793 2877 906 2951 Tullii,
940 2875 1047 2940 multis
1077 2876 1116 2939 de
1138 2875 1242 2938 causis
1264 2874 1342 2938 mihi
1364 2875 1479 2939 Fabius
1502 2875 1629 2939 debebit
1649 2875 1740 2956 igno·

418 2990 521 3045 scere,
544 2969 571 3033 si
592 2969 698 3035 minus
714 2971 783 3036 eius
797 2971 899 3036 lamas
921 2991 1050 3054 parcere
1065 2970 1214 3045 videbor,
1237 2989 1332 3053 qnam
1348 2976 1442 3033 antea
1455 2969 1612 3032 consului.
1642 2963 1672 3030 l.
1687 2967 1738 3029 Pri

482 3391 507 3440 i.
527 3387 665 3453 Quinctius]
687 3390 750 3440 Post
766 3388 844 3440 huius
861 3390 935 3442 vocis
951 3391 1065 3456 primam
1083 3388 1212 3454 syllabam
1229 3390 1328 3441 desunt
1342 3404 1436 3443 versus
1453 3405 1499 3442 sex
1517 3392 1672 3442 octonarum
1690 3389 1739 3441 de-

417 3476 510 3516 narum
528 3463 584 3514 iere
601 3462 756 3515 litterarum.
783 3468 846 3516 Pars
864 3467 935 3516 enim
951 3468 1030 3531 primi
1046 3464 1099 3517 tolii
1110 3466 1290 3526 Taurinensis,
1309 3465 1381 3530 quod
1399 3469 1524 3531 quattuor
1533 3465 1662 3518 columnis
1673 3479 1740 3517 con-

417 3543 482 3601 stat,
506 3537 592 3591 cultro
611 3538 719 3591 desecta
743 3544 795 3602 esi,
822 3542 892 3593 unde
916 3543 984 3594 baec
1001 3545 1028 3592 et
1043 3544 1099 3592 tres
1115 3542 1258 3604 sequentes
1275 3538 1385 3591 lacunae
1403 3543 1477 3592 ortae
1494 3544 1564 3590 sunt.
1592 3539 1738 3604 Quinictiaa,

415 3630 502 3666 aaran
518 3615 595 3666 etiam
610 3616 663 3666 eiua
679 3621 747 3666 meter
760 3619 910 3681 profitentur
926 3617 1095 3681 apertissime,
1117 3615 1187 3664 uideo
1209 3614 1287 3663 aliam
1306 3615 1366 3664 miiu
1389 3615 1533 3678 defenuonis
1548 3615 1617 3665 uiam
1632 3629 1682 3666 erae
1698 3616 1740 3665 in-

417 3692 533 3742 eundam,
559 3690 639 3741 Antea
655 3693 721 3742 enin
735 3693 762 3742 in
779 3707 807 3743 eo
823 3694 979 3759 la]borabam
995 3694 1023 3753 P,
1043 3688 1181 3754 Quiuictiua
1196 3688 1335 3753 (Quinctius
1345 3689 1365 3739 T
1377 3688 1401 3753 ᾗ.
1415 3689 1439 3738 3.
1453 3688 1493 3738 37.
1513 3690 1657 3751 Quintiusd
1676 3691 1699 3756 s.
1713 3691 1738 3742 6.

416 3769 436 3818 ‘l
453 3767 478 3832 g.
490 3765 532 3817 35.
550 3767 577 3815 et
594 3765 754 3831 Oubiquei,
772 3769 814 3817 sed
829 3770 882 3831 ipae
892 3771 919 3820 P.
932 3769 1023 3819 Fabius
1034 3780 1084 3817 non
1095 3764 1217 3814 dubitauit
1227 3764 1285 3826 bor,
1303 3765 1369 3827 quod
1379 3765 1510 3828 arparitur,
1527 3767 1650 3831 confiteri,
1668 3765 1741 3829 ioppe

416 3844 471 3894 ntia
485 3842 585 3892 ratione
596 3842 631 3891 ad
646 3843 769 3906 apendam
786 3857 888 3894 canaam
903 3845 988 3906 cento,
1006 3847 1081 3905 atque
1097 3841 1167 3890 initio
1182 3853 1307 3890 veneram.
1338 3840 1397 3890 Tun
1414 3840 1479 3890 enim
1495 3841 1524 3891 de
1540 3855 1568 3892 eo
1584 3841 1740 3908 ianorabam

416 3918 477 3977 ΒΟ,
497 3916 650 3981 (tuin[ctiua,
668 3919 710 3967 aed
726 3922 749 3968 ei
765 3919 850 3968 iuuari
866 3919 913 3969 bac
928 3919 1077 3983 contrariosa
1092 3929 1197 3966 causam
1213 3928 1285 3964 mam
1299 3916 1413 3978 putauit,
1438 3916 1509 3965 uideo
1525 3915 1603 3964 aliam
1618 3915 1678 3964 anui
1695 3915 1739 3965 de-

416 3992 533 4058 (meionis
547 3992 617 4040 uiam
632 4005 683 4042 ease
698 3993 840 4044 ineundam.
868 3994 946 4046 Antea
962 3996 1026 4045 enim
1042 3993 1069 4041 in
1085 4005 1114 4042 eo
1130 3990 1286 4053 laborabam
1303 3990 1325 4040 H
1342 3990 1368 4039 in
1380 3989 1548 4041 adnotatione
1560 3988 1619 4040 coll.
1631 4004 1658 4056 p.
1671 3991 1741 4041 Cae-

417 4068 475 4119 cina
492 4066 518 4129 2,
536 4065 561 4116 l.
581 4066 670 4118 ·cont.
690 4066 761 4118 Plinii
778 4069 825 4133 Ep.
841 4069 881 4120 tv.
894 4069 927 4118 9:
944 4072 1004 4121 Rea
1019 4068 1178 4131 manifestam
1194 4066 1299 4130 infitiari
1315 4066 1428 4130 sapentia
1444 4071 1499 4115 erat
1514 4066 1620 4127 crinea,
1637 4079 1687 4116 non
1704 4067 1741 4116 di·

417 4142 529 4192 inentis·
542 4141 618 4191 Kena.
632 4167 659 4180 -
681 4142 704 4192 i.
718 4155 840 4196 conrasas
850 4145 878 4195 T.
894 4173 920 4181 -
939 4145 963 4196 8.
976 4157 1085 4194 orestem
1100 4147 1105 4201 1
1119 4153 1303 4192 nrusnrrorcrut
1314 4140 1342 4190 T.
1358 4167 1385 4176 -
1399 4139 1423 4190 9.
1436 4138 1625 4192 Desiderantur
1635 4144 1739 4205 sepiem

417 4229 520 4277 versus,
540 4228 679 4279 equorum
697 4218 783 4281 primo
795 4216 897 4282 syllaba
914 4232 959 4272 rsa
976 4221 1080 4271 servata
1092 4219 1141 4268 esi.
1160 4217 1218 4267 vid.
1232 4216 1265 4266 ad
1277 4230 1302 4266 v.
1317 4217 1340 4265 i.
1360 4214 1468 4279 tentibus
1480 4216 1615 4278 ponebam,
1634 4229 1741 4279 pronam

416 4293 466 4355 ipsc
488 4303 619 4341 conseratur
639 4293 711 4353 puori
733 4296 854 4359 conytatua
874 4295 1002 4344 iudicandi
1023 4307 1122 4345 moram
1137 4292 1204 4342 uobis
1220 4290 1353 4342 iniiciebat.
1379 4291 1410 4341 At
1425 4291 1542 4355 conieuio
1558 4292 1698 4341 dommi-ii
1713 4293 1741 4340 in

416 4380 455 4416 me
469 4366 507 4416 rei
524 4364 694 4430 difficultatem
710 4369 846 4418 transtulit.
864 4368 961 4419 Etenim
977 4369 1036 4431 quid
1052 4370 1080 4429 P,
1099 4366 1207 4431 teritibua
1220 4366 1342 4429 ponebam
1359 4372 1447 4429 arura,
1466 4379 1533 4415 nunc
1547 4366 1575 4415 in
1591 4367 1740 4431 consessione

418 4440 577 4489 advesarii:
594 4440 665 4490 arrisu
680 4442 707 4490 in
722 4442 748 4490 oi
764 4443 900 4505 summae,
919 4444 946 4492 in
962 4444 1053 4493 iudicio
1069 4443 1236 4506 impudentiae
1252 4441 1366 4492 obsistere
1381 4456 1432 4492 non
1447 4443 1527 4492 nostri
1543 4441 1648 4506 inperii,
1665 4441 1740 4491 cestr-i

417 4515 508 4566 araldi
524 4519 567 4565 eet.
593 4514 669 4581 Nam]
686 4517 747 4578 quid
761 4518 826 4579 ΒΟ,
845 4517 952 4582 teaitibua
968 4532 1024 4568 erun
1037 4532 1168 4581 ponerer,
1185 4518 1260 4582 tacite
1275 4523 1364 4569 contra
1380 4518 1526 4583 inyttiautem
1537 4517 1648 4567 aumas
1658 4529 1738 4578 mam,

415 4604 458 4641 uos
473 4591 500 4640 in
516 4589 573 4652 ipsa
588 4591 735 4656 infitiatione
750 4594 891 4643 aduersarii
908 4593 1005 4656 aliquid
1020 4595 1131 4658 scrupuli
1146 4594 1271 4644 inventuri
1287 4594 1381 4644 eratis:
1401 4607 1467 4642 nure
1483 4597 1572 4643 contra
1587 4590 1662 4657 comt]
1681 4592 1740 4654 quid

417 4665 517 4729 Kayser
538 4665 564 4714 in
586 4665 692 4716 lleidelb.
710 4667 811 4717 tauros.
836 4668 908 4718 isat.
933 4681 960 4733 p.
979 4669 1037 4720 678.
1057 4697 1084 4705 —
1109 4667 1148 4718 46.
1167 4668 1270 4720 Desunt
1288 4671 1393 4732 septem
1410 4681 1513 4719 versus.
1541 4666 1600 4718 vid.
1618 4667 1652 4717 ad
1668 4680 1694 4715 v.
1714 4667 1737 4716 i.

416 4738 574 4804 desemioun,
592 4737 654 4803 [tum
670 4754 732 4805 erpa
747 4744 774 4792 P.
792 4742 898 4792 Fabium
910 4743 989 4805 paulo
1004 4743 1178 4793 eminandum
1194 4747 1229 4792 est
1244 4743 1274 4792 de
1290 4742 1335 4791 iiia
1346 4742 1459 4804 unitam,
1477 4754 1529 4802 pua
1541 4743 1628 4804 priore
1644 4741 1740 4792 actione

416 4815 501 4865 omnia
517 4826 565 4863 aua
580 4817 652 4865 tanto
669 4817 749 4866 studio
764 4817 803 4866 vei
818 4817 1033 4868 dissimulaveram
1048 4817 1087 4867 oei
1104 4829 1295 4878 emmauuam,
1316 4822 1345 4869 aa
1364 4815 1423 4882 nou]
1439 4817 1522 4866 minua
1538 4819 1570 4878 P,
1596 4816 1740 4879 &teudonis

416 4889 472 4954 leet,
491 4893 545 4939 tun
560 4888 749 4940 ouumncnn
763 4905 902 4956 parumper
917 4893 944 4943 in
960 4894 986 4943 P.
1005 4891 1081 4942 Fabio
1098 4892 1165 4941 illius
1181 4892 1287 4943 animate
1302 4905 1386 4954 meae,
1405 4905 1456 4954 oua
1468 4905 1528 4940 ratu
1541 4891 1627 4954 priore
1643 4889 1740 4941 actione

415 4966 528 5017 animam
548 4979 566 5016 a
588 4964 707 5016 laedendo
722 4979 870 5017 revocarant
885 4969 937 5031 ipae
952 4973 976 5019 et
991 4970 1156 5033 reyteanam,
1181 4970 1209 5024 nc
1224 4967 1283 5028 non]
1304 4967 1387 5016 minua
1402 4967 1466 5024 ΒΟ,
1492 4965 1649 5029 detmaionia,
1677 4965 1739 5027 [tam

414 5055 476 5107 erpa
491 5044 518 5094 P.
531 5041 637 5093 Fabium
649 5041 729 5104 panto
743 5046 905 5107 temperanda
921 5050 956 5096 eat
971 5044 1052 5094 nimia
1067 5042 1113 5093 iila
1129 5041 1231 5103 leniae,
1250 5055 1301 5104 pua
1316 5046 1392 5091 antea
1407 5041 1505 5104 samam
1521 5038 1587 5088 iliius
1602 5043 1671 5088 tanto
1682 5052 1739 5088 crum

414 5117 494 5167 audio
509 5116 549 5167 vei
565 5116 743 5167 mutuam
756 5117 796 5168 uei
811 5120 952 5168 mearam
967 5119 1096 5182 (comam,
1121 5121 1149 5165 ut
1164 5115 1223 5181 non]
1238 5117 1321 5166 minua
1337 5117 1358 5167 li
1377 5115 1472 5167 eadem
1489 5126 1541 5178 qua
1559 5115 1578 5164 P
1595 5115 1735 5176 sententia,

414 5206 482 5257 quae
500 5193 564 5244 satis
582 5195 655 5243 certa
673 5194 726 5252 est,
744 5191 793 5243 sed
810 5207 934 5246 sermone
951 5195 1035 5258 magis
1053 5192 1141 5243 latino.
1157 5220 1183 5229 -
1202 5191 1243 5241 20.
1263 5206 1339 5254 qnam
1355 5204 1436 5256 snpra
1453 5200 1562 5240 versum
1574 5187 1656 5238 habet
1666 5190 1694 5240 T.
1708 5217 1735 5227 -

413 5269 454 5319 2⁰.
466 5268 508 5319 23.
529 5267 591 5318 iulii
606 5267 751 5318 TPBHK.
767 5296 794 5305 -
812 5268 853 5320 tl.
873 5270 990 5321 «Desunt
1005 5281 1099 5321 versus
1116 5281 1163 5319 sex
1181 5267 1242 5331 (vid.
1254 5268 1289 5318 ad
1305 5282 1332 5318 v.
1346 5268 1379 5330 t.)
1398 5279 1459 5317 cum
1480 5262 1527 5315 408
1545 5264 1651 5315 circiter
1667 5263 1738 5316 litte·

414 5344 464 5406 ris,
480 5343 621 5410 praeterea
637 5344 736 5409 quanto
753 5343 780 5394 in
797 5342 904 5410 singrd‘n
920 5343 1088 5398 ambrosiani
1105 5341 1205 5398 codicis
1227 5340 1294 5395 loliis
1310 5341 1459 5395 litterarum
1476 5351 1604 5396 numerus
1621 5339 1737 5408 terniue
