4367 6109
759 585 832 652 cn.
854 587 1177 652 xxxia-xxm.
1204 585 1261 672 ss.
1283 583 1432 653 cc-ro.
1691 583 1754 652 ua

438 757 552 830 issent,
574 756 601 819 si
624 755 771 820 conducti
793 763 1002 831 sectarentur,
1024 758 1051 820 si
1074 756 1300 839 gladiatoribus
1322 755 1417 840 vulgo
1439 756 1529 820 Iocus
1550 756 1700 830 tributus,
1723 764 1755 821 et

437 851 512 913 item
532 849 665 931 prandia
687 850 714 912 si
735 849 830 931 vulgo
852 859 959 914 essent
979 849 1068 924 data,
1091 858 1199 913 contra
1224 849 1325 932 legem
1348 849 1549 932 Calpurniam
1570 848 1687 913 Iactum
1708 850 1755 914 vi·

438 941 534 1006 deri.»
572 942 655 1024 Ergo
685 943 729 1005 ita
755 949 882 1007 senatus
911 943 938 1006 si
959 944 1093 1017 iudicat,
1122 950 1230 1006 contra
1252 942 1354 1025 legem
1375 941 1458 1006 lacta
1478 942 1558 1005 baec
1578 941 1694 1016 videri,
1726 943 1754 1006 si

435 1035 518 1099 lacta
540 1035 619 1110 sint,
642 1037 797 1108 decernit,
828 1037 914 1117 quod
936 1036 1015 1098 nihil
1036 1056 1116 1118 opus
1138 1042 1202 1109 est,
1229 1036 1303 1098 dum
1326 1035 1502 1098 candidatis
1524 1053 1643 1097 morem
1664 1034 1754 1116 gerit.

437 1129 516 1189 Nam
537 1125 651 1191 lactum
673 1129 715 1192 sit
735 1148 852 1203 necne,
875 1129 1075 1193 vehementer
1097 1129 1278 1212 quaeritur:
1301 1129 1328 1191 si
1342 1127 1459 1191 lactum
1474 1135 1531 1201 est,
1554 1128 1632 1212 quin
1647 1135 1779 1192 contrat

437 1220 537 1302 legem
558 1221 601 1283 sit
622 1220 765 1284 dubitare
787 1241 879 1285 nemo
901 1229 1016 1304 potest
1058 1219 1109 1284 68.
1131 1223 1187 1285 Est
1208 1222 1305 1304 igitur
1326 1220 1510 1297 ridiculum,
1532 1220 1619 1307 quod
1636 1220 1756 1284 estdu·

436 1313 539 1387 bium,
560 1313 593 1375 id
615 1315 796 1399 relinquere
817 1316 988 1378 incertum:
1017 1314 1104 1399 quod
1125 1316 1244 1378 nemini
1266 1315 1396 1378 dubium
1417 1323 1630 1398 potestesse,
1651 1313 1685 1376 id
1706 1315 1755 1378 iu·

437 1407 551 1469 dicare.
590 1410 693 1492 Atque
721 1408 755 1471 id
782 1410 962 1473 decernitur
990 1409 1135 1472 omnibus
1164 1408 1397 1492 postulantibus
1425 1408 1618 1473 candidatis:
1651 1416 1687 1471 ut
1714 1428 1755 1471 ex

437 1507 564 1563 senatus
586 1502 746 1576 consulto,
777 1523 882 1585 neque
904 1505 992 1566 cuius
1013 1504 1264 1587 intersitneque
1287 1510 1396 1566 contra
1417 1523 1511 1587 quem
1534 1503 1591 1577 sit,
1621 1500 1755 1583 intelligi

437 1594 547 1675 possit
584 1594 690 1670 Quare
712 1596 790 1660 doce
812 1598 851 1659 ab
873 1598 908 1659 Ι..
930 1599 1060 1660 Murena
1085 1597 1140 1660 illa
1161 1616 1230 1660 esse
1251 1598 1435 1670 commissa,
1465 1604 1531 1660 tom
1553 1604 1678 1679 egomet
1698 1593 1793 1658 tibio

437 1695 545 1751 contra
567 1688 667 1771 legem
690 1692 855 1754 commissa
877 1711 945 1754 esse
969 1691 1151 1753 concedam.

520 1782 667 1844 XXXIII.
691 1785 806 1848 «Multi
827 1784 952 1848 obviam
974 1783 1159 1867 prodierunt
1174 1782 1214 1845 de
1228 1779 1392 1865 provincia
1406 1783 1589 1859 decedenti,
1612 1780 1756 1846 consula·

438 1885 504 1939 tum
525 1877 674 1959 petenti.»
711 1877 800 1942 Solet
821 1875 897 1942 fieri.
931 1877 1028 1940 Eccui
1051 1884 1155 1939 autem
1175 1896 1241 1939 non
1263 1876 1406 1959 proditur
1426 1880 1623 1941 revertenti?
1648 1877 1756 1952 «Quae

437 1970 497 2033 fuit
517 1971 578 2033 ista
599 1971 817 2035 multitudots
854 1973 1007 2043 Primum,
1030 1970 1055 2033 si
1079 1969 1135 2032 tibi
1157 1970 1249 2032 istam
1270 1970 1427 2034 rationem
1447 1991 1512 2034 non
1534 1990 1665 2056 possum
1685 1969 1756 2033 red·

438 2065 527 2138 dere,
550 2064 627 2148 quid
649 2064 745 2128 habet
765 2065 980 2128 admirationis
1003 2064 1057 2126 tali
1079 2064 1146 2126 viro
1169 2064 1367 2138 advenienti,
1397 2065 1565 2129 candidato
1588 2063 1756 2140 consulari,
1765 2078 1794 2125 lt

438 2159 561 2222 obviam
583 2159 725 2241 prodisse
747 2159 883 2222 multost
905 2158 991 2240 quod
1013 2157 1075 2219 nisi
1098 2165 1182 2219 esset
1201 2156 1335 2231 lactum,
1357 2159 1457 2240 magis
1478 2159 1655 2222 mirandum
1668 2159 1757 2222 vida-

438 2261 532 2318 retur.
576 2249 626 2315 69.
650 2252 756 2328 Quint
785 2253 813 2315 si
835 2253 928 2315 etiam
958 2251 1037 2315 illud
1059 2248 1187 2323 addam,
1217 2251 1303 2332 quod
1324 2273 1344 2314 a
1365 2253 1594 2316 consuetudine
1616 2273 1680 2317 non
1702 2255 1757 2320 ab·

437 2351 559 2425 horret,
579 2355 707 2430 rogatos
730 2366 799 2410 esse
821 2347 952 2419 multos,
975 2366 1051 2408 num
1074 2353 1129 2407 aut
1143 2344 1347 2406 criminosum
1362 2345 1403 2408 sit
1416 2354 1472 2409 aut
1485 2346 1672 2423 mirandum,
1693 2370 1757 2434 qua

439 2447 470 2508 in
499 2442 625 2506 civitate
656 2441 758 2523 rogati
786 2440 963 2503 infimorum
991 2438 1155 2501 homiuum
1183 2434 1265 2500 filios
1286 2458 1386 2522 prope
1408 2439 1447 2501 de
1469 2448 1562 2504 nocte
1584 2461 1625 2504 ex
1646 2443 1757 2507 ultima
1799 2445 1808 2463 ⁸

438 2556 532 2619 saepe
554 2534 630 2597 urbe
653 2534 824 2597 deductum
845 2533 953 2595 venire
975 2532 1149 2605 soleamus,
1173 2531 1206 2592 in
1229 2551 1266 2594 ea
1287 2552 1352 2594 non
1367 2552 1437 2595 esse
1454 2539 1600 2616 gravatos
1614 2534 1794 2600 hominess)

438 2630 564 2713 prodire
592 2627 671 2690 hora
702 2627 793 2690 tertia
820 2627 853 2688 in
883 2645 1026 2708 campum
1051 2624 1217 2697 Martium,
1246 2625 1432 2706 praesertim
1455 2627 1526 2689 talis
1547 2627 1608 2691 viri
1628 2629 1757 2692 nomina

438 2725 587 2806 rogatos?
619 2720 725 2796 Quidt
747 2721 774 2782 si
797 2739 906 2781 omnes
928 2719 1094 2781 societates
1116 2724 1287 2792 venerumt,
1310 2739 1444 2802 quarum
1467 2740 1507 2782 ex
1520 2741 1653 2784 numero
1667 2722 1757 2786 multi

437 2818 489 2879 hic
511 2815 623 2878 sedeat
643 2814 783 2887 iudices,
812 2815 911 2897 quidl
942 2814 968 2876 si
989 2813 1079 2875 multi
1100 2812 1246 2875 homines
1267 2813 1367 2875 nostri
1389 2813 1510 2877 ordInis
1530 2814 1757 2891 honestissimi,

438 2909 536 2993 quidt
558 2908 585 2971 si
607 2907 662 2970 illa
684 2903 929 2981 officiosissima,
951 2927 1033 2991 quae
1055 2907 1214 2969 neminem
1235 2907 1353 2989 patitur
1370 2926 1436 2969 non
1449 2906 1584 2972 honeste
1598 2908 1633 2971 in
1645 2909 1756 2973 urbem

437 3003 584 3076 introire,
607 3008 672 3064 tota
692 3001 779 3065 natio
794 3001 1046 3074 candidatorum,
1069 3000 1097 3062 si
1112 2999 1250 3081 denique
1265 2998 1335 3081 ipse
1350 3008 1514 3065 accusator
1525 3009 1634 3065 noster
1647 3003 1682 3066 P.
1697 3004 1756 3068 Po·
1765 3015 1795 3064 aa

437 3095 570 3160 stumius
593 3094 717 3158 obviam
739 3114 810 3158 cum
832 3094 913 3156 bene
934 3113 1048 3176 magna
1068 3101 1195 3157 caterva
1207 3112 1264 3155 sua
1278 3093 1381 3167 venit,
1403 3093 1482 3177 qnid
1496 3093 1592 3159 habet
1603 3096 1664 3160 ista
1677 3096 1758 3162 mul·

438 3188 538 3254 titudo
559 3188 801 3252 admirationis?
827 3188 944 3250 Omitto
967 3188 1113 3264 clientes,
1135 3187 1274 3262 vicinos,
1296 3186 1445 3263 tribules,
1467 3187 1642 3252 exercitum
1655 3182 1757 3254 totum

439 3282 577 3357 Luculli,
599 3283 653 3365 qui
675 3282 714 3344 ad
736 3281 929 3364 triumphum
950 3301 1006 3365 per
1028 3300 1083 3343 eos
1106 3279 1173 3342 dies
1188 3289 1332 3345 venerat:
1357 3280 1419 3344 hoc
1433 3281 1524 3356 dico,
1544 3279 1755 3365 frequentiam
1826 3339 1830 3346 .

439 3380 470 3441 in
492 3379 553 3441 isto
576 3371 679 3438 officio
700 3377 865 3458 gratuitam
888 3396 952 3437 non
974 3374 1068 3437 modo
1091 3374 1236 3456 dignitati
1256 3373 1354 3437 ullius
1377 3393 1547 3458 umquam,
1568 3376 1624 3438 sed
1646 3397 1686 3439 ne
1700 3398 1755 3441 ro·

439 3471 550 3533 luntati
583 3468 712 3552 quidem
744 3469 891 3532 doluisse.
933 3466 984 3532 70.
1009 3470 1067 3530 «at
1095 3467 1296 3530 sectabantur
1324 3467 1443 3531 multi.»
1486 3470 1573 3532 Doce
1601 3469 1792 3546 mercedem

439 3565 609 3628 concedam
631 3582 700 3626 esse
722 3564 856 3626 crimen:
877 3563 938 3626 hoc
960 3561 1087 3645 quidem
1104 3569 1243 3634 remoto,
1265 3559 1342 3643 qnid
1356 3561 1583 3644 reprehendis?
1608 3562 1754 3628 XXXIV.

441 3657 544 3733 «Quid
566 3676 646 3741 opus
669 3662 732 3732 est,
753 3656 874 3740 inquit,
896 3655 1148 3719 sectatoribust»
1183 3654 1281 3716 Ame
1302 3660 1338 3716 tu
1359 3653 1392 3716 id
1414 3655 1555 3738 quaeris,
1577 3655 1655 3740 quid
1673 3676 1754 3740 opus

504 4012 528 4060 l.
545 4014 622 4061 most
637 4009 697 4060 EG.
717 4035 744 4045 —
762 4007 829 4058 locus
843 4007 917 4071 culpo
933 4008 971 4068 II,
996 4006 1044 4057 aed
1062 4019 1124 4058 cnm
1141 4007 1221 4070 signis
1239 4005 1458 4071 transpositionis.
1478 4030 1505 4040 -
1527 4003 1634 4055 tribum
1648 4006 1710 4071 Lag.
1727 4009 1753 4059 9.

439 4092 497 4138 Par.
515 4088 544 4148 7,
562 4098 594 4134 v:
612 4084 715 4134 tribulat
730 4085 764 4144 G;
782 4082 976 4143 tribumE‘l',
994 4081 1368 4132 memmallo-otum
1385 4079 1494 4130 c.—3.
1510 4081 1756 4134 meeum

439 4165 531 4223 ilex:
549 4166 661 4212 motion
676 4160 770 4209 induat
786 4159 844 4208 Par.
862 4157 887 4209 I.
906 4159 933 4207 et
947 4160 981 4217 G,
999 4162 1098 4207 motus
1114 4157 1208 4207 induet
1223 4157 1288 4216 EO,
1307 4154 1363 4206 rell.
1382 4155 1446 4206 noti.
1461 4181 1488 4190 -
1506 4155 1549 4205 bec
1564 4155 1609 4206 ttbt
1623 4158 1704 4208 sidat
1718 4161 1753 4222 al,

439 4239 498 4287 boec
515 4249 568 4286 om.
588 4248 616 4294 κ.
641 4259 668 4270 -
694 4234 799 4296 offecto
815 4246 867 4284 om.
886 4236 915 4283 G.
941 4259 968 4268 —
997 4231 1021 4283 l.
1039 4238 1097 4282 suot
1113 4246 1138 4283 v.
1157 4258 1184 4268 -
1203 4231 1318 4281 dicem
1335 4232 1364 4279 G.
1384 4257 1410 4266 -
1429 4231 1578 4281 candidolas
1593 4230 1636 4282 ed.
1654 4234 1753 4286 almnt.

439 4314 472 4361 At
488 4324 513 4360 v.
532 4307 596 4360 Gnil.
619 4310 701 4360 fleinii
723 4314 818 4371 parom.
838 4308 897 4358 Tull.
924 4308 1042 4371 (leonaci
1059 4306 1132 4358 sals.
1149 4305 1184 4368 l.)
1201 4318 1228 4370 p.
1247 4305 1262 4354 6
1280 4317 1332 4369 sq.,
1350 4306 1396 4369 qni
1411 4303 1462 4354 loci
1477 4306 1637 4357 sententiam
1652 4305 1756 4358 subob-

438 4395 544 4436 scuram
560 4382 707 4434 lucolenter
724 4383 854 4448 explicuIt.
873 4383 912 4433 ct.
926 4384 1005 4433 etiam
1024 4384 1053 4433 C.
1070 4384 1147 4433 Peter
1162 4382 1189 4430 in
1204 4380 1269 4429 Aac.
1284 4379 1370 4441 philol.
1381 4380 1451 4429 souis
1466 4378 1523 4430 Vol.
1537 4381 1646 4431 XXXIII.
1660 4381 1752 4445 pota.

440 4487 467 4495 -
478 4461 503 4510 5.
512 4459 641 4522 stscclacm
652 4461 680 4508 G.
695 4484 722 4493 —
733 4457 870 4508 mittola:
883 4458 1000 4508 sttccdd.
1013 4484 1040 4493 -
1052 4456 1076 4506 6.
1086 4454 1303 4520 spectaremur
1311 4466 1383 4518 susp.
1394 4453 1485 4505 bamb.
1499 4481 1526 4490 -
1537 4457 1603 4517 quod
1610 4462 1645 4507 ast
1653 4455 1755 4508 dubtass

439 4548 491 4586 om.
504 4534 534 4583 E.
545 4559 573 4571 -
592 4535 616 4583 7.
631 4539 712 4595 posset
723 4535 751 4583 G.
764 4559 791 4570 -
801 4533 827 4582 u
837 4546 891 4583 om.
905 4536 934 4583 G.
946 4560 972 4570 -
983 4534 1007 4584 8.
1021 4532 1091 4593 otum
1103 4541 1243 4595 perperam
1256 4526 1347 4578 maluit
1356 4529 1539 4593 Pantagathus.
1554 4558 1582 4567 -
1593 4532 1633 4581 to.
1646 4531 1678 4581 ab
1689 4544 1751 4583 nos:

439 4613 510 4670 otG;
529 4607 612 4659 orell.
626 4611 653 4658 et
664 4607 725 4658 edd.
740 4633 767 4644 -
785 4621 830 4670 epo
845 4620 891 4658 ccc
907 4608 951 4658 ttbt
967 4608 997 4659 Ε.
1009 4633 1036 4643 -
1047 4607 1087 4654 lt.
1106 4603 1216 4653 morium
1232 4604 1261 4651 G.
1274 4629 1301 4639 -
1313 4602 1352 4653 43.
1365 4604 1433 4652 meast
1448 4601 1491 4653 ed.
1509 4605 1569 4655 Asc.
1583 4605 1662 4655 tots:
1679 4606 1755 4656 acet

440 4686 501 4736 mel.
514 4711 541 4721 -
555 4689 647 4736 aeuv.
660 4709 687 4719 -
700 4683 741 4735 tl.
756 4696 855 4746 cmm
872 4685 939 4745 mei,
957 4682 1061 4734 lonc:
1077 4680 1170 4741 possm
1186 4677 1227 4728 ed.
1242 4679 1303 4729 Asc.
1316 4677 1372 4727 LO.
1387 4703 1414 4713 —
1429 4678 1469 4729 tc.
1487 4678 1585 4728 οὺυίωι
1599 4679 1671 4730 oue
1686 4680 1751 4745 Εψ.

442 4788 468 4797 -
486 4761 584 4811 otdstw
599 4762 657 4811 GT.
676 4787 704 4796 -
728 4759 768 4810 tl.
787 4759 852 4821 quod
874 4761 942 4816 siv3
961 4758 1182 4819 gutd--rogotos
1197 4766 1251 4805 om.
1269 4754 1328 4804 EC.
1347 4779 1374 4789 —
1400 4753 1439 4804 ⁴9.
1456 4755 1540 4818 rogati
1555 4755 1595 4806 al:
1614 4756 1716 4819 rogem
1731 4759 1751 4807 G

440 4837 497 4895 liv,
515 4835 531 4887 l
548 4835 611 4885 Oxx.
630 4859 659 4871 -
682 4834 910 4896 immorarer.
931 4859 958 4869 -
981 4833 1023 4881 22.
1041 4830 1190 4893 quodum
1213 4829 1491 4893 omd--mdc'cesom
1508 4844 1537 4890 χ.
1559 4856 1584 4865 -
1605 4830 1647 4881 23.
1664 4830 1748 4881 esav:
1818 4831 1821 4838 '

439 4925 472 4961 os
488 4909 548 4972 (sict
567 4907 617 4958 sed
633 4922 665 4957 os
681 4907 844 4971 punctatum)
861 4909 900 4967 M3
917 4907 956 4956 bic
972 4920 1025 4958 om.
1043 4906 1224 4968 accuso.
1240 4930 1266 4944 -
1286 4903 1327 4955 sl.
1345 4903 1404 4969 sos]
1420 4905 1469 4954 otri
1483 4919 1511 4965 χ.
1526 4930 1553 4940 -
1571 4905 1753 4956 theoder--

439 4990 603 5036 emnem.
614 4984 677 5032 G.-
688 4983 714 5032 P.
725 4982 822 5033 addidi.
833 4982 1021 5046 -postaeuauE
1031 4983 1056 5031 II
1065 4989 1124 5043 νψ.
1135 4979 1212 5030 -Ξδ,
1222 4977 1753 5041 oadbobdlstoeumttimdomslrctioals

440 5062 469 5109 G.
481 5058 559 5108 -27.
577 5056 673 5107 tabells
687 5059 989 5123 mei—totumlmotum
1004 5059 1061 5116 (ἔκ.
1074 5057 1153 5107 -28,
1171 5056 1205 5104 od
1220 5054 1750 5121 murmuratus-cesamo,

439 5139 557 5184 omont
567 5134 601 5184 Il.
617 5160 644 5170 -
662 5132 703 5183 29.
720 5147 771 5183 ooo
785 5133 867 5197 modo]
884 5131 972 5183 malim
988 5145 1039 5181 coc
1054 5133 1127 5181 modo
1137 5145 1201 5190 παις
1219 5142 1315 5180 vereor
1326 5131 1397 5179 enlm
1408 5131 1450 5191 nt,
1468 5141 1531 5180 cum
1541 5130 1753 5195 sequatnralttar

438 5221 571 5271 mecm,
590 5209 694 5271 negatio
709 5207 805 5259 deesse
825 5208 915 5272 possit.
930 5232 957 5242 -
970 5218 1002 5256 aa
1017 5206 1133 5270 olom
1147 5205 1268 5255 odorati
1284 5206 1321 5266 Il,
1344 5203 1393 5254 sed
1409 5204 1526 5268 dipotmt
1541 5206 1705 5271 punctatum.
1719 5230 1748 5244 -

438 5283 479 5336 30.
497 5282 654 5335 mulceor
669 5284 700 5335 G.
721 5309 747 5318 -
766 5282 806 5335 32.
823 5283 927 5347 inquom
942 5294 975 5342 χ,
992 5280 1073 5345 mque
1088 5285 1146 5330 coto
1161 5293 1188 5330 v.
1207 5305 1235 5317 -
1253 5284 1282 5330 ts
1296 5279 1324 5329 id
1338 5291 1392 5330 om.
1409 5285 1446 5343 ψ.
