4367 6109
446 588 508 661 3³0
831 600 874 665 m
894 599 1062 665 VERREM
1082 544 1205 665 acmo
1228 599 1412 667 SECUNDA

447 765 613 843 Halesina,
635 767 864 852 Tyndaritana,
892 768 1074 844 Hennensi,
1095 770 1285 852 Agyrinensi
1306 770 1485 854 ceterisque
1507 769 1636 834 Siciliae
1656 770 1769 835 cirita-

447 861 531 926 tibus
558 861 777 947 circumreniri
799 868 896 946 atque
918 863 1052 946 opprimi
1076 863 1178 926 dicist
1209 872 1263 927 tua
1285 873 1316 929 te
1338 864 1438 929 altera
1458 865 1576 947 patria,
1608 885 1703 948 quem
1726 862 1768 928 sd

448 956 576 1018 modum
598 955 703 1017 dicere
724 954 869 1030 solebas,
898 957 1043 1021 Messana
1071 959 1295 1034 circumvenit,
1328 967 1397 1032 tua,
1429 959 1577 1044 inquam,
1604 961 1767 1033 Messana,

447 1054 573 1111 tuomm
595 1049 733 1113 adiutrix
756 1049 927 1124 scelerum,
955 1050 1123 1115 libidinum
1145 1052 1249 1126 testis,
1270 1054 1460 1134 praedarum
1481 1073 1517 1116 ac
1538 1053 1694 1116 furtomm
1717 1071 1768 1115 re-

424 1141 578 1224 eeeptrix.
608 1143 707 1205 Adest
728 1142 813 1207 enim
833 1143 882 1206 vir
896 1144 1110 1228 amplissimus
1131 1146 1201 1208 eius
1223 1145 1374 1219 civitatis,
1393 1145 1516 1228 legatus
1537 1146 1633 1209 huius
1653 1143 1768 1209 iudicii

447 1251 542 1297 causa
568 1234 663 1298 domo
693 1235 824 1311 missus,
852 1237 1000 1322 princeps
1028 1238 1219 1302 laudationis
1242 1246 1331 1314 tuae,
1361 1241 1416 1324 qui
1438 1247 1470 1302 te
1491 1241 1618 1323 publice
1639 1239 1768 1313 landat;

445 1327 490 1390 ita
519 1329 603 1391 enim
631 1331 814 1393 mandatum
843 1338 939 1414 atque
968 1332 1156 1414 imperatum
1187 1340 1249 1396 est:
1283 1332 1408 1396 tametsi
1436 1341 1565 1417 rogatus
1587 1336 1627 1398 de
1647 1334 1769 1419 cybaea

446 1424 560 1487 tenetis
581 1424 733 1488 memoria
760 1425 837 1508 quid
865 1426 1082 1508 responderit:
1110 1423 1304 1490 aedificatam
1328 1426 1465 1508 puhlicis
1487 1428 1610 1509 operis,
1637 1427 1768 1512 publice

446 1518 580 1592 coactis,
612 1521 706 1603 eique
734 1516 949 1583 aedificandae
977 1517 1104 1603 publice
1132 1522 1353 1583 Mamertinum
1380 1529 1559 1585 senatorem
1580 1522 1768 1605 praefuisse.

408 1626 437 1675 so
446 1611 532 1675 Idem
555 1613 594 1677 ad
617 1634 675 1677 vos
697 1613 859 1697 privatim,
880 1614 1017 1687 iudices,
1040 1612 1200 1696 confugit:
1222 1617 1321 1679 utitur
1340 1616 1400 1679 hac
1421 1614 1508 1697 lege,
1531 1635 1595 1699 qua
1612 1615 1769 1678 iudicium

446 1715 511 1782 est,
539 1707 699 1773 communi
727 1727 798 1770 arce
826 1708 995 1771 sociorum.
1039 1708 1176 1771 Tametsi
1198 1707 1251 1771 lex
1272 1716 1320 1772 est
1343 1710 1382 1772 de
1404 1708 1549 1792 pecuniis
1570 1709 1769 1792 repetundis,

445 1802 499 1866 ille
528 1824 562 1868 se
590 1810 684 1886 negat
704 1803 872 1886 pecuniam
893 1809 1054 1883 repetere,
1087 1821 1183 1884 quam
1205 1810 1344 1887 ereptam
1366 1822 1431 1866 non
1454 1810 1542 1865 tanto
1564 1822 1661 1886 opere
1682 1801 1769 1866 desi·

445 1897 553 1961 derat:
576 1918 664 1962 sacra
685 1917 720 1960 se
741 1897 896 1961 maiorum
917 1917 1046 1960 suorum
1068 1904 1211 1978 repetere
1233 1896 1289 1959 ahs
1311 1904 1342 1960 te
1365 1897 1461 1960 dicit:
1484 1896 1561 1960 deos
1583 1904 1715 1981 penates
1734 1903 1768 1959 te

444 1993 565 2075 patrios
593 1993 742 2076 reposcit.
785 1987 834 2055 l8.
856 1992 959 2074 Ecqui
981 1990 1086 2074 pudor
1107 1993 1177 2053 esti
1206 2011 1328 2075 ecquae
1349 1991 1477 2074 religio,
1507 1992 1643 2054 Verres?
1674 1989 1768 2073 ecqui

409 2091 569 2151 temetust
604 2086 761 2150 Habitasti
795 2087 879 2168 apud
906 2086 1023 2148 Heium
1048 2088 1231 2149 Messanae:
1264 2105 1315 2148 res
1344 2085 1434 2147 illum
1458 2084 1582 2148 divinas
1604 2083 1688 2166 apud
1711 2102 1768 2147 eos

446 2176 523 2242 deos
545 2181 578 2243 in
601 2201 660 2244 suo
682 2182 819 2245 sacrario
841 2200 941 2264 prope
966 2179 1154 2266 quotidiano
1176 2179 1277 2243 facere
1300 2178 1425 2242 vidisti:
1458 2198 1524 2242 non
1546 2185 1691 2241 movetur
1712 2197 1768 2260 pe-

446 2273 555 2337 cunia:
583 2273 723 2359 denique
745 2294 828 2358 quae
849 2274 1025 2338 ornamenti
1048 2293 1143 2336 causa
1163 2271 1310 2346 fuerunt,
1332 2291 1398 2335 non
1418 2272 1574 2356 requirit:
1605 2271 1662 2335 tibi
1684 2270 1768 2334 habe

446 2366 664 2450 Canephoros:
686 2369 817 2432 deorum
839 2367 1007 2432 simulacra
1028 2369 1169 2431 restitue.
1203 2368 1292 2444 Quae
1315 2367 1390 2451 quia
1412 2367 1506 2440 dixit,
1528 2367 1604 2450 quia
1624 2375 1768 2451 tempore

446 2459 519 2524 dato
548 2463 691 2528 modeste
719 2464 804 2547 apud
830 2483 889 2528 vos
915 2463 1022 2526 socius
1051 2463 1236 2546 amicusque
1265 2461 1377 2545 populi
1398 2461 1531 2523 Romani
1554 2470 1687 2545 questus
1709 2468 1768 2535 est,

407 2554 522 2638 etquia
548 2557 695 2641 religioni
724 2577 801 2621 suae
828 2578 893 2622 non
915 2560 1010 2622 modo
1035 2559 1069 2621 in
1099 2558 1146 2619 dis
1177 2557 1287 2640 patriis
1309 2555 1506 2637 repetendis,
1539 2554 1595 2618 sed
1617 2556 1712 2619 etiam
1733 2556 1768 2618 in

445 2647 516 2732 ipso
538 2651 720 2715 testimonio
743 2672 779 2717 ac
800 2651 870 2715 iure
891 2653 1025 2715 iurando
1047 2652 1211 2736 proximus
1232 2651 1306 2713 fuit:
1328 2650 1489 2713 hominem
1504 2651 1635 2713 missum
1651 2650 1690 2713 ab
1706 2650 1767 2714 isto

445 2744 558 2807 scitote
579 2764 649 2807 esse
670 2748 848 2809 Messanam
871 2745 910 2808 de
932 2746 1043 2829 legatis
1066 2766 1180 2820 unum,
1214 2745 1304 2807 illum
1334 2746 1453 2827 ipsum,
1488 2745 1543 2827 qui
1571 2745 1644 2808 navi
1673 2745 1767 2808 istius

445 2834 657 2903 aedificandae
679 2839 805 2923 publice
826 2839 978 2923 praefuit,
1001 2840 1056 2924 qui
1079 2859 1098 2902 a
1119 2847 1231 2902 senatu
1252 2847 1390 2922 peteret,
1412 2845 1448 2901 ut
1468 2839 1568 2902 Heius
1590 2836 1770 2903 alliceretur

445 2929 630 3012 ignominia.
672 2934 727 2998 lx.
751 2929 801 2997 l9.
824 2936 927 2997 Homo
949 2934 1180 3006 amentissime,
1203 2933 1281 3016 quid
1296 2934 1438 3015 putasti?
1460 2934 1701 3015 impetraturum
1715 2935 1767 2996 tel

409 3024 557 3106 aequanti
579 3026 606 3088 is
628 3046 647 3090 a
668 3028 790 3092 civibus
812 3030 878 3092 suis
900 3025 1003 3103 fieret,
1026 3028 1137 3112 quanti
1152 3028 1323 3091 auctoritas
1345 3029 1413 3090 eius
1435 3027 1619 3100 baberetur,
1641 3027 1769 3108 ignora·

445 3118 524 3181 basi
553 3120 670 3183 Verum
691 3121 741 3184 fac
764 3131 795 3186 te
816 3123 1049 3207 impetravisse:
1075 3122 1125 3186 fac
1147 3122 1268 3206 aliquid
1291 3121 1417 3203 gravius
1439 3122 1473 3183 in
1487 3121 1603 3182 Heium
1617 3121 1768 3184 statuisse

445 3213 665 3278 Mamertinos:
689 3235 784 3299 quam
806 3224 899 3300 putas
921 3217 1141 3280 auctoritatem
1164 3216 1358 3279 laudationis
1381 3235 1491 3278 eorum
1512 3213 1667 3287 futuram,
1690 3212 1768 3276 siin

446 3325 534 3382 eum,
557 3327 653 3391 quem
675 3319 800 3373 constet
812 3331 921 3373 verum
942 3332 1000 3394 pro
1016 3311 1201 3374 testimonio
1215 3309 1349 3383 dixisse,
1371 3328 1506 3390 poenam
1522 3308 1768 3370 constituerint?

447 3400 584 3463 Tametsi
607 3422 690 3484 quae
711 3412 761 3466 est
781 3404 840 3466 ista
861 3403 1017 3478 laudatio,
1040 3425 1113 3467 eum
1134 3405 1278 3467 laudator
1292 3404 1503 3484 interrogatus
1518 3400 1623 3464 laedat
1637 3420 1769 3464 necesse

408 3497 514 3561 uest:
551 3494 658 3570 Quid‘t
680 3498 731 3561 isti
753 3498 933 3561 laudatores
955 3499 1019 3573 tui,
1050 3518 1114 3561 non
1136 3505 1233 3561 testes
1255 3497 1317 3560 mei
1339 3500 1433 3558 sunt‘t
1468 3495 1569 3558 Heius
1591 3501 1640 3557 est
1659 3494 1770 3558 lauda·

511 3713 535 3761 4.
553 3712 689 3762 Halaesina
705 3713 739 3772 ti:
756 3712 857 3762 Atesina
873 3712 903 3761 V.
924 3711 961 3762 Cf.
981 3711 1015 3761 ad
1033 3713 1074 3761 lll.
1095 3712 1119 3776 §-
1140 3712 1195 3760 470.
1211 3737 1237 3746 -
1252 3724 1269 3759 4
1288 3710 1458 3771 Tpudaritana
1473 3708 1504 3758 V.
1519 3735 1547 3746 -
1559 3707 1682 3758 Hennensi
1698 3708 1765 3758 llV:

445 3785 552 3837 fiacensi
569 3788 598 3838 0.
619 3816 646 3825 -
665 3786 689 3839 4.
707 3789 861 3850 receptatrix
877 3787 923 3838 Ld.
944 3816 971 3825 -
989 3789 1013 3837 5.
1031 3788 1105 3836 iuius
1121 3786 1165 3846 443,
1184 3786 1218 3834 V:
1237 3785 1335 3834 huiusce
1353 3783 1416 3834 dett.
1435 3784 1464 3834 0.
1479 3809 1507 3818 -
1526 3782 1550 3833 6.
1569 3781 1674 3831 laudam
1691 3780 1722 3830 V.
1739 3806 1768 3818 -

445 3860 471 3911 7.
488 3861 525 3910 tta
541 3863 606 3912 enim
622 3861 667 3924 443,
686 3862 720 3911 V:
738 3863 764 3912 td
780 3864 846 3912 enim
856 3864 934 3926 4433.
954 3864 1060 3926 praeter
1076 3861 1117 3912 44.
1133 3887 1161 3895 -
1174 3860 1267 3921 444444
1278 3863 1356 3923 4433.
1372 3871 1479 3909 omnes:
1498 3859 1574 3921 epira
1585 3859 1605 3909 44
1617 3857 1647 3918 V,
1666 3855 1724 3908 rell.
1737 3857 1767 3908 0.

446 3932 485 3985 Cf.
507 3935 541 3986 ad
564 3937 593 3988 V.
616 3937 640 4001 fl.
659 3935 699 3988 tt.
724 3965 752 3975 -
779 3938 819 3988 40.
840 3938 941 4002 configit
960 3939 989 3988 44.
1017 3962 1044 3971 -
1069 3936 1110 3985 44.
1131 3940 1165 3985 444
1188 3935 1312 3985 conimuni
1333 3947 1391 3984 arce
1411 3934 1434 3983 V
1451 3933 1579 3996 [distincte
1597 3935 1664 3985 teste
1681 3932 1770 3983 Brun-

445 4019 512 4080 444),
531 4021 582 4084 434
599 4023 627 4071 44
641 4020 673 4072 44
691 4022 812 4085 (uterque
827 4023 843 4072 2
856 4023 917 4084 m.):
948 4026 983 4071 est
998 4021 1086 4070 munia
1102 4033 1161 4069 arce
1178 4019 1257 4070 codd.
1276 4017 1383 4077 Lamb.;
1401 4023 1437 4068 est
1451 4003 1635 4069 dommiarcae
1650 4019 1671 4068 44
1688 4016 1769 4097 [sic-R

445 4105 512 4155 teste
524 4105 660 4166 Bursiano,
679 4107 723 4171 qui
734 4107 806 4171 ipsos
818 4106 916 4157 codicis
927 4106 1022 4157 ductus
1036 4104 1259 4168 repraesentavit:
1278 4105 1319 4154 est
1334 4106 1425 4155 eutero
1441 4089 1555 4155 4544444
1571 4105 1657 4153 ortum
1670 4114 1702 4151 er
1713 4101 1770 4152 00-

444 4179 552 4245 susq:
571 4185 606 4230 est
616 4193 791 4231 cocununaree
801 4182 833 4230 Gt
849 4181 878 4239 2:
898 4186 933 4230 est
948 4179 1084 4230 communie
1102 4178 1240 4241 (commune
1255 4178 1295 4240 29)
1313 4192 1371 4229 arce
1382 4180 1472 4243 legg-t
1489 4184 1525 4229 est
1540 4177 1677 4228 eommunis
1692 4190 1770 4228 areae

445 4259 468 4304 et
480 4255 597 4317 priuatus
612 4257 649 4305 rei
662 4257 767 4314 Frena:
786 4260 821 4304 est
831 4256 967 4305 commanis
978 4258 1001 4305 et
1013 4255 1131 4317 priuatae
1140 4254 1178 4303 rei
1188 4255 1282 4317 44443..
1300 4266 1369 4318 quae
1380 4253 1458 4304 lectio
1469 4252 1583 4318 vulgaris
1593 4252 1661 4303 tacta
1672 4255 1722 4303 est.
1738 4279 1767 4288 -

445 4333 475 4382 de
491 4332 632 4393 repetundis
644 4344 699 4393 pec.
717 4328 742 4392 λ,
756 4330 802 4380 63.
820 4330 930 4395 (penicis
946 4331 987 4393 V.)
1002 4356 1029 4366 -
1045 4329 1083 4378 ta.
1103 4333 1173 4379 tacto
1190 4342 1262 4390 opere
1278 4330 1317 4380 sic
1328 4330 1349 4379 R
1360 4331 1383 4378 V
1399 4330 1476 4392 agae.
1491 4356 1519 4365 -
1532 4330 1572 4380 43.
1582 4328 1682 4393 penatis
1691 4328 1724 4377 V.
1738 4355 1767 4365 -

446 4413 470 4458 ts
486 4406 532 4466 443,
549 4405 585 4454 V:
604 4419 622 4454 a
637 4410 660 4455 te
676 4405 740 4456 dett.
761 4406 790 4455 0.
808 4403 914 4468 (patrios
931 4419 948 4453 a
964 4409 987 4454 te
1003 4403 1091 4467 4340.)
1106 4430 1134 4440 -
1147 4403 1187 4454 u.
1205 4405 1287 4466 etqui
1304 4404 1346 4454 hie
1363 4406 1391 4454 et
1407 4404 1473 4454 intra
1490 4404 1512 4452 V
1530 4406 1644 4467 444433.
1662 4405 1770 4467 praeter

444 4482 486 4533 29.
507 4508 534 4517 -
553 4494 645 4542 ecquae
660 4481 689 4541 R,
708 4482 740 4532 64
755 4482 780 4540 2,
799 4479 827 4531 i:
846 4486 944 4541 atquae
955 4481 990 4540 V:
1009 4479 1137 4541 quaeso,
1155 4492 1234 4541 ecqua
1245 4479 1313 4541 egeo
1325 4481 1354 4531 0.
1374 4479 1412 4529 Cf.
1426 4479 1450 4541 5.
1462 4479 1503 4529 25.
1520 4504 1547 4513 -
1563 4479 1603 4529 44.
1623 4477 1727 4540 aputV.
1740 4504 1767 4515 -

424 4603 428 4614 ,
446 4557 486 4606 46.
505 4556 628 4605 cotidiano
645 4556 695 4617 443,
719 4555 797 4606 codd.
820 4555 911 4607 lamb.
935 4554 1020 4619 (prob.
1043 4554 1129 4605 Madv.
1152 4568 1178 4618 p.
1198 4555 1238 4604 40.
1256 4552 1333 4605 orell.
1357 4554 1390 4603 ad
1412 4554 1482 4603 Orat.
1507 4552 1531 4616 δ.
1548 4552 1618 4614 taor:
1640 4553 1728 4605 estidie
1747 4552 1770 4601 V

447 4631 536 4695 (etiem
552 4634 620 4683 teste
632 4632 695 4693 Bri,
714 4632 821 4694 quotidie
832 4632 861 4681 0.
875 4658 903 4666 -
916 4645 966 4680 uon
981 4635 1055 4680 uetur
1066 4632 1094 4680 R.
1110 4658 1138 4667 -
1153 4631 1191 4680 47.
1210 4629 1253 4678 titi
1269 4629 1331 4679 4444
1346 4628 1392 4688 443,
1411 4629 1442 4688 V,
1460 4625 1485 4689 t,
1504 4627 1580 4691 Lg29.
1601 4626 1643 4688 (cf.
1657 4627 1681 4691 S.
1696 4627 1768 4688 ⁴⁵⁴t2

447 4706 491 4756 4444·
508 4718 561 4757 om.
581 4705 645 4756 dett.
664 4706 693 4756 0.
708 4730 735 4742 -
752 4707 790 4756 sa.
810 4710 833 4755 et
848 4705 951 4754 deorum
962 4705 994 4766 V,
1012 4708 1041 4755 ut
1057 4705 1171 4767 videtur,
1190 4705 1237 4756 sed
1256 4710 1279 4755 et
1294 4706 1458 4769 punctatum.
1478 4704 1539 4765 (Br.)
1553 4729 1580 4738 -
1595 4702 1635 4751 49.
1654 4705 1772 4762 quaestus:

447 4783 468 4833 lt
479 4782 509 4831 V.
530 4807 557 4818 -·
576 4781 617 4830 40.
634 4782 771 4842 repetendis
786 4780 851 4841 RV,
870 4782 963 4843 4433.;
987 4782 1129 4843 repetundis
1145 4782 1195 4840 G3,
1214 4781 1243 4830 0.
1263 4807 1289 4815 -
1309 4781 1349 4830 st.
1368 4785 1421 4829 test.
1444 4792 1475 4827 ac
1491 4779 1547 4828 iare
1563 4776 1611 4837 R3,
1629 4777 1665 4837 V,
1685 4776 1768 4838 egeo:

445 4859 501 4907 iare
517 4871 548 4907 ac
564 4862 617 4907 test.
635 4856 701 4907 dett.
719 4859 748 4907 0.
769 4883 795 4893 -
813 4856 854 4907 23.
873 4862 901 4905 ut
917 4857 969 4905 cius
985 4857 1013 4907 44.
1035 4881 1062 4890 -
1081 4857 1148 4919 apic.
1166 4857 1258 4919 ignom.
1278 4854 1328 4914 443,
1346 4854 1378 4914 V,
1396 4851 1423 4913 λ,
1445 4855 1522 4916 4433.
1541 4864 1650 4902 omnes:
1675 4851 1769 4914 ignom.

446 4933 513 4994 apto.
526 4933 556 4982 0.
575 4930 804 4994 (adficereturRV.)
818 4958 844 4967 -
864 4931 905 4982 ti.
924 4932 984 4993 quid
991 4932 1086 4993 putasti
1102 4932 1199 4993 impetr.
1212 4937 1235 4980 te
1251 4932 1271 4981 44
1283 4931 1305 4978 V
1323 4930 1406 4994 (prob.
1420 4926 1506 4980 Madv.
1521 4942 1564 4993 ep.
1577 4941 1603 4993 p.
1616 4928 1658 4978 44.
1671 4928 1769 4991 opusc.

445 5008 466 5057 1.
484 5019 510 5071 p.
523 5006 604 5068 348.);
623 5008 666 5068 qui
681 5007 778 5069 putasti
792 5008 852 5069 imp.
868 5012 891 5057 tc
903 5007 953 5068 63;
972 5008 1032 5069 quid
1044 5005 1160 5069 putasti?
1175 5012 1198 5056 te
1214 5007 1274 5068 imp.
1293 5003 1358 5055 dett.
1377 5006 1406 5055 0.
1422 5032 1449 5041 —
1468 5006 1509 5054 tt.
1528 5003 1628 5066 quantis
1644 5017 1662 5051 a
1679 4999 1731 5059 td;
1749 5003 1773 5052 ts

447 5095 500 5133 om.
513 5082 544 5131 V.
559 5109 587 5118 -
599 5082 641 5131 26.
658 5095 745 5132 uuum
761 5093 814 5130 om.
827 5082 905 5144 4433.
920 5108 948 5117 -
965 5083 1041 5144 444444
1056 5083 1085 5143 44,
1104 5080 1151 5132 Ld.
1167 5108 1194 5117 -
1206 5081 1369 5142 inpetrauisre
1380 5081 1410 5129 V.
1426 5106 1452 5115 —
1467 5079 1556 5141 aliquit
1572 5079 1601 5128 44.
1616 5103 1644 5112 -
1657 5078 1701 5128 27.
1714 5079 1773 5128 Ma-

445 5159 564 5206 mertinos
578 5169 632 5206 om.
646 5157 724 5221 4433.
737 5157 893 5221 praeterit.
909 5183 935 5193 ·-
955 5170 1032 5218 quarn
1047 5159 1078 5218 R,
1091 5156 1142 5206 Gt:
1161 5161 1282 5217 quantam
1292 5156 1315 5203 V
1332 5154 1403 5215 (Ba),
1421 5155 1499 5218 4433.
1512 5154 1542 5203 0.
1558 5154 1619 5204 -si
1634 5151 1669 5216 in]
1686 5154 1727 5203 sin
1737 5152 1769 5202 V.

450 5257 478 5267 -
496 5231 536 5280 28.
555 5232 728 5281 cousuluerunt
744 5233 821 5294 Lagg.
837 5258 863 5266 -
877 5231 917 5280 40.
936 5231 986 5280 ista
1001 5230 1070 5279 laud
1087 5230 1147 5291 4441,
1160 5231 1243 5293 Lagg:
1262 5230 1331 5278 4444.
1352 5230 1402 5279 ista
1418 5229 1463 5289 63,
1480 5225 1506 5278 λ.
1521 5252 1549 5265 -
1563 5227 1604 5278 30.
1622 5240 1672 5277 non
1683 5223 1769 5288 se,t:

448 5319 528 5358 44444
536 5305 559 5354 V
567 5306 640 5374 (34.4,
651 5306 728 5378 4433.
739 5306 768 5369 0,
781 5304 854 5376 quod
863 5305 954 5373 [recte]
963 5307 1053 5359 tuetm
1061 5303 1176 5357 Klotzius
1184 5303 1276 5369 suppl.
1285 5303 1321 5356 ad
1329 5304 1406 5356 Tusa.
1416 5316 1443 5369 p.
1453 5304 1494 5354 40.
1511 5303 1545 5354 At
1551 5302 1586 5355 44.
1596 5302 1627 5354 V.
1640 5302 1665 5368 4.
1675 5303 1716 5354 44.
1725 5301 1769 5355 44.
