4367 6109
835 565 908 630 an.
929 565 1065 631 v-vr.
1092 564 1149 651 ss.
1171 563 1318 633 tt-to.
1671 563 1729 631 aar

415 755 485 798 rum
507 734 742 816 provinciarum
764 732 884 809 socios,
913 734 1026 820 dignos
1049 738 1252 814 existimetis,
1279 759 1413 822 quorum
1436 739 1570 803 salntem
1591 737 1646 802 tali
1667 739 1736 801 viro

415 827 660 903 commendetis3
682 837 778 913 atque
800 828 861 892 hoo
884 830 976 894 etiam
1000 831 1116 914 magis,
1142 833 1229 915 qnod
1251 841 1373 895 ceteros
1395 832 1428 895 in
1450 833 1646 916 provinciam
1668 832 1737 895 eius

416 921 501 986 modi
523 921 669 986 homines
693 944 765 987 cum
787 924 919 1008 imperio
942 926 1111 999 mittimus,
1133 934 1185 999 ut,
1213 926 1308 989 etiam
1330 927 1356 989 si
1379 927 1418 990 ab
1441 927 1532 990 hoste
1555 926 1737 999 defendant,

416 1024 520 1078 tamen
549 1014 691 1098 ipsorum
721 1018 875 1081 adrentus
896 1019 929 1081 in
951 1019 1044 1081 urbes
1066 1019 1226 1083 sociorum
1247 1040 1312 1081 non
1335 1020 1467 1083 multum
1490 1021 1529 1084 ab
1551 1019 1660 1082 hostili
1683 1038 1738 1081 ex·

415 1109 608 1193 pugnatione
636 1110 801 1185 differant,
833 1111 918 1174 hunc
946 1112 1119 1175 audiebant
1145 1123 1254 1188 antea,
1292 1134 1376 1176 nunc
1404 1121 1601 1196 praesentem
1628 1112 1760 1175 videnta

416 1210 501 1265 tanta
523 1205 748 1286 temperantia,
776 1213 862 1268 tanta
885 1206 1146 1281 mansuetudine,
1175 1214 1262 1270 tanta
1282 1207 1493 1282 humanitate,
1521 1214 1557 1271 ut
1577 1206 1600 1269 ii
1621 1205 1738 1268 beatis·

415 1295 487 1359 simi
510 1315 580 1359 esse
601 1297 782 1372 videantur,
804 1297 889 1381 apud
912 1318 994 1383 quos
1015 1297 1069 1361 ille
1092 1299 1269 1364 diutissime
1291 1308 1511 1363 commoratur.

498 1391 551 1452 vt.
573 1385 623 1452 ll.
647 1391 771 1467 Quare,
794 1395 821 1457 si
842 1400 971 1477 propter
992 1393 1111 1467 socios,
1133 1393 1222 1455 nulla
1244 1393 1303 1478 ipsi
1326 1393 1441 1456 iniuria
1463 1393 1617 1469 lacessiti,
1639 1391 1739 1455 maio·

415 1504 465 1547 res
487 1484 586 1547 nostri
608 1505 679 1547 cum
702 1485 874 1562 Antiocho,
897 1508 969 1550 cum
989 1487 1155 1569 Phiiippo,
1177 1506 1248 1549 oum
1270 1486 1410 1560 Aetolis,
1431 1507 1503 1550 oum
1524 1488 1640 1551 Poenis
1654 1487 1738 1550 bella

415 1585 593 1660 gesserunt,
624 1587 745 1660 quanto
768 1600 824 1643 vos
847 1581 952 1644 studio
975 1581 1125 1643 convenit
1146 1579 1271 1643 iniuriis
1293 1588 1482 1662 provocatos
1505 1581 1665 1644 sociorum
1688 1595 1775 1645 sato

415 1672 511 1735 lutem
540 1691 602 1734 una
632 1693 703 1736 curn
731 1675 855 1757 imperii
885 1675 982 1737 vestri
1004 1673 1159 1757 dignitate
1180 1673 1367 1746 defendere,
1396 1676 1580 1758 praesertim
1603 1696 1674 1738 cum
1697 1675 1737 1740 de

415 1766 561 1828 maximis
589 1767 703 1831 vestris
732 1768 938 1851 vectigalibus
964 1772 1100 1850 agatur?
1132 1768 1210 1833 Nam
1235 1777 1409 1832 ceterarum
1431 1769 1662 1851 provinciarum
1684 1789 1739 1832 re-

415 1860 556 1943 ctigalia,
586 1861 740 1937 Quirites,
769 1869 855 1925 tanta
882 1870 971 1936 sunt,
1002 1870 1037 1925 ut
1065 1862 1105 1925 iis
1134 1863 1173 1925 ad
1202 1864 1287 1947 ipsas
1314 1862 1492 1946 provincias
1514 1862 1661 1939 tutandas
1682 1863 1737 1924 vix

416 1957 555 2019 contenti
577 1975 647 2019 esse
669 1955 845 2037 possimus;
866 1956 941 2017 Asia
964 1974 1038 2018 vero
1062 1965 1124 2019 tam
1147 1957 1255 2039 opima
1275 1965 1324 2020 est
1344 1976 1381 2019 ac
1396 1955 1527 2029 fertilis,
1548 1964 1585 2020 ut
1600 1963 1631 2018 et
1645 1956 1738 2019 uber-

415 2058 478 2111 tate
499 2069 646 2131 agrornm
669 2058 701 2112 et
722 2050 874 2112 varietate
895 2049 1051 2113 fructuum
1074 2058 1107 2113 et
1128 2051 1343 2134 magnitudine
1368 2050 1521 2133 pastionis
1544 2057 1577 2112 et
1598 2049 1776 2114 multitu-ta

416 2143 489 2206 dine
511 2162 618 2205 earum
642 2163 761 2217 rerum,
794 2163 875 2226 quae
904 2152 1126 2226 exportantur,
1158 2145 1252 2208 facile
1274 2144 1423 2208 omnibus
1446 2144 1537 2207 terris
1559 2143 1736 2207 antecellat.

415 2240 525 2320 ltaque
554 2235 631 2298 baec
661 2236 752 2299 vobis
780 2237 957 2321 provincia,
979 2238 1152 2314 Quirites,
1185 2239 1212 2302 si
1241 2246 1274 2302 et
1301 2237 1376 2301 belli
1407 2237 1574 2301 utilitatem
1597 2244 1629 2300 et
1650 2237 1739 2319 pacis

416 2331 598 2414 dignitatem
628 2331 765 2394 retinere
793 2331 906 2405 vultis,
941 2351 1007 2395 non
1034 2334 1129 2396 modo
1152 2353 1171 2396 a
1196 2333 1388 2407 calamitate,
1418 2331 1473 2394 aed
1495 2330 1590 2395 etiam
1612 2351 1631 2393 a
1653 2337 1739 2393 metu

415 2423 600 2488 calamitatis
622 2432 672 2487 est
692 2423 901 2488 defendenda.
944 2421 995 2487 t5.
1017 2428 1096 2490 llam
1118 2427 1152 2488 in
1174 2428 1287 2490 ceteris
1314 2426 1426 2501 rebus,
1454 2446 1526 2489 cum
1550 2424 1635 2488 venit
1655 2421 1739 2486 cala·

415 2519 520 2592 mitae,
544 2525 610 2580 tum
632 2518 853 2581 detrimentum
875 2519 1044 2602 accipitur;
1065 2528 1099 2583 at
1112 2521 1145 2582 in
1163 2520 1368 2603 vectigalibus
1382 2539 1447 2583 non
1463 2519 1567 2583 solum
1583 2517 1776 2582 adventusao

415 2612 507 2685 mali,
530 2612 587 2674 sed
609 2612 704 2674 etiam
726 2619 828 2674 metus
850 2613 917 2695 ipse
936 2613 1026 2677 atlert
1041 2612 1261 2677 calamitatem.
1293 2615 1373 2676 Nam
1387 2633 1460 2676 oum
1474 2612 1610 2676 bostium
1626 2610 1738 2694 copias

415 2726 478 2768 non
503 2707 596 2787 longe
618 2705 748 2778 absunt,
771 2706 864 2768 etiam
887 2707 913 2769 si
937 2705 1069 2791 irruptio
1093 2708 1180 2770 nulla
1201 2707 1285 2772 facta
1306 2716 1370 2782 est,
1394 2717 1498 2770 tamen
1521 2725 1620 2790 pecua
1643 2706 1740 2768 relin-

416 2809 573 2885 quuntur,
604 2799 795 2883 agricultura
826 2800 998 2876 deseritur,
1030 2809 1237 2865 mercatorum
1260 2802 1419 2882 navigatio
1442 2801 1649 2885 conquiescit.
1693 2801 1739 2864 lta

415 2913 519 2978 neque
548 2914 589 2956 ex
618 2901 709 2976 portu
739 2913 844 2977 neque
865 2914 906 2956 ex
929 2894 1070 2958 decumis
1091 2915 1196 2980 neque
1218 2916 1259 2958 ex
1281 2897 1436 2978 scriptura
1456 2893 1589 2975 vectigal
1612 2913 1740 2957 conser-
1772 2954 1775 2961 .

415 2989 480 3051 vari
504 2996 626 3070 potest;
655 3006 869 3070 quamsaepe
893 2988 989 3052 totius
1010 2989 1086 3052 anni
1108 2988 1229 3052 tructus
1251 3008 1315 3051 uno
1338 3007 1465 3052 rumore
1488 2987 1619 3070 periculi
1643 2994 1777 3070 atqueaa

415 3102 479 3145 uno
501 3081 576 3144 belli
600 3089 718 3143 terrore
740 3081 902 3144 amittitur.
933 3077 983 3144 to.
1006 3083 1077 3158 Quo
1095 3083 1221 3145 tandem
1236 3083 1332 3165 igitur
1344 3083 1452 3146 animo
1467 3102 1536 3145 esse
1551 3079 1738 3144 existimatis

415 3183 470 3239 aut
492 3196 562 3249 eos,
585 3175 640 3257 qui
662 3175 826 3256 vectigalia
848 3176 941 3239 nobis
962 3179 1138 3261 pensitant,
1159 3183 1215 3239 aut
1228 3196 1301 3252 eos,
1324 3177 1379 3261 qui
1396 3183 1546 3241 exercent
1560 3182 1657 3257 atque
1671 3173 1740 3236 oxi·

382 3259 385 3265 ’
415 3277 507 3353 gunt,
530 3289 601 3332 cum
625 3268 690 3331 duo
711 3288 803 3351 reges
825 3290 896 3333 cum
920 3270 1065 3333 maximis
1088 3271 1189 3353 copiis
1211 3279 1341 3354 propter
1363 3270 1493 3334 adsint?
1516 3289 1586 3333 com
1605 3286 1668 3332 nna
1683 3287 1740 3331 er·

415 3363 520 3426 cursio
548 3363 708 3446 equitatus
737 3363 881 3446 perbrevi
913 3371 1056 3448 tempore
1087 3365 1183 3428 totius
1211 3366 1287 3427 anni
1308 3363 1443 3447 vectigal
1465 3362 1589 3427 auferre
1611 3361 1739 3445 possit?

480 3613 503 3662 4.
522 3611 614 3661 solutes
629 3608 661 3673 hl.
682 3639 709 3648 -
728 3613 751 3662 Ξ.
771 3611 823 3676 hoc]
841 3613 885 3662 hos
900 3615 927 3664 l'.
946 3641 973 3651 -
997 3617 1062 3678 quod
1077 3622 1169 3667 ceteros
1184 3618 1210 3666 tn
1226 3617 1384 3680 prouinciam
1400 3614 1543 3678 (umecta
1557 3613 1589 3671 Vl
1605 3613 1657 3662 44444
1671 3610 1739 3661 4440444

414 3689 523 3737 homines
546 3687 607 3737 EV:
634 3688 700 3750 quod
720 3693 812 3737 ceteros
832 3689 950 3739 4444444444
970 3690 997 3738 to
1016 3692 1173 3752 procorum
1193 3691 1303 3741 4444444444
1324 3690 1402 3746 ewa
1427 3690 1493 3752 qnod
1513 3694 1606 3739 4444444
1621 3687 1740 3738 eioanodt

414 3764 523 3813 4444444444
538 3763 564 3811 ta
579 3775 650 3824 prov.
670 3758 706 3822 u:
730 3763 795 3823 quod
814 3769 908 3813 ceteros
929 3765 1047 3814 4444444444
1063 3767 1090 3814 tn
1107 3779 1180 3827 proc.
1198 3767 1307 3816 homines
1323 3766 1356 3823 n;
1380 3778 1456 3828 ouum
1471 3770 1564 3815 cateroe
1578 3763 1697 3814 44444444οό4
1711 3761 1740 3813 ta

411 3854 485 3903 proc.
503 3837 611 3887 homines
629 3838 689 3892 FA:
714 3852 790 3900 quom
806 3844 910 3897 4444444,
934 3840 1000 3901 quod
1020 3840 1140 3889 eiusmodi
1161 3842 1188 3890 ic
1205 3855 1278 3904 proc.
1295 3841 1404 3891 hominos
1420 3838 1504 3895 blo.
1527 3838 1614 3903 prora
1631 3837 1659 3886 444
1673 3836 1740 3887 hono

413 3913 583 3977 provinciam·
603 3923 647 3973 mg
674 3909 711 3972 ἕ.)
731 3938 758 3948 -
777 3911 800 3961 3.
819 3927 876 3962 cum
893 3912 1007 3977 (tmpmo
1024 3919 1089 3975 om.)
1111 3916 1208 3967 4444444444
1222 3919 1298 3966 cttcm
1313 3915 1335 3965 si
1350 3927 1391 3965 eoa
1406 3914 1438 3964 ab
1454 3915 1521 3964 444444
1537 3911 1569 3974 ω.
1589 3937 1617 3948 -
1636 3909 1661 3961 l.
1678 3909 1740 3961 urba

415 3990 537 4039 4444444444»
553 3986 658 4036 EVl-'tt
688 4013 715 4022 -
734 3989 758 4037 5.
778 3989 908 4052 drffercnt,
926 3988 1000 4053 tunc]
1016 3989 1058 4040 Sic
1075 3988 1196 4047 distinxi.
1214 3994 1244 4040 ut
1260 4004 1285 4040 v.
1303 3992 1368 4040 4444444
1383 3993 1533 4054 opponatur
1549 3987 1681 4051 superiori
1696 3999 1739 4035 oa·

415 4071 493 4121 teror,
516 4067 596 4126 atque
619 4063 753 4112 ccdteocot
774 4069 801 4113 et
823 4064 904 4114 44444444
924 4064 1059 4129 pendeant
1079 4078 1093 4114 a
1116 4064 1338 4129 praecedentibus
1354 4067 1399 4115 troc
1414 4066 1490 4115 ettam
1505 4063 1587 4128 moab
1603 4062 1669 4124 quod
1684 4063 1737 4111 oet.

417 4139 518 4190 Ceteri:
537 4138 663 4199 different.
682 4138 753 4187 Hunc
769 4139 822 4188 oet.
843 4165 868 4175 -
889 4138 912 4188 6.
931 4139 966 4187 tu
982 4139 1018 4199 V3
1037 4153 1090 4190 om.
1109 4138 1142 4202 b.
1161 4166 1189 4176 —
1214 4141 1238 4192 4.
1255 4146 1421 4190 commoratur
1437 4141 1464 4190 Ι..
1486 4165 1512 4174 -
1531 4139 1555 4190 44,
1575 4136 1680 4186 lacessiti
1697 4136 1739 4184 in·

415 4216 484 4265 turin
500 4211 532 4275 ll.
553 4240 580 4248 -
600 4212 623 4262 9.
642 4214 720 4262 nostri
736 4213 928 4265 WEVFBA:
946 4217 1021 4264 uestri
1039 4215 1121 4270 tao.
1143 4242 1170 4252 -
1189 4216 1291 4266 4444440444
1308 4216 1327 4266 Ε
1345 4216 1419 4276 (Fr.);
1436 4214 1521 4265 44444444
1536 4214 1567 4263 V.
1587 4238 1614 4248 -
1635 4211 1675 4261 40.
1693 4223 1740 4260 stoa

415 4290 472 4339 Vh.
491 4315 525 4325 —
539 4288 643 4337 salutem
660 4290 782 4338 stratorum
800 4289 828 4338 V.
846 4316 880 4326 -
897 4290 937 4339 44.
955 4292 1034 4341 nostri
1051 4292 1100 4341 vu
1131 4319 1158 4327 -
1179 4291 1217 4340 ⁴2.
1236 4291 1355 4338 mummia
1371 4289 1456 4338 uostris
1471 4285 1538 4349 En:
1557 4286 1678 4335 mummia
1692 4299 1740 4335 no-

414 4367 472 4413 stris
482 4364 531 4413 Vl*
542 4365 574 4418 B:
591 4365 678 4413 44444444
693 4365 806 4413 mommo
817 4368 849 4417 A:
868 4367 955 4414 oertrts
970 4366 1089 4416 muniaris
1100 4363 1117 4420 2
1127 4366 1155 4416 t).
1174 4365 1242 4428 (444444
1257 4369 1340 4414 nestro
1355 4364 1471 4412 monimo
1485 4363 1618 4426 oactipots‘n
1629 4366 1741 4425 apertur

414 4433 1738 4500 1..)-tlhitrlll’l380:tilethbonhomii.-tl.caroom.‘h.-ncEV:etFllAtAEO.

416 4541 442 4550 -
461 4519 490 4564 444
504 4515 616 4564 4444444444
633 4517 693 4571 tom.
713 4514 746 4575 et)
766 4514 791 4563 F.
812 4539 838 4549 —
866 4516 905 4564 ts.
922 4516 1046 4577 pactionis
1061 4513 1087 4568 ἓ.
1109 4540 1136 4551 -
1160 4514 1200 4565 46.
1219 4520 1381 4576 apostatatur
1397 4513 1484 4564 El'll.
1505 4537 1531 4547 -
1559 4524 1642 4561 44444444
1658 4516 1740 4561 terror

414 4591 543 4639 antecedat
559 4586 590 4649 ⁸13.
605 4615 632 4624 -
653 4589 691 4637 47.
705 4589 765 4637 hoec
781 4589 866 4650 itaqua
881 4586 913 4650 44.
928 4616 955 4625 -
973 4589 1043 4639 cobis
1060 4590 1085 4639 F.
1100 4614 1128 4624 -
1145 4590 1167 4638 st
1184 4590 1218 4639 nd
1233 4590 1288 4639 batti
1298 4590 1341 4640 W.
1357 4617 1384 4626 -
1403 4588 1443 4639 48.
1461 4588 1568 4638 retinere
1583 4587 1616 4636 W
1627 4586 1666 4637 Ch
1678 4586 1737 4636 EV:

413 4665 589 4715 sustinerent
602 4662 715 4718 h80.-
734 4664 813 4713 uetitis
824 4667 884 4715 A.-
903 4665 943 4713 ts.
956 4666 982 4714 io
993 4665 1087 4728 ceteris}
1098 4665 1172 4714 cartis
1183 4668 1325 4729 (superscr.
1338 4665 1434 4727 courir)
1446 4665 1473 4714 to
1486 4664 1516 4722 4’;
1536 4664 1624 4713 edcta
1639 4663 1665 4711 in
1677 4674 1739 4712 cuns

414 4739 454 4789 ed.
471 4738 641 4788 Cratandrina
655 4738 741 4792 ἓΟ.-
761 4739 801 4789 22.
814 4739 895 4789 44444444
909 4744 969 4791 4.-
983 4740 1029 4788 irr.
1043 4739 1114 4788 4444444
1128 4739 1199 4801 [octo
1210 4747 1244 4789 ert
1257 4741 1275 4790 E
1286 4741 1318 4789 V:
1337 4741 1384 4790 irr.
1397 4739 1467 4788 44444444
1482 4738 1552 4800 [octo
1567 4739 1598 4787 sit
1610 4739 1672 4792 tta:
1690 4738 1738 4788 irr.

411 4812 481 4875 sarto
501 4814 571 4862 44444444
592 4815 622 4862 stt
639 4827 701 4863 curn
713 4814 746 4863 ed
760 4815 931 4865 Cratandrina
948 4813 1007 4872 20;
1025 4814 1097 4864 44444444
1112 4815 1160 4864 irr.
1176 4815 1248 4879 sacto
1262 4817 1295 4865 rit
1309 4817 1337 4866 1..
1351 4838 1378 4851 -
1394 4828 1477 4878 penato
1493 4815 1600 4864 servios
1617 4812 1650 4862 ad
1668 4811 1739 4875 Virg.

414 4891 499 4951 Georg
527 4891 557 4939 144
587 4889 627 4939 til.
647 4891 684 4952 (ct
710 4889 834 4941 Claudius
852 4892 1022 4941 Mamertinus
1041 4892 1065 4940 in
1085 4893 1180 4953 Panes.
1200 4893 1230 4942 tt.
1249 4904 1273 4942 c.
1293 4892 1357 4954 t0.):
1374 4904 1469 4954 pecora
1485 4886 1629 4941 aaran.
1651 4913 1679 4923 -
1696 4900 1739 4937 ra·

413 4964 557 5023 linquantur
573 4964 632 5014 EV.
654 4990 679 5001 -
701 4965 740 5013 23.
758 4967 889 5029 ancipitem
908 4967 933 5016 l·'.
954 4992 981 5003 -
1000 4965 1040 5017 44.
1060 4980 1093 5016 eu
1106 4965 1144 5029 14]
1161 4970 1185 5016 el
1199 4981 1225 5028 p.
1244 4966 1264 5017 E
1282 4967 1340 5028 (rr.)
1352 4966 1382 5016 V.
1405 4993 1431 5002 -
1450 4980 1484 5015 ec
1500 4963 1535 5027 d]
1553 4969 1576 5013 el
1592 4964 1617 5013 d.
1630 4962 1664 5017 Εἰ
1683 4974 1737 5013 om.

413 5042 436 5085 et
453 5036 493 5085 vel
511 5051 545 5086 an
562 5038 590 5086 V.
612 5064 638 5074 -
659 5041 757 5089 4444444444
774 5041 793 5091 E
810 5055 849 5105 pr.
864 5054 899 5090 rn.
919 5041 978 5102 (Fr.)
996 5044 1025 5092 Α.
1047 5067 1073 5077 -
1093 5055 1127 5091 ec
1142 5040 1201 5105 aaa]
1219 5047 1242 5091 at
1257 5055 1305 5091 scr.
1326 5041 1386 5092 EV.
1404 5040 1441 5091 ci.
1456 5039 1480 5102 ἓ.
1494 5040 1518 5088 2.
1533 5060 1560 5074 -
1580 5036 1622 5085 26.
1640 5037 1739 5086 4444444444

414 5112 491 5173 tpitur
508 5112 561 5162 ch:
581 5114 679 5163 tandem
693 5116 754 5173 (om.
767 5115 855 5178 tpttcr}
872 5115 1015 5169 batto.
1035 5115 1072 5167 Cf.
1087 5130 1127 5166 or.
1141 5129 1167 5181 p.
1181 5115 1301 5167 Cluentio
1319 5115 1343 5180 5.
1356 5117 1397 5167 49.
1410 5117 1483 5166 dh-
1503 5114 1543 5164 tt.
1554 5111 1625 5162 nobis
1641 5110 1738 5161 EVO:

413 5185 480 5234 nobis
497 5185 608 5240 ltdhss.
630 5216 657 5224 -
676 5189 837 5252 eapropter
854 5190 1065 5256 Cbhvzprope
1081 5189 1257 5255 rutum
1275 5189 1375 5257 omli.
1394 5191 1433 5241 ct.
1450 5188 1570 5259 5.s3.-
1589 5185 1736 5244 444444445νί

413 5261 503 5312 adsunt
519 5260 605 5326 43444.
1756 5272 1769 5309 s
