4367 6109
474 583 536 652 aas
842 578 1214 646 ιιιιιιιιιιιιιιτιο
1237 576 1421 671 securos

474 766 551 830 tum,
573 774 644 818 cum
666 751 819 815 obsistere
840 769 907 813 non
927 754 1084 832 poterant,
1105 755 1212 813 tamen
1233 747 1378 813 sufficere
1400 747 1508 831 aliquo
1522 747 1618 813 modo
1632 752 1800 830 poteram

474 871 559 914 nunc
580 866 656 911 vero
677 847 742 909 iam
762 844 908 926 adempta
930 849 1063 907 estnon
1083 842 1180 905 modo
1201 843 1379 917 resistendi,
1400 862 1511 934 rerum
1531 842 1628 908 etiam
1642 840 1801 925 suppediv

475 943 561 1007 tandi
575 940 718 1005 facidtaa.
753 939 865 1021 Itaque
880 956 929 1000 res
944 956 1018 999 suas
1032 935 1212 1018 negligunt:
1234 937 1395 1018 pecunias,
1417 954 1483 1020 quo
1497 937 1627 1004 nomine
1640 934 1800 1005 indutum

472 1036 535 1100 boc
556 1033 748 1118 appellatur,
770 1051 837 1095 nou
858 1036 1021 1113 repetunt,
1047 1029 1246 1112 relinquam:
1272 1028 1333 1092 boc
1354 1029 1417 1093 iam
1439 1037 1554 1095 ornatu
1576 1029 1620 1093 ad
1638 1048 1698 1094 vos
1721 1046 1800 1091 ooa-

449 1129 607 1212 cfugiunt.
630 1126 763 1209 ‚xlta
786 1120 857 1188 t28.
878 1123 1058 1205 Adspicite,
1079 1121 1244 1204 adspicite,
1265 1123 1395 1196 iudices,
1417 1123 1597 1207 squalorem
1618 1123 1799 1206 sordesque

471 1224 642 1287 sociorum.
674 1218 825 1282 Sthenius
846 1217 899 1280 bic
920 1216 1140 1279 Thermitanus
1161 1236 1235 1281 cum
1255 1215 1317 1279 hoc
1338 1216 1454 1298 capillo
1477 1226 1573 1301 atque
1595 1223 1684 1282 veste
1698 1215 1810 1287 ‹lomc¹

471 1337 531 1382 sua
556 1322 622 1379 tota
648 1313 790 1396 expilata
814 1310 1008 1374 mentionem
1036 1317 1166 1373 tuorum
1189 1308 1347 1375 furtorum
1373 1330 1437 1372 non
1464 1310 1557 1374 facit:
1588 1328 1660 1374 sesa
1688 1309 1799 1392 ipsun

471 1411 528 1474 obs
549 1415 580 1472 te
601 1408 726 1492 repetit,
746 1405 826 1469 nihil
845 1402 999 1486 amplius;
1025 1409 1124 1467 totum
1146 1404 1231 1467 onim
1253 1411 1308 1469 tua
1328 1404 1458 1468 libidine
1479 1412 1512 1467 et
1533 1405 1651 1469 scelere
1672 1423 1717 1469 ex
1738 1422 1799 1466 sua

469 1504 585 1588 patria,
620 1502 654 1564 in
681 1519 744 1584 qua
772 1498 880 1562 multis
907 1495 1075 1561 rimutibus
1097 1516 1133 1558 ac
1153 1492 1314 1561 boneficiis
1342 1498 1486 1581 princeps
1514 1497 1593 1573 fuit,
1623 1498 1793 1563 sustulisti.

433 1599 561 1662 tollexo
581 1597 643 1670 bic,
665 1614 760 1678 quem
781 1592 906 1667 videtis,
927 1608 993 1655 non
1015 1609 1098 1673 quae
1119 1591 1245 1672 publice
1259 1590 1448 1673 Tyndaride,
1469 1611 1535 1655 non
1550 1611 1633 1676 quae
1647 1592 1798 1675 privatin

470 1693 531 1756 sibi
553 1690 711 1774 eripuisti,
741 1686 797 1750 sed
820 1685 947 1749 unicum
978 1685 1073 1747 miser
1093 1685 1150 1747 abs
1175 1694 1206 1748 te
1227 1684 1327 1749 filium
1349 1687 1502 1768 optimum
1523 1695 1618 1771 atque
1640 1688 1798 1751 innocen·

470 1785 627 1849 tissimum
649 1780 785 1863 eaput:
814 1798 879 1842 non
902 1797 944 1841 ex
965 1777 1073 1843 litibus
1096 1779 1266 1841 aestimatis
1288 1780 1350 1841 tuis
1372 1780 1540 1861 pecuniam
1561 1781 1709 1853 domun,
1736 1779 1797 1843 scd

470 1898 512 1942 ex
538 1884 592 1941 tua
618 1874 795 1939 calamitate
823 1871 923 1934 cineri.
951 1879 1046 1955 atque
1077 1873 1201 1937 ossibus
1227 1872 1286 1935 filii
1313 1874 1364 1936 sui
1389 1873 1536 1936 solatium
1564 1874 1633 1937 vult
1659 1873 1797 1957 aliquod

469 1976 641 2054 reportare.
691 1966 752 2029 llic
777 1974 841 2028 tam
869 1965 994 2048 grandis
1022 1971 1100 2029 natu
1126 1966 1282 2030 Eubulida
1308 1965 1370 2029 boc
1400 1974 1521 2031 tantum
1550 1974 1661 2031 exacta
1687 1973 1795 2029 aetate

434 2063 587 2135 relaberis
616 2059 800 2143 itinerisque
828 2060 981 2143 suscepit,
1009 2078 1073 2122 non
1100 2067 1136 2122 nt
1163 2059 1285 2142 aliquid
1312 2059 1352 2122 de
1373 2060 1441 2125 suis
1461 2060 1554 2124 bonis
1578 2065 1795 2143 recuperaret,
1815 2101 1823 2118 .-

472 2156 528 2220 aed
550 2163 595 2230 ul,
617 2154 732 2238 quibus
753 2153 853 2217 oculis
875 2159 1019 2217 cruentas
1041 2154 1180 2216 cervices
1200 2150 1257 2216 filii
1278 2153 1327 2216 sui
1344 2154 1476 2228 viderat,
1499 2154 1538 2217 iis
1553 2161 1584 2217 te
1599 2154 1796 2219 condemna·

471 2258 538 2315 tum
566 2249 697 2313 rideret
741 2241 812 2309 lit).
844 2247 876 2310 si
903 2267 960 2330 per
981 2246 1016 2308 L.
1040 2247 1201 2314 Metellum
1228 2247 1350 2311 licitum
1376 2255 1476 2322 esset,
1508 2248 1650 2322 iudices„
1674 2254 1796 2311 manas

470 2343 599 2407 illorum
624 2341 810 2407 miserorum
843 2359 1031 2422 sororesque
1056 2340 1240 2404 ueniebant:
1277 2361 1411 2424 quarum
1444 2361 1522 2416 una,
1554 2360 1626 2405 cum
1654 2360 1717 2424 ego
1750 2338 1796 2403 ad

470 2435 652 2501 Heracliam·
678 2441 775 2498 noctu
804 2434 1002 2506 accederem,
1032 2453 1105 2498 cum
1132 2435 1278 2499 omuibus
1308 2436 1459 2499 moenis
1492 2436 1561 2501 eius
1590 2436 1731 2501 civitatis
1762 2442 1797 2499 et

433 2547 542 2595 mcum
564 2527 671 2593 mullis
691 2527 813 2593 lacibus
834 2526 912 2593 mibi
933 2527 1058 2595 obviam
1079 2529 1184 2602 venit,
1206 2537 1238 2590 et
1258 2529 1317 2603 ita,
1339 2547 1389 2593 me
1411 2548 1500 2591 suam
1523 2531 1655 2595 salutem
1679 2531 1795 2613 appel·

470 2623 551 2695 lans,
571 2629 602 2687 te
624 2641 718 2685 suum
739 2617 918 2685 carnificem
939 2621 1115 2696 nominans,
1137 2622 1194 2685 lilii
1209 2641 1325 2687 nomen
1340 2621 1523 2703 implorans,
1545 2624 1622 2688 mibi
1635 2623 1676 2687 ad
1691 2625 1796 2706 pudes

470 2717 585 2781 misera
606 2715 717 2789 iacuit,
745 2715 836 2798 quasi
859 2734 916 2796 ego
939 2715 1007 2776 eius
1030 2715 1167 2778 excitare
1189 2714 1228 2779 ab
1251 2715 1360 2778 inieris
1381 2716 1482 2778 filium
1503 2737 1638 2799 possem.
1681 2718 1795 2781 Facie-

470 2809 545 2873 bant
565 2809 626 2873 hoc
648 2808 731 2871 idem
753 2809 865 2870 ceteris
887 2808 920 2870 in
942 2808 1120 2872 civitatibus
1143 2812 1276 2893 grandes
1303 2818 1379 2874 natu
1407 2819 1521 2873 matres
1549 2820 1580 2873 et
1602 2812 1677 2874 item
1698 2813 1793 2895 parvi

471 2904 561 2968 liberi
583 2903 779 2976 miserorum,
801 2922 937 2987 quorum
956 2911 1160 2985 utrorumque
1175 2911 1261 2967 aetas
1275 2904 1416 2969 laborem
1431 2912 1462 2966 el
1475 2898 1660 2969 industriam
1676 2926 1793 2983 meam,

434 2994 564 3062 aolidem
585 3004 618 3060 et
639 2995 885 3063 misericordiam
907 3004 1042 3059 vestram
1064 2996 1254 3081 requirebat.
1287 2994 1358 3059 t30.
1381 2998 1489 3081 ltaque
1511 2998 1551 3062 ad
1573 3019 1634 3074 mo,
1655 2998 1792 3075 iudices,

469 3090 551 3154 banc
572 3090 800 3174 querimoniam
823 3096 947 3171 praeter
968 3099 1087 3154 ceteras
1110 3091 1217 3154 Sicilia
1238 3090 1364 3154 detulit:
1385 3092 1522 3157 lacrimis
1543 3113 1602 3176 ego
1622 3093 1700 3167 buo,
1722 3111 1791 3157 nou

470 3185 570 3268 gloria
591 3184 738 3247 inductus
759 3183 894 3257 accessi,
924 3202 964 3245 ne
985 3182 1065 3246 ialsa
1090 3184 1265 3258 damnatio,
1294 3204 1335 3248 ne
1356 3205 1478 3260 carcer,
1510 3206 1550 3249 ne
1572 3196 1717 3262 catenae,
1747 3206 1790 3250 ne

534 3455 558 3504 3.
576 3454 602 3503 bl
617 3467 683 3503 nuuc
699 3452 734 3512 V,
753 3452 824 3503 undo
840 3453 923 3504 Malus
938 3453 976 3502 lis
991 3467 1065 3502 nuuc.
1087 3481 1114 3490 -
1133 3456 1250 3517 cdmsptc
1267 3468 1327 3506 cum
1341 3470 1360 3518 p
1376 3455 1458 3507 habet
1473 3458 1503 3506 V.
1530 3456 1604 3520 [alias
1620 3457 1747 3508 scribitur
1764 3458 1790 3509 io

469 3524 789 3592 commentationis]
809 3554 836 3562 -
861 3529 893 3578 stt
915 3528 959 3578 33.
981 3555 1007 3563 -
1027 3526 1051 3579 l.
1073 3533 1160 3589 petunt
1181 3530 1258 3593 lagg.
1279 3557 1305 3567 -
1324 3531 1467 3592 relinquunt
1487 3531 1523 3581 33
1540 3529 1556 3580 λ
1579 3532 1634 3594 (sed
1653 3531 1673 3582 3
1690 3545 1731 3596 pr.
1751 3545 1788 3583 m.

467 3602 628 3666 relinquoatl:
646 3603 770 3652 relincunt
785 3602 822 3658 V;
844 3603 987 3665 relinquunt
1004 3608 1027 3652 ct
1041 3604 1168 3668 uepltaont
1185 3605 1248 3655 dett.
1268 3605 1296 3655 Ο.
1318 3632 1343 3640 -
1364 3607 1447 3654 emoti
1464 3607 1494 3655 V.
1515 3634 1542 3642 -
1560 3608 1585 3656 5.
1604 3606 1706 3668 capiate
1722 3607 1750 3656 in
1767 3606 1791 3655 V

468 3683 496 3731 et
512 3680 588 3741 lagg.
609 3676 733 3729 omnibus
750 3675 833 3727 semel
851 3675 952 3741 legitur.
968 3705 994 3713 -
1014 3678 1038 3727 6.
1057 3678 1178 3741 sumtus]
1195 3685 1229 3728 est
1245 3679 1358 3729 Stbcnius
1373 3680 1451 3743 lagg.
1466 3707 1493 3714 -
1512 3681 1587 3732 dcmu
1603 3682 1632 3730 3.
1648 3708 1675 3718 -
1694 3680 1718 3731 7.
1738 3686 1790 3732 tcto

466 3755 497 3805 V.
513 3781 540 3789 -
553 3752 577 3804 8.
596 3766 613 3801 o
630 3757 653 3802 te
670 3751 700 3803 V.
722 3776 748 3788 -
768 3757 813 3802 tua
831 3752 892 3814 locu
909 3767 926 3802 a
942 3752 994 3816 tun)
1013 3755 1092 3803 ctiam
1110 3754 1141 3804 V.
1161 3781 1189 3791 -
1208 3760 1231 3805 st
1249 3767 1302 3804 om.
1322 3755 1351 3804 V.
1371 3780 1399 3789 -
1418 3755 1442 3804 9.
1460 3754 1500 3818 cc]
1517 3761 1540 3804 et
1556 3756 1634 3820 Lagg.
1653 3755 1734 3818 dett,
1756 3756 1787 3806 0.

469 3856 497 3867 -
516 3827 626 3893 beneficis
648 3826 724 3891 apr.
744 3839 780 3877 m.
800 3828 960 3890 -princeps
979 3829 1028 3891 suit
1052 3829 1087 3879 33
1106 3826 1159 3878 lV
1183 3831 1242 3892 (ΒΓ.)
1267 3829 1348 3893 tgee:
1372 3831 1458 3894 floruit
1472 3832 1587 3893 princeps
1603 3831 1668 3881 dett.
1686 3831 1716 3880 0.
1747 3829 1787 3881 Cl.

468 3903 554 3955 bledv.
573 3916 599 3968 p.
618 3901 659 3954 lo.
680 3929 706 3938 -
726 3901 766 3952 lo.
786 3902 867 3951 Decio
884 3902 913 3952 0.
934 3930 961 3939 -
976 3902 1091 3965 publicae
1107 3906 1136 3954 3.
1157 3931 1184 3939 -
1205 3905 1344 3965 lmsdoride
1359 3906 1395 3956 33
1414 3905 1434 3955 V
1451 3905 1526 3968 ibri:
1547 3906 1655 3968 Tyndari
1672 3906 1738 3956 dett.
1756 3905 1786 3957 0.

470 4006 496 4016 -
516 3978 557 4028 ll.
575 3976 619 4027 ebs
635 3982 658 4026 te
673 3975 748 4026 muer
766 3976 801 4026 33
819 3973 843 4025 λ.
864 4002 890 4010 -
910 3976 950 4026 43.
970 3980 997 4027 et
1014 3977 1052 4027 46.
1070 3979 1108 4042 fili
1124 3981 1145 4030 3
1162 3980 1192 4029 V.
1213 4007 1240 4016 -
1260 3981 1300 4031 ι3.
1318 3981 1370 4031 uolt
1387 3982 1415 4039 ll,
1431 4005 1457 4017 -
1471 3982 1572 4043 adquod
1589 3994 1642 4033 om.
1661 3983 1741 4046 lagg.
1757 4009 1786 4020 -

467 4053 507 4107 tl.
526 4058 579 4102 tam
595 4053 631 4104 33
649 4052 682 4100 V:
701 4053 754 4101 tum
771 4052 835 4101 dett.
850 4077 877 4087 -
891 4051 1016 4102 Eubotidc
1034 4054 1073 4103 bic
1090 4060 1108 4104 t.
1126 4054 1157 4104 V.
1172 4081 1198 4091 -
1213 4056 1253 4106 lb.
1272 4056 1301 4106 dc
1318 4054 1354 4106 33
1365 4056 1401 4106 V:
1420 4069 1453 4107 ec
1469 4056 1533 4108 dett.
1553 4057 1582 4107 0.
1597 4082 1624 4092 -
1637 4055 1697 4120 cuis]
1713 4057 1789 4109 buius

467 4127 530 4181 dett.
550 4129 627 4192 lagg.
647 4153 674 4162 -
694 4131 844 4188 auspercrst
861 4128 939 4192 lagg.
959 4154 986 4163 —
1006 4128 1046 4178 46.
1065 4129 1096 4178 its
1113 4134 1136 4179 te
1151 4129 1271 4193 Zumpt:
1293 4129 1338 4190 iste
1354 4131 1374 4179 3
1392 4130 1428 4179 Gi
1445 4129 1507 4184 Ld.:
1533 4130 1608 4185 &tum
1624 4133 1675 4190 Gl;
1700 4133 1788 4189 &dm

466 4212 552 4276 (oden
568 4212 598 4272 Vl
616 4216 639 4261 te
654 4207 710 4260 rell.
730 4210 758 4259 0.
778 4209 913 4273 [apertum
931 4215 972 4262 est
988 4213 1017 4262 dc
1034 4214 1058 4262 in
1076 4214 1097 4262 3
1114 4226 1129 4262 a
1146 4212 1247 4276 syllaba
1264 4219 1287 4263 tc
1303 4213 1458 4278 absorptum
1476 4214 1555 4279 csse]
1570 4241 1597 4250 -
1617 4217 1657 4266 tr.
1675 4218 1788 4270 viderem

466 4288 498 4337 V.
517 4314 544 4322 -
563 4285 653 4350 siper]
675 4285 721 4334 sibl
740 4286 779 4335 .Ρ.
797 4286 825 4335 ll.
843 4287 873 4336 3.
891 4313 919 4322 -
939 4287 979 4336 t8.
998 4288 1146 4338 miserem
1162 4289 1198 4340 33
1216 4291 1251 4339 V:
1274 4303 1330 4340 om.
1352 4290 1416 4341 dett.
1436 4292 1464 4340 0.
1484 4316 1511 4327 -
1530 4304 1623 4342 asom
1640 4307 1789 4360 sororupac

465 4361 545 4419 detl.;
564 4373 708 4423 sororesque
723 4373 862 4423 comaque
877 4363 907 4411 V.
927 4361 1015 4413 llabss
1032 4363 1134 4427 glossae
1152 4366 1293 4428 originem!
1313 4391 1341 4401 —-
1361 4367 1399 4415 te.
1417 4367 1563 4416 Haradsasa
1578 4367 1601 4416 V
1617 4371 1645 4417 et
1660 4370 1739 4434 lagg.
1756 4397 1784 4408 -

465 4436 587 4490 accedere
598 4440 628 4488 V.
649 4439 708 4501 (non
727 4438 861 4500 accedere.)
880 4464 907 4474 -
926 4440 967 4489 et.
984 4439 1022 4502 {tlt
1037 4453 1063 4488 e.
1081 4440 1210 4501 deplorem
1225 4442 1246 4490 3
1262 4440 1294 4490 V.
1310 4464 1338 4476 ·-
1356 4441 1397 4489 33.
1415 4441 1467 4491 eius
1483 4454 1538 4490 acc.
1556 4441 1589 4491 cb
1605 4444 1649 4506 tat.
1665 4446 1748 4508 ntem
1764 4449 1785 4500 3

466 4516 515 4565 ot:
535 4515 587 4564 dus
603 4527 655 4565 om.
674 4512 696 4561 V
714 4514 763 4574 (est
778 4524 823 4575 epo
841 4512 866 4561 in
884 4512 936 4563 fine
952 4514 1069 4576 versus);
1093 4515 1145 4563 ctus
1161 4527 1216 4564 ccc.
1233 4516 1314 4579 filicem
1329 4515 1361 4565 ab
1377 4517 1422 4578 tens.
1441 4517 1478 4566 ⁶2
1496 4517 1558 4575 ld,
1575 4532 1630 4568 ene.
1648 4521 1666 4583 s.
1685 4521 1740 4571 ctus
1755 4523 1788 4572 ab

376 4617 379 4623 ·
465 4588 510 4653 ias.
529 4589 593 4640 detl.
607 4590 636 4638 0.
650 4614 677 4624 -
690 4588 731 4639 33.
751 4587 848 4637 idi
866 4589 937 4651 (bn).
956 4588 1034 4639 dett:
1053 4589 1139 4638 itidem
1155 4590 1190 4638 33
1207 4587 1232 4648 λ,
1251 4591 1322 4653 quod
1340 4604 1392 4640 non
1410 4604 1519 4654 prorsus
1535 4596 1692 4656 spreverim.
1718 4598 1788 4651 Nam

465 4663 601 4730 praecedit
616 4663 670 4723 Va,
690 4663 808 4727 sequitur
824 4663 895 4722 ιιοιιι,
913 4665 948 4714 lta
965 4668 994 4714 ul
1010 4667 1083 4714 recte
1101 4664 1151 4714 dici
1169 4666 1253 4729 possit
1270 4667 1356 4728 -quod
1375 4680 1425 4715 una
1444 4666 1484 4716 illa
1504 4671 1589 4717 mater
1605 4668 1718 4731 lecerat,
1741 4673 1789 4724 bcc

465 4737 543 4805 plane
561 4738 656 4789 eodem
674 4737 754 4787 modo
771 4738 797 4787 ln
815 4739 910 4787 ceteris
927 4739 1076 4790 civitatibus
1092 4744 1192 4791 matres
1209 4742 1319 4801 iecisse,
1343 4742 1439 4792 eodem
1461 4742 1542 4793 modo
1559 4757 1655 4806 parvos
1670 4745 1786 4808 liberos;

465 4813 575 4863 modum
593 4814 682 4862 autem
699 4812 772 4863 illum
793 4813 939 4877 significant
955 4814 1051 4865 verba:
1077 4817 1127 4876 tto,
1145 4830 1184 4866 nse
1199 4830 1271 4867 suam
1285 4816 1390 4867 sulutem
1406 4831 1483 4881 sqq.»
1502 4845 1529 4853 —
1548 4820 1634 4870 ceteris
1652 4822 1679 4870 in
1699 4821 1736 4872 33
1754 4822 1786 4884 V,

466 4889 543 4950 Lagg.
562 4900 669 4938 omnes:
695 4889 721 4937 iu
744 4890 829 4939 ceteris
847 4890 875 4938 0.
897 4915 923 4924 -
941 4895 1004 4939 nutu
1024 4893 1133 4953 prandes
1152 4892 1230 4956 egee.
1250 4919 1277 4928 —
1293 4893 1370 4954 porci
1392 4894 1427 4944 33
1444 4895 1479 4943 V:
1502 4895 1608 4956 pomuli
1623 4895 1686 4946 dett.
1705 4897 1736 4946 0.
1756 4923 1785 4934 -

465 4971 506 5022 il.
524 4978 656 5035 utrmque
672 4972 708 5024 33
725 4974 755 5022 V.
783 4971 833 5036 [est
849 4974 875 5023 ln
892 4973 927 5022 V:
954 4975 974 5035 0
1003 4976 1172 5027 ttVll-thth
1182 4977 1211 5038 (t.
1239 4977 1335 5028 Noteot
1356 4980 1518 5039 grammatici
1543 4977 1655 5030 tornum
1678 4982 1787 5044 optimis

465 5050 544 5101 codd.
563 5051 753 5110 confirmatam,
772 5065 841 5114 quae
857 5054 887 5101 ut
902 5053 1068 5102 numerosior
1084 5063 1114 5102 se
1131 5051 1186 5115 ipsa
1199 5053 1376 5102 commendat.
1396 5054 1487 5118 llius]
1503 5081 1528 5088 -
1541 5055 1582 5105 23.
1593 5055 1737 5115 requimct
1748 5057 1785 5106 V:

465 5125 623 5186 requirebant
645 5127 682 5176 33
704 5127 781 5190 Lagg.
807 5153 834 5163 -
856 5127 897 5177 36.
916 5133 1082 5190 praetereat.
1104 5126 1169 5177 bunc
1188 5127 1293 5188 pompa.
1316 5128 1394 5191 Lagg.
1418 5130 1482 5181 dett.
1506 5129 1535 5178 0.
1559 5153 1586 5163 -
1608 5129 1729 5179 benonis
1749 5132 1784 5190 3;

466 5198 584 5248 boemis
601 5202 700 5251 detulit:
716 5216 760 5266 epo
777 5203 861 5252 llaius
876 5216 908 5252 cr
925 5203 955 5253 V.
969 5228 996 5239 -
1014 5202 1062 5251 buc
1078 5202 1098 5251 3
1115 5202 1138 5252 V
1154 5202 1188 5252 C:
1206 5203 1240 5254 cd
1254 5201 1300 5251 boc
1316 5201 1379 5254 dett.
1399 5204 1428 5256 0.
1447 5203 1507 5268 (son
1521 5204 1605 5269 clorio
1620 5205 1667 5257 bec
1684 5205 1742 5270 63.)
1755 5232 1783 5244 ·-

468 5271 509 5324 bl.
528 5276 628 5326 accessit
643 5275 674 5326 V.
694 5302 721 5313 -
739 5289 770 5326 ne
784 5277 851 5340 falsu
867 5275 902 5327 33
920 5276 939 5327 C
957 5275 1039 5342 egee:
1062 5277 1104 5328 ced
1119 5290 1150 5328 nc
1164 5277 1231 5342 falsu
1247 5276 1277 5340 V,
1296 5277 1360 5333 dett.
