4367 6109
729 578 800 644 er.
822 579 847 642 1.
876 578 951 644 Car.
972 578 1158 644 xl-xm.
1186 574 1243 662 §S-
1265 574 1412 643 att-at.
1574 622 1577 637 .
1672 571 1729 640 lll

409 748 448 812 ad
476 753 657 831 praetorem
686 746 784 811 alium
813 747 1000 832 iudicesque
1028 750 1109 813 alios
1134 749 1324 813 veniremus.
1368 742 1419 811 3t.
1447 747 1517 811 lloc
1539 747 1566 810 si
1588 766 1648 830 ego
1670 765 1735 809 non
1823 772 1831 788 ·

408 841 574 917 vidissem,
602 843 630 905 si
652 862 702 905 me
724 862 790 905 non
812 861 923 905 omnes
945 845 1012 906 noti
1035 844 1202 929 ignotique
1224 844 1422 908 monuissent
1443 842 1476 904 id
1498 842 1567 925 agi,
1594 842 1627 904 id
1650 841 1737 924 cogi·

407 936 485 1012 tari,
507 937 541 1000 in
563 956 602 1000 eo
625 937 798 1012 elaborari,
820 943 927 999 utres
949 938 982 999 in
1005 938 1083 1001 illud
1107 947 1231 1022 tempus
1248 939 1447 1002 reiiceretur:
1470 937 1584 1010 credo,
1607 935 1634 998 si
1656 933 1736 996 meis

406 1030 497 1094 boris
519 1031 553 1094 in
575 1030 755 1094 accusando
778 1031 825 1094 uti
848 1031 1036 1107 voluissem,
1059 1054 1200 1109 vererer,
1222 1054 1263 1096 ne
1285 1033 1363 1095 mihi
1385 1031 1518 1096 crimina
1539 1051 1604 1094 non
1620 1048 1737 1113 suppe-

407 1133 527 1201 terent,
552 1144 595 1187 ne
616 1124 719 1188 oratio
742 1125 883 1200 deesset,
911 1144 952 1187 ne
974 1146 1038 1188 vox
1059 1126 1209 1211 viresque
1231 1122 1416 1200 delicerent,
1442 1146 1499 1199 ne,
1522 1145 1618 1208 quem
1640 1135 1761 1187 nemot

406 1221 509 1302 prima
531 1218 657 1282 actione
679 1218 851 1282 defendere
874 1238 970 1282 ausus
992 1228 1095 1294 esset,
1118 1241 1190 1282 eum
1213 1240 1272 1301 ego
1291 1219 1340 1282 bis
1352 1239 1502 1282 accusare
1517 1239 1583 1280 non
1598 1237 1736 1301 possem.

404 1315 474 1396 Ego
497 1333 602 1377 meum
624 1313 794 1377 consilium
808 1334 880 1376 cum
896 1312 1074 1386 iudicibus,
1095 1321 1161 1374 tum
1176 1312 1297 1395 populo
1312 1313 1455 1375 Romano
1471 1312 1619 1394 probavi;
1642 1332 1736 1375 nemo

405 1415 473 1483 est,
494 1407 551 1493 qui
574 1407 637 1470 alia
658 1406 782 1470 ratione
804 1407 937 1469 istorum
959 1406 1095 1469 iniuriae
1117 1414 1213 1489 atque
1235 1407 1452 1488 impudentiae
1466 1406 1610 1489 potuisse
1626 1404 1737 1469 obsisti

405 1501 586 1564 arbitretur.
630 1500 757 1563 Etenim
779 1519 842 1583 qua
864 1499 998 1563 stultitia
1018 1500 1166 1574 fuissem,
1189 1500 1233 1575 si,
1257 1519 1352 1583 quam
1374 1501 1459 1563 diem
1481 1501 1537 1584 qui
1559 1502 1655 1564 istum
1677 1499 1738 1563 eri·

405 1595 562 1678 piendum
583 1597 788 1659 redemerunt
807 1595 841 1657 in
864 1594 1012 1658 cautione
1034 1594 1197 1668 viderunt,
1226 1615 1298 1657 cum
1327 1595 1372 1657 ita
1393 1603 1558 1670 caverent,
1590 1596 1643 1658 «si
1665 1602 1739 1679 post
1747 1606 1775 1655 ro

407 1688 568 1752 Kalendas
598 1690 664 1752 lan.
694 1689 728 1751 in
750 1688 920 1751 consilium
941 1688 1042 1751 iretur
1051 1710 1078 1764 o,
1109 1689 1142 1751 in
1165 1709 1235 1752 eam
1257 1688 1342 1752 diem
1365 1710 1439 1772 ego,
1468 1709 1539 1752 cum
1561 1690 1738 1772 potuissem

407 1784 524 1859 vitare,
548 1783 749 1847 incidissem!
794 1779 845 1845 32.
866 1784 957 1845 Nunc
980 1783 1056 1845 mibi
1079 1783 1231 1865 temporis
1253 1784 1339 1857 eius,
1362 1783 1449 1867 quod
1472 1782 1549 1845 mibi
1569 1783 1609 1846 ad
1631 1784 1739 1847 dicen·

406 1876 483 1940 dum
506 1877 616 1952 datur,
647 1878 798 1962 quoniam
829 1879 863 1940 in
885 1878 991 1940 animo
1014 1883 1062 1940 est
1083 1896 1212 1940 causam
1234 1897 1361 1940 omnem
1383 1896 1560 1960 exponere,
1593 1878 1739 1941 habenda

407 1973 488 2034 ratio
519 1978 569 2034 est
595 1971 773 2055 diligenter.
816 1972 887 2033 ΧΗ.
917 1972 1026 2054 ltaque
1055 1971 1192 2053 primum
1215 1970 1304 2033 illum
1327 1980 1433 2034 actum
1454 1971 1546 2034 istius
1568 1972 1651 2035 sitae
1673 1978 1739 2033 tur-

408 2066 577 2149 pissimum
606 2073 638 2128 et
666 2062 947 2148 flagitiosissimum
975 2065 1234 2147 praetermittam.
1277 2066 1363 2128 Nihil
1392 2086 1410 2129 a
1441 2088 1491 2129 me
1523 2068 1562 2128 de
1584 2066 1777 2148 pueritiaett

409 2181 484 2224 suae
508 2160 637 2243 flagitiis
659 2160 782 2234 audiet,
804 2159 885 2222 nibil
907 2179 947 2222 ex
969 2158 1024 2221 illa
1046 2159 1170 2241 impura
1192 2159 1409 2223 adolescentia
1431 2180 1505 2236 sua;
1529 2180 1611 2243 quae
1634 2159 1739 2242 qualis

407 2252 517 2328 luerit,
540 2260 597 2317 aut
617 2253 805 2315 meministis
828 2259 883 2314 aut
905 2273 945 2314 ex
969 2273 1025 2327 eo,
1048 2273 1144 2336 quem
1166 2254 1215 2316 sui
1237 2253 1435 2316 simillimum
1456 2252 1626 2338 produxit,
1648 2275 1740 2318 reco-

409 2366 561 2430 gnoscere
582 2348 727 2429 potestis.
765 2346 880 2409 Omnia
901 2347 1099 2429 praeteribo,
1122 2368 1205 2430 quae
1220 2347 1297 2409 mihi
1313 2349 1419 2431 turpia
1433 2348 1521 2412 dictu
1535 2349 1738 2423 videbuntur,

408 2460 513 2526 neque
542 2442 646 2505 solum
676 2442 755 2525 quid
782 2443 878 2505 istum
906 2442 1032 2516 audire,
1060 2461 1171 2504 verum
1200 2442 1294 2504 etiam
1317 2443 1395 2526 quid
1417 2462 1467 2505 me
1490 2444 1601 2507 deceat
1623 2445 1739 2519 dicere,

409 2534 628 2600 considerabo.
673 2537 756 2611 Vos,
779 2555 917 2619 quaeso,
947 2534 1019 2598 date
1041 2536 1102 2599 boc
1125 2543 1157 2598 et
1178 2536 1344 2598 concedite
1366 2537 1482 2618 pudori
1505 2558 1593 2613 meo,
1624 2545 1660 2601 ut
1682 2539 1778 2601 ali-at

408 2650 504 2714 quam
526 2638 649 2714 partem
670 2631 710 2694 de
731 2631 824 2694 istius
847 2629 1045 2712 impudentia
1066 2630 1200 2693 reticere
1215 2631 1346 2712 possim.
1382 2626 1433 2693 33.
1449 2631 1551 2695 Omne
1566 2632 1646 2695 illud
1662 2641 1740 2696 tem·

407 2744 485 2806 pus,
507 2726 595 2809 quod
616 2725 693 2799 luit,
715 2731 888 2808 antequam
910 2721 970 2788 is‘te
993 2725 1033 2787 ad
1048 2724 1249 2806 magistratus
1270 2744 1401 2808 remque
1420 2726 1580 2808 publicam
1595 2728 1740 2803 accessit,

407 2818 523 2883 babeat
544 2839 602 2902 per
623 2840 674 2882 me
697 2820 836 2883 solutum
859 2840 895 2882 ac
918 2820 1061 2882 liberum.
1106 2818 1245 2881 Sileatur
1266 2818 1306 2880 de
1328 2820 1493 2882 nocturnis
1516 2820 1585 2882 eius
1607 2820 1741 2884 baecha-

390 2910 551 2975 'tionibus
573 2933 610 2977 ac
624 2913 760 2996 vigiliis;
782 2914 950 2988 lenonum,
973 2913 1166 2988 aleatorum,
1188 2912 1415 2995 perductorum
1430 2913 1518 2976 nulla
1534 2914 1653 2976 mentio
1668 2911 1739 2990 fiae

408 3005 541 3082 damna,
564 3007 736 3082 dedecora,
759 3027 841 3092 quae
863 3029 915 3070 res
937 3009 1036 3090 patris
1059 3009 1139 3080 eius,
1162 3016 1249 3070 aetas
1265 3007 1368 3090 ipsius
1382 3008 1522 3090 pertulit,
1538 3017 1778 3092 praeterean-at

408 3107 476 3176 tur;
498 3101 640 3165 lucretur
661 3101 779 3164 indicia
800 3103 916 3165 veteris
938 3102 1103 3177 infamiae3
1126 3102 1267 3184 patiatur
1289 3101 1358 3163 eius
1372 3102 1437 3164 vita
1453 3102 1579 3185 reliqua
1593 3124 1643 3167 me
1656 3102 1739 3166 banc

409 3201 529 3257 tantm
557 3195 711 3259 iacturam
741 3198 908 3260 criminum
936 3197 1051 3261 lacere.
1106 3193 1157 3258 34.
1191 3196 1350 3271 Quaestor
1380 3195 1435 3259 Cn.
1457 3196 1584 3278 Papirio
1615 3197 1740 3261 consuli

410 3288 498 3352 fuisti
521 3289 636 3354 abhinc
658 3310 760 3354 annos
782 3293 1049 3376 quattuordecim.
1079 3291 1130 3354 Ex
1152 3311 1190 3355 ea
1212 3292 1264 3353 die
1286 3291 1326 3354 ad
1348 3292 1430 3354 banc
1452 3291 1536 3353 diem
1559 3311 1641 3375 quae
1663 3291 1740 3354 feci·

409 3383 467 3457 sti,
489 3383 524 3445 in
546 3383 700 3447 iudicium
722 3404 813 3448 voco.
857 3385 944 3449 Hora
972 3386 1061 3449 nulla
1083 3406 1183 3449 vacua
1204 3406 1223 3448 a
1244 3385 1348 3461 lutto,
1379 3387 1515 3460 scelere,
1543 3384 1740 3459 crudelitate,

409 3478 531 3561 flagitio
557 3479 745 3561 reperietur.
788 3480 829 3541 lli
858 3487 933 3543 sunt
961 3481 1037 3543 anni
1064 3481 1244 3562 consumpti
1274 3480 1307 3542 in
1330 3487 1501 3564 quaestura
1526 3487 1559 3544 et
1580 3479 1778 3562 legationem

409 3572 547 3636 Asiatica
576 3579 609 3636 et
634 3581 783 3656 praetura
810 3575 931 3637 urbana
955 3582 987 3636 et
1014 3582 1163 3657 praetura
1186 3574 1355 3637 Siciliensi.
1399 3574 1506 3649 Quare
1527 3573 1606 3637 baec
1628 3574 1740 3637 eadem

410 3666 470 3729 erit
493 3665 724 3751 quadripartita
745 3668 927 3732 distributio
950 3668 1048 3732 totius
1071 3668 1284 3731 accusationis
1306 3688 1406 3732 meae.

494 3763 581 3826 xm.
611 3762 771 3838 Quaestor
792 3783 833 3826 ex
854 3769 982 3827 senatus
999 3763 1145 3826 consulto
1168 3762 1365 3844 provinciam
1387 3763 1517 3827 sortitus
1539 3782 1595 3827 es:
1626 3762 1742 3846 obtigit

411 3857 467 3921 tibi
489 3856 682 3932 consularis,
712 3863 748 3920 ut
770 3878 841 3921 cum
863 3859 995 3922 consule
1019 3857 1074 3920 Cn.
1096 3856 1239 3921 Carbone
1268 3879 1354 3922 esses
1381 3878 1517 3943 eamque
1543 3858 1741 3941 provinciam

411 3951 581 4016 obtineres.
624 3954 700 4015 Erat
722 3959 789 4016 tum
811 3953 968 4016 dissensio
991 3953 1126 4028 civium3
1149 3953 1189 4015 de
1212 3973 1276 4038 qua
1297 3953 1378 4017 nibil
1396 3975 1467 4018 sum
1482 3954 1639 4032 dicturus,
1662 3955 1779 4041 quid&

412 4046 529 4110 sentire
552 4046 716 4110 debueris:
739 4067 838 4110 unum
859 4047 922 4110 boc
943 4046 1033 4122 dico,
1056 4048 1090 4110 in
1112 4047 1270 4110 eiusmodi
1292 4054 1434 4131 tempore
1449 4069 1485 4113 ac
1501 4059 1587 4114 sorte
1602 4059 1740 4114 statuere

411 4150 443 4206 te
464 4141 631 4215 debuisse,
653 4147 759 4203 utrum
782 4141 893 4204 malles
915 4142 1033 4204 sentire
1055 4149 1152 4225 atque
1174 4142 1354 4206 defendere.
1387 4144 1488 4207 Carbo
1510 4146 1742 4228 graviterlere·

411 4235 465 4300 bat
485 4237 546 4299 eibi
570 4242 772 4320 quaestorem
802 4236 953 4320 obtigisse
979 4236 1143 4299 bominem
1165 4238 1318 4320 singulari
1340 4239 1468 4302 luxuria
1489 4246 1586 4325 atque
1607 4241 1741 4317 inertia;

412 4349 521 4394 verum
537 4338 643 4395 tanmn
666 4331 799 4394 ornabat
821 4351 894 4393 eum
915 4327 1079 4394 beneficiis
1102 4327 1280 4416 officiisque
1303 4333 1461 4396 omnibus.
1489 4335 1536 4397 Ne
1559 4334 1679 4398 diutius
1695 4341 1742 4397 te·

476 4556 500 4608 l.
518 4555 580 4608 boec
595 4557 617 4606 et
634 4557 681 4607 dtt.
700 4570 781 4609 nonu.
804 4585 830 4593 -
855 4556 881 4608 3.
898 4558 925 4607 in
941 4571 969 4608 eo
985 4557 1112 4608 elaborari
1129 4557 1207 4619 Gtg:
1234 4558 1261 4607 in
1277 4571 1306 4608 eo
1322 4557 1437 4608 loborort
1453 4559 1501 4610 dtt.
1520 4560 1549 4609 0.
1573 4559 1613 4623 (td
1629 4558 1743 4609 laborari

410 4629 456 4696 bg.
469 4627 526 4693 l2.;
544 4632 572 4682 td
587 4630 714 4682 moerore
731 4633 775 4696 Lg.
788 4631 830 4683 29.
855 4632 938 4684 Atel.
957 4632 981 4697 ἓ.
999 4635 1024 4684 ².
1043 4633 1155 4683 Divinat.
1174 4632 1200 4696 5.
1218 4631 1269 4694 39.)
1289 4661 1316 4669 -
1340 4635 1365 4684 5.
1383 4648 1414 4684 oe
1434 4647 1475 4684 me
1490 4649 1542 4685 voe
1558 4636 1586 4685 L.
1612 4638 1647 4687 At
1662 4635 1695 4686 ct.
1712 4647 1740 4699 p.

414 4706 518 4767 Quinct.
537 4706 562 4772 5.
576 4703 601 4759 l.
621 4734 648 4743 -
668 4708 693 4759 6.
706 4709 796 4771 priore
811 4708 908 4759 actione
923 4710 953 4759 A.
970 4734 996 4742 —
1016 4707 1039 4757 7.
1058 4721 1115 4757 cum
1131 4707 1182 4756 iud.
1203 4708 1280 4767 Gir:
1300 4706 1420 4757 tadtotbru
1437 4710 1469 4758 Gt
1491 4707 1539 4760 dtt.
1553 4712 1581 4761 Ο.
1600 4738 1627 4747 -
1647 4710 1671 4761 9.
1690 4708 1742 4774 qut]

410 4782 468 4843 tet,
486 4782 530 4845 qut
546 4783 577 4832 Α.
598 4809 624 4817 -
644 4784 685 4833 46.
703 4784 809 4848 flogella
825 4782 861 4834 63
871 4798 902 4846 ςε
919 4782 1023 4848 flagitiis
1037 4782 1192 4844 peccatisque
1210 4781 1258 4830 dtt.
1277 4782 1307 4831 0.
1335 4781 1401 4832 -ast
1417 4781 1468 4833 boo
1485 4796 1569 4834 uuum
1586 4798 1618 4834 ex
1634 4784 1742 4835 infinitis

412 4853 541 4921 exemplis
565 4857 794 4922 Interpretamenti
819 4871 869 4924 per
894 4856 1050 4923 particulam
1072 4856 1205 4916 adiuncti;
1232 4857 1311 4908 nimis
1334 4857 1406 4908 enim
1423 4856 1489 4908 lenis
1506 4861 1548 4909 est
1563 4859 1631 4909 haee
1647 4871 1698 4907 vox
1715 4859 1742 4907 et

411 4929 526 4996 vulgans
550 4934 613 4998 post
636 4946 715 4997 gmve
738 4934 766 4985 et
787 4934 926 4999 proprium
950 4934 1109 4997 flagitiomm
1126 4945 1251 4984 nomen.»
1285 4932 1371 4985 Madv.
1390 4934 1423 4984 de
1440 4936 1501 4985 Asc.
1519 4936 1586 4998 App.
1604 4945 1631 4997 p.
1651 4932 1691 4982 33.
1711 4958 1739 4969 -

412 5005 452 5059 tr.
471 5020 505 5057 ez
520 5007 568 5057 oo
583 5010 615 5057 A.
630 5035 657 5044 -
676 5007 717 5059 24.
732 5010 890 5072 perditonen
906 5007 1047 5072 LdLng
1062 5009 1245 5071 productorem
1255 5009 1283 5059 L.
1299 5037 1326 5046 -
1344 5010 1385 5060 26.
1403 5010 1514 5072 patene
1530 5009 1598 5059 coni.
1616 5007 1739 5071 Schuetz,

409 5081 509 5145 patore
529 5079 650 5134 Orellius.
671 5110 696 5120 -
724 5084 765 5135 27.
788 5085 882 5136 conati
900 5086 936 5135 Gt
956 5083 1008 5135 at:
1029 5084 1128 5135 comate
1144 5085 1190 5135 Gt.
1217 5086 1363 5149 Utrumque
1384 5085 1516 5136 memorat
1531 5084 1561 5134 Α.
1580 5084 1634 5134 Cos.
1653 5084 1690 5134 st.
1711 5109 1740 5119 -

412 5153 453 5206 ³2.
471 5156 656 5220 osmepettm
671 5173 698 5220 ς.
718 5186 745 5195 -
764 5158 804 5210 33.
823 5164 859 5210 eet
875 5160 920 5209 Gt.
942 5186 968 5195 -
988 5158 1028 5209 39.
1047 5159 1162 5224 motat]
1179 5159 1319 5211 Momcbot
1335 5161 1367 5211 Gt
1380 5161 1404 5210 2.
1427 5187 1454 5197 -
1473 5159 1607 5223 officiisque
1624 5172 1678 5210 om.
1691 5157 1739 5210 dtt

412 5229 442 5355 3.
463 5257 492 5268 -
509 5245 554 5284 eos
568 5237 666 5287 teneam
682 5234 750 5286 coni.
763 5233 908 5287 Lambinus
925 5235 982 5286 sine
999 5246 1094 5296 causa;
1113 5233 1146 5286 ct.
1165 5247 1205 5288 or.
1223 5249 1250 5301 p.
1267 5237 1344 5289 ttosc.
1357 5237 1416 5288 Am.
1434 5233 1459 5298 5.
1471 5234 1513 5286 20.
1530 5233 1622 5300 ibique
1639 5234 1743 5289 Buech-

431 5317 517 5358 erum.
