4367 6109
447 602 489 668 60
730 605 880 671 ORATIO
901 605 981 670 PRO
1004 605 1092 669 SEX.
1114 605 1261 673 ROSCIO
1282 606 1465 672 bblERINO

447 776 601 842 disturbat
627 779 709 841 ritae
738 776 930 838 societatem.
973 779 1044 839 Non
1066 778 1151 839 enim
1178 797 1347 861 possumus
1370 777 1476 840 omnia
1496 797 1555 862 per
1576 795 1634 859 nos
1657 796 1764 865 agere:

447 872 528 934 alius
549 872 582 936 in
604 870 664 934 alia
685 876 733 933 est
753 889 788 932 re
810 870 908 951 magis
930 871 1026 933 utilis.
1059 871 1179 933 Idcirco
1194 872 1351 935 amicitiae
1366 879 1609 954 comparantur,
1631 880 1667 937 ut
1681 891 1766 933 com·

447 985 542 1028 mune
564 964 761 1027 commodum
785 965 902 1026 mutuis
925 960 1035 1028 officiis
1058 965 1259 1048 gubernetur.
1297 960 1368 1026 lli.
1392 966 1476 1042 Quid
1498 967 1613 1049 recipis
1635 965 1767 1027 manda-

447 1068 528 1133 tnrn,
556 1061 582 1122 si
610 1066 664 1120 ant
689 1059 891 1141 neglecturus
920 1059 1035 1122 autad
1058 1067 1147 1121 tuum
1170 1060 1370 1122 commodum
1393 1079 1601 1123 conversurus
1624 1061 1679 1121 est
1712 1079 1768 1124 cur

422 1151 523 1214 amini
545 1159 575 1214 te
597 1153 690 1215 ollers
713 1172 749 1215 ac
772 1154 849 1215 meis
872 1153 1046 1216 commodis
1068 1150 1173 1216 officio
1196 1154 1343 1216 simulato
1366 1149 1465 1218 officis
1488 1161 1519 1216 et
1542 1154 1673 1216 obstas‘l
1707 1153 1768 1216 Re·

445 1245 524 1309 cede
554 1246 593 1308 de
626 1246 747 1309 medio:
777 1267 834 1331 per
860 1248 957 1309 alium
989 1250 1167 1330 transigam.
1213 1247 1353 1330 Suscipis
1379 1267 1459 1309 onus
1482 1244 1596 1322 officii,
1628 1245 1715 1331 qnod
1736 1252 1767 1310 te

447 1348 539 1424 putas
562 1343 716 1404 sustinere
739 1361 851 1423 posse3
879 1341 966 1425 quod
989 1343 1117 1405 minime
1139 1341 1264 1404 videtur
1285 1361 1379 1423 grave
1401 1341 1456 1415 iis,
1481 1342 1536 1425 qui
1558 1342 1685 1404 minime
1707 1341 1767 1427 ipsi

446 1433 532 1497 leves
554 1442 636 1497 sunt.
680 1434 829 1497 XXXIX.
851 1436 934 1518 Ergo
956 1435 1074 1499 idcirco
1097 1438 1197 1518 turpis
1218 1436 1297 1498 baec
1320 1435 1413 1519 culpa
1436 1442 1500 1509 est,
1522 1434 1608 1518 quod
1623 1433 1704 1497 duas
1718 1454 1767 1498 res

447 1530 660 1593 sanctissimas
688 1530 799 1604 violat,
832 1531 1000 1593 amicitiam
1030 1526 1193 1593 attidem:
1227 1549 1300 1592 narn
1321 1548 1427 1617 neque
1449 1528 1576 1594 mandat
1598 1527 1767 1614 quisquam

409 1620 512 1685 solere
534 1624 596 1685 nisi
618 1623 737 1697 amico,
759 1642 864 1708 neque
887 1624 987 1689 credit
1007 1625 1069 1687 nisi
1092 1625 1136 1697 ei,
1164 1645 1258 1708 (quem
1280 1619 1405 1686 fidelem
1426 1630 1525 1707 putat.
1561 1621 1766 1688 Perditissimi

446 1724 495 1778 est
524 1718 620 1799 igitur
645 1717 797 1795 bominis,
831 1717 924 1781 simul
954 1725 985 1780 et
1014 1718 1182 1783 amicitiam
1212 1718 1384 1781 dissolvere
1407 1725 1439 1780 et
1459 1716 1568 1780 fallere
1591 1735 1678 1790 eum,
1712 1717 1779 1799 qui·

446 1810 551 1874 laesus
578 1831 643 1873 non
672 1817 770 1888 esset,
799 1813 860 1875 nisi
890 1812 1083 1876 credidisset.
1129 1807 1199 1874 lt3.
1228 1812 1315 1875 Itane
1345 1814 1415 1875 estt
1442 1812 1475 1875 in
1498 1811 1634 1875 minimis
1655 1809 1765 1886 rebus,

448 1906 502 1988 qui
525 1905 706 1969 mandatnm
729 1907 919 1989 neglexerit,
951 1907 1132 1989 turpissimo
1161 1906 1279 1969 iudicio
1303 1906 1531 1969 condemnetur
1550 1924 1681 1968 necesse
1704 1911 1765 1968 est:

446 1998 535 2060 inre
558 2006 661 2074 tanta,
684 2021 755 2063 cum
777 2001 821 2074 is,
844 2003 895 2063 cui
917 2002 1001 2063 lama
1023 2003 1156 2076 mortui,
1183 2001 1329 2065 fortunae
1351 2002 1413 2064 vivi
1436 2000 1673 2063 commendatae
1695 2007 1768 2064 sunt

410 2101 543 2175 statque
566 2094 779 2168 concreditae,
808 2095 980 2176 ignominia
1003 2103 1180 2169 mortuum,
1209 2097 1312 2178 inopia
1331 2098 1432 2157 vicum
1454 2095 1610 2157 affecerit:
1639 2095 1665 2157 ls
1687 2095 1768 2160 inter

446 2185 599 2249 bonestos
620 2187 765 2250 homines
788 2197 883 2272 atque
906 2188 985 2252 adeo
1007 2191 1090 2253 inter
1112 2191 1200 2253 vivos
1222 2188 1463 2253 numerabitur?
1499 2188 1535 2250 ln
1553 2188 1690 2251 minimis
1704 2188 1768 2273 pri·

446 2282 591 2365 vatisque
614 2283 708 2345 rebus
731 2283 824 2345 otiam
846 2283 1040 2366 negligentia
1062 2283 1201 2346 mandati
1215 2283 1248 2345 in
1264 2285 1381 2345 crimen
1397 2281 1613 2366 iudiciumque
1627 2289 1767 2357 vocatur,

448 2380 617 2458 propterea
644 2376 747 2460 quod,
777 2378 804 2439 si
826 2385 910 2439 recte
932 2374 1001 2452 liat,
1028 2376 1118 2441 illum
1150 2378 1309 2461 negligere
1332 2383 1491 2462 oporteat,
1520 2379 1574 2463 qui
1596 2374 1767 2450 mandarit,

448 2488 513 2530 non
546 2468 653 2545 illum,
684 2471 739 2554 qni
769 2471 952 2534 mandatum
982 2473 1153 2557 receperit:
1186 2474 1219 2535 in
1240 2491 1274 2534 re
1296 2478 1400 2545 tanta,
1429 2489 1512 2554 quae
1533 2469 1660 2554 publice
1682 2476 1769 2551 gesta

411 2571 544 2647 roatque
574 2565 740 2627 commissa
770 2567 826 2639 sit,
859 2567 915 2650 qui
937 2586 1002 2629 uon
1023 2567 1215 2649 negligentia
1236 2567 1392 2650 privatum
1414 2563 1545 2649 aliquod
1567 2561 1768 2627 commodum

447 2658 591 2732 laeserit,
621 2657 675 2720 sed
706 2654 837 2742 perfidia
857 2659 1025 2741 legationis
1046 2662 1147 2743 ipsius
1169 2660 1390 2723 caerimoniam
1412 2658 1560 2744 polluerit
1582 2657 1767 2744 maculaque

447 2752 603 2826 allecerit,
634 2771 697 2836 qua
718 2754 745 2815 is
768 2752 895 2815 tandem
917 2772 1022 2836 poena
1044 2750 1220 2816 afficietur?
1246 2760 1301 2816 ant
1323 2774 1386 2837 quo
1408 2753 1527 2818 iudicio
1550 2752 1768 2818 damnabituri

449 2841 520 2908 lli.
551 2846 582 2910 Si
604 2846 685 2910 banc
708 2846 737 2909 ei
759 2865 825 2908 rem
847 2848 992 2929 privatim
1015 2849 1088 2910 Sex.
1111 2848 1242 2911 Roscius
1264 2846 1492 2923 mandavisset,
1519 2855 1555 2910 ut
1577 2869 1649 2910 cum
1672 2847 1769 2934 Chry-

449 2959 570 3023 sogono
593 2943 779 3024 transigeret
801 2949 896 3026 atque
919 2942 1094 3017 decideret,
1117 2942 1214 3026 inque
1236 2960 1305 3004 eam
1327 2962 1394 3004 rem
1413 2939 1507 3004 fidem
1522 2962 1627 3017 suam,
1650 2939 1769 3030 siquid

411 3044 440 3092 25
449 3055 530 3118 opus
546 3054 616 3097 esse
631 3043 773 3118 putaret,
794 3037 1024 3119 interponeret,
1039 3036 1109 3111 ille,
1125 3038 1179 3122 qui
1195 3055 1264 3098 sese
1278 3035 1435 3104 facturum
1449 3037 1635 3120 recepisset,
1652 3055 1769 3114 nonne,

449 3132 475 3194 si
498 3149 538 3193 ex
560 3149 598 3192 eo
621 3131 749 3212 negotio
772 3131 928 3194 tantulum
950 3132 983 3193 in
1004 3151 1073 3195 rem
1095 3151 1184 3193 suam
1206 3131 1429 3205 convertisset,
1455 3130 1622 3195 damnatus
1643 3151 1701 3216 per
1721 3149 1770 3196 ar·

448 3224 563 3288 bitrum
593 3232 624 3285 et
647 3244 717 3287 rem
738 3225 919 3287 restitueret
941 3232 972 3287 et
992 3224 1190 3288 honestatem
1213 3244 1338 3288 omnem
1360 3227 1541 3289 amitteret?
1586 3219 1656 3289 ll5.
1679 3225 1769 3286 Nunc

447 3336 513 3380 non
540 3317 621 3380 banc
653 3320 681 3380 ci
703 3339 770 3381 rem
793 3320 865 3381 Sex.
888 3319 1020 3382 Roscius
1042 3318 1219 3391 mandavit,
1253 3318 1323 3393 sed,
1358 3320 1389 3383 id
1413 3319 1500 3404 quod
1522 3319 1621 3384 multo
1645 3319 1768 3402 gravim

450 3417 510 3484 est,
533 3410 601 3493 ipse
624 3411 696 3474 Sex.
718 3414 852 3476 Roscius
875 3434 947 3476 cnm
968 3413 1069 3487 fama,
1090 3415 1156 3475 vita
1176 3412 1333 3496 bonisque
1353 3414 1498 3476 omnibus
1514 3433 1532 3476 a
1548 3412 1769 3479 decurionibus

412 3504 575 3590 oopublice
598 3502 735 3590 [Roscio]
759 3507 925 3571 mandatus
948 3515 1011 3584 est;
1035 3515 1067 3571 et
1089 3527 1130 3570 ex
1151 3526 1190 3570 eo
1212 3509 1247 3568 T.
1269 3509 1401 3572 Roscius
1423 3526 1489 3569 non
1510 3507 1641 3590 paulum
1660 3504 1768 3571 nescio

517 3747 541 3796 l.
557 3760 687 3810 ponoenas
703 3761 756 3799 om.
776 3750 805 3799 G.
826 3776 853 3785 -
877 3749 901 3799 t.
920 3750 984 3799 olias
1001 3755 1036 3800 ast
1051 3752 1077 3800 ia
1095 3751 1148 3800 alic
1163 3763 1192 3800 ro
1207 3763 1233 3799 v.
1255 3777 1280 3787 —
1304 3756 1339 3800 est
1356 3763 1409 3801 om.
1428 3750 1489 3801 Scb.
1510 3776 1537 3785 -
1560 3750 1596 3813 ut]
1613 3754 1636 3799 ct
1651 3755 1680 3799 ot
1696 3763 1720 3800 a.
1741 3777 1768 3789 -

451 3819 475 3871 l.
494 3835 539 3870 mr
556 3826 583 3871 ta
598 3823 658 3872 mibi
674 3829 697 3874 tc
715 3836 741 3873 v.
761 3851 788 3860 -
807 3825 831 3873 5.
850 3825 928 3888 officis
943 3838 997 3875 om.
1010 3829 1039 3877 G.
1060 3852 1087 3862 -
1107 3827 1130 3877 7.
1149 3826 1215 3889 qood
1230 3826 1342 3876 maxims
1357 3826 1454 3876 uidetur
1470 3838 1549 3891 pram
1565 3825 1724 3889 Klotziustit
1737 3839 1769 3876 er

450 3909 523 3960 susp.
545 3897 648 3961 Zumpt.
669 3899 703 3948 od
721 3900 790 3949 Vorr.
809 3912 835 3964 p.
855 3901 906 3960 tt,
924 3900 1032 3950 utitem
1049 3899 1133 3951 voluit
1148 3899 1286 3950 Dobracus
1303 3901 1328 3949 in
1345 3901 1500 3950 advesariis
1516 3901 1547 3951 ll.
1566 3913 1592 3965 p.
1610 3899 1666 3950 375.
1685 3899 1770 3950 adno·

451 3975 527 4021 tans:
547 3974 584 4022 «si
602 3973 710 4023 dixisset
721 3973 829 4038 officium
839 3974 943 4023 simulas
953 3973 994 4024 vel
1010 3975 1084 4039 fidae
1094 3976 1187 4039 violas,
1205 3974 1379 4037 intelligerem
1390 3973 1548 4037 vulgatam.»
1572 3977 1605 4025 At
1616 3977 1652 4027 nit
1663 3976 1769 4026 Cicero:

451 4059 519 4097 onus
537 4047 615 4097 officii
633 4062 685 4099 non
703 4062 782 4111 grave
798 4047 931 4098 videbitur
947 4049 992 4110 iis,
1018 4050 1062 4113 qui
1087 4051 1137 4114 ipsi
1154 4063 1247 4113 graves
1264 4053 1343 4113 atquc
1361 4053 1511 4101 constantes
1529 4052 1619 4111 erunt,
1646 4051 1662 4099 i.
1682 4063 1707 4101 o.
1726 4049 1771 4113 qui

451 4119 563 4172 voluerit
579 4136 647 4173 onus
664 4126 809 4186 sustinere,
833 4124 903 4174 idem
922 4127 1024 4188 poterat.
1053 4124 1091 4175 Cl.
1111 4126 1190 4174 etiam
1208 4123 1403 4187 freudenberg.
1422 4137 1448 4188 p.
1467 4124 1518 4185 lb,
1537 4125 1582 4188 qui
1599 4127 1705 4188 praeter
1721 4123 1771 4176 alia

451 4194 521 4246 bene
540 4199 655 4258 monuit,
674 4199 788 4251 laeetnm
805 4200 949 4250 verborum
966 4199 1068 4260 lusum,
1096 4201 1141 4263 qui
1159 4201 1183 4250 in
1200 4212 1243 4249 vv.
1262 4212 1340 4263 proce
1356 4202 1384 4249 et
1399 4199 1450 4249 teve
1466 4200 1543 4259 insit,
1562 4198 1604 4249 illa
1621 4200 1771 4251 conlectura

450 4271 564 4324 admissa
583 4275 726 4325 maximam
744 4277 848 4339 partem
865 4275 966 4339 perire,
985 4275 1127 4339 quodiam
1143 4288 1222 4338 gram
1238 4287 1290 4324 non
1301 4276 1421 4339 proprio,
1440 4275 1488 4325 sed
1499 4273 1626 4326 translato
1637 4273 1772 4326 intellectu

449 4360 498 4413 pro
514 4361 647 4412 mapsam,
666 4364 716 4399 noa
731 4352 932 4400 commanendum
949 4349 1133 4414 accipiendum
1151 4352 1230 4400 esset.
1250 4376 1277 4386 ··
1298 4349 1338 4401 tl.
1354 4351 1457 4414 [ortam
1473 4352 1501 4400 G.
1523 4375 1549 4384 -
1570 4350 1610 4400 t5.
1629 4350 1715 4412 inopia
1732 4351 1772 4400 oi·

449 4423 516 4484 vom]
543 4423 610 4475 baec
635 4423 722 4474 addidi
740 4425 774 4475 ad
791 4425 957 4475 manifestam
975 4425 1053 4475 codd.
1073 4424 1194 4475 lacunam
1212 4423 1377 4490 explendam.
1407 4427 1436 4476 ln
1453 4426 1512 4475 cod.
1531 4427 1603 4475 lann.
1622 4425 1715 4476 lacuna
1733 4427 1772 4477 sie

451 4496 554 4562 expleta
573 4501 630 4550 est:
647 4505 752 4564 egestate
766 4501 865 4559 vivum3
887 4501 991 4551 videtur
1007 4504 1113 4561 tamen,
1130 4503 1160 4550 ut
1176 4504 1248 4551 recte
1266 4500 1310 4550 Or.
1329 4501 1441 4561 monuit,
1460 4501 1574 4551 bominis
1591 4498 1646 4550 ltali
1663 4500 1772 4565 supple·

451 4575 578 4625 mentum.
595 4602 621 4610 -
641 4576 680 4625 47.
699 4576 762 4639 negt.
781 4577 896 4625 manum
912 4577 939 4625 tn
956 4577 1057 4641 crimen]
1076 4577 1115 4626 sie
1126 4578 1181 4638 tlt,
1201 4581 1230 4626 ut
1241 4578 1385 4636 Puteanus,
1405 4575 1496 4627 lamb.
1511 4578 1545 4640 (iu
1556 4575 1673 4638 adnot),
1693 4578 1773 4628 Grae-

450 4649 508 4699 vius
524 4648 680 4700 volucrnnt:
698 4652 812 4702 mandati
822 4653 886 4716 negt.
900 4653 1096 4706 lacrimosam:
1114 4651 1178 4714 negt.
1191 4652 1218 4700 iu
1229 4652 1323 4701 emman
1333 4653 1447 4701 moadob'
1458 4664 1473 4701 a
1483 4665 1498 4700 c
1510 4655 1537 4702 et
1548 4652 1626 4703 codd.
1640 4651 1770 4717 plerique,

451 4727 480 4773 ut
496 4722 612 4786 videtur,
640 4727 703 4776 item
720 4726 754 4786 0,
781 4727 829 4777 sed
846 4725 947 4777 incluso
963 4728 1094 4784 medati,
1120 4726 1183 4790 negt.
1202 4727 1229 4775 in
1245 4727 1338 4776 cimon
1353 4726 1467 4776 mosomi
1484 4729 1538 4776 Gv.
1559 4753 1586 4764 -
1605 4729 1773 4791 iudiciumque

451 4800 593 4850 Graevius:
618 4800 784 4863 iudiciumque
800 4803 906 4865 infarcio
918 4803 951 4864 (M
960 4817 978 4862 χ
988 4817 1018 4864 ν,
1036 4800 1146 4861 lParr.,
1165 4799 1217 4851 Pal.
1232 4802 1265 4864 l.)
1283 4799 1324 4851 vel
1337 4803 1434 4865 insama
1452 4803 1489 4864 (G,
1508 4803 1565 4852 Par.
1580 4803 1614 4862 l.¹
1633 4801 1686 4852 Pal.
1700 4803 1724 4852 3.
1737 4803 1771 4867 8.)

449 4871 492 4923 vel
509 4873 629 4936 infamiae
645 4875 699 4938 (Ox.
712 4886 753 4939 ψ,
771 4879 801 4927 ut
816 4875 898 4926 voluit
914 4877 1055 4940 Puteanus)
1072 4877 1193 4935 codices;
1211 4877 1344 4938 iudiciique
1355 4877 1488 4939 infamium
1499 4878 1519 4925 0
1531 4889 1546 4926 a
1556 4891 1587 4936 c;
1606 4877 1773 4940 iudiciumque

449 4950 588 5012 insemel..
608 4949 692 5012 (Quod
709 4953 817 5002 Steinm.
837 4966 869 5002 ex
886 4955 958 5003 Parr.
977 4953 1053 5002 allert
1067 4953 1187 5002 iodicium
1201 4965 1250 5016 pro
1262 4953 1444 5013 iudiciumque,
1463 4949 1557 5002 calami
1569 4965 1660 5002 errore
1673 4952 1771 5004 iactum

450 5025 574 5086 videtur.)
595 5051 622 5060 -
640 5031 745 5075 vocatur
761 5025 853 5077 lamb.
873 5030 900 5077 et
915 5030 1065 5077 Puteanus:
1084 5033 1217 5077 revocatur
1234 5027 1324 5087 codd,
1343 5026 1371 5076 0.
1399 5025 1437 5077 Cl.
1456 5039 1495 5076 or.
1513 5028 1588 5077 verr.
1608 5028 1649 5077 lll.
1669 5027 1692 5090 5.
1712 5028 1770 5080 2⁴7.

451 5100 493 5149 lv,
513 5100 536 5163 g.
556 5098 613 5150 tol.
631 5099 663 5150 V.
682 5099 705 5163 ἓ.
725 5101 771 5151 tte
788 5105 839 5152 cet.
860 5130 888 5139 -
908 5103 948 5152 ⁴8.
966 5108 1031 5152 recte
1047 5103 1163 5163 Gllac,
1182 5105 1272 5153 Parc:
1291 5102 1388 5152 ratione
1404 5102 1489 5162 Τχν,
1509 5104 1537 5152 0.
1564 5103 1602 5154 Cl.
1621 5102 1644 5166 5.
1666 5102 1722 5153 438.
1741 5129 1769 5138 -

450 5173 491 5223 2⁴.
509 5175 611 5223 mocula
627 5175 745 5238 adfecerit
762 5179 781 5226 G
799 5180 827 5227 et
843 5177 938 5228 deinde
956 5179 1093 5242 adficietur.
1108 5205 1136 5214 -
1154 5178 1194 5229 23.
1213 5179 1235 5228 ci
1252 5190 1305 5228 om.
1319 5180 1347 5227 G.
1361 5204 1387 5212 -
1403 5178 1534 5240 privatam
1549 5192 1575 5227 v.
1591 5205 1619 5215 -
1637 5177 1678 5228 al.
1697 5177 1772 5239 oque

450 5247 514 5312 eom]
535 5249 562 5298 in
583 5262 660 5311 quom
682 5253 711 5302 G.
731 5279 758 5287 —
786 5254 825 5304 25.
854 5253 988 5316 imponeret
1005 5255 1033 5302 G.
1054 5278 1081 5289 -
1109 5255 1152 5316 qui
1167 5269 1193 5304 so
1208 5266 1234 5302 v.
1256 5281 1282 5290 -
1306 5253 1347 5304 26.
1365 5254 1387 5303 st
1403 5266 1455 5304 om.
1475 5256 1503 5303 G.
1526 5282 1552 5290 -
1574 5267 1621 5317 per
1637 5253 1772 5303 arbitrium

450 5322 511 5375 Scb.
530 5325 558 5376 et
574 5323 603 5377 G.
624 5350 652 5362 -
669 5326 711 5382 tt.
728 5341 783 5380 rom
799 5341 852 5380 om.
871 5330 905 5380 bl.
926 5356 953 5367 -
972 5329 1012 5381 30.
1030 5330 1166 5391 rosciasv3
1185 5329 1270 5381 Roscio
1287 5329 1450 5381 Hotomanus
1467 5327 1612 5381 delendum
1623 5340 1683 5380 esse
1694 5327 1769 5395 vidit¹
