4367 6109
693 557 763 623 44.
784 556 838 622 n.
866 555 941 622 en.
961 554 1154 620 nn-nm
1183 549 1240 639 44
1264 547 1453 618 tls-llo.
1669 548 1733 618 444

413 727 488 802 boc,
510 726 565 812 qui
587 726 772 792 constitutas
793 727 929 811 accepit,
951 732 1058 811 captas
1079 725 1193 791 dicetis
1215 723 1398 809 Syracusas.
1433 717 1506 787 446.
1526 725 1572 788 Ac
1593 722 1656 789 iam
1677 722 1733 787 illa

414 822 541 896 omitto,
563 841 646 907 4444
668 821 811 904 disperse
831 840 852 883 a
871 840 923 884 444
943 820 1051 885 multis
1072 821 1107 883 in
1127 819 1207 884 locis
1232 820 1379 884 dicentur
1397 839 1436 884 ac
1458 816 1543 883 dicta
1563 827 1655 884 sunt:
1683 818 1734 907 44-

413 936 484 979 rum
506 916 790 1000 Syracusanorum,
818 912 905 999 quod
927 915 1055 978 introitu
1080 912 1223 979 Marcelli
1242 934 1356 998 purum
1377 913 1473 977 caede
1495 920 1652 979 servatum
1674 910 1732 993 est,

414 1008 447 1073 id
467 1008 604 1075 adventu
626 1010 731 1072 Verris
754 1007 932 1072 Siculorum
952 1008 1171 1072 innocentium
1191 1008 1344 1091 sanqtrine
1368 1006 1578 1072 redundasse:
1606 1017 1733 1095 portum

414 1103 698 1188 Syracusanorum,
728 1104 783 1187 qui
811 1111 877 1167 tum
899 1109 932 1165 et
952 1103 1066 1165 nostris
1089 1101 1243 1165 classibus
1265 1108 1298 1164 et
1317 1101 1626 1185 Karthaginiensium
1648 1104 1757 1168 clau-o

414 1217 468 1261 sus
495 1196 620 1272 luisset,
654 1218 725 1262 eum
754 1198 816 1262 isto
839 1203 985 1279 praetore
1012 1195 1143 1258 Cilicum
1168 1194 1353 1278 myoparoni
1379 1195 1656 1282 praedonibusque
1679 1217 1734 1282 pa·

413 1292 523 1356 tuisse.
551 1292 644 1356 blitto
666 1291 839 1356 adhibitam
860 1289 924 1354 vim
939 1289 1099 1372 ingenuis,
1120 1295 1236 1352 matres
1251 1287 1387 1351 familias
1400 1287 1548 1365 violatas,
1570 1301 1733 1375 quactum

414 1386 449 1449 in
468 1387 546 1451 urbe
568 1392 660 1470 capta
681 1385 847 1450 commissa
866 1405 931 1448 non
952 1390 1026 1448 sunt
1051 1402 1156 1468 neque
1178 1381 1250 1447 odio
1271 1382 1380 1446 hostili
1401 1403 1505 1468 neque
1526 1383 1655 1448 licentia
1675 1387 1735 1452 mi-

414 1480 499 1544 litari
520 1500 625 1565 neque
639 1500 726 1543 more
740 1479 815 1542 belli
830 1499 935 1563 neque
954 1477 1022 1540 iure
1037 1476 1202 1552 victoriae3
1224 1477 1332 1550 mitto,
1355 1476 1502 1561 inquam,
1523 1477 1734 1557 haecomnia,

415 1595 497 1660 4444
518 1574 558 1638 ab
579 1575 641 1638 isto
663 1594 721 1658 per
742 1573 912 1637 triennium
933 1571 1070 1656 perfecta
1090 1579 1180 1635 sunt:
1213 1590 1265 1645 ea,
1288 1591 1370 1653 quae
1392 1572 1559 1635 coniuncta
1580 1593 1650 1638 cum
1671 1575 1735 1639 illis
1743 1585 1772 1634 to

414 1671 509 1734 rebus
537 1676 629 1745 sunt,
659 1669 698 1731 de
727 1668 842 1750 quibus
868 1673 962 1730 autea
983 1665 1068 1741 dixi,
1101 1665 1290 1748 cognoscite.
1333 1658 1405 1726 447.
1427 1662 1542 1728 Urbem
1564 1667 1735 1751 Syracusas

415 1764 583 1829 maximam
605 1782 675 1827 esse
698 1762 909 1844 Graecarum,
923 1759 1166 1844 pulcherrimam
1186 1759 1344 1834 omnium,
1366 1778 1461 1843 saepe
1483 1760 1627 1825 audistis.
1668 1763 1735 1840 list,

414 1858 553 1935 iudices,
587 1859 645 1932 ita,
678 1863 713 1920 ut
741 1854 866 1919 dicitur.
908 1857 988 1918 Nam
1017 1861 1048 1917 et
1069 1853 1131 1917 situ
1161 1861 1210 1917 est
1230 1874 1302 1919 cum
1323 1854 1463 1927 munito,
1494 1860 1563 1917 tum
1586 1857 1735 1921 exomni

414 1953 503 2016 aditu
523 1953 574 2017 vel
596 1960 679 2016 terra
700 1950 750 2013 vel
771 1949 849 2012 mari
879 1948 1041 2033 praeclaro
1064 1947 1103 2011 ad
1125 1948 1319 2031 adspectum,
1341 1955 1373 2010 et
1386 1955 1497 2031 portus
1519 1949 1614 2014 babet
1634 1972 1735 2037 prope

413 2045 447 2109 in
476 2046 694 2109 aedificatione
721 2042 935 2128 adspectuque
964 2042 1050 2107 urbis
1080 2041 1236 2116 inclusos;
1266 2041 1323 2126 qui
1344 2061 1416 2104 cum
1435 2040 1576 2107 diversos
1598 2045 1682 2110 inter
1702 2055 1774 2112 sete

414 2138 517 2204 aditus
536 2138 691 2214 babeant,
712 2138 745 2202 in
767 2137 855 2201 exitu
877 2137 1112 2219 coniunguntur
1132 2144 1165 2199 et
1178 2135 1348 2199 4444114444.
1379 2135 1498 2199 Eorum
1512 2137 1736 2208 coniunctione

413 2252 486 2317 pars
507 2231 634 2316 oppidi,
655 2250 738 2316 quae
760 2229 935 2316 appellatur
956 2229 1079 2304 Insula,
1102 2229 1180 2293 mari
1201 2227 1357 2292 disiuncta
1377 2238 1529 2312 angusto,
1551 2240 1648 2316 ponte
1668 2256 1738 2300 mo-

415 2345 468 2389 sus
490 2325 674 2409 adiungitur
695 2332 727 2389 et
748 2324 940 2389 continetur.
976 2323 1055 2387 Llll.
1078 2317 1151 2385 148.
1172 2323 1219 2387 Ea
1240 2329 1326 2387 tanta
1347 2329 1396 2387 est
1417 2323 1508 2397 urbs,
1535 2333 1571 2390 ut
1591 2349 1632 2392 ex
1646 2339 1739 2415 quat-

414 2426 488 2483 tuor
508 2419 640 2484 urbibus
661 2419 807 2483 maximis
830 2426 973 2483 constare
994 2417 1130 2493 dicatur;
1153 2438 1287 2501 quamn
1308 2437 1373 2480 una
1394 2424 1443 2482 est
1464 2438 1519 2494 ea,
1542 2441 1637 2506 quam
1659 2423 1740 2497 dixi,

412 2513 539 2590 Insula,
560 2533 642 2599 quae
665 2513 789 2578 duobus
810 2512 952 2599 portibus
974 2511 1092 2586 cincta,
1114 2512 1149 2575 in
1170 2511 1336 2596 utriusque
1350 2519 1459 2595 portus
1474 2513 1591 2578 ostium
1603 2516 1777 2583 aditum-sc

416 2626 477 2691 que
498 2607 638 2691 proiecta
660 2617 724 2685 est;
746 2608 779 2672 in
802 2626 868 2692 qua
889 2606 1000 2670 domus
1022 2613 1085 2680 est,
1108 2625 1190 2690 quae
1203 2605 1352 2671 Hieronis
1373 2607 1457 2689 regis
1472 2606 1549 2684 tuit,
1572 2630 1635 2693 qua
1647 2632 1740 2695 prae·

415 2708 499 2765 tores
521 2702 569 2764 uti
590 2702 705 2766 solent.
748 2703 784 2766 ln
807 2721 844 2766 44
866 2708 941 2765 sunt
960 2699 1055 2764 aedes
1082 2720 1191 2764 sacrae
1213 2700 1406 2786 complures,
1439 2701 1496 2765 sed
1531 2703 1627 2780 dnae,
1657 2727 1739 2791 quae

414 2795 507 2880 longe
530 2796 643 2860 ceteris
665 2796 872 2870 antecellant,
893 2796 1031 2869 Dianae,
1053 2801 1086 2858 et
1107 2794 1221 2870 444444,
1244 2814 1327 2880 quae
1348 2794 1410 2858 1444
1429 2803 1502 2860 ante
1517 2796 1609 2863 istius
1622 2799 1740 2866 adven·

413 2895 481 2953 tum
502 2890 719 2967 ornatissima,
743 2890 913 2955 Minervae.
956 2890 994 2951 ln
1014 2888 1074 2952 bac
1096 2888 1200 2952 insula
1221 2897 1363 2953 extrema
1384 2896 1433 2954 est
1452 2890 1524 2955 lons
1545 2913 1647 2978 aquae
1669 2896 1740 2960 dul·

415 2983 476 3058 cis,
506 2983 557 3047 cui
587 3004 702 3049 nomeu
729 2983 885 3048 Arethusa
915 2990 976 3058 est,
1006 2982 1184 3046 incredibili
1206 2983 1439 3067 magnitudine,
1468 2985 1671 3068 plenissimus
1692 2990 1778 3073 pist

414 3077 529 3153 scium,
557 3079 612 3164 qui
634 3080 732 3142 lluctu
753 3085 838 3142 totus
859 3079 1052 3160 operiretur,
1081 3077 1143 3141 nisi
1171 3077 1346 3141 munitione
1368 3097 1404 3141 ac
1426 3079 1510 3143 mole
1530 3080 1672 3166 lapidum
1693 3083 1741 3147 di·

406 3172 539 3239 iunctus
562 3178 646 3237 esset
666 3193 686 3236 a
706 3173 793 3236 mari.
837 3167 908 3234 449.
930 3170 1037 3235 Altera
1058 3179 1165 3235 autem
1186 3178 1235 3234 est
1257 3172 1331 3236 urbs
1346 3172 1529 3256 Syracusis,
1551 3177 1602 3240 cui
1624 3197 1741 3242 nomen

415 3266 595 3331 Achradina
616 3273 681 3342 est3
703 3267 737 3330 in
759 3266 947 3349 qualorum
961 3266 1151 3342 maximum,
1173 3265 1403 3350 pulcherrimae
1425 3268 1583 3350 porticus,
1604 3271 1741 3336 ornatis·

416 3361 530 3425 simum
560 3361 757 3446 prytanium,
790 3361 983 3445 amplissima
1016 3368 1064 3424 est
1097 3360 1184 3423 curia
1215 3359 1431 3444 templumque
1463 3363 1632 3447 egregium
1656 3363 1740 3429 lovis

417 3453 555 3540 Olympii
578 3462 763 3539 ceteraeque
784 3456 871 3520 urbis
893 3463 1011 3539 partes,
1035 3474 1132 3538 quae,
1152 3474 1218 3518 una
1238 3454 1375 3519 vialata
1395 3464 1550 3539 perpetua
1570 3458 1778 3544 multisqueao

416 3551 602 3614 transversis
625 3550 762 3624 divisae,
783 3549 913 3634 privatis
934 3544 1086 3612 aediliciis
1109 3548 1321 3612 continentur.
1351 3550 1458 3614 Tertia
1472 3558 1520 3616 444
1533 3552 1624 3630 urbs,
1646 3573 1740 3639 quae,

417 3642 503 3727 quod
524 3644 558 3707 in
579 3663 619 3708 ea
638 3652 728 3727 parte
748 3643 907 3707 Fortunae
928 3643 1036 3706 lanum
1057 3643 1224 3727 antiquum
1244 3643 1319 3718 1444,
1348 3644 1455 3728 Tycha
1482 3646 1646 3714 nominata
1674 3656 1740 3713 est:

416 3736 451 3800 in
472 3757 534 3821 qua
554 3738 754 3823 gymnasium
774 3737 1003 3821 amplissimum
1024 3745 1074 3801 est
1091 3745 1124 3800 et
1137 3736 1317 3820 complures
1330 3736 1426 3802 aedes
1439 3758 1548 3805 sacrae
1563 3742 1740 3828 coliturque

417 3848 455 3893 ea
481 3850 553 3915 pars
582 3839 614 3895 44
633 3831 793 3896 habitatur
812 3831 1078 3915 frequentissime.
1123 3830 1244 3907 Quarta
1263 3836 1369 3896 autem
1391 3839 1453 3908 444,
1482 3854 1565 3919 4444
1587 3837 1663 3921 quia
1683 3857 1742 3921 po-

417 3931 533 3989 strema
554 3924 759 3990 coaedificata
780 3932 841 4002 est,
862 3925 1011 4009 Neapolis
1032 3926 1229 4003 nominatum
1250 3946 1346 4011 quam
1359 3925 1401 3990 ad
1414 3946 1568 3994 summam
1582 3929 1779 3997 theatrumac

484 4202 1166 4270 t.dcloacsctil.agy.-2.isom.dett.0.-
1192 4203 1744 4274 excusanaas-poemen,

418 4277 641 4343 4304444444
657 4281 764 4332 444444
781 4280 815 4340 0;
834 4281 1067 4344 4444444444444
1083 4282 1163 4347 Lagg.
1180 4280 1239 4345 (sed
1255 4283 1288 4333 49
1304 4283 1362 4334 siue
1378 4283 1414 4346 4.)
1433 4308 1461 4319 -
1479 4284 1505 4334 s.
1522 4285 1744 4354 Kortoptsm

361 4363 366 4369 ’
418 4356 448 4407 4.
468 4381 494 4392 ·-
513 4356 538 4407 8.
555 4357 583 4406 44
600 4369 654 4408 om.
673 4355 738 4407 dett.
758 4383 786 4393 -
803 4355 829 4406 9.
846 4357 912 4408 turci
927 4357 967 4408 sic
983 4357 1012 4407 4.
1033 4382 1061 4391 -
1083 4357 1124 4408 42.
1143 4357 1301 4408 (4444444444
1313 4356 1511 4420 4444444444»
1526 4360 1577 4424 43,
1594 4363 1632 4415 E:
1651 4368 1741 4420 Graec,

416 4439 519 4491 44444
531 4439 774 4504 mmmmm
791 4437 855 4491 uest.
874 4421 914 4492 0.⁰
932 4439 970 4493 ct.
988 4440 1076 4492 uaov.
1093 4453 1121 4506 p.
1139 4439 1180 4492 aa.
1200 4467 1228 4478 -
1253 4441 1294 4493 44.
1311 4454 1369 4492 om
1384 4442 1480 4493 4444
1496 4447 1550 4495 m
1565 4447 1652 4512 egee:
1673 4465 1743 4504 eom-

417 4516 514 4567 4444444
529 4522 583 4567 tacu
599 4517 677 4580 lagg.
695 4513 766 4576 rell.;
784 4517 909 4566 44444444·
925 4521 1003 4567 totum
1019 4517 1064 4568 43.
1079 4541 1108 4553 -
1127 4514 1168 4567 44.
1186 4521 1312 4581 umectam
1328 4518 1357 4569 4.
1376 4518 1485 4580 (444444.
1497 4520 1566 4583 444.)
1584 4548 1614 4560 -
1633 4526 1673 4578 tr.
1684 4542 1744 4578 rus-

417 4603 473 4641 4444
489 4590 555 4642 dett.
573 4591 602 4641 0.
623 4616 650 4626 -
670 4591 711 4641 444.
728 4589 767 4656 cc]
784 4595 809 4641 ct
824 4591 859 4653 E,
877 4592 955 4655 4449.
975 4619 1003 4628 -
1022 4595 1140 4652 44444444
1156 4592 1176 4642 4
1192 4605 1233 4656 pr.
1251 4604 1287 4642 m.
1306 4617 1335 4629 -
1355 4591 1396 4642 20.
1411 4591 1525 4654 portibus
1541 4596 1641 4651 REGS
1652 4598 1677 4663 4,
1690 4603 1738 4666 444

418 4666 468 4716 494
483 4665 605 4728 portubus
620 4663 677 4716 rell.
696 4667 725 4718 Ο.
747 4693 774 4703 -
792 4666 833 4717 St.
848 4671 967 4730 por-rectu
983 4668 1012 4716 E.
1032 4692 1059 4702 -
1078 4667 1146 4730 repis
1160 4666 1274 4716 llicrcnts
1290 4664 1355 4716 dett.
1374 4665 1404 4716 0.
1424 4693 1452 4701 -
1470 4668 1511 4718 23.
1530 4674 1677 4727 4444444444
1692 4677 1742 4728 ΒΕ

419 4740 502 4804 4449ε
521 4740 667 4791 4444444444
682 4742 731 4802 Gt,
749 4741 812 4801 Ld.;
831 4744 978 4794 4444444444
988 4742 1038 4800 Gt;
1056 4741 1205 4791 4444444444
1221 4740 1327 4792 detto.
1343 4767 1371 4777 —
1388 4740 1491 4792 1444444
1506 4743 1555 4795 44
1567 4747 1604 4797 Gt
1615 4748 1673 4801 Lu:
1690 4764 1744 4802 4444

418 4817 520 4868 bucce
535 4818 585 4877 et,
602 4817 636 4867 D.
654 4829 708 4867 444
724 4814 788 4866 dett.
806 4817 836 4867 0.
857 4844 884 4855 -
902 4820 926 4867 st
942 4816 1024 4866 444444
1041 4827 1095 4866 om.
1113 4815 1164 4876 Gt,
1182 4813 1230 4865 bd.
1250 4841 1278 4851 -
1301 4814 1343 4865 te.
1362 4814 1486 4865 4444444444
1501 4824 1562 4869 cacat
1576 4836 1594 4872 4
1608 4836 1644 4873 m.
1662 4823 1708 4887 43,
1726 4821 1744 4876 4

420 4890 478 4954 (sed
494 4892 550 4943 dici.
569 4893 615 4955 (33,
627 4888 665 4954 il:
688 4904 706 4941 4
720 4904 755 4941 m.
774 4891 909 4942 4444444444
924 4888 1056 4944 44444414.
1075 4890 1105 4941 0.
1124 4916 1152 4928 -
1179 4891 1221 4942 2⁹.
1235 4894 1388 4954 4444444444
1404 4889 1469 4943 dett.
1488 4891 1517 4943 0.
1536 4919 1564 4930 -
1583 4898 1697 4962 44444444
1712 4900 1742 4951 a,

421 4990 450 5004 -
468 4965 510 5017 39.
528 4966 623 5030 44444444
639 4972 800 5030 caeterosque
815 4969 845 5019 4.
872 4994 899 5004 -
926 4979 991 5032 quaa
1013 4966 1064 5028 43,
1082 4963 1144 5016 Et:
1171 4978 1225 5018 om.
1249 4965 1314 5017 dett.
1338 4966 1368 5016 0.
1394 4992 1421 5002 -
1444 4967 1499 5018 4444
1515 4969 1560 5019 cic
1578 4970 1643 5023 dett.
1662 4974 1692 5025 0.
1712 5000 1741 5010 -

420 5040 462 5091 34.
480 5041 625 5106 4444414444
642 5055 683 5106 pr.
702 5054 739 5092 m.
764 5067 791 5078 -
818 5043 858 5094 94.
872 5048 949 5107 purte
966 5042 1017 5106 [444
1036 5055 1115 5117 unaco
1134 5041 1224 5106 444444
1240 5043 1309 5106 4449
1326 5042 1353 5093 44
1369 5041 1384 5091 3
1402 5040 1454 5094 elii.
1473 5068 1501 5079 -
1521 5043 1599 5107 44444
1614 5048 1693 5113 lagg.
1712 5074 1740 5085 -

419 5114 461 5166 33.
478 5115 595 5178 quasa,
613 5113 679 5168 El:
706 5115 876 5180 4444444444.
895 5118 925 5169 0.
952 5143 980 5153 -
1007 5117 1047 5170 34.
1070 5122 1107 5169 cst
1126 5131 1191 5179 4444
1210 5117 1263 5181 43,
1281 5115 1344 5169 44;
1368 5121 1405 5168 cst
1423 5117 1484 5168 4444
1503 5133 1568 5183 quac
1587 5120 1644 5174 rell.
1663 5125 1693 5176 0.
1712 5150 1740 5162 -

418 5188 583 5318 zaim.
601 5189 782 5244 arcana:
799 5191 875 5256 444
892 5193 939 5257 44,
957 5191 1022 5243 aas.
1040 5191 1071 5244 o.
1097 5189 1137 5244 cr.
1154 5190 1240 5245 mov.
1258 5204 1286 5260 p.
1303 5191 1345 5245 44.
1364 5216 1392 5229 -
1415 5192 1458 5258 aa]
1475 5193 1554 5246 44.
1573 5220 1602 5236 -
1619 5197 1744 5252 anm·

490 5275 536 5316 θ.
576 5300 584 5316 .
