4367 6109
759 580 1116 647 cmxxx-xxxa
1143 576 1368 665 §sse-so.
1662 574 1724 642 444

412 772 486 816 num
508 752 634 836 privatis
656 750 750 833 gratis
771 750 863 813 ltullo
885 760 1015 832 rogante
1037 750 1157 825 tradat,
1179 771 1242 814 non
1257 749 1491 813 commovebit?
1522 750 1618 834 Atqui
1640 750 1725 814 idem

411 844 546 927 populus
567 845 727 907 llomanus
748 843 788 905 de
809 843 870 906 boc
892 844 1038 927 vectigali
1059 851 1165 928 potest
1186 844 1308 919 dicere,
1331 844 1417 928 quod
1435 843 1488 906 ille
1503 843 1542 906 de
1557 864 1614 907 suo
1629 843 1728 907 fundo

412 937 530 1000 dixisse
552 938 676 1000 dicitur.
709 937 783 1000 Asia
805 938 921 1000 multos
943 957 1041 1003 annos
1064 939 1154 1002 vobis
1176 939 1311 1003 fructum
1325 938 1535 1001 Mithridatico
1558 936 1641 999 bello
1661 957 1726 999 non

413 1030 500 1104 tulit;
521 1029 744 1111 Hispaniarum
765 1031 899 1113 vectigal
920 1033 1115 1115 temporibus
1137 1032 1326 1096 Sertorianis
1353 1032 1475 1094 nullum
1496 1031 1572 1106 luit3
1602 1031 1726 1094 Siciliae

413 1122 588 1186 civitatibus
609 1123 692 1185 bello
713 1123 914 1206 fugitivorum
930 1126 980 1187 Μ’.
993 1126 1140 1208 Aquilius
1155 1128 1247 1188 etiam
1263 1134 1405 1189 mutuum
1419 1125 1609 1188 frumentum
1626 1124 1749 1188 deditst

413 1224 445 1280 at
473 1236 513 1278 ex
534 1215 595 1279 boc
615 1218 760 1300 vectigali
782 1237 953 1300 numquam
977 1219 1078 1281 malus
1100 1220 1228 1281 nuntius
1250 1218 1377 1282 auditus
1399 1227 1455 1281 est.
1500 1219 1610 1282 Cetera
1631 1218 1730 1281 vecti·

413 1311 494 1394 galia
515 1309 590 1373 belli
613 1306 848 1373 difficultatibus
871 1310 1068 1394 affliguntur:
1090 1312 1151 1375 boc
1166 1311 1306 1393 vectigali
1328 1314 1422 1375 etiam
1436 1312 1513 1376 belli
1528 1312 1729 1376 difficultates

413 1411 635 1469 sustentantur.
678 1400 728 1466 84.
750 1405 872 1468 Deinde
896 1405 929 1467 in
957 1404 1016 1494 bac
1037 1406 1249 1486 assignatione
1271 1424 1416 1487 agrorum
1438 1426 1478 1468 ne
1500 1405 1577 1469 illud
1601 1406 1730 1489 quidem

413 1499 476 1562 dici
498 1506 617 1583 potest,
640 1498 724 1581 quod
748 1497 780 1560 in
803 1499 930 1572 ceteris,
953 1518 1046 1580 agros
1068 1499 1209 1561 desertos
1231 1517 1249 1561 a
1271 1499 1363 1580 plebe
1386 1505 1483 1582 atque
1498 1520 1516 1562 a
1531 1501 1651 1563 cultura
1672 1501 1730 1563 bo·

414 1595 531 1655 minum
552 1591 721 1654 liberorum
744 1611 899 1655 essenon
923 1601 1077 1675 oportere.
1120 1593 1238 1654 xxxt.
1262 1593 1313 1654 Sic
1335 1593 1418 1655 enim
1441 1593 1527 1656 dico:
1550 1595 1577 1657 si
1600 1594 1767 1677 Campa-to

413 1706 472 1749 nus
493 1705 568 1767 ager
589 1684 764 1759 dividatur,
788 1686 944 1749 exturbari
968 1693 1000 1748 et
1021 1685 1139 1769 expelli
1161 1685 1286 1768 plebem
1308 1706 1348 1748 ex
1370 1687 1467 1768 agris,
1497 1708 1561 1751 non
1584 1689 1730 1752 constitui

413 1789 445 1843 et
475 1779 632 1842 collocari.
675 1779 772 1841 Totus
801 1780 885 1842 enim
915 1799 989 1862 ager
1012 1780 1190 1862 Campanus
1212 1778 1326 1841 colitur
1348 1788 1379 1841 et
1401 1780 1579 1862 possidetur
1600 1801 1618 1843 a
1640 1781 1731 1864 plebe

414 1882 445 1937 et
466 1894 485 1936 a
505 1872 597 1955 plebe
619 1872 737 1953 optima
758 1880 788 1934 et
810 1872 1056 1947 modestissima,
1079 1872 1165 1956 quod
1187 1893 1287 1955 genus
1308 1872 1469 1936 bominum
1492 1876 1608 1957 optime
1630 1895 1732 1939 mora-

415 1977 498 2041 tum,
521 1966 710 2048 optimorum
733 1976 765 2030 et
785 1976 941 2030 aratorum
964 1975 996 2030 et
1017 1967 1167 2040 militum,
1190 1965 1304 2029 abboc
1323 1966 1476 2050 plebicola
1492 1968 1733 2051 tribunoplebis

413 2059 555 2123 funditus
579 2059 715 2122 eiicitur.
750 2062 854 2144 Atque
877 2060 923 2123 illi
947 2061 1069 2131 miseri,
1093 2061 1159 2122 nati
1181 2059 1214 2122 in
1235 2059 1298 2122 illis
1319 2062 1401 2141 agris
1424 2067 1456 2122 et
1470 2061 1609 2135 educati,
1633 2063 1767 2143 glebista

414 2152 596 2235 subigendis
618 2153 799 2228 exercitati,
823 2173 886 2237 quo
910 2174 943 2216 se
958 2154 1061 2217 subito
1077 2151 1240 2215 conserant
1254 2172 1317 2215 non
1332 2152 1509 2216 habebunt:
1530 2154 1581 2218 bis
1596 2154 1733 2218 robustis

415 2255 446 2309 et
466 2247 641 2310 valentibus
664 2254 694 2308 et
715 2247 885 2310 audacibus
900 2247 1111 2311 decemvirum
1126 2246 1313 2309 satellitibus
1328 2246 1393 2328 agri
1410 2246 1557 2331 Campani
1572 2247 1733 2332 possessio

414 2348 478 2403 tota
500 2339 653 2413 tradetur,
682 2348 728 2414 et,
759 2348 793 2402 ut
814 2360 870 2403 vos
892 2360 978 2403 nuno
1000 2339 1040 2403 de
1062 2340 1174 2403 vestris
1196 2340 1366 2403 maioribus
1389 2341 1594 2423 praedicatis:
1623 2342 1734 2404 «Hunc

414 2454 523 2516 agrum
556 2433 646 2496 nobis
673 2434 807 2496 maiores
836 2434 934 2498 nostri
965 2433 1163 2516 reliquerunt
1179 2454 1208 2494 :a
1238 2434 1284 2496 sic
1312 2437 1408 2496 vestri
1438 2435 1554 2516 posteri
1583 2434 1622 2497 de
1643 2433 1734 2497 vobis

414 2527 661 2611 praedicabunt:
686 2528 796 2590 «Hunc
817 2547 925 2609 agrum
947 2535 1052 2610 patres
1074 2527 1173 2590 nostri
1194 2535 1354 2610 acceptum
1373 2547 1392 2589 a
1412 2528 1554 2610 patribus
1578 2529 1642 2592 suis
1663 2547 1770 2611 per-to

415 2621 589 2685 diderunt.»
608 2636 613 2651 ·
635 2618 686 2682 85.
708 2620 864 2705 Equidem
894 2621 1054 2697 existimo,
1085 2623 1112 2685 si
1143 2622 1204 2684 iam
1227 2639 1355 2703 campus
1376 2622 1505 2684 Martius
1528 2621 1683 2685 dividatur
1704 2630 1736 2685 et

415 2716 471 2778 uni
494 2715 608 2798 cuique
630 2721 767 2778 vestrum
790 2715 843 2777 ubi
867 2715 1017 2777 consistat
1037 2716 1102 2778 bini
1125 2714 1222 2799 pedes
1243 2714 1458 2796 assignentur,
1480 2723 1584 2779 tamen
1605 2716 1735 2798 promis·

416 2829 473 2872 cue
496 2817 561 2872 toto
585 2828 681 2892 quam
704 2809 832 2891 proprie
854 2828 949 2893 parva
969 2806 1031 2871 frui
1052 2816 1141 2891 parte
1164 2808 1289 2870 malitis.
1326 2807 1431 2884 Quare
1453 2808 1546 2871 etiam
1568 2810 1595 2872 si
1616 2809 1656 2872 ad
1678 2828 1735 2871 vos

416 2910 500 2967 esset
526 2902 669 2984 singulos
697 2902 818 2986 aliquid
841 2923 881 2966 ex
902 2903 964 2965 boc
988 2921 1062 2984 agro
1087 2908 1329 2983 perventurum,
1358 2902 1413 2985 qui
1434 2903 1523 2966 vobis
1545 2904 1735 2976 ostenditur,

416 2997 485 3061 aliis
508 3005 721 3080 comparatur,
744 3004 849 3058 manen
871 2996 1034 3059 bonestius
1057 3015 1129 3058 eum
1151 3014 1208 3058 vos
1230 2996 1368 3058 universi
1383 3016 1478 3079 quam
1498 2997 1613 3079 singuli
1636 2996 1770 3079 possi-ss

417 3089 540 3152 deretis.
583 3091 672 3152 Nunc
695 3109 769 3152 vero
792 3110 862 3153 cum
885 3089 924 3151 ad
947 3109 1004 3152 vos
1026 3089 1107 3153 nibil
1128 3089 1306 3170 perveniat,
1332 3088 1387 3151 sed
1409 3097 1538 3172 paretur
1558 3090 1644 3163 aliis,
1673 3088 1733 3152 eri·

416 3183 521 3266 piatur
542 3182 648 3257 vobis,
677 3203 782 3246 nonne
805 3184 954 3246 acerrime
983 3191 1142 3265 tamquam
1163 3192 1282 3246 armato
1304 3183 1404 3257 bosti,
1431 3183 1476 3245 sic
1497 3182 1571 3247 buic
1593 3183 1655 3265 legi
1676 3201 1734 3267 pro

416 3277 525 3340 vestris
547 3277 630 3359 agris
656 3277 833 3340 resistetis?

500 3370 651 3453 Adiungit
673 3370 835 3433 Stellatem
857 3390 1001 3454 campum
1023 3391 1099 3454 agro
1122 3370 1281 3454 Campano
1304 3377 1335 3434 et
1355 3372 1388 3433 in
1405 3390 1443 3431 eo
1458 3368 1603 3433 duodena
1618 3369 1735 3433 descri-

418 3464 517 3526 bitin
540 3464 681 3546 singulos
702 3465 846 3528 bomines
867 3466 996 3548 iugera:
1019 3465 1109 3548 quasi
1131 3485 1206 3528 vero
1224 3464 1384 3546 paululum
1407 3462 1529 3526 diderat
1549 3482 1624 3545 ager
1646 3463 1773 3534 Cam-³0

417 3579 519 3642 panus
539 3577 558 3620 a
580 3557 722 3634 Stellati;
744 3557 801 3622 sed
823 3558 1008 3633 multitudo,
1031 3558 1187 3634 Quirites,
1209 3558 1385 3642 quaeritur,
1408 3577 1469 3642 qua
1487 3557 1542 3621 illa
1561 3558 1665 3621 omnia
1680 3577 1736 3641 op·

417 3651 493 3735 pida
515 3651 738 3734 compleantur.
782 3650 833 3714 86.
861 3655 940 3716 Nam
964 3652 1031 3715 dixi
1052 3661 1162 3727 antea,
1189 3653 1258 3734 lege
1280 3652 1432 3734 permitti,
1462 3660 1496 3714 nt
1531 3672 1612 3735 quae
1638 3651 1736 3715 velint

420 3745 607 3828 municipia,
630 3763 709 3828 quas
732 3746 830 3811 velint
851 3756 973 3810 veteres
994 3746 1136 3810 colonias
1157 3746 1278 3810 colonis
1302 3746 1368 3810 suis
1388 3753 1553 3829 occupent.
1586 3745 1735 3809 Calenum

419 3838 627 3920 municipium
643 3839 863 3922 complebunt;
884 3841 1025 3904 Teanum
1040 3840 1236 3924 oppriment;
1257 3840 1400 3914 Atellam,
1420 3839 1543 3913 Cumas,
1559 3838 1735 3921 Neapolim,

483 4085 507 4134 4.
525 4081 685 4134 ammonuit
700 4081 812 4132 Erpa.
832 4082 997 4144 (4444444444
1013 4081 1056 4133 ed.
1074 4083 1175 4133 Veneta
1192 4097 1216 4132 a.
1235 4081 1318 4145 4480.)
1339 4108 1365 4118 -
1385 4083 1455 4145 atem
1470 4082 1535 4131 44444
1551 4080 1733 4133 bauredanus:

419 4167 446 4212 ot
462 4160 607 4223 mmmm
625 4161 653 4207 at
666 4158 741 4221 44444
757 4157 818 4218 Ε4·;
837 4159 871 4208 ad
884 4158 1000 4223 444444ς
1019 4159 1149 4222 attilam
1168 4160 1271 4209 4444444
1286 4157 1384 4210 Theod.
1398 4157 1597 4208 Mommsenins.
1612 4182 1638 4192 -
1652 4157 1735 4207 alt.

418 4238 530 4301 aquatus
545 4234 728 4286 Lauredanus:
747 4236 783 4285 lt.
802 4235 886 4287 4444444
901 4233 1015 4295 444Ρῇ
1033 4235 1144 4287 44444444
1160 4238 1190 4286 Α.
1209 4261 1236 4269 -
1255 4235 1280 4284 l.
1298 4233 1483 4298 444444444ιῶ44
1498 4233 1585 4283 EFP:
1608 4231 1738 4294 samdtati·

418 4314 462 4362 bats
478 4306 562 4361 644.
578 4336 604 4346 -
623 4310 777 4374 diffimsltotes
793 4310 883 4362 EFP:
900 4311 1030 4374 [4444444444
1047 4307 1189 4362 catto
1205 4335 1233 4345 -
1252 4310 1292 4360 40.
1310 4309 1452 4370 liberorum]
1469 4307 1557 4357 liberos
1574 4308 1612 4370 (ut
1626 4307 1738 4357 coniecit

419 4386 558 4447 Puteanus)
575 4384 610 4443 E;
629 4397 682 4434 om.
701 4385 727 4434 F.
748 4411 775 4420 -
796 4385 835 4436 rt.
851 4386 989 4447 possidetur
1002 4386 1072 4449 plebe
1087 4386 1215 4437 434444·-
1234 4386 1275 4436 43.
1292 4389 1315 4434 44
1331 4399 1349 4434 4
1360 4383 1430 4446 plebs
1446 4396 1507 4433 cum
1524 4382 1567 4433 cd.
1580 4382 1669 4433 Aldina
1682 4396 1735 4432 om.

418 4459 444 4514 4.
466 4488 492 4498 -
512 4459 552 4512 44.
571 4461 616 4510 boc
630 4459 757 4522 plebecula
772 4461 828 4509 EF.
844 4486 870 4496 -
889 4467 922 4511 tr.
937 4462 973 4524 pl.
991 4461 1087 4511 Era:
1107 4461 1206 4510 444444
1223 4461 1284 4521 (orn.
1299 4458 1346 4520 pt.)
1363 4471 1425 4509 cum
1442 4459 1469 4509 P.
1482 4460 1597 4510 llanutio
1614 4457 1696 4512 440.
1708 4484 1735 4493 -

419 4538 459 4587 46.
476 4534 589 4599 relectis]
607 4534 781 4584 robustissimis
797 4535 826 4585 E.
848 4561 874 4570 -
894 4537 933 4585 tt.
951 4540 974 4585 et
990 4534 1128 4585 audacibus
1144 4548 1197 4586 om.
1209 4538 1239 4585 Α.
1260 4561 1286 4570 -
1307 4534 1346 4584 48.
1364 4535 1482 4584 44444444
1497 4536 1583 4586 Era.
1609 4533 1738 4587 Emenda-

418 4614 455 4660 vit
471 4611 615 4672 Naugerius
632 4609 658 4659 ln
675 4608 718 4658 ed.
737 4607 838 4659 Aldina.
859 4635 885 4644 -
911 4612 999 4659 4444444
1014 4622 1069 4660 om.
1087 4611 1117 4661 E.
1137 4637 1163 4645 -
1192 4609 1233 4660 23.
1250 4610 1343 4659 44444444
1361 4610 1395 4660 E:
1421 4611 1561 4662 malueritis
1577 4612 1606 4668 F;
1632 4609 1739 4658 malletis

418 4683 530 4737 44440.
543 4686 621 4735 -aa
640 4683 704 4748 eum]
721 4697 778 4733 cem
794 4684 1168 4747 EF.-uaiaersisiqaamE.
1181 4712 1208 4722 -
1221 4685 1445 4746 sepenumero:
1462 4679 1736 4748 pertineatEFato.

420 4790 446 4797 -
458 4762 498 4811 30.
508 4760 685 4822 postlolumli:
701 4760 808 4821 paulum
819 4755 957 4811 NALSO.
971 4785 998 4794 -
1010 4759 1051 4809 34.
1064 4773 1081 4808 a
1091 4759 1197 4809 Stellati.
1214 4760 1263 4809 Sed
1273 4759 1424 4810 Turnebus:
1443 4775 1474 4809 ac
1484 4761 1600 4810 8444444444.
1618 4759 1650 4808 Et
1661 4757 1680 4806 E
1693 4757 1737 4806 FP

417 4833 506 4893 440;
525 4848 556 4883 ac
571 4833 687 4884 Stellatis.
706 4839 734 4883 at
744 4835 777 4894 'lt
794 4848 812 4883 a
822 4835 925 4884 Stellati.
943 4835 1040 4884 Scilicet
1049 4846 1112 4883 cum
1128 4833 1284 4884 Lauredano
1301 4835 1329 4884 l..
1349 4836 1419 4884 uNoa
1430 4834 1490 4884 ideo
1501 4833 1574 4898 plura
1586 4835 1612 4884 in
1623 4846 1686 4896 agro
1699 4835 1736 4887 st.

418 4908 606 4962 describuntur
622 4910 648 4958 in
665 4922 687 4959 s.
706 4908 732 4958 b.
751 4910 840 4972 iugera
858 4921 937 4973 quam
955 4910 981 4959 in
999 4910 1039 4968 C,
1058 4907 1131 4972 quod
1143 4907 1248 4972 paulum
1261 4909 1368 4959 interae
1380 4908 1502 4960 diberent
1519 4905 1588 4970 (nibil
1600 4909 1669 4958 enim
1682 4908 1737 4959 tere

420 4987 486 5035 inter
502 4997 548 5035 eos
566 4983 671 5046 differt),
689 4986 730 5034 sed
747 4987 776 5034 ut
791 4985 926 5049 supersint
942 4985 1072 5042 homines,
1091 4983 1188 5047 quibus
1200 4982 1241 5033 illa
1254 4983 1350 5047 oppida
1369 4985 1445 5048 (quae
1456 4984 1607 5033 colonicatis
1617 4997 1740 5046 occupare

419 5059 475 5122 lege
487 5060 518 5108 lis
529 5057 627 5121 licebit)
640 5058 846 5124 compleantur.»
859 5061 1017 5110 Wnseansas
1028 5059 1168 5109 Emendott.
1181 5058 1231 5109 Cic.
1245 5059 1314 5108 lese.
1327 5060 1355 5108 P.
1368 5059 1410 5108 lll.
1423 5071 1449 5122 p.
1462 5059 1502 5107 at.
1516 5072 1541 5107 n.
1553 5085 1581 5096 -
1592 5058 1632 5108 33.
1645 5057 1737 5123 Aquila

420 5136 551 5184 Romanus
567 5134 597 5182 44
611 5136 654 5198 fig.
672 5139 732 5184 sent.
751 5135 776 5198 5.
789 5133 831 5185 43.
849 5137 876 5184 et
892 5134 1032 5184 Martianus
1043 5131 1149 5196 Capella
1163 5133 1192 5182 V.
1205 5132 1229 5197 5.
1242 5133 1305 5183 536:
1325 5133 1437 5194 Capuam
1447 5132 1539 5182 colonis
1549 5133 1658 5181 deductis
1668 5147 1739 5183 occe·
1806 5149 1808 5153 ·

417 5208 521 5271 pateat,
538 5208 643 5258 Atellam
655 5210 783 5272 praesidio
797 5209 973 5269 coomaeimt,
990 5210 1141 5271 Nuceriam,
1158 5209 1249 5260 Crenas
1264 5207 1331 5273 (4444
1346 5208 1394 5258 bae
1405 5208 1479 5258 blarl.
1493 5207 1567 5270 Cap.)
1583 5206 1739 5260 multitudine

419 5296 521 5333 suetam
537 5283 689 5346 4444444444,
706 5290 789 5336 cetera
805 5284 897 5348 oppido
909 5283 1042 5347 praesidas
1056 5283 1201 5336 4444444444.
1216 5310 1244 5321 -
1257 5281 1299 5335 34.
1310 5281 1441 5348 Neapolim
1457 5283 1490 5333 F:
1505 5280 1629 5346 Neapolis
1645 5281 1736 5332 444444.
