4367 6109
446 578 509 647 204
809 582 857 648 ἸΝ
876 581 1043 647 VERREM
1063 579 1186 647 ACTIO
1210 579 1393 646 SECUNDA

446 747 576 834 liguram
597 752 802 837 hahitumque
828 751 963 816 formato
991 771 1032 815 ex
1054 751 1160 836 oppidi
1182 753 1310 815 nomine
1333 759 1364 815 et
1384 750 1532 814 fluminis.
1575 750 1651 814 Erat
1671 752 1765 816 etiam

449 844 618 910 Stesichori
638 853 752 931 poetae
774 853 876 910 statua
897 845 1022 919 senilis,
1045 846 1191 918 incurva,
1213 865 1283 909 cum
1307 846 1405 920 libro,
1428 865 1567 920 summo,
1589 854 1624 908 ut
1644 855 1766 931 putant,

446 938 579 1003 artificio
600 941 697 1015 l'aota,
728 942 781 1024 qui
801 939 861 1003 l'uit
882 941 1049 1014 Himerae,
1077 938 1133 1002 sed
1156 946 1187 1000 et
1207 948 1255 1002 est
1276 947 1307 1002 et
1328 939 1386 1003 luit
1405 947 1471 1002 tota
1492 939 1622 1003 Graecia
1643 955 1773 1004 summo·

445 1039 574 1117 propter
594 1033 757 1116 ingenium
778 1035 898 1098 honore
920 1042 951 1097 et
972 1035 1111 1097 nomine.
1140 1033 1225 1096 llaec
1240 1035 1297 1097 iste
1313 1035 1353 1097 ad
1368 1035 1522 1097 insaniam
1537 1037 1766 1120 concupiverat

422 1124 556 1201 thuan,
579 1127 665 1212 quod
686 1149 786 1212 paene
807 1129 970 1213 praeterii,
994 1128 1115 1212 capella
1137 1127 1291 1211 quaedam
1313 1135 1375 1203 est,
1399 1147 1436 1190 ea
1457 1128 1585 1211 quidem
1607 1129 1702 1205 mire,
1731 1138 1769 1195 ut

445 1219 537 1283 etiam
559 1240 631 1297 nos,
661 1223 717 1306 qui
738 1223 832 1287 rudes
853 1223 966 1286 harum
992 1243 1096 1285 rerum
1125 1242 1249 1296 sumus,
1279 1222 1453 1304 inlelligere
1474 1241 1660 1305 possumus,
1690 1227 1767 1289 scite

442 1312 525 1378 facta
546 1322 577 1376 et
598 1324 740 1379 venuste.
776 1318 861 1381 llaec
884 1324 915 1378 et
935 1317 995 1379 alia
1011 1317 1116 1400 Scipio
1137 1336 1201 1379 non
1223 1316 1417 1398 negligenter
1437 1315 1600 1391 ahiecerat,
1622 1325 1659 1379 ut
1671 1318 1766 1382 homo

443 1406 621 1490 intelligens
642 1410 754 1474 Verres
776 1411 899 1474 auferre
922 1418 1047 1494 posset,
1080 1409 1135 1472 sed
1158 1410 1367 1473 Thermitanis
1388 1409 1582 1487 restituerat;
1604 1433 1680 1477 non
1703 1436 1767 1499 quo

442 1499 511 1584 ipse
532 1500 640 1566 hortos
662 1512 717 1566 aut
737 1505 951 1568 suburbanum
973 1512 1027 1567 aut
1048 1503 1151 1566 locum
1175 1505 1319 1577 omnino,
1341 1504 1395 1566 uhi
1418 1524 1455 1567 ea
1477 1514 1623 1587 poneret,
1646 1508 1767 1573 nullum

406 1594 580 1670 l0haheret,
603 1598 658 1660 sed
681 1599 778 1682 quod,
800 1599 827 1661 si
846 1598 972 1662 domum
988 1597 1178 1669 abstulisset,
1202 1617 1265 1659 non
1281 1596 1335 1659 diu
1351 1597 1508 1680 Scipionis
1523 1602 1766 1683 appellarentur,

443 1690 498 1756 sed
521 1711 646 1767 eorum,
667 1693 706 1755 ad
729 1713 945 1776 quoscumque
967 1692 1052 1755 illius
1074 1699 1174 1754 morte
1196 1692 1374 1754 venissent:
1398 1711 1481 1754 nunc
1503 1693 1543 1755 iis
1565 1694 1643 1758 locis
1664 1699 1767 1780 posita

442 1795 526 1861 sunt,
549 1793 584 1849 ut
605 1787 682 1850 mihi
705 1806 830 1869 semper
852 1786 1006 1870 Scipionis
1029 1783 1097 1847 lore
1121 1785 1286 1848 videantur
1308 1785 1416 1869 itaque
1432 1785 1584 1851 dicautur.
1619 1791 1766 1854 xxxvl.

442 1876 494 1942 88.
516 1880 602 1944 llaec
624 1902 696 1945 cum
717 1882 777 1944 iste
798 1887 946 1965 posceret
966 1887 1176 1962 agereturque
1192 1899 1230 1942 ea
1246 1899 1297 1942 res
1312 1880 1346 1941 in
1364 1888 1486 1954 senatu,
1509 1881 1657 1946 Sthenius
1671 1885 1768 1947 vehe-

444 1975 638 2038 mentissime
655 1975 774 2038 'restitit
795 1975 980 2057 multaque,
1002 1974 1092 2036 utin
1114 1974 1226 2057 primis
1248 1972 1427 2036 Siculorum
1449 1974 1483 2036 in
1504 1976 1638 2040 dicendo
1658 1979 1768 2061 copio-

407 2081 499 2132 lssus
521 2077 586 2143 est,
620 2070 892 2132 commemoravit:
921 2068 1031 2131 urhenr
1058 2067 1240 2152 relinquere
1268 2068 1480 2131 Thermitanis
1511 2089 1580 2133 esse
1601 2072 1767 2137 honestius

446 2184 541 2248 quam
563 2165 629 2248 pati
652 2163 722 2226 tolli
744 2184 784 2226 ex
807 2163 884 2225 urbe
906 2169 1112 2224 monumenta
1134 2162 1300 2234 maiorum,
1322 2162 1427 2244 spolia
1440 2163 1591 2240 hostium,
1612 2165 1768 2232 beneficia

444 2257 609 2321 clarissimi
632 2258 709 2332 viri,
735 2256 854 2319 indicia
876 2256 1036 2319 societatis
1057 2256 1169 2339 populi
1191 2255 1325 2318 Romani
1348 2263 1443 2338 atque
1465 2257 1632 2322 amicitiae.
1677 2260 1769 2324 Com-

444 2351 521 2414 moti
544 2351 641 2413 animi
664 2358 739 2414 sunt
760 2351 917 2413 omnium:
947 2356 1092 2432 repertus
1115 2355 1164 2411 est
1184 2368 1293 2423 nemo,
1326 2350 1405 2433 quin
1427 2352 1507 2413 mori
1529 2352 1648 2417 diceret
1669 2356 1769 2420 satius

444 2467 524 2510 esse.
567 2447 678 2532 ltaque
699 2444 762 2509 hoc
792 2446 894 2508 adhuc
922 2445 1076 2527 oppidum
1102 2445 1217 2506 Verres
1246 2444 1368 2507 invenit
1388 2464 1489 2528 prope
1511 2446 1613 2509 solum
1635 2448 1670 2511 in
1692 2451 1768 2513 orbe

407 2551 610 2614 soterrarum,
633 2540 719 2603 unde
741 2539 820 2602 nihil
843 2539 1001 2602 eiusmodi
1022 2537 1190 2600 rerum'de
1213 2537 1341 2620 publico
1364 2539 1515 2621 pervim,
1537 2540 1618 2603 nihil
1634 2544 1769 2618 occulte,

444 2635 525 2700 nihil
554 2634 706 2716 imperio,
732 2633 813 2696 nihil
836 2635 952 2717 gratia,
982 2631 1062 2694 nihil
1084 2632 1188 2714 pretio
1210 2639 1319 2713 posset
1346 2631 1480 2696 auferre.
1523 2636 1641 2697 Verum
1663 2645 1769 2703 tamen

444 2729 540 2795 hasce
562 2730 630 2791 eius
654 2728 844 2810 cupiditates
866 2746 1025 2810 exponam
1047 2725 1112 2788 alio
1134 2725 1220 2788 loco:
1251 2745 1337 2787 nunc
1363 2725 1403 2788 ad
1427 2727 1592 2791 Sthenium
1619 2741 1768 2795 revertar.

445 2821 495 2886 89.
520 2825 621 2887 Iratus
643 2822 703 2885 iste
728 2821 931 2886 vehementer
955 2820 1087 2884 Sthenio
1113 2825 1145 2881 et
1169 2821 1319 2882 incensus
1345 2820 1520 2904 hospitium
1542 2822 1571 2885 ei
1593 2828 1769 2891 renuntiat:

446 2919 542 2981 domo
557 2919 626 2980 eius
642 2917 774 2999 emigrat
787 2923 884 3000 atque
899 2917 979 2978 adeo
997 2914 1079 2987 exit3
1103 2934 1175 2977 nam
1191 2915 1253 2977 iam
1268 2922 1342 2977 ante
1357 2915 1532 2997 emigrarat.
1565 2917 1648 2980 Eum
1661 2929 1770 2984 autem

408 3011 657 3079 stinimicissimi
681 3010 802 3073 Sthenii
833 3009 963 3073 domum
985 3028 1075 3072 suam
1098 3008 1202 3071 statim
1224 3008 1374 3082 invitant,
1405 3015 1443 3070 ut
1469 3009 1608 3073 animum
1639 3014 1707 3078 eius
1736 3016 1770 3095 in

447 3108 613 3173 Sthenium
644 3105 875 3167 inllammarent
902 3102 1103 3166 ementiendo
1135 3102 1256 3186 aliquid
1285 3109 1317 3164 et
1343 3102 1551 3165 criminando.
1594 3105 1635 3167 lli
1663 3115 1770 3171 autern

447 3210 537 3266 erant
558 3199 678 3264 inimici
705 3199 899 3281 Agathinus,
928 3199 1024 3261 homo
1054 3196 1188 3269 nobilis,
1218 3204 1249 3258 et
1275 3196 1472 3270 Dorotheus,
1501 3198 1558 3281 qui
1580 3199 1716 3263 habehat
1736 3203 1770 3264 in

446 3296 646 3360 matrimonio
663 3294 880 3369 Callidamam,
901 3292 1049 3376 Agathini
1072 3292 1142 3354 eius
1163 3291 1271 3366 liliam,
1294 3292 1334 3355 de
1357 3313 1420 3376 qua
1441 3292 1501 3355 iste
1523 3295 1676 3359 audierat.
1708 3298 1771 3361 lta-

447 3410 509 3475 que
531 3390 571 3452 ad
594 3408 744 3472 generum
766 3387 915 3470 Agathini
938 3388 1071 3469 migrare
1094 3385 1214 3448 maluit
1258 3387 1325 3449 Una
1347 3406 1412 3449 nox
1434 3386 1669 3464 intercesserat,
1698 3410 1771 3453 curn

409 3485 505 3550 soiste
519 3483 715 3546 Dorotheum
737 3483 782 3545 sic
806 3481 966 3564 diligebat,
989 3490 1025 3543 ut
1046 3480 1168 3542 diceres
1191 3482 1297 3543 omnia
1318 3481 1401 3543 inter
1423 3500 1478 3543 eos
1495 3501 1564 3544 esse
1580 3485 1770 3559 communia,

446 3578 638 3661 Agathinum
660 3578 705 3639 ita
727 3575 924 3649 observabat,
947 3583 983 3638 ut
1004 3574 1144 3657 aliquem
1167 3572 1294 3637 affinem
1310 3594 1347 3637 ac
1362 3574 1586 3658 propinquum.
1624 3577 1771 3640 Contem-

446 3691 522 3738 nere
545 3671 640 3734 etiam
662 3672 788 3754 signum
811 3670 890 3732 illud
905 3671 1052 3732 Himerae
1076 3669 1138 3731 iam
1160 3668 1335 3743 videbatur,
1359 3668 1445 3751 quod
1468 3689 1540 3732 eum
1555 3669 1655 3734 multo
1671 3672 1771 3754 magis

447 3766 548 3850 figura
571 3771 603 3828 et
623 3766 815 3828 lineamenta
835 3764 982 3845 hospitae
1012 3761 1219 3824 delectabant.
1264 3762 1423 3824 XXXVII.
1446 3759 1496 3823 90.
1518 3764 1628 3847 ltaque
1649 3764 1770 3827 hortari

447 3860 594 3926 homines
615 3860 731 3943 coepit,
753 3864 789 3921 ut
809 3858 932 3941 aliquid
949 3856 1080 3919 Sthenio
1103 3855 1236 3939 periculi
1259 3864 1401 3918 crearent
1423 3856 1628 3939 criminisque
1650 3857 1772 3919 confin-

515 4165 538 4216 3.
557 4165 601 4227 qul
615 4165 664 4229 solt
680 4165 750 4224 Νφι
769 4161 801 4212 od
817 4175 845 4212 eo
862 4162 905 4222 qui
920 4163 940 4223 f.
959 4162 1004 4211 ctt.
1023 4160 1052 4210 0.
1074 4187 1101 4197 -
1124 4160 1229 4210 Himera
1245 4160 1313 4210 coni.
1332 4160 1396 4210 Rau.
1413 4160 1444 4209 lI.
1463 4172 1490 4224 p.
1508 4160 1548 4210 66.
1564 4188 1590 4197 -
1612 4165 1636 4211 ct
1651 4166 1688 4212 est
1703 4161 1773 4227 8344

448 4254 486 4303 φτ
512 4245 534 4290 et
553 4253 606 4290 om.
626 4241 672 4290 ctt.
694 4265 721 4275 —
746 4238 856 4288 Graccis
874 4235 943 4299 1.ng
960 4247 986 4298 p.
1006 4248 1041 4285 m.
1060 4249 1096 4296 cp:
1125 4236 1152 4283 tn
1173 4236 1282 4286 Graecis
1304 4237 1348 4285 ott.
1369 4261 1397 4270 -
1419 4247 1534 4296 depromo
1555 4234 1623 4299 8342
1639 4249 1666 4301 p.
1686 4249 1722 4288 ro.
1743 4266 1771 4275 -

448 4316 472 4368 4.
494 4316 669 4377 concupiverat
692 4313 761 4378 1.ng
777 4327 803 4378 p.
822 4325 875 4363 m.:
899 4311 1060 4373 concipiam
1080 4313 1127 4362 ctt.
1147 4311 1175 4361 0.
1197 4340 1223 4349 -
1246 4313 1270 4361 5.
1288 4312 1364 4361 etium
1380 4312 1446 4373 qood
1462 4323 1522 4374 sqq.
1544 4311 1638 4362 Donat.
1660 4312 1695 4362 ed
1711 4314 1771 4364 Ter.

448 4393 545 4454 llecyr.
563 4392 594 4440 V.
613 4391 637 4451 9,
657 4390 696 4440 43.
713 4418 740 4428 -
759 4390 783 4439 6.
799 4401 929 4451 possumus
946 4389 1012 4436 Non.
1025 4401 1051 4451 p.
1065 4385 1114 4438 404
1131 4390 1158 4437 et
1175 4386 1236 4438 edd.
1254 4399 1340 4450 usque
1352 4385 1387 4435 ad
1398 4385 1505 4436 lamh:
1522 4386 1774 4448 praemunisset

448 4478 525 4529 seqq.
538 4463 608 4516 nulle
620 4464 744 4516 codicum
756 4465 912 4514 auctoritate
924 4460 1009 4512 allata.
1023 4462 1056 4512 cl.
1069 4464 1134 4512 Rau.
1147 4461 1164 4511 l.
1176 4460 1192 4511 l.
1204 4489 1232 4500 -
1244 4463 1269 4513 Ἰ.
1282 4462 1341 4512 tort.
1354 4462 1414 4511 hoec
1424 4467 1449 4511 st
1463 4461 1536 4510 tolio.
1550 4461 1588 4512 Ct.
1602 4461 1726 4513 Orelllum
1738 4462 1772 4512 ad

449 4541 503 4592 Cic.
517 4541 618 4590 Orator.
632 4539 656 4603 g.
671 4539 727 4590 til.
742 4539 784 4589 ed.
797 4538 869 4589 48344.
885 4564 913 4573 -
932 4537 974 4586 40.
994 4539 1059 4598 quod
1070 4537 1139 4600 1.ng
1149 4538 1170 4586 N
1181 4552 1217 4597 cp:
1236 4550 1291 4588 om.
1306 4540 1350 4586 ctt.
1365 4565 1392 4573 -
1412 4536 1600 4598 appellarentur
1616 4537 1684 4600 lpse
1696 4536 1727 4587 42
1745 4550 1771 4600 p.

449 4627 485 4665 nr.
504 4614 550 4665 tt:
569 4615 759 4676 appellabuntur
775 4615 827 4664 AB
841 4615 860 4664 C
879 4613 966 4674 6833.
987 4638 1014 4649 -
1035 4612 1074 4662 ll.
1095 4613 1162 4662 illias
1178 4611 1206 4664 l:
1228 4614 1280 4662 eins
1296 4615 1358 4670 ctt.;
1375 4612 1453 4674 ipsius
1469 4609 1546 4675 vulgo
1564 4612 1626 4674 post
1641 4612 1723 4674 Naug.
1742 4613 1770 4661 0.

451 4717 478 4726 -
497 4689 528 4738 lis
544 4690 580 4738 st.
599 4691 627 4739 L.
647 4691 681 4740 0:
700 4690 737 4738 lis
754 4687 832 4740 codd.
851 4688 914 4738 noti.
929 4713 956 4723 -
971 4689 1010 4737 45.
1031 4688 1195 4737 Thessalicam
1211 4687 1279 4751 8346
1295 4700 1321 4751 p.
1335 4699 1372 4736 m.
1391 4701 1427 4747 cp:
1448 4687 1615 4736 Tlmnitocos
1632 4687 1676 4736 cll.
1696 4687 1725 4735 0.
1743 4714 1770 4722 -

448 4767 489 4816 sl.
508 4765 620 4830 imperio]
641 4765 738 4813 iniuria
754 4763 822 4827 Lgls
839 4776 865 4827 p.
885 4775 922 4812 m.
942 4790 969 4798 -
987 4763 1049 4812 nihil
1068 4765 1156 4826 protis
1172 4776 1226 4814 om.
1246 4762 1293 4811 dtt.
1315 4789 1342 4799 —
1361 4762 1422 4811 nillil
1436 4764 1552 4824 precario
1568 4759 1647 4825 egle,
1665 4759 1772 4812 Scodd.

449 4839 506 4902 Lhi,
524 4839 584 4890 cod.
598 4840 656 4890 llot.
673 4868 699 4876 -
717 4839 758 4890 99.
778 4840 829 4895 sao
846 4837 923 4888 codd.
943 4838 1012 4887 noti:
1034 4838 1108 4887 loliis
1123 4836 1201 4901 vulgo
1218 4839 1278 4900 post
1295 4834 1341 4886 Lh.
1360 4836 1433 4887 4684.
1452 4837 1482 4887 0.
1502 4864 1530 4874 -
1547 4837 1588 4887 23.
1607 4838 1689 4886 iratos
1704 4835 1729 4896 l,
1748 4837 1774 4886 44

406 4924 414 4940 ·
449 4931 487 4980 φ;
505 4918 590 4979 ltaque
607 4915 655 4965 dlt.
669 4915 697 4964 0.
719 4942 745 4951 -
763 4915 851 4964 etiae
871 4912 899 4964 l:
919 4919 993 4975 atque
1009 4913 1058 4962 inc.
1077 4915 1102 4962 ld
1114 4927 1151 4974 φ;
1169 4913 1277 4974 infensos
1294 4912 1355 4972 lom.
1374 4913 1404 4972 et)
1423 4911 1470 4962 dtt.
1490 4913 1518 4962 0.
1538 4937 1567 4948 -
1586 4913 1609 4963 ei
1626 4924 1679 4962 om.
1693 4911 1771 4973 Lg29.

449 4993 507 5044 AB.
527 4991 558 5055 [ol
575 4993 616 5041 est
633 4991 659 5040 in
676 4989 764 5055 8348]
778 5017 806 5025 -
824 4988 865 5040 al.
883 4989 978 5051 mlprot
994 4988 1063 5050 8346
1080 5002 1106 5053 p.
1119 5001 1156 5038 rn.
1177 5015 1205 5024 —
1223 4987 1292 5045 odeo]
1313 4985 1373 5036 odeo
1390 4986 1458 5049 8346
1475 5000 1502 5051 p.
1521 5001 1558 5038 m.
1579 5013 1606 5022 -
1625 4987 1772 5051 crnlprorct]

450 5068 556 5130 omlprct
567 5066 636 5130 Lgla
647 5078 673 5129 p.
688 5079 735 5124 m.;
752 5065 878 5128 mlprorot
896 5067 939 5113 ctt.
954 5064 982 5112 0.
1002 5065 1124 5113 Nostram
1142 5063 1321 5113 coniecturam
1339 5063 1496 5126 comprobat
1515 5061 1644 5122 Halmius,
1663 5062 1773 5124 quisue
1881 5090 1888 5097 -

450 5144 544 5206 sponte
568 5141 593 5189 in
613 5140 726 5190 eandem
742 5138 879 5188 inciderat.
907 5139 971 5188 Mire
988 5137 1122 5201 vulgatam
1139 5138 1327 5201 interpretetur
1343 5139 1429 5187 Messe
1446 5151 1472 5202 p.
1491 5138 1531 5189 96.
1558 5165 1585 5173 -
1613 5150 1671 5186 cum
1690 5141 1774 5185 auton

450 5217 534 5266 slotlm
551 5215 619 5278 ngas
629 5216 678 5264 AB
697 5215 742 5277 (sic
759 5217 858 5278 transp.
877 5213 980 5277 stolon).
993 5240 1021 5251 -
1040 5214 1080 5262 30.
1095 5213 1160 5262 inter
1175 5225 1215 5262 eos
1231 5211 1316 5262 onmia
1332 5214 1409 5263 Arus.
1427 5213 1461 5262 ll.
1479 5225 1506 5280 p.
1519 5212 1577 5262 994.
1592 5237 1619 5246 -
1639 5211 1680 5260 34.
1698 5215 1775 5273 utque

457 5288 495 5343 ltl.
514 5289 576 5342 edd.
594 5291 655 5349 ante
672 5289 754 5357 Naug.
775 5315 802 5325 -
820 5288 1015 5353 inproplnqcaorr
1030 5287 1100 5353 ngas
1111 5290 1142 5337 A.
