<?xml version="1.0" encoding="UTF-8"?>
<!DOCTYPE html PUBLIC "-//W3C//DTD XHTML 1.0 Transitional//EN"
    "http://www.w3.org/TR/xhtml1/DTD/xhtml1-transitional.dtd">
<html xmlns="http://www.w3.org/1999/xhtml" xml:lang="en" lang="en">
 <head>
  <title>
</title>
<meta http-equiv="Content-Type" content="text/html;charset=utf-8" />
  <meta name='ocr-system' content='tesseract 3.04.00' />
  <meta name='ocr-capabilities' content='ocr_page ocr_carea ocr_par ocr_line ocrx_word'/>
</head>
<body>
  <div class='ocr_page' id='page_1' title='image "./operaquaesupers02halmgoog_0658.png"; bbox 0 0 4367 6109; ppageno 0'>
   <div class='ocr_carea' id='block_1_1' title="bbox 439 565 1621 656">
    <p class='ocr_par' dir='ltr' id='par_1_1' title="bbox 439 565 1621 656">
     <span class='ocr_line' id='line_1_1' title="bbox 439 565 1621 656; baseline -0.012 -9"><span class='ocrx_word' id='word_1_1' title='bbox 439 580 501 647; x_wconf 77' lang='grc' dir='ltr'><strong>ιιι</strong></span> <span class='ocrx_word' id='word_1_2' title='bbox 609 580 663 645; x_wconf 88' lang='lat' dir='ltr'><strong>or</strong></span> <span class='ocrx_word' id='word_1_3' title='bbox 684 577 790 644; x_wconf 81' lang='lat' dir='ltr'><strong>:ser</strong></span> <span class='ocrx_word' id='word_1_4' title='bbox 811 576 988 641; x_wconf 79' lang='lat' dir='ltr'><strong>seman</strong></span> <span class='ocrx_word' id='word_1_5' title='bbox 1010 574 1130 640; x_wconf 77' lang='lat' dir='ltr'><strong>rnna</strong></span> <span class='ocrx_word' id='word_1_6' title='bbox 1150 575 1205 637; x_wconf 89' lang='grc' dir='ltr'>ιιι.</span> <span class='ocrx_word' id='word_1_7' title='bbox 1228 574 1304 637; x_wconf 70' lang='lat' dir='ltr'><strong>cn.</strong></span> <span class='ocrx_word' id='word_1_8' title='bbox 1318 574 1371 636; x_wconf 84' lang='grc' dir='ltr'>ιιι.</span> <span class='ocrx_word' id='word_1_9' title='bbox 1393 569 1450 656; x_wconf 69' lang='lat' dir='ltr'><strong>ss.</strong></span> <span class='ocrx_word' id='word_1_10' title='bbox 1466 565 1621 635; x_wconf 79' lang='lat' dir='ltr'><strong>ra-so.</strong></span> 
     </span>
    </p>
   </div>
   <div class='ocr_carea' id='block_1_2' title="bbox 443 740 1786 927">
    <p class='ocr_par' dir='ltr' id='par_1_2' title="bbox 443 740 1786 927">
     <span class='ocr_line' id='line_1_2' title="bbox 527 740 1786 828; baseline -0.007 -16"><span class='ocrx_word' id='word_1_11' title='bbox 527 747 577 813; x_wconf 71' lang='lat'><strong>43.</strong></span> <span class='ocrx_word' id='word_1_12' title='bbox 604 750 669 813; x_wconf 87' lang='lat' dir='ltr'><strong>lam</strong></span> <span class='ocrx_word' id='word_1_13' title='bbox 698 754 795 811; x_wconf 88' lang='lat' dir='ltr'><strong>totam</strong></span> <span class='ocrx_word' id='word_1_14' title='bbox 818 746 919 828; x_wconf 90' lang='lat' dir='ltr'><strong>legem</strong></span> <span class='ocrx_word' id='word_1_15' title='bbox 941 744 1140 826; x_wconf 88' lang='lat' dir='ltr'><strong>intelligetis,</strong></span> <span class='ocrx_word' id='word_1_16' title='bbox 1168 764 1240 805; x_wconf 87' lang='lat' dir='ltr'><strong>cum</strong></span> <span class='ocrx_word' id='word_1_17' title='bbox 1262 742 1302 804; x_wconf 93' lang='lat' dir='ltr'><strong>ad</strong></span> <span class='ocrx_word' id='word_1_18' title='bbox 1323 761 1499 825; x_wconf 86' lang='lat' dir='ltr'><strong>paucorum</strong></span> <span class='ocrx_word' id='word_1_19' title='bbox 1522 740 1786 805; x_wconf 80' lang='lat' dir='ltr'><strong>dominationem</strong></span> 
     </span>
     <span class='ocr_line' id='line_1_3' title="bbox 443 834 1786 927; baseline -0.01 -17"><span class='ocrx_word' id='word_1_20' title='bbox 443 844 637 927; x_wconf 87' lang='lat' dir='ltr'><strong>scriptasit,</strong></span> <span class='ocrx_word' id='word_1_21' title='bbox 659 848 726 905; x_wconf 89' lang='lat' dir='ltr'><strong>tum</strong></span> <span class='ocrx_word' id='word_1_22' title='bbox 749 839 789 902; x_wconf 93' lang='lat' dir='ltr'><strong>ad</strong></span> <span class='ocrx_word' id='word_1_23' title='bbox 811 838 959 902; x_wconf 82' lang='lat' dir='ltr'><strong>Sullanae</strong></span> <span class='ocrx_word' id='word_1_24' title='bbox 981 838 1204 920; x_wconf 79' lang='lat' dir='ltr'><strong>assignationis</strong></span> <span class='ocrx_word' id='word_1_25' title='bbox 1226 836 1364 899; x_wconf 89' lang='lat' dir='ltr'><strong>rationes</strong></span> <span class='ocrx_word' id='word_1_26' title='bbox 1387 855 1457 898; x_wconf 89' lang='lat' dir='ltr'><strong>esse</strong></span> <span class='ocrx_word' id='word_1_27' title='bbox 1480 834 1786 898; x_wconf 89' lang='lat' dir='ltr'><strong>accommodatissi-</strong></span> 
     </span>
    </p>
   </div>
   <div class='ocr_carea' id='block_1_3' title="bbox 408 927 1791 3539">
    <p class='ocr_par' dir='ltr' id='par_1_3' title="bbox 408 927 1791 3539">
     <span class='ocr_line' id='line_1_4' title="bbox 444 927 1784 1013; baseline -0.01 -10"><span class='ocrx_word' id='word_1_28' title='bbox 444 960 534 1003; x_wconf 88' lang='lat' dir='ltr'><strong>mam.</strong></span> <span class='ocrx_word' id='word_1_29' title='bbox 571 938 649 998; x_wconf 89' lang='lat' dir='ltr'><strong>Nam</strong></span> <span class='ocrx_word' id='word_1_30' title='bbox 671 952 761 996; x_wconf 87' lang='lat' dir='ltr'><strong>socer</strong></span> <span class='ocrx_word' id='word_1_31' title='bbox 781 933 876 995; x_wconf 90' lang='lat' dir='ltr'><strong>buius</strong></span> <span class='ocrx_word' id='word_1_32' title='bbox 899 932 946 994; x_wconf 91' lang='lat' dir='ltr'><strong>vir</strong></span> <span class='ocrx_word' id='word_1_33' title='bbox 968 932 1101 994; x_wconf 89' lang='lat' dir='ltr'><strong>multum</strong></span> <span class='ocrx_word' id='word_1_34' title='bbox 1119 932 1223 994; x_wconf 87' lang='lat' dir='ltr'><strong>bonus</strong></span> <span class='ocrx_word' id='word_1_35' title='bbox 1238 937 1302 1005; x_wconf 76' lang='lat' dir='ltr'><strong>est:</strong></span> <span class='ocrx_word' id='word_1_36' title='bbox 1324 950 1429 1013; x_wconf 89' lang='lat' dir='ltr'><strong>neque</strong></span> <span class='ocrx_word' id='word_1_37' title='bbox 1444 949 1505 1013; x_wconf 92' lang='lat' dir='ltr'><strong>ego</strong></span> <span class='ocrx_word' id='word_1_38' title='bbox 1520 950 1616 992; x_wconf 91' lang='lat' dir='ltr'><strong>nunc</strong></span> <span class='ocrx_word' id='word_1_39' title='bbox 1632 928 1677 990; x_wconf 89' lang='lat' dir='ltr'><strong>de</strong></span> <span class='ocrx_word' id='word_1_40' title='bbox 1701 927 1784 990; x_wconf 91' lang='lat' dir='ltr'><strong>illius</strong></span> 
     </span>
     <span class='ocr_line' id='line_1_5' title="bbox 442 1022 1784 1109; baseline -0.007 -14"><span class='ocrx_word' id='word_1_41' title='bbox 442 1032 598 1104; x_wconf 89' lang='lat' dir='ltr'><strong>bonitate,</strong></span> <span class='ocrx_word' id='word_1_42' title='bbox 627 1026 683 1091; x_wconf 91' lang='lat' dir='ltr'><strong>sed</strong></span> <span class='ocrx_word' id='word_1_43' title='bbox 705 1026 745 1089; x_wconf 90' lang='lat' dir='ltr'><strong>de</strong></span> <span class='ocrx_word' id='word_1_44' title='bbox 767 1026 876 1109; x_wconf 79' lang='lat' dir='ltr'><strong>generi</strong></span> <span class='ocrx_word' id='word_1_45' title='bbox 902 1025 1100 1108; x_wconf 87' lang='lat' dir='ltr'><strong>impudentia</strong></span> <span class='ocrx_word' id='word_1_46' title='bbox 1122 1024 1259 1107; x_wconf 89' lang='lat' dir='ltr'><strong>disputo.</strong></span> <span class='ocrx_word' id='word_1_47' title='bbox 1302 1023 1544 1086; x_wconf 68' lang='lat' dir='ltr'><strong>iulaesum</strong></span> <span class='ocrx_word' id='word_1_48' title='bbox 1571 1022 1667 1106; x_wconf 89' lang='lat' dir='ltr'><strong>quod</strong></span> <span class='ocrx_word' id='word_1_49' title='bbox 1692 1022 1784 1085; x_wconf 85' lang='lat' dir='ltr'><strong>babet</strong></span> 
     </span>
     <span class='ocr_line' id='line_1_6' title="bbox 420 1116 1783 1203; baseline -0.004 -20"><span class='ocrx_word' id='word_1_50' title='bbox 420 1126 579 1189; x_wconf 72' lang='lat' dir='ltr'><strong>aretinere</strong></span> <span class='ocrx_word' id='word_1_51' title='bbox 609 1121 676 1184; x_wconf 91' lang='lat' dir='ltr'><strong>vult</strong></span> <span class='ocrx_word' id='word_1_52' title='bbox 702 1138 808 1203; x_wconf 89' lang='lat' dir='ltr'><strong>neque</strong></span> <span class='ocrx_word' id='word_1_53' title='bbox 837 1140 871 1182; x_wconf 91' lang='lat' dir='ltr'><strong>se</strong></span> <span class='ocrx_word' id='word_1_54' title='bbox 901 1119 1064 1183; x_wconf 89' lang='lat' dir='ltr'><strong>Sullanum</strong></span> <span class='ocrx_word' id='word_1_55' title='bbox 1087 1139 1157 1182; x_wconf 88' lang='lat' dir='ltr'><strong>esse</strong></span> <span class='ocrx_word' id='word_1_56' title='bbox 1181 1117 1376 1181; x_wconf 80' lang='lat' dir='ltr'><strong>dissimulat:</strong></span> <span class='ocrx_word' id='word_1_57' title='bbox 1408 1118 1477 1192; x_wconf 91' lang='lat' dir='ltr'><strong>bic,</strong></span> <span class='ocrx_word' id='word_1_58' title='bbox 1507 1126 1545 1180; x_wconf 91' lang='lat' dir='ltr'><strong>ut</strong></span> <span class='ocrx_word' id='word_1_59' title='bbox 1569 1119 1646 1200; x_wconf 91' lang='lat' dir='ltr'><strong>ipse</strong></span> <span class='ocrx_word' id='word_1_60' title='bbox 1668 1116 1783 1179; x_wconf 80' lang='lat' dir='ltr'><strong>babeat</strong></span> 
     </span>
     <span class='ocr_line' id='line_1_7' title="bbox 444 1210 1782 1303; baseline -0.006 -23"><span class='ocrx_word' id='word_1_61' title='bbox 444 1217 529 1303; x_wconf 93' lang='lat' dir='ltr'><strong>quod</strong></span> <span class='ocrx_word' id='word_1_62' title='bbox 558 1235 624 1278; x_wconf 91' lang='lat' dir='ltr'><strong>non</strong></span> <span class='ocrx_word' id='word_1_63' title='bbox 651 1213 764 1285; x_wconf 91' lang='lat' dir='ltr'><strong>babet,</strong></span> <span class='ocrx_word' id='word_1_64' title='bbox 792 1231 874 1296; x_wconf 89' lang='lat' dir='ltr'><strong>quae</strong></span> <span class='ocrx_word' id='word_1_65' title='bbox 903 1213 999 1275; x_wconf 91' lang='lat' dir='ltr'><strong>dubia</strong></span> <span class='ocrx_word' id='word_1_66' title='bbox 1027 1219 1101 1275; x_wconf 92' lang='lat' dir='ltr'><strong>sunt</strong></span> <span class='ocrx_word' id='word_1_67' title='bbox 1128 1232 1185 1295; x_wconf 91' lang='lat' dir='ltr'><strong>per</strong></span> <span class='ocrx_word' id='word_1_68' title='bbox 1206 1231 1263 1274; x_wconf 89' lang='lat' dir='ltr'><strong>vos</strong></span> <span class='ocrx_word' id='word_1_69' title='bbox 1291 1211 1414 1273; x_wconf 85' lang='lat' dir='ltr'><strong>sancire</strong></span> <span class='ocrx_word' id='word_1_70' title='bbox 1435 1210 1502 1273; x_wconf 79' lang='lat' dir='ltr'><strong>vult</strong></span> <span class='ocrx_word' id='word_1_71' title='bbox 1524 1219 1576 1286; x_wconf 91' lang='lat' dir='ltr'><strong>et,</strong></span> <span class='ocrx_word' id='word_1_72' title='bbox 1610 1233 1691 1275; x_wconf 90' lang='lat' dir='ltr'><strong>cum</strong></span> <span class='ocrx_word' id='word_1_73' title='bbox 1713 1210 1782 1294; x_wconf 90' lang='lat' dir='ltr'><strong>plus</strong></span> 
     </span>
     <span class='ocr_line' id='line_1_8' title="bbox 444 1304 1782 1396; baseline -0.007 -21"><span class='ocrx_word' id='word_1_74' title='bbox 444 1317 572 1396; x_wconf 89' lang='lat' dir='ltr'><strong>appetat</strong></span> <span class='ocrx_word' id='word_1_75' title='bbox 592 1326 686 1392; x_wconf 85' lang='lat' dir='ltr'><strong>quam</strong></span> <span class='ocrx_word' id='word_1_76' title='bbox 708 1307 777 1388; x_wconf 90' lang='lat' dir='ltr'><strong>ipse</strong></span> <span class='ocrx_word' id='word_1_77' title='bbox 802 1307 906 1380; x_wconf 93' lang='lat' dir='ltr'><strong>Sulla,</strong></span> <span class='ocrx_word' id='word_1_78' title='bbox 935 1306 1051 1388; x_wconf 92' lang='lat' dir='ltr'><strong>quibus</strong></span> <span class='ocrx_word' id='word_1_79' title='bbox 1080 1305 1174 1368; x_wconf 87' lang='lat' dir='ltr'><strong>rebus</strong></span> <span class='ocrx_word' id='word_1_80' title='bbox 1196 1305 1326 1379; x_wconf 86' lang='lat' dir='ltr'><strong>resisto,</strong></span> <span class='ocrx_word' id='word_1_81' title='bbox 1357 1304 1502 1367; x_wconf 87' lang='lat' dir='ltr'><strong>Sullanas</strong></span> <span class='ocrx_word' id='word_1_82' title='bbox 1523 1324 1580 1367; x_wconf 91' lang='lat' dir='ltr'><strong>res</strong></span> <span class='ocrx_word' id='word_1_83' title='bbox 1604 1304 1782 1367; x_wconf 78' lang='lat' dir='ltr'><strong>defendere</strong></span> 
     </span>
     <span class='ocr_line' id='line_1_9' title="bbox 444 1395 1782 1482; baseline -0.006 -15"><span class='ocrx_word' id='word_1_84' title='bbox 444 1406 603 1469; x_wconf 90' lang='lat' dir='ltr'><strong>criminor.</strong></span> <span class='ocrx_word' id='word_1_85' title='bbox 647 1395 696 1460; x_wconf 75' lang='lat' dir='ltr'><strong>ll.</strong></span> <span class='ocrx_word' id='word_1_86' title='bbox 718 1399 822 1462; x_wconf 87' lang='lat' dir='ltr'><strong>Habet</strong></span> <span class='ocrx_word' id='word_1_87' title='bbox 842 1418 935 1481; x_wconf 88' lang='lat' dir='ltr'><strong>agros</strong></span> <span class='ocrx_word' id='word_1_88' title='bbox 956 1398 1144 1473; x_wconf 91' lang='lat' dir='ltr'><strong>nonnullos,</strong></span> <span class='ocrx_word' id='word_1_89' title='bbox 1167 1399 1287 1482; x_wconf 88' lang='lat' dir='ltr'><strong>inquit,</strong></span> <span class='ocrx_word' id='word_1_90' title='bbox 1309 1419 1398 1461; x_wconf 90' lang='lat' dir='ltr'><strong>socer</strong></span> <span class='ocrx_word' id='word_1_91' title='bbox 1411 1418 1501 1460; x_wconf 90' lang='lat' dir='ltr'><strong>meus</strong></span> <span class='ocrx_word' id='word_1_92' title='bbox 1516 1397 1674 1461; x_wconf 88' lang='lat' dir='ltr'><strong>desertos</strong></span> <span class='ocrx_word' id='word_1_93' title='bbox 1689 1405 1782 1480; x_wconf 90' lang='lat' dir='ltr'><strong>atque</strong></span> 
     </span>
     <span class='ocr_line' id='line_1_10' title="bbox 445 1491 1782 1581; baseline -0.007 -20"><span class='ocrx_word' id='word_1_94' title='bbox 445 1499 654 1581; x_wconf 88' lang='lat' dir='ltr'><strong>longinquos:</strong></span> <span class='ocrx_word' id='word_1_95' title='bbox 676 1491 793 1556; x_wconf 90' lang='lat' dir='ltr'><strong>vendet</strong></span> <span class='ocrx_word' id='word_1_96' title='bbox 815 1512 871 1555; x_wconf 89' lang='lat' dir='ltr'><strong>eos</strong></span> <span class='ocrx_word' id='word_1_97' title='bbox 892 1512 962 1555; x_wconf 89' lang='lat' dir='ltr'><strong>mea</strong></span> <span class='ocrx_word' id='word_1_98' title='bbox 983 1491 1070 1573; x_wconf 91' lang='lat' dir='ltr'><strong>lege,</strong></span> <span class='ocrx_word' id='word_1_99' title='bbox 1093 1492 1202 1573; x_wconf 90' lang='lat' dir='ltr'><strong>quanti</strong></span> <span class='ocrx_word' id='word_1_100' title='bbox 1225 1491 1318 1555; x_wconf 89' lang='lat' dir='ltr'><strong>volet.</strong></span> <span class='ocrx_word' id='word_1_101' title='bbox 1353 1492 1456 1554; x_wconf 88' lang='lat' dir='ltr'><strong>llabet</strong></span> <span class='ocrx_word' id='word_1_102' title='bbox 1478 1492 1623 1554; x_wconf 88' lang='lat' dir='ltr'><strong>incertos</strong></span> <span class='ocrx_word' id='word_1_103' title='bbox 1639 1512 1680 1555; x_wconf 87' lang='lat' dir='ltr'><strong>ac</strong></span> <span class='ocrx_word' id='word_1_104' title='bbox 1695 1492 1782 1554; x_wconf 91' lang='lat' dir='ltr'><strong>nullo</strong></span> 
     </span>
     <span class='ocr_line' id='line_1_11' title="bbox 408 1582 1782 1672; baseline -0.002 -23"><span class='ocrx_word' id='word_1_105' title='bbox 408 1605 436 1649; x_wconf 78' lang='grc' dir='ltr'><strong>ιο</strong></span> <span class='ocrx_word' id='word_1_106' title='bbox 445 1593 514 1656; x_wconf 90' lang='lat' dir='ltr'><strong>iure</strong></span> <span class='ocrx_word' id='word_1_107' title='bbox 542 1607 725 1672; x_wconf 86' lang='lat' dir='ltr'><strong>possessos:</strong></span> <span class='ocrx_word' id='word_1_108' title='bbox 755 1582 1021 1649; x_wconf 89' lang='lat' dir='ltr'><strong>confirmabuntur</strong></span> <span class='ocrx_word' id='word_1_109' title='bbox 1047 1586 1166 1667; x_wconf 90' lang='lat' dir='ltr'><strong>optimo</strong></span> <span class='ocrx_word' id='word_1_110' title='bbox 1198 1590 1278 1649; x_wconf 90' lang='lat' dir='ltr'><strong>iure.</strong></span> <span class='ocrx_word' id='word_1_111' title='bbox 1321 1586 1423 1648; x_wconf 86' lang='lat' dir='ltr'><strong>Habet</strong></span> <span class='ocrx_word' id='word_1_112' title='bbox 1445 1585 1613 1670; x_wconf 84' lang='lat' dir='ltr'><strong>publicos:</strong></span> <span class='ocrx_word' id='word_1_113' title='bbox 1647 1585 1782 1648; x_wconf 86' lang='lat' dir='ltr'><strong>reddam</strong></span> 
     </span>
     <span class='ocr_line' id='line_1_12' title="bbox 446 1677 1784 1769; baseline -0.004 -22"><span class='ocrx_word' id='word_1_114' title='bbox 446 1686 595 1769; x_wconf 89' lang='lat' dir='ltr'><strong>privatos.</strong></span> <span class='ocrx_word' id='word_1_115' title='bbox 627 1679 772 1762; x_wconf 89' lang='lat' dir='ltr'><strong>Denique</strong></span> <span class='ocrx_word' id='word_1_116' title='bbox 794 1698 849 1740; x_wconf 90' lang='lat' dir='ltr'><strong>eos</strong></span> <span class='ocrx_word' id='word_1_117' title='bbox 870 1678 1002 1752; x_wconf 79' lang='lat' dir='ltr'><strong>fundos,</strong></span> <span class='ocrx_word' id='word_1_118' title='bbox 1025 1699 1107 1762; x_wconf 88' lang='lat' dir='ltr'><strong>quos</strong></span> <span class='ocrx_word' id='word_1_119' title='bbox 1128 1679 1162 1741; x_wconf 95' lang='lat' dir='ltr'><strong>in</strong></span> <span class='ocrx_word' id='word_1_120' title='bbox 1183 1699 1257 1762; x_wconf 86' lang='lat' dir='ltr'><strong>agro</strong></span> <span class='ocrx_word' id='word_1_121' title='bbox 1273 1679 1411 1743; x_wconf 88' lang='lat' dir='ltr'><strong>Casinati</strong></span> <span class='ocrx_word' id='word_1_122' title='bbox 1427 1680 1568 1761; x_wconf 90' lang='lat' dir='ltr'><strong>optimos</strong></span> <span class='ocrx_word' id='word_1_123' title='bbox 1590 1677 1784 1742; x_wconf 80' lang='lat' dir='ltr'><strong>fructuosis·</strong></span> 
     </span>
     <span class='ocr_line' id='line_1_13' title="bbox 447 1770 1783 1857; baseline -0.005 -17"><span class='ocrx_word' id='word_1_124' title='bbox 447 1778 608 1857; x_wconf 87' lang='lat' dir='ltr'><strong>simosque</strong></span> <span class='ocrx_word' id='word_1_125' title='bbox 630 1771 841 1844; x_wconf 81' lang='lat' dir='ltr'><strong>continuavit,</strong></span> <span class='ocrx_word' id='word_1_126' title='bbox 868 1791 940 1835; x_wconf 91' lang='lat' dir='ltr'><strong>cum</strong></span> <span class='ocrx_word' id='word_1_127' title='bbox 962 1792 1063 1855; x_wconf 87' lang='lat' dir='ltr'><strong>usque</strong></span> <span class='ocrx_word' id='word_1_128' title='bbox 1085 1792 1124 1835; x_wconf 95' lang='lat' dir='ltr'><strong>eo</strong></span> <span class='ocrx_word' id='word_1_129' title='bbox 1146 1774 1267 1836; x_wconf 85' lang='lat' dir='ltr'><strong>vicinos</strong></span> <span class='ocrx_word' id='word_1_130' title='bbox 1287 1772 1510 1856; x_wconf 84' lang='lat' dir='ltr'><strong>proscriberet,</strong></span> <span class='ocrx_word' id='word_1_131' title='bbox 1540 1770 1658 1855; x_wconf 87' lang='lat' dir='ltr'><strong>quoad</strong></span> <span class='ocrx_word' id='word_1_132' title='bbox 1681 1771 1783 1834; x_wconf 90' lang='lat' dir='ltr'><strong>oculis</strong></span> 
     </span>
     <span class='ocr_line' id='line_1_14' title="bbox 447 1864 1785 1948; baseline -0.004 -16"><span class='ocrx_word' id='word_1_133' title='bbox 447 1865 673 1932; x_wconf 80' lang='lat' dir='ltr'><strong>conformando</strong></span> <span class='ocrx_word' id='word_1_134' title='bbox 696 1886 736 1928; x_wconf 87' lang='lat' dir='ltr'><strong>ex</strong></span> <span class='ocrx_word' id='word_1_135' title='bbox 758 1864 864 1927; x_wconf 86' lang='lat' dir='ltr'><strong>multis</strong></span> <span class='ocrx_word' id='word_1_136' title='bbox 887 1864 1025 1947; x_wconf 89' lang='lat' dir='ltr'><strong>praediis</strong></span> <span class='ocrx_word' id='word_1_137' title='bbox 1046 1885 1140 1927; x_wconf 93' lang='lat' dir='ltr'><strong>unam</strong></span> <span class='ocrx_word' id='word_1_138' title='bbox 1163 1865 1253 1928; x_wconf 83' lang='lat' dir='ltr'><strong>fundi</strong></span> <span class='ocrx_word' id='word_1_139' title='bbox 1274 1867 1434 1948; x_wconf 81' lang='lat' dir='ltr'><strong>regionem</strong></span> <span class='ocrx_word' id='word_1_140' title='bbox 1456 1866 1667 1948; x_wconf 81' lang='lat' dir='ltr'><strong>formamque</strong></span> <span class='ocrx_word' id='word_1_141' title='bbox 1690 1864 1785 1948; x_wconf 84' lang='lat' dir='ltr'><strong>perii·</strong></span> 
     </span>
     <span class='ocr_line' id='line_1_15' title="bbox 448 1957 1707 2043; baseline -0.002 -19"><span class='ocrx_word' id='word_1_142' title='bbox 448 1969 547 2036; x_wconf 84' lang='lat' dir='ltr'><strong>cerel,</strong></span> <span class='ocrx_word' id='word_1_143' title='bbox 570 1978 651 2043; x_wconf 89' lang='lat' dir='ltr'><strong>quos</strong></span> <span class='ocrx_word' id='word_1_144' title='bbox 673 1978 757 2021; x_wconf 89' lang='lat' dir='ltr'><strong>nunc</strong></span> <span class='ocrx_word' id='word_1_145' title='bbox 780 1978 851 2021; x_wconf 92' lang='lat' dir='ltr'><strong>cum</strong></span> <span class='ocrx_word' id='word_1_146' title='bbox 873 1957 979 2040; x_wconf 90' lang='lat' dir='ltr'><strong>aliquo</strong></span> <span class='ocrx_word' id='word_1_147' title='bbox 1001 1966 1088 2021; x_wconf 87' lang='lat' dir='ltr'><strong>metu</strong></span> <span class='ocrx_word' id='word_1_148' title='bbox 1110 1966 1211 2034; x_wconf 86' lang='lat' dir='ltr'><strong>tenet,</strong></span> <span class='ocrx_word' id='word_1_149' title='bbox 1234 1961 1302 2023; x_wconf 89' lang='lat' dir='ltr'><strong>sine</strong></span> <span class='ocrx_word' id='word_1_150' title='bbox 1323 1960 1388 2022; x_wconf 85' lang='lat' dir='ltr'><strong>ulla</strong></span> <span class='ocrx_word' id='word_1_151' title='bbox 1409 1978 1484 2021; x_wconf 87' lang='lat' dir='ltr'><strong>cura</strong></span> <span class='ocrx_word' id='word_1_152' title='bbox 1506 1958 1707 2043; x_wconf 85' lang='lat' dir='ltr'><strong>possidebit.</strong></span> 
     </span>
     <span class='ocr_line' id='line_1_16' title="bbox 411 2050 1786 2137; baseline 0.001 -22"><span class='ocrx_word' id='word_1_153' title='bbox 411 2069 439 2115; x_wconf 83' lang='lat' dir='ltr'><strong>rs</strong></span> <span class='ocrx_word' id='word_1_154' title='bbox 533 2050 584 2115; x_wconf 76' lang='lat' dir='ltr'><strong>lb.</strong></span> <span class='ocrx_word' id='word_1_155' title='bbox 605 2052 646 2116; x_wconf 83' lang='lat' dir='ltr'><strong>Et</strong></span> <span class='ocrx_word' id='word_1_156' title='bbox 673 2050 839 2134; x_wconf 88' lang='lat' dir='ltr'><strong>quoniam,</strong></span> <span class='ocrx_word' id='word_1_157' title='bbox 868 2070 931 2134; x_wconf 87' lang='lat' dir='ltr'><strong>qua</strong></span> <span class='ocrx_word' id='word_1_158' title='bbox 953 2050 992 2113; x_wconf 92' lang='lat' dir='ltr'><strong>de</strong></span> <span class='ocrx_word' id='word_1_159' title='bbox 1014 2071 1108 2115; x_wconf 88' lang='lat' dir='ltr'><strong>causa</strong></span> <span class='ocrx_word' id='word_1_160' title='bbox 1130 2060 1161 2114; x_wconf 87' lang='lat' dir='ltr'><strong>et</strong></span> <span class='ocrx_word' id='word_1_161' title='bbox 1183 2073 1317 2136; x_wconf 87' lang='lat' dir='ltr'><strong>qnorum</strong></span> <span class='ocrx_word' id='word_1_162' title='bbox 1339 2072 1433 2115; x_wconf 85' lang='lat' dir='ltr'><strong>causa</strong></span> <span class='ocrx_word' id='word_1_163' title='bbox 1461 2051 1516 2115; x_wconf 86' lang='lat' dir='ltr'><strong>ille</strong></span> <span class='ocrx_word' id='word_1_164' title='bbox 1544 2052 1608 2116; x_wconf 90' lang='lat' dir='ltr'><strong>hoc</strong></span> <span class='ocrx_word' id='word_1_165' title='bbox 1641 2052 1786 2137; x_wconf 89' lang='lat' dir='ltr'><strong>promul·</strong></span> 
     </span>
     <span class='ocr_line' id='line_1_17' title="bbox 449 2143 1786 2232; baseline -0.001 -21"><span class='ocrx_word' id='word_1_166' title='bbox 449 2147 583 2232; x_wconf 81' lang='lat' dir='ltr'><strong>gtverit,</strong></span> <span class='ocrx_word' id='word_1_167' title='bbox 612 2145 754 2217; x_wconf 90' lang='lat' dir='ltr'><strong>ostendi,</strong></span> <span class='ocrx_word' id='word_1_168' title='bbox 781 2143 893 2207; x_wconf 88' lang='lat' dir='ltr'><strong>doceat</strong></span> <span class='ocrx_word' id='word_1_169' title='bbox 921 2144 1007 2226; x_wconf 88' lang='lat' dir='ltr'><strong>ipse,</strong></span> <span class='ocrx_word' id='word_1_170' title='bbox 1039 2166 1116 2208; x_wconf 91' lang='lat' dir='ltr'><strong>num</strong></span> <span class='ocrx_word' id='word_1_171' title='bbox 1145 2166 1203 2228; x_wconf 92' lang='lat' dir='ltr'><strong>ego</strong></span> <span class='ocrx_word' id='word_1_172' title='bbox 1233 2166 1326 2230; x_wconf 88' lang='lat' dir='ltr'><strong>quem</strong></span> <span class='ocrx_word' id='word_1_173' title='bbox 1353 2164 1574 2229; x_wconf 87' lang='lat' dir='ltr'><strong>possessorem</strong></span> <span class='ocrx_word' id='word_1_174' title='bbox 1598 2146 1786 2220; x_wconf 75' lang='lat' dir='ltr'><strong>defendam</strong></span> 
     </span>
     <span class='ocr_line' id='line_1_18' title="bbox 449 2237 1786 2323; baseline -0.001 -18"><span class='ocrx_word' id='word_1_175' title='bbox 449 2262 520 2305; x_wconf 91' lang='lat' dir='ltr'><strong>cum</strong></span> <span class='ocrx_word' id='word_1_176' title='bbox 547 2239 687 2323; x_wconf 84' lang='lat' dir='ltr'><strong>agrariae</strong></span> <span class='ocrx_word' id='word_1_177' title='bbox 716 2237 779 2320; x_wconf 93' lang='lat' dir='ltr'><strong>legi</strong></span> <span class='ocrx_word' id='word_1_178' title='bbox 806 2239 928 2301; x_wconf 90' lang='lat' dir='ltr'><strong>resisto.</strong></span> <span class='ocrx_word' id='word_1_179' title='bbox 966 2238 1082 2302; x_wconf 86' lang='lat' dir='ltr'><strong>Silvam</strong></span> <span class='ocrx_word' id='word_1_180' title='bbox 1112 2239 1269 2302; x_wconf 86' lang='lat' dir='ltr'><strong>Scantiam</strong></span> <span class='ocrx_word' id='word_1_181' title='bbox 1292 2239 1420 2313; x_wconf 83' lang='lat' dir='ltr'><strong>vendis3</strong></span> <span class='ocrx_word' id='word_1_182' title='bbox 1449 2239 1592 2322; x_wconf 90' lang='lat' dir='ltr'><strong>populus</strong></span> <span class='ocrx_word' id='word_1_183' title='bbox 1619 2242 1786 2305; x_wconf 86' lang='lat' dir='ltr'><strong>Romanus</strong></span> 
     </span>
     <span class='ocr_line' id='line_1_19' title="bbox 448 2330 1786 2418; baseline -0.001 -21"><span class='ocrx_word' id='word_1_184' title='bbox 448 2334 608 2418; x_wconf 83' lang='lat' dir='ltr'><strong>possidet:</strong></span> <span class='ocrx_word' id='word_1_185' title='bbox 637 2330 782 2394; x_wconf 85' lang='lat' dir='ltr'><strong>defendo.</strong></span> <span class='ocrx_word' id='word_1_186' title='bbox 820 2331 1014 2413; x_wconf 91' lang='lat' dir='ltr'><strong>Campanum</strong></span> <span class='ocrx_word' id='word_1_187' title='bbox 1035 2352 1145 2415; x_wconf 89' lang='lat' dir='ltr'><strong>agrum</strong></span> <span class='ocrx_word' id='word_1_188' title='bbox 1167 2332 1298 2408; x_wconf 87' lang='lat' dir='ltr'><strong>dividis;</strong></span> <span class='ocrx_word' id='word_1_189' title='bbox 1321 2353 1377 2396; x_wconf 88' lang='lat' dir='ltr'><strong>vos</strong></span> <span class='ocrx_word' id='word_1_190' title='bbox 1399 2332 1474 2396; x_wconf 90' lang='lat' dir='ltr'><strong>estis</strong></span> <span class='ocrx_word' id='word_1_191' title='bbox 1495 2333 1529 2394; x_wconf 90' lang='lat' dir='ltr'><strong>in</strong></span> <span class='ocrx_word' id='word_1_192' title='bbox 1552 2337 1786 2416; x_wconf 87' lang='lat' dir='ltr'><strong>possessione:</strong></span> 
     </span>
     <span class='ocr_line' id='line_1_20' title="bbox 449 2425 1788 2511; baseline 0.001 -20"><span class='ocrx_word' id='word_1_193' title='bbox 449 2449 514 2492; x_wconf 91' lang='lat' dir='ltr'><strong>non</strong></span> <span class='ocrx_word' id='word_1_194' title='bbox 536 2429 624 2492; x_wconf 90' lang='lat' dir='ltr'><strong>cedo.</strong></span> <span class='ocrx_word' id='word_1_195' title='bbox 666 2425 813 2508; x_wconf 88' lang='lat' dir='ltr'><strong>Denique</strong></span> <span class='ocrx_word' id='word_1_196' title='bbox 835 2425 954 2499; x_wconf 88' lang='lat' dir='ltr'><strong>ltaliae,</strong></span> <span class='ocrx_word' id='word_1_197' title='bbox 981 2425 1107 2489; x_wconf 90' lang='lat' dir='ltr'><strong>Siciliae</strong></span> <span class='ocrx_word' id='word_1_198' title='bbox 1128 2434 1366 2511; x_wconf 85' lang='lat' dir='ltr'><strong>ceterarumque</strong></span> <span class='ocrx_word' id='word_1_199' title='bbox 1387 2426 1633 2510; x_wconf 88' lang='lat' dir='ltr'><strong>provinciarum</strong></span> <span class='ocrx_word' id='word_1_200' title='bbox 1657 2448 1788 2510; x_wconf 87' lang='lat' dir='ltr'><strong>posses·</strong></span> 
     </span>
     <span class='ocr_line' id='line_1_21' title="bbox 412 2520 1788 2603; baseline 0.001 -19"><span class='ocrx_word' id='word_1_201' title='bbox 412 2524 556 2586; x_wconf 80' lang='lat' dir='ltr'><strong>rosiones</strong></span> <span class='ocrx_word' id='word_1_202' title='bbox 570 2520 699 2584; x_wconf 87' lang='lat' dir='ltr'><strong>venales</strong></span> <span class='ocrx_word' id='word_1_203' title='bbox 719 2539 756 2582; x_wconf 90' lang='lat' dir='ltr'><strong>ac</strong></span> <span class='ocrx_word' id='word_1_204' title='bbox 773 2520 965 2603; x_wconf 90' lang='lat' dir='ltr'><strong>proscriptas</strong></span> <span class='ocrx_word' id='word_1_205' title='bbox 980 2520 1039 2583; x_wconf 86' lang='lat' dir='ltr'><strong>bac</strong></span> <span class='ocrx_word' id='word_1_206' title='bbox 1061 2520 1130 2602; x_wconf 91' lang='lat' dir='ltr'><strong>lege</strong></span> <span class='ocrx_word' id='word_1_207' title='bbox 1145 2520 1255 2597; x_wconf 87' lang='lat' dir='ltr'><strong>video;</strong></span> <span class='ocrx_word' id='word_1_208' title='bbox 1278 2528 1383 2584; x_wconf 90' lang='lat' dir='ltr'><strong>vestra</strong></span> <span class='ocrx_word' id='word_1_209' title='bbox 1396 2527 1470 2583; x_wconf 90' lang='lat' dir='ltr'><strong>sunt</strong></span> <span class='ocrx_word' id='word_1_210' title='bbox 1482 2520 1635 2602; x_wconf 87' lang='lat' dir='ltr'><strong>praedia,</strong></span> <span class='ocrx_word' id='word_1_211' title='bbox 1661 2531 1788 2586; x_wconf 85' lang='lat' dir='ltr'><strong>vestrae</strong></span> 
     </span>
     <span class='ocr_line' id='line_1_22' title="bbox 449 2614 1788 2699; baseline 0.001 -21"><span class='ocrx_word' id='word_1_212' title='bbox 449 2616 686 2699; x_wconf 87' lang='lat' dir='ltr'><strong>possessiones:</strong></span> <span class='ocrx_word' id='word_1_213' title='bbox 707 2614 851 2676; x_wconf 89' lang='lat' dir='ltr'><strong>resistam</strong></span> <span class='ocrx_word' id='word_1_214' title='bbox 867 2619 962 2696; x_wconf 90' lang='lat' dir='ltr'><strong>atque</strong></span> <span class='ocrx_word' id='word_1_215' title='bbox 977 2615 1161 2696; x_wconf 89' lang='lat' dir='ltr'><strong>repugnabo</strong></span> <span class='ocrx_word' id='word_1_216' title='bbox 1176 2635 1281 2697; x_wconf 87' lang='lat' dir='ltr'><strong>neque</strong></span> <span class='ocrx_word' id='word_1_217' title='bbox 1296 2615 1396 2698; x_wconf 89' lang='lat' dir='ltr'><strong>patiar</strong></span> <span class='ocrx_word' id='word_1_218' title='bbox 1409 2634 1429 2676; x_wconf 89' lang='lat' dir='ltr'><strong>a</strong></span> <span class='ocrx_word' id='word_1_219' title='bbox 1443 2633 1610 2697; x_wconf 88' lang='lat' dir='ltr'><strong>quoquam</strong></span> <span class='ocrx_word' id='word_1_220' title='bbox 1626 2618 1788 2699; x_wconf 89' lang='lat' dir='ltr'><strong>populum</strong></span> 
     </span>
     <span class='ocr_line' id='line_1_23' title="bbox 450 2706 1789 2790; baseline 0.001 -19"><span class='ocrx_word' id='word_1_221' title='bbox 450 2709 626 2771; x_wconf 87' lang='lat' dir='ltr'><strong>Romanum</strong></span> <span class='ocrx_word' id='word_1_222' title='bbox 648 2706 688 2769; x_wconf 92' lang='lat' dir='ltr'><strong>de</strong></span> <span class='ocrx_word' id='word_1_223' title='bbox 710 2707 776 2770; x_wconf 91' lang='lat' dir='ltr'><strong>suis</strong></span> <span class='ocrx_word' id='word_1_224' title='bbox 789 2708 1044 2789; x_wconf 88' lang='lat' dir='ltr'><strong>possessionibus</strong></span> <span class='ocrx_word' id='word_1_225' title='bbox 1059 2727 1109 2770; x_wconf 89' lang='lat' dir='ltr'><strong>me</strong></span> <span class='ocrx_word' id='word_1_226' title='bbox 1124 2708 1256 2771; x_wconf 88' lang='lat' dir='ltr'><strong>consule</strong></span> <span class='ocrx_word' id='word_1_227' title='bbox 1271 2708 1447 2782; x_wconf 86' lang='lat' dir='ltr'><strong>demoveri,</strong></span> <span class='ocrx_word' id='word_1_228' title='bbox 1469 2710 1688 2790; x_wconf 89' lang='lat' dir='ltr'><strong>praesertim,</strong></span> <span class='ocrx_word' id='word_1_229' title='bbox 1711 2710 1789 2787; x_wconf 87' lang='lat' dir='ltr'><strong>Qui-</strong></span> 
     </span>
     <span class='ocr_line' id='line_1_24' title="bbox 450 2800 1789 2884; baseline 0.004 -21"><span class='ocrx_word' id='word_1_230' title='bbox 450 2801 543 2876; x_wconf 88' lang='lat' dir='ltr'><strong>rites,</strong></span> <span class='ocrx_word' id='word_1_231' title='bbox 572 2820 643 2863; x_wconf 88' lang='lat' dir='ltr'><strong>cum</strong></span> <span class='ocrx_word' id='word_1_232' title='bbox 666 2800 756 2864; x_wconf 89' lang='lat' dir='ltr'><strong>vobis</strong></span> <span class='ocrx_word' id='word_1_233' title='bbox 777 2800 855 2861; x_wconf 88' lang='lat' dir='ltr'><strong>nibil</strong></span> <span class='ocrx_word' id='word_1_234' title='bbox 878 2809 1063 2884; x_wconf 89' lang='lat' dir='ltr'><strong>quaeratur;</strong></span> <span class='ocrx_word' id='word_1_235' title='bbox 1096 2802 1129 2864; x_wconf 93' lang='lat' dir='ltr'><strong>in</strong></span> <span class='ocrx_word' id='word_1_236' title='bbox 1150 2802 1212 2864; x_wconf 90' lang='lat' dir='ltr'><strong>boc</strong></span> <span class='ocrx_word' id='word_1_237' title='bbox 1240 2803 1324 2864; x_wconf 89' lang='lat' dir='ltr'><strong>enirn</strong></span> <span class='ocrx_word' id='word_1_238' title='bbox 1345 2822 1401 2864; x_wconf 89' lang='lat' dir='ltr'><strong>vos</strong></span> <span class='ocrx_word' id='word_1_239' title='bbox 1423 2821 1529 2864; x_wconf 87' lang='lat' dir='ltr'><strong>errore</strong></span> <span class='ocrx_word' id='word_1_240' title='bbox 1556 2806 1692 2868; x_wconf 88' lang='lat' dir='ltr'><strong>versari</strong></span> <span class='ocrx_word' id='word_1_241' title='bbox 1721 2806 1789 2869; x_wconf 90' lang='lat' dir='ltr'><strong>din·</strong></span> 
     </span>
     <span class='ocr_line' id='line_1_25' title="bbox 451 2888 1787 2978; baseline 0 -21"><span class='ocrx_word' id='word_1_242' title='bbox 451 2894 512 2957; x_wconf 92' lang='lat' dir='ltr'><strong>tius</strong></span> <span class='ocrx_word' id='word_1_243' title='bbox 534 2913 599 2957; x_wconf 90' lang='lat' dir='ltr'><strong>non</strong></span> <span class='ocrx_word' id='word_1_244' title='bbox 621 2900 755 2975; x_wconf 90' lang='lat' dir='ltr'><strong>oportet.</strong></span> <span class='ocrx_word' id='word_1_245' title='bbox 788 2888 838 2955; x_wconf 81' lang='lat' dir='ltr'><strong>to.</strong></span> <span class='ocrx_word' id='word_1_246' title='bbox 855 2896 935 2956; x_wconf 90' lang='lat' dir='ltr'><strong>Num</strong></span> <span class='ocrx_word' id='word_1_247' title='bbox 959 2895 1030 2978; x_wconf 92' lang='lat' dir='ltr'><strong>quis</strong></span> <span class='ocrx_word' id='word_1_248' title='bbox 1052 2902 1189 2957; x_wconf 86' lang='lat' dir='ltr'><strong>vestrum</strong></span> <span class='ocrx_word' id='word_1_249' title='bbox 1211 2895 1251 2957; x_wconf 89' lang='lat' dir='ltr'><strong>ad</strong></span> <span class='ocrx_word' id='word_1_250' title='bbox 1266 2896 1346 2970; x_wconf 89' lang='lat' dir='ltr'><strong>vim,</strong></span> <span class='ocrx_word' id='word_1_251' title='bbox 1369 2894 1408 2957; x_wconf 89' lang='lat' dir='ltr'><strong>ad</strong></span> <span class='ocrx_word' id='word_1_252' title='bbox 1422 2894 1566 2970; x_wconf 80' lang='lat' dir='ltr'><strong>facinus,</strong></span> <span class='ocrx_word' id='word_1_253' title='bbox 1591 2896 1635 2959; x_wconf 92' lang='lat' dir='ltr'><strong>ad</strong></span> <span class='ocrx_word' id='word_1_254' title='bbox 1653 2899 1787 2964; x_wconf 77' lang='lat' dir='ltr'><strong>caedem</strong></span> 
     </span>
     <span class='ocr_line' id='line_1_26' title="bbox 412 2986 1789 3072; baseline 0.002 -19"><span class='ocrx_word' id='word_1_255' title='bbox 412 2986 703 3053; x_wconf 80' lang='lat' dir='ltr'><strong>uaccommodatus</strong></span> <span class='ocrx_word' id='word_1_256' title='bbox 718 2989 788 3048; x_wconf 77' lang='lat' dir='ltr'><strong>esti</strong></span> <span class='ocrx_word' id='word_1_257' title='bbox 810 2988 918 3049; x_wconf 90' lang='lat' dir='ltr'><strong>Nemo.</strong></span> <span class='ocrx_word' id='word_1_258' title='bbox 951 2989 1047 3072; x_wconf 78' lang='lat' dir='ltr'><strong>Atqui</strong></span> <span class='ocrx_word' id='word_1_259' title='bbox 1063 2990 1092 3052; x_wconf 92' lang='lat' dir='ltr'><strong>ei</strong></span> <span class='ocrx_word' id='word_1_260' title='bbox 1107 2989 1214 3070; x_wconf 88' lang='lat' dir='ltr'><strong>generi</strong></span> <span class='ocrx_word' id='word_1_261' title='bbox 1232 2988 1410 3063; x_wconf 88' lang='lat' dir='ltr'><strong>hominum,</strong></span> <span class='ocrx_word' id='word_1_262' title='bbox 1432 2986 1509 3050; x_wconf 90' lang='lat' dir='ltr'><strong>mibi</strong></span> <span class='ocrx_word' id='word_1_263' title='bbox 1527 2990 1675 3067; x_wconf 86' lang='lat' dir='ltr'><strong>credite,</strong></span> <span class='ocrx_word' id='word_1_264' title='bbox 1700 2993 1789 3056; x_wconf 86' lang='lat' dir='ltr'><strong>Carn-</strong></span> 
     </span>
     <span class='ocr_line' id='line_1_27' title="bbox 450 3080 1790 3164; baseline 0.004 -20"><span class='ocrx_word' id='word_1_265' title='bbox 450 3101 552 3164; x_wconf 91' lang='lat' dir='ltr'><strong>panus</strong></span> <span class='ocrx_word' id='word_1_266' title='bbox 574 3099 649 3162; x_wconf 91' lang='lat' dir='ltr'><strong>ager</strong></span> <span class='ocrx_word' id='word_1_267' title='bbox 670 3087 702 3143; x_wconf 90' lang='lat' dir='ltr'><strong>et</strong></span> <span class='ocrx_word' id='word_1_268' title='bbox 722 3080 880 3164; x_wconf 87' lang='lat' dir='ltr'><strong>praeclara</strong></span> <span class='ocrx_word' id='word_1_269' title='bbox 902 3082 956 3144; x_wconf 89' lang='lat' dir='ltr'><strong>illa</strong></span> <span class='ocrx_word' id='word_1_270' title='bbox 972 3082 1075 3164; x_wconf 87' lang='lat' dir='ltr'><strong>Capua</strong></span> <span class='ocrx_word' id='word_1_271' title='bbox 1092 3089 1251 3146; x_wconf 87' lang='lat' dir='ltr'><strong>servatur:</strong></span> <span class='ocrx_word' id='word_1_272' title='bbox 1272 3081 1432 3144; x_wconf 85' lang='lat' dir='ltr'><strong>exercitus</strong></span> <span class='ocrx_word' id='word_1_273' title='bbox 1447 3087 1558 3143; x_wconf 81' lang='lat' dir='ltr'><strong>contm</strong></span> <span class='ocrx_word' id='word_1_274' title='bbox 1572 3102 1653 3159; x_wconf 89' lang='lat' dir='ltr'><strong>vos,</strong></span> <span class='ocrx_word' id='word_1_275' title='bbox 1679 3095 1790 3149; x_wconf 81' lang='lat' dir='ltr'><strong>contra</strong></span> 
     </span>
     <span class='ocr_line' id='line_1_28' title="bbox 449 3175 1791 3260; baseline 0.003 -21"><span class='ocrx_word' id='word_1_276' title='bbox 449 3175 625 3239; x_wconf 88' lang='lat' dir='ltr'><strong>libertatem</strong></span> <span class='ocrx_word' id='word_1_277' title='bbox 646 3182 799 3248; x_wconf 90' lang='lat' dir='ltr'><strong>vestram,</strong></span> <span class='ocrx_word' id='word_1_278' title='bbox 821 3181 930 3238; x_wconf 89' lang='lat' dir='ltr'><strong>contra</strong></span> <span class='ocrx_word' id='word_1_279' title='bbox 954 3177 1009 3239; x_wconf 92' lang='lat' dir='ltr'><strong>Cn.</strong></span> <span class='ocrx_word' id='word_1_280' title='bbox 1031 3177 1215 3260; x_wconf 89' lang='lat' dir='ltr'><strong>Pompeium</strong></span> <span class='ocrx_word' id='word_1_281' title='bbox 1237 3175 1455 3238; x_wconf 86' lang='lat' dir='ltr'><strong>constituitur:</strong></span> <span class='ocrx_word' id='word_1_282' title='bbox 1485 3180 1603 3238; x_wconf 89' lang='lat' dir='ltr'><strong>eontra</strong></span> <span class='ocrx_word' id='word_1_283' title='bbox 1624 3176 1719 3242; x_wconf 87' lang='lat' dir='ltr'><strong>hanc</strong></span> <span class='ocrx_word' id='word_1_284' title='bbox 1740 3199 1791 3242; x_wconf 90' lang='lat' dir='ltr'><strong>ur·</strong></span> 
     </span>
     <span class='ocr_line' id='line_1_29' title="bbox 449 3268 1789 3350; baseline 0.001 -18"><span class='ocrx_word' id='word_1_285' title='bbox 449 3269 521 3332; x_wconf 89' lang='lat' dir='ltr'><strong>bem</strong></span> <span class='ocrx_word' id='word_1_286' title='bbox 552 3269 672 3350; x_wconf 86' lang='lat' dir='ltr'><strong>Capua,</strong></span> <span class='ocrx_word' id='word_1_287' title='bbox 706 3274 816 3330; x_wconf 92' lang='lat' dir='ltr'><strong>contra</strong></span> <span class='ocrx_word' id='word_1_288' title='bbox 844 3287 900 3330; x_wconf 91' lang='lat' dir='ltr'><strong>vos</strong></span> <span class='ocrx_word' id='word_1_289' title='bbox 930 3290 1042 3333; x_wconf 91' lang='lat' dir='ltr'><strong>manus</strong></span> <span class='ocrx_word' id='word_1_290' title='bbox 1071 3270 1232 3333; x_wconf 88' lang='lat' dir='ltr'><strong>bominum</strong></span> <span class='ocrx_word' id='word_1_291' title='bbox 1262 3268 1558 3343; x_wconf 86' lang='lat' dir='ltr'><strong>audacissimorum,</strong></span> <span class='ocrx_word' id='word_1_292' title='bbox 1590 3280 1714 3336; x_wconf 84' lang='lat' dir='ltr'><strong>contra</strong></span> <span class='ocrx_word' id='word_1_293' title='bbox 1736 3273 1789 3336; x_wconf 92' lang='lat' dir='ltr'><strong>Cn.</strong></span> 
     </span>
     <span class='ocr_line' id='line_1_30' title="bbox 449 3360 1790 3447; baseline 0.004 -22"><span class='ocrx_word' id='word_1_294' title='bbox 449 3363 634 3446; x_wconf 89' lang='lat' dir='ltr'><strong>Pompeium</strong></span> <span class='ocrx_word' id='word_1_295' title='bbox 656 3361 766 3425; x_wconf 90' lang='lat' dir='ltr'><strong>decem</strong></span> <span class='ocrx_word' id='word_1_296' title='bbox 789 3360 885 3425; x_wconf 88' lang='lat' dir='ltr'><strong>duces</strong></span> <span class='ocrx_word' id='word_1_297' title='bbox 908 3372 1138 3445; x_wconf 87' lang='lat' dir='ltr'><strong>comparantur.</strong></span> <span class='ocrx_word' id='word_1_298' title='bbox 1181 3364 1318 3427; x_wconf 88' lang='lat' dir='ltr'><strong>Veniant</strong></span> <span class='ocrx_word' id='word_1_299' title='bbox 1339 3384 1442 3426; x_wconf 83' lang='lat' dir='ltr'><strong>coram</strong></span> <span class='ocrx_word' id='word_1_300' title='bbox 1471 3371 1517 3437; x_wconf 92' lang='lat' dir='ltr'><strong>et,</strong></span> <span class='ocrx_word' id='word_1_301' title='bbox 1551 3366 1720 3447; x_wconf 90' lang='lat' dir='ltr'><strong>quoniam</strong></span> <span class='ocrx_word' id='word_1_302' title='bbox 1742 3385 1790 3429; x_wconf 87' lang='lat' dir='ltr'><strong>mc</strong></span> 
     </span>
     <span class='ocr_line' id='line_1_31' title="bbox 410 3455 1641 3539; baseline 0.002 -18"><span class='ocrx_word' id='word_1_303' title='bbox 410 3456 483 3521; x_wconf 82' lang='lat' dir='ltr'><strong>sein</strong></span> <span class='ocrx_word' id='word_1_304' title='bbox 504 3464 641 3519; x_wconf 84' lang='lat' dir='ltr'><strong>vestram</strong></span> <span class='ocrx_word' id='word_1_305' title='bbox 664 3455 844 3518; x_wconf 88' lang='lat' dir='ltr'><strong>contionem</strong></span> <span class='ocrx_word' id='word_1_306' title='bbox 866 3456 955 3518; x_wconf 86' lang='lat' dir='ltr'><strong>vobis</strong></span> <span class='ocrx_word' id='word_1_307' title='bbox 977 3458 1189 3539; x_wconf 85' lang='lat' dir='ltr'><strong>flagitantibus</strong></span> <span class='ocrx_word' id='word_1_308' title='bbox 1211 3464 1439 3531; x_wconf 87' lang='lat' dir='ltr'><strong>evocaverunt,</strong></span> <span class='ocrx_word' id='word_1_309' title='bbox 1462 3456 1641 3523; x_wconf 86' lang='lat' dir='ltr'><strong>disserant.</strong></span> 
     </span>
    </p>
   </div>
   <div class='ocr_carea' id='block_1_4' title="bbox 446 3678 1793 4945">
    <p class='ocr_par' dir='ltr' id='par_1_4' title="bbox 446 3678 1793 4945">
     <span class='ocr_line' id='line_1_32' title="bbox 516 3678 1789 3749; baseline 0.004 -19"><span class='ocrx_word' id='word_1_310' title='bbox 516 3681 539 3730; x_wconf 82' lang='lat' dir='ltr'><strong>t.</strong></span> <span class='ocrx_word' id='word_1_311' title='bbox 558 3678 693 3743; x_wconf 75' lang='lat' dir='ltr'><strong>intelligitis</strong></span> <span class='ocrx_word' id='word_1_312' title='bbox 709 3679 737 3728; x_wconf 84' lang='lat' dir='ltr'><strong>E.</strong></span> <span class='ocrx_word' id='word_1_313' title='bbox 760 3705 786 3714; x_wconf 97' lang='lat'><em>-</em></span> <span class='ocrx_word' id='word_1_314' title='bbox 805 3680 830 3727; x_wconf 78' lang='lat'><strong>2.</strong></span> <span class='ocrx_word' id='word_1_315' title='bbox 848 3680 943 3742; x_wconf 84' lang='lat' dir='ltr'><strong>scripto</strong></span> <span class='ocrx_word' id='word_1_316' title='bbox 959 3681 991 3729; x_wconf 80' lang='lat' dir='ltr'><strong>sit</strong></span> <span class='ocrx_word' id='word_1_317' title='bbox 1008 3686 1066 3730; x_wconf 86' lang='lat' dir='ltr'><strong>tuuc</strong></span> <span class='ocrx_word' id='word_1_318' title='bbox 1083 3683 1117 3730; x_wconf 87' lang='lat' dir='ltr'><strong>od</strong></span> <span class='ocrx_word' id='word_1_319' title='bbox 1133 3684 1164 3742; x_wconf 83' lang='lat' dir='ltr'><strong>P;</strong></span> <span class='ocrx_word' id='word_1_320' title='bbox 1182 3683 1302 3744; x_wconf 79' lang='lat' dir='ltr'><strong>scriptam</strong></span> <span class='ocrx_word' id='word_1_321' title='bbox 1318 3687 1370 3731; x_wconf 89' lang='lat' dir='ltr'><strong>tum</strong></span> <span class='ocrx_word' id='word_1_322' title='bbox 1386 3682 1420 3730; x_wconf 86' lang='lat' dir='ltr'><strong>od</strong></span> <span class='ocrx_word' id='word_1_323' title='bbox 1435 3681 1469 3738; x_wconf 73' lang='lat' dir='ltr'><strong>T:</strong></span> <span class='ocrx_word' id='word_1_324' title='bbox 1487 3682 1588 3743; x_wconf 79' lang='lat' dir='ltr'><strong>scripto</strong></span> <span class='ocrx_word' id='word_1_325' title='bbox 1604 3684 1654 3745; x_wconf 84' lang='lat' dir='ltr'><strong>sit,</strong></span> <span class='ocrx_word' id='word_1_326' title='bbox 1674 3686 1714 3736; x_wconf 82' lang='lat' dir='ltr'><strong>od</strong></span> <span class='ocrx_word' id='word_1_327' title='bbox 1731 3687 1789 3749; x_wconf 83' lang='lat' dir='ltr'><strong>(om.</strong></span> 
     </span>
     <span class='ocr_line' id='line_1_33' title="bbox 448 3751 1789 3819; baseline 0.006 -16"><span class='ocrx_word' id='word_1_328' title='bbox 448 3756 508 3817; x_wconf 79' lang='lat' dir='ltr'><strong>tuo)</strong></span> <span class='ocrx_word' id='word_1_329' title='bbox 526 3766 589 3805; x_wconf 88' lang='lat' dir='ltr'><strong>cum</strong></span> <span class='ocrx_word' id='word_1_330' title='bbox 606 3752 649 3803; x_wconf 88' lang='lat' dir='ltr'><strong>ed.</strong></span> <span class='ocrx_word' id='word_1_331' title='bbox 667 3753 831 3815; x_wconf 83' lang='lat' dir='ltr'><strong>Nervegiana</strong></span> <span class='ocrx_word' id='word_1_332' title='bbox 848 3751 902 3803; x_wconf 61' lang='grc' dir='ltr'><strong>[Β.</strong></span> <span class='ocrx_word' id='word_1_333' title='bbox 924 3781 950 3790; x_wconf 93' lang='grc'>-</span> <span class='ocrx_word' id='word_1_334' title='bbox 970 3757 1220 3806; x_wconf 80' lang='lat' dir='ltr'><strong>commodatissimom</strong></span> <span class='ocrx_word' id='word_1_335' title='bbox 1233 3759 1280 3808; x_wconf 82' lang='lat' dir='ltr'><strong>EF</strong></span> <span class='ocrx_word' id='word_1_336' title='bbox 1290 3760 1308 3807; x_wconf 85' lang='grc' dir='ltr'><strong><em>Ρ</em></strong></span> <span class='ocrx_word' id='word_1_337' title='bbox 1317 3760 1346 3807; x_wconf 82' lang='grc' dir='ltr'><strong>Α.</strong></span> <span class='ocrx_word' id='word_1_338' title='bbox 1365 3754 1523 3806; x_wconf 86' lang='lat' dir='ltr'><strong>Emendavit</strong></span> <span class='ocrx_word' id='word_1_339' title='bbox 1533 3758 1698 3819; x_wconf 82' lang='lat' dir='ltr'><strong>Naugerius</strong></span> <span class='ocrx_word' id='word_1_340' title='bbox 1710 3761 1739 3811; x_wconf 87' lang='lat' dir='ltr'><strong>in</strong></span> <span class='ocrx_word' id='word_1_341' title='bbox 1749 3757 1789 3810; x_wconf 76' lang='lat' dir='ltr'><strong>ed</strong></span> 
     </span>
     <span class='ocr_line' id='line_1_34' title="bbox 447 3827 1792 3897; baseline 0.005 -17"><span class='ocrx_word' id='word_1_342' title='bbox 447 3830 548 3880; x_wconf 80' lang='lat' dir='ltr'><strong>Aldina.</strong></span> <span class='ocrx_word' id='word_1_343' title='bbox 563 3856 590 3865; x_wconf 90' lang='lat'><em>-</em></span> <span class='ocrx_word' id='word_1_344' title='bbox 609 3828 633 3879; x_wconf 79' lang='lat' dir='ltr'><strong>l.</strong></span> <span class='ocrx_word' id='word_1_345' title='bbox 651 3830 736 3892; x_wconf 73' lang='lat' dir='ltr'><strong>generi</strong></span> <span class='ocrx_word' id='word_1_346' title='bbox 752 3829 906 3891; x_wconf 79' lang='lat' dir='ltr'><strong>impudentia</strong></span> <span class='ocrx_word' id='word_1_347' title='bbox 923 3832 950 3879; x_wconf 88' lang='lat' dir='ltr'><strong>P.</strong></span> <span class='ocrx_word' id='word_1_348' title='bbox 964 3830 1108 3879; x_wconf 85' lang='lat' dir='ltr'><strong>Manutius:</strong></span> <span class='ocrx_word' id='word_1_349' title='bbox 1126 3844 1215 3893; x_wconf 75' lang='lat' dir='ltr'><strong>geuue</strong></span> <span class='ocrx_word' id='word_1_350' title='bbox 1230 3832 1396 3894; x_wconf 79' lang='lat' dir='ltr'><strong>impudentiae</strong></span> <span class='ocrx_word' id='word_1_351' title='bbox 1413 3827 1523 3881; x_wconf 67' lang='grc' dir='ltr'><strong>ΕΗΒ.</strong></span> <span class='ocrx_word' id='word_1_352' title='bbox 1543 3854 1574 3866; x_wconf 91' lang='grc'><strong>-</strong></span> <span class='ocrx_word' id='word_1_353' title='bbox 1596 3833 1623 3884; x_wconf 82' lang='grc'><strong>7.</strong></span> <span class='ocrx_word' id='word_1_354' title='bbox 1644 3835 1742 3897; x_wconf 57' lang='lat' dir='ltr'><strong>wore</strong></span> <span class='ocrx_word' id='word_1_355' title='bbox 1755 3849 1792 3887; x_wconf 68' lang='lat' dir='ltr'><strong>re</strong></span> 
     </span>
     <span class='ocr_line' id='line_1_35' title="bbox 448 3903 1793 3968; baseline 0.003 -15"><span class='ocrx_word' id='word_1_356' title='bbox 448 3905 492 3954; x_wconf 88' lang='lat' dir='ltr'><strong>bus</strong></span> <span class='ocrx_word' id='word_1_357' title='bbox 508 3906 624 3955; x_wconf 80' lang='lat' dir='ltr'><strong>EFPT:</strong></span> <span class='ocrx_word' id='word_1_358' title='bbox 649 3903 737 3966; x_wconf 83' lang='lat' dir='ltr'><strong>quibus</strong></span> <span class='ocrx_word' id='word_1_359' title='bbox 758 3918 803 3968; x_wconf 79' lang='lat' dir='ltr'><strong>ego</strong></span> <span class='ocrx_word' id='word_1_360' title='bbox 818 3903 891 3954; x_wconf 85' lang='lat' dir='ltr'><strong>rebus</strong></span> <span class='ocrx_word' id='word_1_361' title='bbox 907 3917 970 3955; x_wconf 89' lang='lat' dir='ltr'><strong>cum</strong></span> <span class='ocrx_word' id='word_1_362' title='bbox 987 3905 1030 3955; x_wconf 89' lang='lat' dir='ltr'><strong>ed.</strong></span> <span class='ocrx_word' id='word_1_363' title='bbox 1048 3904 1141 3954; x_wconf 80' lang='lat' dir='ltr'><strong>Aldine</strong></span> <span class='ocrx_word' id='word_1_364' title='bbox 1159 3904 1242 3960; x_wconf 69' lang='lat' dir='ltr'><strong>Lao.</strong></span> <span class='ocrx_word' id='word_1_365' title='bbox 1264 3934 1290 3942; x_wconf 92' lang='lat'>—</span> <span class='ocrx_word' id='word_1_366' title='bbox 1316 3907 1340 3957; x_wconf 86' lang='grc'><strong>8.</strong></span> <span class='ocrx_word' id='word_1_367' title='bbox 1359 3903 1487 3968; x_wconf 60' lang='lat' dir='ltr'><strong>ruminor]</strong></span> <span class='ocrx_word' id='word_1_368' title='bbox 1509 3905 1674 3960; x_wconf 63' lang='grc' dir='ltr'><strong>ονίηιὶιιαιω·</strong></span> <span class='ocrx_word' id='word_1_369' title='bbox 1692 3913 1723 3963; x_wconf 82' lang='grc' dir='ltr'><strong>Ρ.</strong></span> <span class='ocrx_word' id='word_1_370' title='bbox 1741 3912 1793 3964; x_wconf 72' lang='lat' dir='ltr'><strong>Ns-</strong></span> 
     </span>
     <span class='ocr_line' id='line_1_36' title="bbox 449 3979 1789 4046; baseline 0.007 -18"><span class='ocrx_word' id='word_1_371' title='bbox 449 3980 551 4039; x_wconf 80' lang='lat' dir='ltr'><strong>nutius3</strong></span> <span class='ocrx_word' id='word_1_372' title='bbox 570 3993 609 4030; x_wconf 85' lang='lat' dir='ltr'><strong>mo</strong></span> <span class='ocrx_word' id='word_1_373' title='bbox 626 3979 777 4029; x_wconf 70' lang='lat' dir='ltr'><strong>criminatur</strong></span> <span class='ocrx_word' id='word_1_374' title='bbox 793 3980 821 4028; x_wconf 87' lang='lat' dir='ltr'><strong>l..</strong></span> <span class='ocrx_word' id='word_1_375' title='bbox 846 3979 884 4028; x_wconf 86' lang='lat' dir='ltr'><strong>Ci.</strong></span> <span class='ocrx_word' id='word_1_376' title='bbox 898 3981 1054 4043; x_wconf 88' lang='lat' dir='ltr'><strong>Pompeium</strong></span> <span class='ocrx_word' id='word_1_377' title='bbox 1067 3980 1111 4030; x_wconf 92' lang='lat' dir='ltr'><strong>ed.</strong></span> <span class='ocrx_word' id='word_1_378' title='bbox 1124 3980 1243 4031; x_wconf 84' lang='lat' dir='ltr'><strong>Lindem.</strong></span> <span class='ocrx_word' id='word_1_379' title='bbox 1262 3995 1289 4046; x_wconf 89' lang='lat' dir='ltr'><strong>p.</strong></span> <span class='ocrx_word' id='word_1_380' title='bbox 1301 3982 1358 4030; x_wconf 76' lang='lat'><strong>299.</strong></span> <span class='ocrx_word' id='word_1_381' title='bbox 1374 4007 1401 4016; x_wconf 91' lang='lat'>—</span> <span class='ocrx_word' id='word_1_382' title='bbox 1420 3981 1461 4030; x_wconf 85' lang='lat' dir='ltr'><strong>tl.</strong></span> <span class='ocrx_word' id='word_1_383' title='bbox 1479 3980 1610 4031; x_wconf 58' lang='lat' dir='ltr'><strong>Cosano&amp;</strong></span> <span class='ocrx_word' id='word_1_384' title='bbox 1627 3984 1683 4035; x_wconf 71' lang='grc' dir='ltr'><strong>ΡΑ</strong></span> <span class='ocrx_word' id='word_1_385' title='bbox 1692 3986 1714 4035; x_wconf 88' lang='lat'><strong>1.</strong></span> <span class='ocrx_word' id='word_1_386' title='bbox 1723 3981 1750 4036; x_wconf 67' lang='lat' dir='ltr'><strong>S.</strong></span> <span class='ocrx_word' id='word_1_387' title='bbox 1763 4010 1789 4020; x_wconf 90' lang='lat'>-</span> 
     </span>
     <span class='ocr_line' id='line_1_37' title="bbox 446 4054 1788 4117; baseline 0.007 -14"><span class='ocrx_word' id='word_1_388' title='bbox 446 4054 701 4116; x_wconf 66' lang='lat' dir='ltr'><strong>fructuosissimosque</strong></span> <span class='ocrx_word' id='word_1_389' title='bbox 712 4054 731 4102; x_wconf 88' lang='lat' dir='ltr'><strong>F.</strong></span> <span class='ocrx_word' id='word_1_390' title='bbox 742 4054 772 4102; x_wconf 85' lang='lat' dir='ltr'><strong>F:</strong></span> <span class='ocrx_word' id='word_1_391' title='bbox 790 4054 997 4115; x_wconf 71' lang='lat' dir='ltr'><strong>snutuosissimos</strong></span> <span class='ocrx_word' id='word_1_392' title='bbox 1008 4058 1043 4113; x_wconf 81' lang='grc' dir='ltr'><strong>Α;</strong></span> <span class='ocrx_word' id='word_1_393' title='bbox 1062 4060 1084 4105; x_wconf 85' lang='lat' dir='ltr'><strong>et</strong></span> <span class='ocrx_word' id='word_1_394' title='bbox 1094 4056 1302 4117; x_wconf 60' lang='lat' dir='ltr'><strong>luctuosissimus</strong></span> <span class='ocrx_word' id='word_1_395' title='bbox 1312 4055 1345 4106; x_wconf 92' lang='lat' dir='ltr'><strong>de</strong></span> <span class='ocrx_word' id='word_1_396' title='bbox 1359 4054 1479 4105; x_wconf 85' lang='lat' dir='ltr'><strong>Lambini</strong></span> <span class='ocrx_word' id='word_1_397' title='bbox 1490 4055 1655 4108; x_wconf 87' lang='lat' dir='ltr'><strong>coniectura</strong></span> <span class='ocrx_word' id='word_1_398' title='bbox 1668 4058 1788 4114; x_wconf 66' lang='grc' dir='ltr'><strong>ΗΟ.-</strong></span> 
     </span>
     <span class='ocr_line' id='line_1_38' title="bbox 448 4127 1792 4196; baseline 0.007 -19"><span class='ocrx_word' id='word_1_399' title='bbox 448 4129 488 4177; x_wconf 73' lang='lat' dir='ltr'><strong>tt.</strong></span> <span class='ocrx_word' id='word_1_400' title='bbox 500 4130 578 4178; x_wconf 84' lang='lat' dir='ltr'><strong>oeulis</strong></span> <span class='ocrx_word' id='word_1_401' title='bbox 587 4129 766 4194; x_wconf 69' lang='lat' dir='ltr'><strong>consumendo</strong></span> <span class='ocrx_word' id='word_1_402' title='bbox 778 4127 941 4178; x_wconf 85' lang='lat' dir='ltr'><strong>Gulielmius:</strong></span> <span class='ocrx_word' id='word_1_403' title='bbox 961 4130 1038 4179; x_wconf 78' lang='lat' dir='ltr'><strong>ocutis</strong></span> <span class='ocrx_word' id='word_1_404' title='bbox 1048 4132 1218 4194; x_wconf 60' lang='lat' dir='ltr'><strong>:commodo</strong></span> <span class='ocrx_word' id='word_1_405' title='bbox 1229 4132 1249 4181; x_wconf 88' lang='lat' dir='ltr'><strong>E</strong></span> <span class='ocrx_word' id='word_1_406' title='bbox 1259 4133 1276 4182; x_wconf 87' lang='lat' dir='ltr'>F</span> <span class='ocrx_word' id='word_1_407' title='bbox 1286 4135 1330 4182; x_wconf 80' lang='lat' dir='ltr'><strong>Pa</strong></span> <span class='ocrx_word' id='word_1_408' title='bbox 1341 4145 1347 4190; x_wconf 90' lang='grc'>;</span> <span class='ocrx_word' id='word_1_409' title='bbox 1360 4131 1621 4183; x_wconf 64' lang='lat' dir='ltr'><strong>ventaculum</strong></span> <span class='ocrx_word' id='word_1_410' title='bbox 1632 4135 1704 4196; x_wconf 88' lang='lat' dir='ltr'><strong>G0;</strong></span> <span class='ocrx_word' id='word_1_411' title='bbox 1716 4135 1792 4187; x_wconf 56' lang='lat' dir='ltr'><strong>oeus</strong></span> 
     </span>
     <span class='ocr_line' id='line_1_39' title="bbox 447 4204 1789 4269; baseline 0.005 -16"><span class='ocrx_word' id='word_1_412' title='bbox 447 4206 583 4254; x_wconf 72' lang='lat' dir='ltr'><strong>couueudo</strong></span> <span class='ocrx_word' id='word_1_413' title='bbox 594 4205 626 4263; x_wconf 84' lang='lat' dir='ltr'><strong>T;</strong></span> <span class='ocrx_word' id='word_1_414' title='bbox 645 4204 727 4254; x_wconf 82' lang='lat' dir='ltr'><strong>ocutos</strong></span> <span class='ocrx_word' id='word_1_415' title='bbox 737 4205 905 4254; x_wconf 78' lang='lat' dir='ltr'><strong>continuando</strong></span> <span class='ocrx_word' id='word_1_416' title='bbox 922 4217 983 4254; x_wconf 89' lang='lat' dir='ltr'><strong>cum</strong></span> <span class='ocrx_word' id='word_1_417' title='bbox 1002 4205 1044 4255; x_wconf 91' lang='lat' dir='ltr'><strong>ed.</strong></span> <span class='ocrx_word' id='word_1_418' title='bbox 1058 4206 1207 4256; x_wconf 87' lang='lat' dir='ltr'><strong>Victoriana</strong></span> <span class='ocrx_word' id='word_1_419' title='bbox 1225 4207 1243 4255; x_wconf 89' lang='lat' dir='ltr'>L</span> <span class='ocrx_word' id='word_1_420' title='bbox 1253 4204 1279 4260; x_wconf 66' lang='grc' dir='ltr'><strong>ἓ.</strong></span> <span class='ocrx_word' id='word_1_421' title='bbox 1294 4232 1321 4241; x_wconf 89' lang='lat'>—</span> <span class='ocrx_word' id='word_1_422' title='bbox 1337 4207 1376 4255; x_wconf 79' lang='lat'><strong>⁴3.</strong></span> <span class='ocrx_word' id='word_1_423' title='bbox 1387 4204 1507 4269; x_wconf 80' lang='lat' dir='ltr'><strong>praediis]</strong></span> <span class='ocrx_word' id='word_1_424' title='bbox 1514 4209 1660 4268; x_wconf 68' lang='lat' dir='ltr'><strong>muesidis&#39;s</strong></span> <span class='ocrx_word' id='word_1_425' title='bbox 1671 4211 1695 4263; x_wconf 83' lang='grc' dir='ltr'>Ε</span> <span class='ocrx_word' id='word_1_426' title='bbox 1705 4213 1734 4263; x_wconf 79' lang='lat' dir='ltr'><strong>F.</strong></span> <span class='ocrx_word' id='word_1_427' title='bbox 1751 4210 1789 4263; x_wconf 84' lang='lat' dir='ltr'><strong>ct.</strong></span> 
     </span>
     <span class='ocr_line' id='line_1_40' title="bbox 448 4276 1791 4353; baseline 0.006 -26"><span class='ocrx_word' id='word_1_428' title='bbox 448 4291 476 4341; x_wconf 89' lang='lat' dir='ltr'><strong>p.</strong></span> <span class='ocrx_word' id='word_1_429' title='bbox 490 4276 545 4329; x_wconf 62' lang='lat'><strong>64³.</strong></span> <span class='ocrx_word' id='word_1_430' title='bbox 560 4292 585 4328; x_wconf 89' lang='lat' dir='ltr'><strong>v.</strong></span> <span class='ocrx_word' id='word_1_431' title='bbox 599 4282 638 4331; x_wconf 68' lang='lat' dir='ltr'><strong>tt.</strong></span> <span class='ocrx_word' id='word_1_432' title='bbox 655 4308 681 4317; x_wconf 86' lang='lat'><em>-</em></span> <span class='ocrx_word' id='word_1_433' title='bbox 694 4279 775 4344; x_wconf 75' lang='lat' dir='ltr'><strong>fundi]</strong></span> <span class='ocrx_word' id='word_1_434' title='bbox 792 4281 866 4331; x_wconf 74' lang='lat' dir='ltr'><strong>eundi</strong></span> <span class='ocrx_word' id='word_1_435' title='bbox 883 4280 929 4329; x_wconf 83' lang='lat' dir='ltr'><strong>El&#39;</strong></span> <span class='ocrx_word' id='word_1_436' title='bbox 938 4282 956 4328; x_wconf 91' lang='lat' dir='ltr'><strong>P</strong></span> <span class='ocrx_word' id='word_1_437' title='bbox 965 4282 995 4330; x_wconf 75' lang='lat' dir='ltr'><strong>A.</strong></span> <span class='ocrx_word' id='word_1_438' title='bbox 1018 4281 1175 4331; x_wconf 85' lang='lat' dir='ltr'><strong>Emendavit</strong></span> <span class='ocrx_word' id='word_1_439' title='bbox 1191 4284 1336 4345; x_wconf 85' lang='lat' dir='ltr'><strong>Naugerius</strong></span> <span class='ocrx_word' id='word_1_440' title='bbox 1348 4284 1373 4332; x_wconf 88' lang='lat' dir='ltr'><strong>in</strong></span> <span class='ocrx_word' id='word_1_441' title='bbox 1386 4282 1429 4331; x_wconf 92' lang='lat' dir='ltr'><strong>ed.</strong></span> <span class='ocrx_word' id='word_1_442' title='bbox 1441 4282 1605 4334; x_wconf 78' lang='lat' dir='ltr'><strong>Victoriana.</strong></span> <span class='ocrx_word' id='word_1_443' title='bbox 1617 4289 1791 4353; x_wconf 66' lang='lat' dir='ltr'><strong>-porptm</strong></span> 
     </span>
     <span class='ocr_line' id='line_1_41' title="bbox 448 4352 1791 4429; baseline 0.005 -28"><span class='ocrx_word' id='word_1_444' title='bbox 448 4352 598 4402; x_wconf 82' lang='lat' dir='ltr'><strong>Ernestius:</strong></span> <span class='ocrx_word' id='word_1_445' title='bbox 608 4356 766 4418; x_wconf 67' lang='lat' dir='ltr'><strong>posuerat</strong></span> <span class='ocrx_word' id='word_1_446' title='bbox 778 4353 888 4407; x_wconf 72' lang='lat' dir='ltr'><strong>rati.</strong></span> <span class='ocrx_word' id='word_1_447' title='bbox 899 4382 925 4389; x_wconf 94' lang='lat'><em>-</em></span> <span class='ocrx_word' id='word_1_448' title='bbox 937 4355 976 4404; x_wconf 77' lang='lat' dir='ltr'><strong>tt.</strong></span> <span class='ocrx_word' id='word_1_449' title='bbox 984 4357 1184 4420; x_wconf 76' lang='lat' dir='ltr'><strong>prunutpooen&#39;t</strong></span> <span class='ocrx_word' id='word_1_450' title='bbox 1192 4359 1328 4421; x_wconf 89' lang='lat' dir='ltr'><strong>Zumptius</strong></span> <span class='ocrx_word' id='word_1_451' title='bbox 1337 4357 1379 4419; x_wconf 76' lang='lat' dir='ltr'><strong>(ed</strong></span> <span class='ocrx_word' id='word_1_452' title='bbox 1390 4358 1465 4407; x_wconf 88' lang='lat' dir='ltr'><strong>Verr.</strong></span> <span class='ocrx_word' id='word_1_453' title='bbox 1475 4369 1502 4421; x_wconf 89' lang='lat' dir='ltr'><strong>p.</strong></span> <span class='ocrx_word' id='word_1_454' title='bbox 1513 4356 1584 4421; x_wconf 77' lang='lat'><strong>367.)</strong></span> <span class='ocrx_word' id='word_1_455' title='bbox 1593 4372 1600 4407; x_wconf 91' lang='lat'><strong>:</strong></span> <span class='ocrx_word' id='word_1_456' title='bbox 1610 4363 1791 4429; x_wconf 61' lang='lat' dir='ltr'><strong>prowm</strong></span> 
     </span>
     <span class='ocr_line' id='line_1_42' title="bbox 449 4424 1790 4495; baseline 0.007 -20"><span class='ocrx_word' id='word_1_457' title='bbox 449 4424 624 4485; x_wconf 63' lang='lat' dir='ltr'><strong>aratam</strong></span> <span class='ocrx_word' id='word_1_458' title='bbox 635 4430 805 4494; x_wconf 65' lang='lat' dir='ltr'><strong>propulsavit</strong></span> <span class='ocrx_word' id='word_1_459' title='bbox 814 4431 948 4480; x_wconf 87' lang='lat' dir='ltr'><strong>Graevius.</strong></span> <span class='ocrx_word' id='word_1_460' title='bbox 957 4456 983 4465; x_wconf 92' lang='lat'><em>-</em></span> <span class='ocrx_word' id='word_1_461' title='bbox 993 4432 1032 4481; x_wconf 76' lang='grc'><strong>46.</strong></span> <span class='ocrx_word' id='word_1_462' title='bbox 1042 4433 1093 4493; x_wconf 78' lang='lat' dir='ltr'><strong>ipse</strong></span> <span class='ocrx_word' id='word_1_463' title='bbox 1105 4432 1199 4466; x_wconf 56' lang='lat' dir='ltr'><strong>”³⁸ss</strong></span> <span class='ocrx_word' id='word_1_464' title='bbox 1211 4445 1256 4495; x_wconf 77' lang='lat' dir='ltr'><strong>ego</strong></span> <span class='ocrx_word' id='word_1_465' title='bbox 1264 4433 1368 4495; x_wconf 74' lang='lat' dir='ltr'><strong>Ussing:</strong></span> <span class='ocrx_word' id='word_1_466' title='bbox 1380 4432 1513 4493; x_wconf 80' lang='lat' dir='ltr'><strong>ipseururc,</strong></span> <span class='ocrx_word' id='word_1_467' title='bbox 1524 4433 1790 4494; x_wconf 77' lang='lat' dir='ltr'><strong>egollommsenins.</strong></span> 
     </span>
     <span class='ocr_line' id='line_1_43' title="bbox 451 4502 1792 4569; baseline 0.007 -19"><span class='ocrx_word' id='word_1_468' title='bbox 451 4502 601 4562; x_wconf 71' lang='lat' dir='ltr'><strong>-rnsa</strong></span> <span class='ocrx_word' id='word_1_469' title='bbox 613 4504 674 4552; x_wconf 80' lang='lat' dir='ltr'><strong>Gr:</strong></span> <span class='ocrx_word' id='word_1_470' title='bbox 686 4506 834 4567; x_wconf 79' lang='lat' dir='ltr'><strong>respublica</strong></span> <span class='ocrx_word' id='word_1_471' title='bbox 844 4505 931 4569; x_wconf 75' lang='lat' dir='ltr'><strong>(ap.)</strong></span> <span class='ocrx_word' id='word_1_472' title='bbox 943 4506 962 4555; x_wconf 86' lang='lat' dir='ltr'>E</span> <span class='ocrx_word' id='word_1_473' title='bbox 974 4507 1019 4555; x_wconf 68' lang='grc' dir='ltr'><strong>ΡΑ</strong></span> <span class='ocrx_word' id='word_1_474' title='bbox 1030 4508 1048 4555; x_wconf 87' lang='lat' dir='ltr'>L</span> <span class='ocrx_word' id='word_1_475' title='bbox 1059 4504 1084 4557; x_wconf 79' lang='lat' dir='ltr'><strong>il.</strong></span> <span class='ocrx_word' id='word_1_476' title='bbox 1098 4535 1124 4542; x_wconf 93' lang='lat'><strong>—</strong></span> <span class='ocrx_word' id='word_1_477' title='bbox 1136 4507 1175 4556; x_wconf 78' lang='grc'><strong>49.</strong></span> <span class='ocrx_word' id='word_1_478' title='bbox 1189 4506 1292 4567; x_wconf 72' lang='grc' dir='ltr'><strong>ἀσηίᾳιιο</strong></span> <span class='ocrx_word' id='word_1_479' title='bbox 1304 4508 1336 4556; x_wconf 87' lang='grc' dir='ltr'><strong>Ε;</strong></span> <span class='ocrx_word' id='word_1_480' title='bbox 1349 4503 1792 4564; x_wconf 65' lang='grc' dir='ltr'><strong>ἀιὶιιᾶιΡΑιὲΟ.-Ξο.ωκ1ίι</strong></span> 
     </span>
     <span class='ocr_line' id='line_1_44' title="bbox 448 4574 1792 4646; baseline 0.009 -23"><span class='ocrx_word' id='word_1_481' title='bbox 448 4574 535 4625; x_wconf 75' lang='lat' dir='ltr'><strong>Era.</strong></span> <span class='ocrx_word' id='word_1_482' title='bbox 550 4601 578 4610; x_wconf 91' lang='lat'><em>-</em></span> <span class='ocrx_word' id='word_1_483' title='bbox 588 4578 706 4641; x_wconf 73' lang='grc' dir='ltr'><strong>ρναιάίιι]</strong></span> <span class='ocrx_word' id='word_1_484' title='bbox 721 4582 848 4641; x_wconf 79' lang='lat' dir='ltr'><strong>praesidio</strong></span> <span class='ocrx_word' id='word_1_485' title='bbox 865 4582 893 4630; x_wconf 86' lang='lat' dir='ltr'><strong>E.</strong></span> <span class='ocrx_word' id='word_1_486' title='bbox 913 4580 951 4631; x_wconf 85' lang='lat' dir='ltr'><strong>Cl.</strong></span> <span class='ocrx_word' id='word_1_487' title='bbox 971 4594 996 4645; x_wconf 94' lang='lat' dir='ltr'><strong>p.</strong></span> <span class='ocrx_word' id='word_1_488' title='bbox 1015 4580 1072 4632; x_wconf 75' lang='lat' dir='ltr'><strong>ott.</strong></span> <span class='ocrx_word' id='word_1_489' title='bbox 1091 4596 1117 4631; x_wconf 89' lang='lat' dir='ltr'><strong>v.</strong></span> <span class='ocrx_word' id='word_1_490' title='bbox 1131 4582 1171 4631; x_wconf 68' lang='lat' dir='ltr'><strong>ti.</strong></span> <span class='ocrx_word' id='word_1_491' title='bbox 1183 4608 1211 4616; x_wconf 94' lang='lat'>—</span> <span class='ocrx_word' id='word_1_492' title='bbox 1221 4583 1262 4631; x_wconf 73' lang='grc'><strong>24.</strong></span> <span class='ocrx_word' id='word_1_493' title='bbox 1276 4582 1409 4646; x_wconf 78' lang='lat' dir='ltr'><strong>quoquam]</strong></span> <span class='ocrx_word' id='word_1_494' title='bbox 1421 4596 1469 4645; x_wconf 77' lang='lat' dir='ltr'><strong>quo</strong></span> <span class='ocrx_word' id='word_1_495' title='bbox 1481 4582 1500 4632; x_wconf 86' lang='lat' dir='ltr'>E</span> <span class='ocrx_word' id='word_1_496' title='bbox 1510 4583 1537 4632; x_wconf 85' lang='lat' dir='ltr'><strong>F.</strong></span> <span class='ocrx_word' id='word_1_497' title='bbox 1549 4608 1579 4619; x_wconf 87' lang='lat'><em>-</em></span> <span class='ocrx_word' id='word_1_498' title='bbox 1590 4584 1635 4635; x_wconf 65' lang='grc' dir='ltr'><strong>ἥ.</strong></span> <span class='ocrx_word' id='word_1_499' title='bbox 1651 4588 1792 4643; x_wconf 65' lang='lat' dir='ltr'><strong>mais</strong></span> 
     </span>
     <span class='ocr_line' id='line_1_45' title="bbox 448 4650 1791 4718; baseline 0.01 -19"><span class='ocrx_word' id='word_1_500' title='bbox 448 4650 495 4700; x_wconf 86' lang='lat' dir='ltr'><strong>EF</strong></span> <span class='ocrx_word' id='word_1_501' title='bbox 505 4652 532 4701; x_wconf 90' lang='lat' dir='ltr'><strong>P.</strong></span> <span class='ocrx_word' id='word_1_502' title='bbox 545 4675 572 4687; x_wconf 95' lang='lat'><em>-</em></span> <span class='ocrx_word' id='word_1_503' title='bbox 579 4655 742 4715; x_wconf 79' lang='lat' dir='ltr'><strong>praesertim,</strong></span> <span class='ocrx_word' id='word_1_504' title='bbox 762 4658 882 4717; x_wconf 76' lang='lat' dir='ltr'><strong>Quirites,</strong></span> <span class='ocrx_word' id='word_1_505' title='bbox 900 4671 957 4706; x_wconf 74' lang='lat' dir='ltr'><strong>otuu</strong></span> <span class='ocrx_word' id='word_1_506' title='bbox 968 4656 1082 4706; x_wconf 80' lang='lat' dir='ltr'><strong>Klotzius</strong></span> <span class='ocrx_word' id='word_1_507' title='bbox 1093 4671 1099 4704; x_wconf 84' lang='grc' dir='ltr'>ι</span> <span class='ocrx_word' id='word_1_508' title='bbox 1118 4658 1314 4718; x_wconf 68' lang='lat' dir='ltr'><strong>praesertimque</strong></span> <span class='ocrx_word' id='word_1_509' title='bbox 1324 4671 1382 4708; x_wconf 87' lang='lat' dir='ltr'><strong>cum</strong></span> <span class='ocrx_word' id='word_1_510' title='bbox 1393 4659 1412 4707; x_wconf 89' lang='lat' dir='ltr'>E</span> <span class='ocrx_word' id='word_1_511' title='bbox 1423 4658 1440 4707; x_wconf 72' lang='grc' dir='ltr'><strong>ι’</strong></span> <span class='ocrx_word' id='word_1_512' title='bbox 1450 4659 1481 4715; x_wconf 86' lang='grc' dir='ltr'><strong>Ρ;</strong></span> <span class='ocrx_word' id='word_1_513' title='bbox 1497 4661 1658 4718; x_wconf 78' lang='lat' dir='ltr'><strong>praesertim</strong></span> <span class='ocrx_word' id='word_1_514' title='bbox 1669 4677 1734 4716; x_wconf 65' lang='lat' dir='ltr'><strong>oum</strong></span> <span class='ocrx_word' id='word_1_515' title='bbox 1743 4664 1791 4716; x_wconf 74' lang='lat' dir='ltr'><strong>At.</strong></span> 
     </span>
     <span class='ocr_line' id='line_1_46' title="bbox 448 4723 1790 4799; baseline 0.006 -23"><span class='ocrx_word' id='word_1_516' title='bbox 448 4723 535 4776; x_wconf 72' lang='lat' dir='ltr'><strong>SO.-</strong></span> <span class='ocrx_word' id='word_1_517' title='bbox 546 4725 587 4776; x_wconf 73' lang='lat'><strong>23.</strong></span> <span class='ocrx_word' id='word_1_518' title='bbox 596 4726 624 4776; x_wconf 83' lang='lat' dir='ltr'><strong>iu</strong></span> <span class='ocrx_word' id='word_1_519' title='bbox 635 4738 689 4776; x_wconf 87' lang='lat' dir='ltr'><strong>orn.</strong></span> <span class='ocrx_word' id='word_1_520' title='bbox 699 4729 719 4777; x_wconf 86' lang='lat' dir='ltr'>E</span> <span class='ocrx_word' id='word_1_521' title='bbox 728 4729 746 4777; x_wconf 82' lang='lat' dir='ltr'>F</span> <span class='ocrx_word' id='word_1_522' title='bbox 756 4732 776 4779; x_wconf 90' lang='lat' dir='ltr'>G</span> <span class='ocrx_word' id='word_1_523' title='bbox 786 4733 804 4780; x_wconf 89' lang='lat' dir='ltr'><strong>P</strong></span> <span class='ocrx_word' id='word_1_524' title='bbox 813 4734 843 4789; x_wconf 81' lang='grc' dir='ltr'><strong>Α;</strong></span> <span class='ocrx_word' id='word_1_525' title='bbox 857 4730 957 4780; x_wconf 84' lang='lat' dir='ltr'><strong>addidit</strong></span> <span class='ocrx_word' id='word_1_526' title='bbox 968 4732 1114 4793; x_wconf 87' lang='lat' dir='ltr'><strong>Naugerius</strong></span> <span class='ocrx_word' id='word_1_527' title='bbox 1124 4730 1150 4780; x_wconf 89' lang='lat' dir='ltr'><strong>in</strong></span> <span class='ocrx_word' id='word_1_528' title='bbox 1160 4729 1202 4780; x_wconf 90' lang='lat' dir='ltr'><strong>ed.</strong></span> <span class='ocrx_word' id='word_1_529' title='bbox 1210 4732 1399 4783; x_wconf 87' lang='lat' dir='ltr'><strong>Victoriana.—</strong></span> <span class='ocrx_word' id='word_1_530' title='bbox 1407 4730 1448 4782; x_wconf 69' lang='lat' dir='ltr'><strong>il.</strong></span> <span class='ocrx_word' id='word_1_531' title='bbox 1459 4732 1612 4799; x_wconf 71' lang='grc' dir='ltr'><strong>αάσααίοιιι]</strong></span> <span class='ocrx_word' id='word_1_532' title='bbox 1625 4737 1790 4799; x_wconf 54' lang='lat' dir='ltr'><strong>mosam&amp;</strong></span> 
     </span>
     <span class='ocr_line' id='line_1_47' title="bbox 448 4801 1788 4870; baseline 0.013 -21"><span class='ocrx_word' id='word_1_533' title='bbox 448 4801 562 4852; x_wconf 78' lang='lat' dir='ltr'><strong>accedun</strong></span> <span class='ocrx_word' id='word_1_534' title='bbox 578 4803 612 4863; x_wconf 84' lang='lat' dir='ltr'><strong>P;</strong></span> <span class='ocrx_word' id='word_1_535' title='bbox 635 4803 751 4853; x_wconf 69' lang='lat' dir='ltr'><strong>moedus</strong></span> <span class='ocrx_word' id='word_1_536' title='bbox 767 4806 796 4854; x_wconf 90' lang='lat' dir='ltr'><strong>E.</strong></span> <span class='ocrx_word' id='word_1_537' title='bbox 817 4832 844 4840; x_wconf 96' lang='lat'>—</span> <span class='ocrx_word' id='word_1_538' title='bbox 863 4807 904 4856; x_wconf 77' lang='lat'><strong>25.</strong></span> <span class='ocrx_word' id='word_1_539' title='bbox 922 4806 996 4867; x_wconf 75' lang='lat' dir='ltr'><strong>Atqui</strong></span> <span class='ocrx_word' id='word_1_540' title='bbox 1013 4809 1040 4856; x_wconf 86' lang='lat' dir='ltr'><strong>P.</strong></span> <span class='ocrx_word' id='word_1_541' title='bbox 1060 4807 1202 4857; x_wconf 80' lang='lat' dir='ltr'><strong>Manutius:</strong></span> <span class='ocrx_word' id='word_1_542' title='bbox 1224 4808 1302 4870; x_wconf 78' lang='lat' dir='ltr'><strong>Atque</strong></span> <span class='ocrx_word' id='word_1_543' title='bbox 1318 4810 1404 4858; x_wconf 74' lang='lat' dir='ltr'><strong>Era.</strong></span> <span class='ocrx_word' id='word_1_544' title='bbox 1423 4833 1450 4842; x_wconf 94' lang='lat'><em>-</em></span> <span class='ocrx_word' id='word_1_545' title='bbox 1470 4807 1511 4858; x_wconf 77' lang='lat'><strong>29.</strong></span> <span class='ocrx_word' id='word_1_546' title='bbox 1530 4812 1553 4858; x_wconf 83' lang='lat' dir='ltr'><strong>et</strong></span> <span class='ocrx_word' id='word_1_547' title='bbox 1571 4821 1631 4861; x_wconf 90' lang='lat' dir='ltr'><strong>om.</strong></span> <span class='ocrx_word' id='word_1_548' title='bbox 1651 4812 1746 4865; x_wconf 70' lang='grc' dir='ltr'><strong>ΕΗ).</strong></span> <span class='ocrx_word' id='word_1_549' title='bbox 1763 4837 1788 4850; x_wconf 85' lang='grc'>-</span> 
     </span>
     <span class='ocr_line' id='line_1_48' title="bbox 449 4873 1521 4945; baseline 0.01 -22"><span class='ocrx_word' id='word_1_550' title='bbox 449 4873 489 4925; x_wconf 82' lang='lat'><strong>30.</strong></span> <span class='ocrx_word' id='word_1_551' title='bbox 507 4884 671 4930; x_wconf 72' lang='lat' dir='ltr'><strong>wmoeuuut</strong></span> <span class='ocrx_word' id='word_1_552' title='bbox 688 4878 833 4943; x_wconf 81' lang='lat' dir='ltr'><strong>Madvigius</strong></span> <span class='ocrx_word' id='word_1_553' title='bbox 849 4880 930 4945; x_wconf 87' lang='lat' dir='ltr'><strong>(apud</strong></span> <span class='ocrx_word' id='word_1_554' title='bbox 947 4881 1117 4944; x_wconf 86' lang='lat' dir='ltr'><strong>Ussingium):</strong></span> <span class='ocrx_word' id='word_1_555' title='bbox 1138 4888 1335 4933; x_wconf 75' lang='lat' dir='ltr'><strong>wuooeooouut</strong></span> <span class='ocrx_word' id='word_1_556' title='bbox 1351 4878 1521 4934; x_wconf 75' lang='lat' dir='ltr'><strong>astute.</strong></span> 
     </span>
    </p>
   </div>
   <div class='ocr_carea' id='block_1_5' title="bbox 1025 4986 1193 4995">
    <p class='ocr_par' dir='ltr' id='par_1_5' title="bbox 1025 4986 1193 4995">
     <span class='ocr_line' id='line_1_49' title="bbox 1025 4986 1193 4995; baseline 0 0"><span class='ocrx_word' id='word_1_557' title='bbox 1025 4986 1193 4995; x_wconf 71' lang='lat'><em>———-—-</em></span> 
     </span>
    </p>
   </div>
   <div class='ocr_carea' id='block_1_6' title="bbox 448 5045 1791 5190">
    <p class='ocr_par' dir='ltr' id='par_1_6' title="bbox 448 5045 1791 5190">
     <span class='ocr_line' id='line_1_50' title="bbox 515 5045 1791 5115; baseline 0.013 -21"><span class='ocrx_word' id='word_1_558' title='bbox 515 5045 627 5108; x_wconf 77' lang='lat' dir='ltr'><strong>Eoplieit</strong></span> <span class='ocrx_word' id='word_1_559' title='bbox 642 5048 733 5099; x_wconf 71' lang='lat' dir='ltr'><strong>Nasci</strong></span> <span class='ocrx_word' id='word_1_560' title='bbox 752 5048 825 5097; x_wconf 82' lang='lat' dir='ltr'><strong>tullii.</strong></span> <span class='ocrx_word' id='word_1_561' title='bbox 843 5048 916 5098; x_wconf 71' lang='grc' dir='ltr'><strong>εἰσιν.</strong></span> <span class='ocrx_word' id='word_1_562' title='bbox 936 5049 965 5098; x_wconf 81' lang='lat' dir='ltr'><strong>de</strong></span> <span class='ocrx_word' id='word_1_563' title='bbox 980 5048 1032 5112; x_wconf 77' lang='lat' dir='ltr'><strong>tege</strong></span> <span class='ocrx_word' id='word_1_564' title='bbox 1049 5050 1157 5114; x_wconf 61' lang='lat' dir='ltr'><strong>agroue</strong></span> <span class='ocrx_word' id='word_1_565' title='bbox 1172 5051 1233 5103; x_wconf 81' lang='lat' dir='ltr'><strong>liber</strong></span> <span class='ocrx_word' id='word_1_566' title='bbox 1249 5054 1347 5104; x_wconf 67' lang='lat' dir='ltr'><strong>tucius.</strong></span> <span class='ocrx_word' id='word_1_567' title='bbox 1364 5053 1453 5115; x_wconf 68' lang='lat' dir='ltr'><strong>nasu</strong></span> <span class='ocrx_word' id='word_1_568' title='bbox 1469 5052 1562 5102; x_wconf 67' lang='lat' dir='ltr'><strong>orabo</strong></span> <span class='ocrx_word' id='word_1_569' title='bbox 1581 5053 1622 5106; x_wconf 70' lang='lat' dir='ltr'><strong>u.</strong></span> <span class='ocrx_word' id='word_1_570' title='bbox 1642 5055 1672 5108; x_wconf 80' lang='grc' dir='ltr'><strong>Τ.</strong></span> <span class='ocrx_word' id='word_1_571' title='bbox 1693 5057 1791 5110; x_wconf 60' lang='lat' dir='ltr'><strong>asso</strong></span> 
     </span>
     <span class='ocr_line' id='line_1_51' title="bbox 448 5118 1258 5190; baseline 0.012 -23"><span class='ocrx_word' id='word_1_572' title='bbox 448 5118 488 5168; x_wconf 82' lang='lat' dir='ltr'><strong>oi:</strong></span> <span class='ocrx_word' id='word_1_573' title='bbox 503 5120 531 5170; x_wconf 81' lang='lat' dir='ltr'><strong>iu</strong></span> <span class='ocrx_word' id='word_1_574' title='bbox 550 5121 688 5174; x_wconf 70' lang='lat' dir='ltr'><strong>VERREM.</strong></span> <span class='ocrx_word' id='word_1_575' title='bbox 707 5123 740 5186; x_wconf 68' lang='lat' dir='ltr'><strong>a:</strong></span> <span class='ocrx_word' id='word_1_576' title='bbox 757 5123 904 5186; x_wconf 72' lang='lat' dir='ltr'><strong>Expliciunt</strong></span> <span class='ocrx_word' id='word_1_577' title='bbox 919 5122 977 5173; x_wconf 83' lang='lat' dir='ltr'><strong>libri</strong></span> <span class='ocrx_word' id='word_1_578' title='bbox 993 5124 1022 5174; x_wconf 84' lang='lat' dir='ltr'><strong>de</strong></span> <span class='ocrx_word' id='word_1_579' title='bbox 1039 5123 1090 5188; x_wconf 77' lang='lat' dir='ltr'><strong>lege</strong></span> <span class='ocrx_word' id='word_1_580' title='bbox 1107 5127 1216 5190; x_wconf 67' lang='lat' dir='ltr'><strong>ogram</strong></span> <span class='ocrx_word' id='word_1_581' title='bbox 1233 5128 1258 5177; x_wconf 86' lang='lat' dir='ltr'><strong>F.</strong></span> 
     </span>
    </p>
   </div>
   <div class='ocr_carea' id='block_1_7' title="bbox 981 5315 1229 5330">
    <p class='ocr_par' dir='ltr' id='par_1_7' title="bbox 981 5315 1229 5330">
     <span class='ocr_line' id='line_1_52' title="bbox 981 5315 1229 5330; baseline 0.004 -1"><span class='ocrx_word' id='word_1_582' title='bbox 981 5315 1229 5330; x_wconf 49' lang='grc' dir='ltr'><strong>ῌ-α-υ-ο---α-α</strong></span> 
     </span>
    </p>
   </div>
   <div class='ocr_carea' id='block_1_8' title="bbox 0 0 2192 6100">
    <p class='ocr_par' dir='ltr' id='par_1_8' title="bbox 0 0 2192 6100">
     <span class='ocr_line' id='line_1_53' title="bbox 0 0 2192 6100; baseline 0 0"><span class='ocrx_word' id='word_1_583' title='bbox 0 0 2192 6100; x_wconf 95' lang='lat' dir='ltr'><strong> </strong></span> 
     </span>
    </p>
   </div>
  </div>
 </body>
</html>
