4367 6109
446 579 510 644 ota
866 579 1017 645 ORATIO
1039 579 1118 645 PRO
1142 577 1175 643 C.
1196 579 1359 644 RABIRIO

450 755 625 841 periculum
654 773 719 817 non
750 751 844 816 modo
874 751 1037 824 homines,
1066 750 1121 814 sed
1150 769 1251 835 prope
1278 750 1425 831 regiones
1444 750 1539 832 ipsae
1563 748 1797 824 convenerint,

450 854 612 934 aliquanto
642 848 737 910 etiam
758 846 853 909 latius
876 847 1047 919 excitatae,
1080 865 1177 929 quam
1199 845 1299 927 ipsius
1320 844 1491 908 vicinitatis
1513 864 1646 908 nomen
1671 862 1713 906 ac
1736 850 1797 907 ter·

451 944 529 1010 mini
557 941 781 1025 postulabant?
809 942 887 1003 Nam
916 941 993 1022 quid
1023 959 1083 1021 ego
1109 939 1149 1001 ad
1180 939 1212 1000 id
1234 938 1361 1020 longam
1383 940 1562 1001 orationem
1586 956 1794 1018 comparem,

452 1036 537 1125 quod
561 1036 662 1098 estin
686 1033 795 1096 eadem
817 1036 933 1097 multae
957 1036 1148 1117 irrogatione
1170 1031 1396 1116 perscriptum,
1417 1031 1502 1095 huno
1525 1051 1588 1095 nec
1618 1051 1704 1094 suae
1735 1025 1798 1095 nec⁰

428 1134 573 1200 salienae
603 1128 772 1213 pudicitiae
800 1129 1002 1211 pepercisse?
1044 1126 1075 1188 9.
1099 1126 1184 1202 Quin
1213 1126 1307 1188 etiam
1329 1126 1488 1209 suspicor,
1520 1146 1562 1189 eo
1584 1126 1673 1189 mihi
1697 1126 1794 1190 serni·

452 1229 561 1290 horam
584 1224 622 1285 ab
645 1222 784 1284 Labieno
806 1222 1023 1304 praestitutam
1041 1241 1130 1293 esse,
1160 1226 1256 1282 utne
1278 1218 1369 1301 plura
1392 1218 1431 1282 de
1452 1219 1612 1304 pudicitia
1637 1219 1794 1283 dicerem.

452 1324 535 1401 Ergo
564 1316 604 1379 ad
631 1316 710 1377 haec
738 1315 884 1388 crimina,
913 1334 996 1397 quae
1025 1315 1148 1397 patroni
1177 1312 1374 1395 diligentiam
1397 1313 1596 1389 desiderant,
1633 1314 1793 1398 intelligis

453 1412 529 1477 mibi
552 1409 741 1472 semihoram
763 1409 855 1471 istam
877 1408 1005 1470 nimium
1027 1408 1151 1490 longam
1173 1407 1283 1469 luisse.

537 1504 625 1566 lllam
646 1502 777 1564 alteram
800 1509 919 1584 partem
943 1501 982 1563 de
1004 1521 1082 1564 nece
1115 1502 1276 1563 Saturnini
1310 1501 1403 1564 nimis
1431 1501 1579 1584 exiguam
1604 1510 1712 1587 atque
1737 1525 1794 1567 an·

417 1610 574 1685 sogustam
597 1617 666 1660 esse
688 1595 833 1657 voluisti:
856 1614 937 1678 quae
958 1616 1022 1658 non
1044 1597 1175 1658 oratoris
1189 1595 1366 1676 ingenium,
1389 1595 1444 1656 sed
1460 1595 1606 1658 consulis
1622 1597 1791 1660 auxilium

452 1693 603 1776 implorat
623 1698 654 1752 et
676 1690 804 1770 flagitat.
848 1684 897 1750 40.
919 1691 998 1750 Nam
1021 1690 1060 1751 de
1080 1687 1307 1771 perduellionis
1328 1685 1456 1761 iudicio,
1478 1689 1566 1771 quod
1588 1710 1611 1753 a
1635 1713 1691 1755 me
1716 1694 1794 1754 sub-

452 1789 549 1850 latum
574 1802 643 1845 esse
666 1781 823 1844 criminari
847 1782 946 1855 soles,
976 1803 1080 1844 meum
1103 1782 1221 1843 crimen
1244 1789 1306 1854 est,
1338 1801 1402 1843 non
1424 1781 1553 1844 Rabirii.
1599 1785 1704 1860 Quod
1728 1788 1794 1849 uti·

454 1901 543 1952 nam,
567 1875 723 1951 Quirites,
754 1895 813 1957 ego
837 1871 893 1958 [id]
917 1882 971 1938 aut
997 1876 1118 1958 primus
1139 1883 1194 1936 aut
1215 1873 1303 1935 solus
1324 1894 1364 1935 ex
1384 1874 1445 1936 hac
1465 1895 1499 1937 re
1522 1877 1658 1958 publica
1681 1888 1793 1943 sustu-

454 1973 577 2045 lissem,
598 1977 634 2031 ut
654 1969 730 2042 hoc,
753 1968 838 2050 quod
862 1968 916 2030 ille
938 1970 1054 2031 crimen
1078 1988 1148 2029 esse
1170 1966 1255 2041 vult,
1277 1968 1440 2049 proprium
1455 1969 1681 2034 testimonium
1697 1993 1792 2037 meae

416 2064 555 2128 salaudis
577 2062 676 2125 esset!
708 2060 793 2136 Quid
816 2063 899 2124 euim
922 2064 1024 2143 optari
1045 2070 1164 2144 potest,
1198 2061 1283 2143 quod
1305 2080 1363 2142 ego
1385 2060 1527 2134 mallem,
1550 2082 1654 2146 quam
1678 2086 1734 2129 me
1757 2068 1791 2129 in

455 2156 622 2222 consulatu
643 2176 714 2218 meo
736 2155 913 2218 carnificem
937 2155 976 2217 de
997 2154 1085 2229 loro,
1107 2177 1232 2219 crucem
1248 2154 1288 2218 de
1302 2174 1412 2237 campo
1427 2156 1619 2219 sustulisse?
1643 2159 1711 2220 Sed
1728 2160 1791 2223 ista

454 2252 524 2313 laus
557 2249 691 2332 primum
721 2256 769 2310 est
797 2249 948 2311 maiorum
976 2256 1171 2323 nostrorum,
1207 2250 1362 2325 Quirites,
1396 2252 1450 2333 qui
1477 2250 1624 2331 expulsis
1654 2254 1790 2334 regibus

454 2344 575 2407 nullum
597 2342 630 2402 in
652 2341 752 2404 libero
775 2342 892 2424 populo
906 2342 1073 2423 vestigium
1096 2342 1289 2406 crudelitatis
1304 2343 1407 2425 regiae
1421 2342 1641 2419 retinuerunt3
1666 2344 1790 2410 deinde

453 2437 624 2499 multorum
646 2436 785 2498 virorum
807 2434 952 2507 fortium,
981 2435 1036 2518 qui
1065 2444 1201 2498 vestram
1224 2436 1399 2497 libertatem
1421 2456 1485 2498 non
1507 2437 1686 2501 acerbitate
1709 2459 1790 2522 sup·

415 2532 620 2615 sopliciorum
643 2528 799 2602 infestam,
822 2527 876 2591 sed
900 2528 1029 2592 lenitate
1051 2528 1156 2610 legum
1178 2531 1330 2591 munitam
1352 2527 1618 2592 essevoluerunt.
1653 2531 1710 2593 lv.
1736 2528 1788 2594 ll.

454 2625 556 2700 Quam
579 2624 619 2686 ob
641 2644 708 2686 rem
730 2631 801 2685 uter
821 2631 962 2685 nostrum
984 2622 1127 2696 tandem,
1149 2622 1303 2696 habiens,
1325 2623 1485 2704 popularis
1507 2627 1578 2686 esti
1603 2632 1705 2699 tune,
1730 2629 1788 2709 qui

451 2719 571 2781 civibus
593 2718 742 2779 Romanis
763 2717 796 2777 in
819 2717 965 2778 contione
987 2717 1055 2799 ipsa
1077 2717 1270 2789 carnificem,
1293 2716 1347 2799 qui
1370 2715 1495 2777 vincula
1515 2715 1665 2779 adhiberi
1686 2726 1787 2800 putas

450 2819 611 2894 oportere,
639 2811 694 2893 qui
720 2811 753 2872 in
776 2829 887 2891 campo
910 2810 1041 2882 Martio,
1072 2810 1208 2872 comitiis
1231 2810 1430 2884 centuriatis,
1455 2811 1618 2892 auspicato
1652 2810 1688 2873 in
1711 2812 1786 2875 loco

450 2926 574 2968 crucem
595 2905 635 2967 ad
659 2904 774 2965 civium
797 2903 985 2985 supplicium
1008 2900 1100 2984 deligi
1124 2911 1154 2965 ct
1176 2903 1325 2965 constitui
1346 2903 1452 2965 iubes:
1483 2921 1523 2964 an
1545 2922 1625 2984 ego,
1650 2906 1710 2988 qui
1733 2905 1786 2968 lu·

411 2998 568 3062 arrestari
590 2997 771 3060 contionem
795 2995 980 3077 contagione
1000 2993 1152 3058 carnificis
1167 3003 1249 3068 veto,
1266 2997 1323 3079 qui
1339 2997 1528 3080 expiandum
1541 2996 1652 3060 forum
1668 3000 1784 3082 populi

450 3093 582 3155 Romani
603 3092 642 3153 ab
659 3090 723 3153 illis
736 3089 848 3152 nefarii
868 3088 997 3151 sceleris
1011 3089 1155 3171 vestigiis
1170 3110 1239 3151 esse
1255 3090 1342 3164 dico,
1365 3092 1419 3173 qui
1441 3098 1557 3153 castam
1580 3091 1783 3167 contionem,

450 3192 591 3247 sanctum
614 3205 775 3267 campum,
797 3183 983 3246 inviolatum
1006 3203 1121 3265 corpus
1143 3183 1283 3245 omnium
1306 3186 1419 3247 civium
1435 3186 1674 3258 Romanorum,
1697 3187 1785 3251 inte·

450 3298 539 3361 grum
570 3278 620 3340 ius
650 3277 804 3340 libertatis
834 3274 969 3338 defendo
999 3278 1114 3339 servari
1137 3280 1303 3358 oporteret
1357 3274 1406 3339 ld.
1429 3276 1592 3361 Popularis
1618 3298 1702 3341 vero
1726 3281 1786 3344 tri-

449 3374 553 3435 bunus
582 3373 640 3456 pl.,
675 3379 782 3433 custos
810 3369 1020 3452 defensorque
1045 3370 1122 3431 iuris
1144 3379 1175 3431 et
1197 3371 1367 3433 libertatisl
1403 3370 1512 3433 Porcia
1532 3368 1586 3433 lex
1606 3373 1720 3454 virgas
1744 3377 1786 3437 ab

411 3468 588 3529 ³⁰0mnium
611 3466 726 3527 civium
748 3466 962 3526 Romanorum
984 3484 1115 3546 corpore
1137 3466 1269 3526 amovit:
1291 3465 1342 3527 hic
1366 3465 1542 3528 misericors
1565 3465 1696 3545 flagella
1718 3477 1788 3531 ret-

449 3559 531 3622 tulit.
575 3559 684 3621 Porcia
707 3558 759 3619 lex
781 3557 957 3619 libertatem
981 3556 1096 3618 civium
1119 3557 1220 3619 lictori
1243 3558 1374 3641 eripuit:
1400 3558 1576 3632 Labienus,
1597 3557 1702 3622 hemo
1725 3582 1788 3644 po·

449 3652 586 3735 pularis‚
609 3647 745 3713 carnifici
769 3650 907 3712 tradidit.
952 3649 985 3711 C.
1008 3649 1166 3711 Gracchus
1188 3650 1288 3731 legem
1310 3653 1397 3725 tulit,
1420 3671 1460 3714 ne
1481 3650 1644 3733 decapite
1661 3655 1786 3719 civium

448 3746 657 3807 Romanorum
689 3744 813 3806 iniussu
834 3751 938 3805 vestro
960 3743 1171 3805 iudicaretur:
1199 3744 1251 3807 hic
1278 3745 1439 3828 popularis
1461 3766 1479 3807 a
1502 3745 1704 3821 duumviris,
1734 3751 1788 3813 in·

449 3839 537 3901 iussu
569 3847 693 3910 vestro,
726 3857 791 3901 non
823 3838 954 3899 iudicari
985 3836 1025 3899 de
1054 3837 1122 3898 cive
1150 3838 1305 3912 Romano,
1339 3840 1394 3901 sed
1416 3839 1532 3902 indicta
1555 3859 1655 3903 causa
1679 3843 1787 3907 civem

410 3933 623 3994 eohomanum
654 3931 765 4013 capitis
788 3930 989 3993 condemnari
1012 3933 1122 4013 coegit.
1167 3926 1217 3992 43.
1240 3935 1287 3995 Tu
1314 3933 1390 3995 mihi
1414 3933 1507 3995 etiam
1529 3931 1609 4013 legis
1633 3934 1787 4014 Porciae,

447 4034 481 4088 tu
505 4026 537 4086 C.
562 4024 711 4097 Gracchi,
741 4032 774 4085 tu
797 4024 909 4085 horum
931 4024 1102 4099 libertatis,
1133 4033 1165 4087 tu
1189 4026 1374 4108 cuiusquam
1396 4027 1532 4108 denique
1553 4026 1701 4093 hominis
1724 4053 1788 4114 po·

448 4118 567 4200 pularis
590 4119 780 4180 mentionem
803 4115 896 4189 facis,
925 4118 1066 4200 quinon
1089 4119 1183 4181 modo
1205 4118 1370 4201 suppliciis
1393 4118 1564 4192 inusitatis,
1595 4122 1655 4183 sed
1681 4126 1786 4190 etiam

449 4210 612 4273 verborum
644 4209 829 4272 crudelitate
859 4210 999 4274 inaudita
1026 4211 1143 4273 violare
1173 4212 1349 4274 libertatem
1378 4212 1471 4274 huius
1493 4212 1618 4294 populi,
1655 4223 1787 4284 tentare

516 4440 538 4489 t.
557 4441 714 4489 convenerint
731 4441 800 4490 mei:
819 4444 990 4492 concurrerint
1007 4443 1065 4493 cod.
1085 4445 1245 4492 Frons-ianus
1262 4441 1335 4492 solus
1353 4457 1383 4492 ex
1402 4445 1482 4504 notis,
1500 4444 1529 4492 0.
1550 4468 1575 4481 -
1597 4443 1622 4494 l.
1641 4448 1786 4508 mulcta&

447 4514 527 4564 multa
543 4516 620 4576 lagg.
640 4515 740 4564 Oxonn.
760 4517 819 4565 ets
837 4530 872 4566 m.
892 4531 946 4567 sec.
966 4545 993 4552 -
1011 4520 1177 4580 perscriptum
1194 4518 1338 4568 Manutius:
1355 4520 1537 4580 praescriptum
1553 4518 1632 4569 codd.
1652 4545 1683 4559 -
1705 4525 1731 4575 6,
1752 4525 1787 4574 ab

447 4592 501 4641 mei
519 4592 626 4654 praeter
643 4589 688 4638 tlt:
711 4590 743 4638 ab
760 4604 813 4640 om.
832 4592 862 4651 k;
885 4608 902 4642 a
920 4594 941 4652 i,
960 4597 988 4643 ut
1005 4594 1123 4653 videtur,
1142 4596 1170 4643 0.
1192 4622 1217 4628 -
1243 4594 1266 4643 8.
1285 4594 1358 4642 nimis
1375 4595 1392 4643 t.
1413 4622 1440 4629 -
1460 4595 1499 4643 tt.
1518 4595 1659 4656 etflugitat
1678 4611 1736 4650 om.
1758 4615 1786 4664 g.

449 4691 475 4701 -
496 4667 534 4713 tt.
554 4664 641 4714 Rabiri
658 4664 672 4713 6
690 4664 768 4714 codd.
789 4667 864 4728 lagg.
886 4696 912 4703 -
937 4669 976 4718 t3.
996 4670 1021 4717 id
1038 4669 1135 4718 delevit
1151 4670 1270 4719 Bestius.
1299 4670 1410 4718 «Notum
1428 4682 1497 4718 nunc
1514 4669 1568 4727 est,
1593 4672 1663 4731 quod
1680 4675 1788 4726 stiones

446 4740 482 4788 ita
500 4740 574 4801 poni,
593 4743 623 4788 ut
639 4740 704 4800 quod
720 4739 758 4797 si,
777 4741 841 4801 quod
857 4741 912 4800 ubi,
931 4744 996 4804 quod
1013 4746 1086 4805 quic,
1106 4746 1171 4805 quod
1188 4745 1332 4803 quoniam.»
1351 4745 1395 4793 On.
1407 4745 1432 4792 b.
1454 4745 1487 4792 ht
1503 4755 1599 4792 vereor
1615 4746 1646 4794 ut
1664 4748 1694 4797 h.
1709 4748 1727 4799 l.
1747 4753 1785 4802 ita

448 4815 562 4877 positum
584 4815 626 4864 sit.
651 4814 689 4864 Ct.
709 4815 787 4863 etiem
810 4816 917 4865 Bellum
936 4816 969 4865 ad
987 4819 1036 4867 Cic.
1056 4820 1129 4880 Leges
1146 4832 1171 4881 p.
1190 4819 1247 4867 580.
1268 4845 1294 4853 -
1324 4817 1362 4868 tl.
1380 4817 1651 4868 utliberlorrentii:
1680 4825 1787 4876 uticem

449 4887 526 4937 codd.
545 4887 602 4937 rell.
622 4892 649 4938 et
665 4888 726 4938 edd.
748 4915 775 4924 -
793 4889 838 4938 hoc
856 4890 949 4940 codd:
977 4904 1029 4940 om.
1049 4893 1147 4942 ocum
1166 4893 1207 4942 ed.
1228 4894 1297 4943 Crat.
1318 4919 1344 4927 -
1366 4895 1404 4942 46.
1423 4893 1573 4941 stolatum»
1589 4892 1605 4944 l
1623 4895 1732 4949 Oxonn.
1754 4928 1784 4938 -—

448 4962 488 5011 bt.
507 4964 619 5012 contione
636 4963 689 5013 mei
707 4966 813 5027 praeter
830 4978 860 5013 n:
879 4968 995 5014 concione
1012 4967 1039 5015 0.
1060 4994 1087 5003 —
1106 4968 1207 5015 vincula
1224 4969 1284 5016 Tk:
1302 4967 1385 5015 cinctu
1402 4966 1457 5016 rell.
1476 4967 1544 5025 mei,
1562 4967 1593 5016 0.
1607 4994 1635 5004 -
1656 4971 1702 5022 25,
1721 4987 1787 5023 w.

448 5037 527 5099 aiflois
543 5040 688 5101 contagione
705 5040 731 5088 S.
753 5062 779 5073 -
799 5039 840 5087 bb.
859 5041 962 5101 nefariis
979 5042 1030 5089 mei
1049 5045 1156 5104 praeter
1173 5043 1190 5092 l.
1207 5068 1234 5077 -
1254 5044 1294 5092 bl.
1314 5044 1438 5104 integrum
1454 5044 1539 5091 issu
1550 5042 1644 5092 molum
1662 5046 1737 5098 Rom.
1757 5050 1785 5099 in

449 5111 466 5158 S
484 5112 508 5159 in
526 5114 644 5174 margine
661 5113 784 5163 interiore
802 5111 850 5161 alia
868 5127 948 5164 manu
966 5114 1085 5178 suppleta
1103 5119 1172 5165 sunt.
1193 5143 1220 5152 -
1248 5118 1287 5168 30.
1306 5118 1361 5166 tulit
1377 5118 1405 5166 Τ,
1426 5143 1452 5152 -
1472 5116 1512 5166 32.
1532 5118 1646 5169 &aemes
1663 5122 1680 5170 'l
1700 5124 1784 5190 Lagg.

450 5208 477 5218 -
497 5185 536 5234 33.
555 5187 693 5237 duomutrs's
709 5201 737 5238 m
752 5201 793 5252 pr.
813 5201 848 5237 m.
869 5215 895 5223 -
923 5190 963 5239 37.
981 5191 1058 5251 socies
1074 5192 1092 5240 t.
1114 5218 1139 5226 -
1159 5193 1199 5241 38.
1217 5193 1346 5243 ueroeam
1363 5207 1423 5256 gm.
1444 5220 1470 5228 -
1495 5194 1644 5245 cmdelitate
1660 5196 1787 5252 inmte

449 5259 501 5308 mei
518 5264 625 5326 praeter
641 5262 672 5324 k,
691 5264 736 5327 qui
753 5275 808 5315 om.
824 5264 951 5314 lobwise:
969 5266 1086 5315 tocuddo
1102 5267 1246 5317 crudelitate
1262 5268 1291 5317 0.
