4367 6109
721 591 789 654 nu.
810 591 851 655 n.
881 589 954 655 cn».
976 589 1207 655 xlv-xvii
1236 587 1293 674 ss.
1314 585 1463 654 ae-n.
1699 586 1761 654 rao

437 767 472 823 nt
492 759 575 823 hauc
596 759 730 824 Heraclii
752 761 851 823 dicam
873 761 975 823 sortiri
995 767 1067 845 post
1087 761 1157 826 dies
1172 781 1239 825 xxx
1254 781 1295 824 ex
1316 761 1386 844 lege
1408 767 1524 844 posset
1553 761 1762 844 Posteaquam

439 873 476 918 ea
497 853 565 916 dies
586 856 688 930 venit,
710 853 767 916 iste
789 854 897 937 incipit
917 855 1064 918 simulare
1086 877 1121 919 se
1142 855 1224 919 velle
1247 858 1359 920 sortiri.
1392 857 1554 920 Heraclius
1577 877 1646 919 cum
1667 854 1762 919 advo-

438 948 513 1010 catis
534 947 600 1011 adit
622 956 654 1010 et
674 947 826 1032 postulat,
848 956 883 1011 ut
905 948 966 1011 sibi
988 970 1058 1012 cum
1080 949 1283 1033 palaestritis,
1306 951 1366 1013 boc
1387 959 1450 1026 est,
1473 972 1542 1014 cnm
1565 950 1682 1035 populo
1704 950 1763 1034 Sy·

437 1060 604 1115 summano,
626 1061 728 1125 aequo
750 1043 817 1104 inre
840 1040 1013 1125 disceptare
1035 1042 1138 1106 liceat.
1181 1043 1359 1108 Adversarii
1380 1044 1554 1129 postulant,
1583 1052 1618 1107 ut
1638 1045 1671 1107 in
1694 1064 1764 1107 eam

437 1155 502 1197 rem
525 1135 642 1198 iudices
659 1136 773 1197 dentur
787 1155 828 1198 ex
843 1137 881 1198 iis
896 1135 1086 1210 civitatibus,
1110 1139 1237 1221 quaein
1255 1138 1285 1200 id
1301 1138 1403 1202 iorum
1418 1139 1637 1214 convenirent,
1660 1138 1787 1213 electio

438 1230 492 1312 qui
507 1229 597 1292 Verri
612 1228 801 1293 viderentur.
835 1229 998 1293 Heraclius
1020 1240 1143 1305 contra,
1164 1239 1199 1294 ut
1220 1232 1338 1294 indices
1353 1252 1394 1294 ex
1416 1232 1486 1313 lege
1501 1231 1626 1315 Rupilia
1640 1232 1762 1306 dentur,

438 1331 471 1385 ut
491 1324 530 1386 ab
552 1323 699 1386 institutis
721 1325 932 1407 superiorum,
964 1323 1003 1385 ab
1026 1324 1206 1388 anctoritate
1232 1333 1374 1400 senatus,
1404 1325 1443 1388 ab
1465 1327 1532 1389 iure
1554 1326 1692 1388 omnium
1716 1324 1764 1388 Si-

438 1417 576 1480 culorum
598 1437 639 1480 ne
660 1417 832 1481 recedatur.
876 1418 960 1479 XVI.
982 1413 1033 1479 39.
1057 1417 1141 1492 Quid
1164 1438 1222 1500 eqo
1244 1420 1333 1483 istius
1356 1420 1389 1481 iu
1412 1421 1479 1482 iure
1503 1417 1639 1482 dicundo
1661 1416 1764 1481 libidi-

439 1530 510 1574 nem
538 1518 569 1573 et
596 1511 716 1574 scelera
747 1511 983 1574 demonstrem?
1013 1512 1085 1594 quis
1108 1520 1244 1575 vestrum
1266 1533 1329 1576 nou
1352 1533 1393 1576 ex
1413 1514 1532 1576 urbana
1552 1511 1763 1576 iurisdictione

438 1605 601 1689 cognovit?
624 1605 694 1690 quis
716 1625 863 1689 umquam
886 1606 946 1669 isto
968 1613 1111 1689 praetore
1124 1604 1297 1669 Chelidone
1319 1605 1416 1670 invita
1436 1606 1506 1688 lege
1528 1627 1620 1689 agere
1642 1607 1801 1691 potuitltc

436 1701 505 1762 Non
528 1700 637 1773 istum,
659 1707 779 1761 utnon
801 1700 975 1773 neminem,
997 1700 1155 1783 producis
1177 1701 1328 1784 corrupit:
1357 1700 1441 1763 idem
1461 1700 1537 1775 t'uit,
1564 1703 1618 1785 qui
1637 1703 1763 1767 Romae.

438 1793 515 1856 Cum
544 1792 593 1867 id,
623 1791 709 1876 quod
738 1814 848 1856 omnes
873 1793 1107 1874 intelligebant,
1136 1794 1253 1857 diceret
1275 1794 1456 1868 Heraclius,
1484 1795 1532 1857 ius
1554 1816 1625 1859 esse
1647 1804 1764 1859 certum

437 1886 566 1961 Siculis,
587 1888 669 1949 inter
691 1908 725 1950 sc
749 1908 813 1971 qno
835 1887 901 1950 iure
924 1895 1096 1961 certarent,
1119 1887 1221 1970 legam
1244 1909 1314 1952 csse
1335 1888 1508 1972 Rupiliam,
1531 1910 1626 1973 qnam
1647 1892 1680 1952 P.
1702 1890 1765 1953 nu-

436 1981 529 2063 pilius
552 1981 661 2044 consul
683 1981 723 2044 de
746 1982 853 2044 decem
876 1982 1048 2063 legatorum
1071 1983 1225 2045 sententia
1244 1982 1399 2057 dedisset;
1420 1982 1502 2045 banc
1516 2002 1626 2047 omnes
1641 2004 1766 2069 semper

437 2075 469 2135 in
492 2074 597 2137 Sicilia
619 2074 764 2138 consules
786 2082 1009 2158 praetoresque
1031 2095 1189 2140 servasse:
1218 2079 1343 2159 negarit
1372 2098 1406 2140 sc
1429 2076 1549 2140 indices
1572 2078 1681 2161 alege
1703 2080 1804 2143 itu-u

436 2168 511 2252 pilia
543 2170 742 2243 sortitnrnm;
783 2170 923 2253 quinque
957 2168 1095 2243 indices,
1131 2191 1212 2253 qnos
1243 2169 1439 2234 commodum
1472 2172 1533 2254 ipsi
1563 2169 1636 2247 fuit,
1669 2171 1764 2236 dedit.

437 2258 488 2324 40.
511 2261 594 2338 Quid
617 2262 676 2324 boc
698 2264 825 2326 bomine
847 2262 967 2328 iacias?
996 2262 1080 2346 quod
1111 2264 1295 2347 supplicium
1326 2264 1454 2347 dignum
1476 2265 1606 2329 libidine
1629 2267 1697 2329 eins
1717 2267 1766 2328 in-

436 2357 566 2420 uenias‘l
588 2356 814 2439 Praescriptum
836 2357 891 2419 tibi
913 2379 983 2421 cnm
998 2365 1098 2431 esset,
1119 2356 1214 2420 bomo
1232 2353 1409 2441 [deterrime
1424 2352 1467 2441 et]
1484 2358 1764 2443 impudentissime,

437 2472 532 2536 quem
552 2450 592 2514 ad
608 2450 734 2514 modum
757 2449 874 2537 iudices
896 2454 976 2515 inter
999 2451 1120 2514 Siculos
1143 2452 1250 2527 darea3
1273 2474 1343 2516 cnm
1365 2453 1561 2536 imperatoris
1582 2453 1689 2538 populi
1703 2455 1765 2517 Ito·

436 2546 521 2609 mani
542 2546 723 2619 auctoritas,
746 2544 920 2627 legatorum
942 2544 1067 2619 decem,
1089 2566 1281 2609 summorum
1297 2544 1478 2620 bominum,
1501 2545 1651 2631 dignitas,
1674 2558 1803 2613 sena-ao

437 2646 486 2701 tus
514 2639 689 2702 consultum
720 2638 942 2713 intercederet,
974 2640 1063 2702 onius
1092 2639 1234 2703 consulto
1261 2642 1295 2702 P.
1317 2639 1460 2723 Rupilius
1488 2639 1527 2704 de
1548 2662 1570 2704 x
1592 2642 1764 2724 legatorum
1801 2703 1803 2707 .

437 2734 591 2796 sententia
613 2733 700 2815 leges
721 2733 754 2794 iu
777 2732 879 2796 Sicilia
902 2733 1120 2808 constituerat;
1143 2754 1212 2796 cum
1234 2754 1342 2796 omnes
1365 2741 1437 2796 ante
1460 2741 1490 2798 ta
1512 2744 1687 2819 praetorem
1702 2738 1765 2803 Ru·

436 2827 528 2910 pilias
549 2828 636 2910 leges
658 2833 690 2888 et
711 2827 743 2888 in
766 2828 878 2889 ceteris
900 2826 994 2890 rebus
1017 2833 1048 2889 at
1068 2827 1101 2889 in
1121 2827 1241 2890 iudiciis
1256 2827 1392 2891 maxime
1408 2838 1602 2894 seruassent:
1624 2840 1657 2894 tu
1670 2852 1765 2895 ausus

438 2942 472 2984 cs
494 2941 550 3004 pro
572 2919 671 2983 nihilo
692 2940 767 3004 prae
789 2930 842 2983 tua
864 2916 981 3005 praeda
1002 2927 1046 2983 tot
1067 2940 1119 2982 res
1140 2921 1351 2984 sanctissimas
1366 2919 1502 2985 duceret
1524 2923 1581 2988 tibi
1603 2923 1691 2988 nulla
1712 2925 1765 2989 lex

436 3014 516 3078 initi
550 3014 637 3077 nulla
665 3013 796 3096 religio?
828 3013 932 3076 nullus
962 3014 1199 3077 existimationis
1227 3015 1352 3099 pudori
1385 3016 1490 3081 nullus
1512 3005 1617 3082 indicii
1639 3020 1803 3083 metuetis

437 3109 553 3172 nullius
574 3107 658 3191 apud
680 3115 711 3170 te
733 3107 835 3190 gravis
857 3107 1049 3170 auctoritas?
1071 3107 1192 3170 nullum
1216 3108 1412 3192 exemplum,
1435 3108 1521 3193 quod
1536 3112 1626 3195 sequi
1642 3111 1764 3176 velles?

437 3197 488 3264 ti.
510 3203 628 3265 Varum
649 3210 684 3264 ut
701 3202 820 3265 institui
835 3200 954 3275 dicere,
978 3201 1119 3284 quinque
1134 3200 1286 3266 indicibus
1301 3203 1389 3267 nulla
1402 3204 1489 3286 lege,
1512 3205 1599 3269 nullo
1613 3207 1765 3281 instituto,

436 3296 524 3359 nulla
545 3296 729 3369 reiectione,
751 3294 839 3359 nulla
859 3303 942 3358 sorte
965 3315 1006 3358 cx
1027 3295 1156 3358 libidine
1177 3295 1266 3360 istius
1289 3295 1387 3371 datis,
1411 3318 1474 3361 non
1497 3300 1551 3382 qui
1574 3321 1699 3365 causam
1714 3323 1765 3365 co-

437 3397 637 3473 gnoscerent,
660 3389 716 3451 sed
738 3388 792 3471 qui
815 3386 901 3472 qnod
923 3389 1109 3471 imperatum
1131 3397 1215 3452 asset
1236 3389 1426 3466 iudicarent,
1449 3412 1487 3455 eo
1503 3391 1555 3456 die
1570 3390 1649 3456 nihil
1663 3403 1764 3459 actum

437 3492 501 3557 est,
523 3484 634 3547 adesse
657 3483 804 3546 iubentur
823 3482 985 3566 postridie.
1028 3482 1128 3545 xvn.
1155 3479 1317 3547 Heraclius
1339 3485 1472 3560 interea,
1495 3508 1565 3551 cnm
1587 3507 1696 3551 omnes
1717 3486 1803 3550 into

438 3577 532 3642 sidias
553 3577 686 3641 t'ortnnis
708 3577 773 3640 suis
795 3596 814 3639 a
834 3583 977 3660 praetore
1001 3575 1068 3640 lieri
1090 3577 1224 3651 videret,
1247 3578 1327 3661 capit
1349 3579 1513 3643 consilium
1534 3579 1574 3643 de
1596 3582 1765 3644 amicorum

437 3683 469 3738 et
496 3675 743 3759 propinquorum
772 3673 927 3736 sententia
957 3691 1021 3735 non
1049 3670 1162 3735 adesse
1189 3671 1229 3736 ad
1260 3672 1418 3738 indicium.
1463 3674 1573 3759 ltaque
1604 3673 1765 3758 Syracusis
1841 3699 1845 3706 ’

437 3768 492 3832 illa
513 3778 603 3832 nocte
625 3766 771 3851 profugit.
807 3768 870 3830 lsta
892 3763 1041 3850 postridie
1064 3784 1172 3841 mane,
1195 3787 1264 3830 cum
1287 3768 1385 3830 multo
1407 3769 1557 3831 maturius
1580 3788 1676 3852 quam
1696 3789 1765 3831 um·

502 4015 527 4064 o.
545 4015 577 4063 iis
593 4015 620 4063 L.
639 4011 717 4077 prob.
735 4009 863 4062 Wesenb.
882 4009 979 4060 Obsvv.
999 4010 1024 4060 in
1048 4011 1115 4061 sest.
1135 4024 1161 4075 p.
1180 4009 1208 4062 lt
1229 4022 1285 4075 sq::
1307 4011 1345 4060 itis
1361 4010 1440 4062 codd.
1461 4037 1488 4046 -
1514 4017 1680 4062 conumarcui
1697 4011 1765 4079 ugia

438 4102 464 4155 p.
482 4103 519 4140 m.
538 4091 571 4138 ii.
597 4086 736 4150 vulgatam
754 4089 826 4136 recte
844 4083 989 4135 detendunt
1006 4085 1174 4136 distinctione
1193 4087 1292 4138 munta
1309 4085 1396 4137 Madv.
1415 4086 1462 4151 0p.
1480 4087 1501 4136 l.
1520 4100 1546 4151 p.
1559 4087 1617 4138 35⁴.
1635 4088 1764 4140 Wesenb.

439 4163 456 4214 l.
467 4163 496 4224 1..
514 4165 599 4215 Messe
617 4175 643 4227 p.
657 4162 697 4212 69.
715 4163 782 4212 Nam
800 4158 876 4223 vulgo
893 4162 992 4224 puncto
1010 4159 1178 4224 distinguitur
1194 4165 1255 4226 post
1270 4163 1436 4212 convenirent.
1449 4188 1477 4197 -
1496 4161 1520 4211 c.
1536 4174 1570 4212 ec
1586 4163 1638 4227 lece
1649 4168 1670 4214 Α
1680 4165 1765 4230 ngat:

439 4240 571 4305 elepedtt.
584 4238 644 4288 0.-
660 4239 684 4289 7.
697 4251 728 4288 ue
739 4235 952 4286 cb··recadctur
964 4232 1031 4297 Lgll
1043 4248 1152 4300 p.m.-
1167 4238 1191 4287 8.
1204 4236 1396 4289 diccudodtt.-
1410 4236 1436 4286 9.
1449 4237 1575 4287 ascum
1586 4240 1654 4300 Nep:
1672 4241 1767 4293 scelera

438 4314 557 4379 inlitu
576 4314 659 4364 ceteri
676 4326 728 4363 om.
744 4340 772 4349 -
790 4315 978 4362 commonstrem
994 4312 1024 4360 N.
1038 4337 1064 4346 -
1084 4310 1124 4361 ta.
1142 4312 1169 4362 Ρ.
1184 4313 1245 4375 nup.
1258 4314 1344 4363 consui
1360 4310 1495 4376 norgia
1511 4311 1566 4364 Pal.
1580 4326 1645 4364 sec:
1661 4322 1767 4378 praetor

437 4391 500 4455 ltitp.
518 4404 551 4440 aa
567 4390 594 4440 S.
608 4389 634 4440 C.
654 4390 699 4438 ctt.
720 4415 747 4424 -
767 4384 807 4436 tl.
825 4385 890 4434 tuuc
907 4381 974 4447 Lgli
993 4398 1019 4448 p.
1032 4398 1068 4435 m.
1082 4400 1123 4446 cp:
1142 4387 1187 4436 boc
1204 4387 1249 4436 ctt.
1263 4388 1329 4437 0.-
1348 4388 1389 4438 te.
1408 4387 1526 4437 iudicate
1542 4399 1595 4438 cm.
1609 4387 1677 4453 ogia
1689 4404 1716 4456 p.
1727 4404 1763 4442 m.

438 4467 471 4519 bl.
490 4468 657 4529 Quamquam
676 4467 820 4527 utrumque
840 4459 1001 4512 uocabulum
1022 4472 1071 4523 per
1086 4472 1116 4510 se
1138 4473 1190 4510 non
1214 4461 1393 4511 necessarium
1412 4464 1468 4522 est,
1494 4463 1584 4513 temen
1601 4463 1628 4513 b.
1647 4462 1664 4514 l.
1684 4464 1766 4517 multo

438 4544 480 4592 est
489 4539 693 4605 verisimilius[‘i]
711 4538 809 4590 librarii
825 4535 947 4587 socordia
965 4547 997 4584 ea
1009 4547 1069 4585 ease
1087 4536 1194 4594 omissa,
1213 4534 1239 4585 id
1252 4534 1323 4600 quod
1335 4535 1360 4585 in
1376 4537 1476 4601 optimo
1487 4534 1547 4586 cod.
1560 4537 1628 4601 Lgli
1640 4551 1692 4589 nou
1704 4552 1765 4590 raro

438 4617 546 4677 eccidit,
567 4618 694 4680 quoniam
711 4615 777 4666 intra
794 4613 818 4678 5.
837 4612 878 4663 it.
897 4612 922 4660 iu
941 4608 1036 4659 eadem
1053 4623 1083 4660 re
1101 4608 1209 4674 legitur:
1237 4613 1274 4661 uit
1296 4624 1321 4661 so
1337 4612 1430 4662 iodim
1445 4624 1478 4661 ee
1494 4611 1546 4675 teuc
1561 4613 1621 4664 cette
1636 4616 1722 4664 sortiti
1738 4617 1766 4666 et

438 4693 462 4757 5.
469 4692 521 4745 ii:
539 4705 633 4756 uapore
648 4697 776 4754 conpotes
787 4695 810 4739 te
819 4702 852 4738 aa
863 4687 915 4749 ieqe
926 4685 989 4746 liup.
1002 4685 1088 4734 sortiti
1101 4686 1193 4736 iudices
1204 4686 1320 4737 deheim.
1329 4714 1356 4723 —
1371 4687 1401 4736 ii
1407 4725 1412 4736 .
1425 4687 1470 4736 boc
1481 4686 1578 4736 domim
1589 4687 1658 4751 igit
1666 4690 1688 4740 N
1697 4690 1723 4741 ll
1730 4704 1763 4752 φτ

437 4770 494 4820 ituic
509 4770 602 4820 bennui
618 4769 663 4818 ctt.
685 4793 712 4803 -
731 4765 831 4816 libidine
847 4761 915 4826 ugia
933 4773 960 4824 p.
980 4772 1017 4809 m.
1034 4761 1109 4822 Μφι
1128 4760 1224 4811 tibidiiu
1241 4765 1285 4813 ctt.
1299 4762 1328 4812 0.
1348 4786 1377 4797 —
1397 4762 1436 4812 ta.
1456 4766 1580 4813 omnmo
1595 4779 1619 4824 φ
1635 4762 1689 4814 Pal.
1707 4777 1764 4815 sec.

438 4845 472 4895 ct.
491 4845 516 4909 ἓ.
533 4845 575 4895 22.
596 4868 623 4880 -
643 4843 774 4893 deterriuu
790 4845 813 4890 ct
829 4851 883 4888 om.
900 4833 968 4899 1.ng
981 4847 1007 4898 p.
1021 4847 1057 4885 m.
1071 4835 1105 4886 bl.
1121 4863 1148 4873 -
1168 4837 1207 4888 ⁴9.
1226 4837 1291 4887 inter
1308 4837 1358 4887 Sic.
1376 4837 1428 4886 iud.
1447 4836 1495 4887 dtt.
1508 4836 1538 4886 0.
1553 4862 1580 4870 -
1599 4838 1640 4886 ai.
1653 4838 1767 4889 coemtio

438 4919 574 4983 Lgmli.
595 4945 622 4955 -
640 4920 667 4968 P.
686 4920 748 4980 nup.
762 4918 792 4967 de
806 4915 832 4966 X
844 4915 891 4977 leq.
905 4908 973 4973 buli
990 4920 1017 4973 p.
1031 4921 1067 4959 m.
1081 4911 1123 4962 bl:
1141 4913 1169 4963 P.
1182 4914 1246 4977 liup.
1258 4926 1291 4964 ee
1307 4913 1355 4977 lep.
1367 4913 1400 4973 Ἐς
1417 4913 1444 4963 Ρ.
1458 4912 1521 4974 nup.
1538 4916 1642 4973 praetor
1653 4910 1703 4972 (vel
1712 4914 1765 4977 pr.)

438 5007 472 5044 eu
487 4995 533 5058 lep.
548 4997 593 5044 cit.
609 5022 635 5032 -
654 4994 695 5043 22.
713 4997 772 5043 cote
787 4996 811 5041 te
824 4992 967 5053 praetorem
978 4982 1072 5047 [ΒΘΗ
1088 4990 1221 5051 pmii:
1240 4993 1297 5039 cute
1314 4993 1338 5038 te
1352 4989 1399 5039 aa.
1413 4985 1455 5037 alii
1468 4984 1558 5047 codd.;
1577 4989 1634 5034 cute
1651 4990 1674 5034 ta
1687 4999 1766 5048 prae-

439 5072 504 5119 iom
521 5068 569 5120 dii,
590 5096 617 5106 ..
635 5069 677 5119 23,
695 5073 718 5119 ,t
734 5070 761 5118 in
777 5071 822 5117 cpi,
840 5064 939 5123 turp:
958 5062 982 5108 ct
999 5071 1053 5108 om.
1072 5059 1120 5111 dit.
1140 5090 1168 5099 -
1187 5068 1210 5113 et
1226 5063 1252 5113 iu
1269 5064 1321 5114 iuri.
1340 5077 1411 5113 mcc.
1429 5076 1483 5113 om.
1503 5060 1570 5125 ugia
1587 5074 1613 5125 p.
1633 5073 1670 5110 m.
1688 5064 1722 5114 Μ.
1735 5089 1764 5101 -

439 5149 576 5195 εονυαεεοηι
592 5142 660 5206 ogia
677 5156 703 5207 p.
723 5155 758 5193 m.
777 5143 818 5193 n:
838 5137 1005 5192 obsemcueot
1020 5135 1066 5186 ctt.
1079 5137 1109 5187 0.
1129 5162 1157 5174 -
1176 5139 1217 5190 28.
1236 5139 1366 5189 reiectione
1379 5136 1449 5202 ugia
1465 5151 1492 5202 p.
1505 5150 1542 5187 m.
1560 5136 1629 5188 Fu:
1647 5136 1766 5203 ratiatou

440 5221 486 5270 ctt.
505 5219 534 5267 0.
559 5245 586 5254 -
611 5217 651 5268 3⁴.
668 5219 728 5281 sort.
745 5231 766 5268 s.
785 5230 803 5266 c
822 5231 864 5280 pr.
883 5216 915 5268 l:
943 5230 960 5267 c
977 5221 1019 5271 pr.
1036 5209 1056 5273 Ι.
1074 5224 1095 5261 a.
1114 5212 1162 5264 dtt.
1181 5215 1211 5265 0.
1230 5239 1260 5252 -
1283 5214 1325 5266 32.
1347 5214 1394 5265 ica
1414 5217 1485 5264 nocte
1500 5211 1559 5273 Svr.
1578 5210 1714 5275 anim.
1735 5241 1763 5251 -

440 5290 481 5344 ³3.
495 5293 616 5357 postridie
633 5291 701 5357 ugia
717 5306 744 5358 p.
757 5305 808 5344 m.:
824 5296 923 5355 postero
940 5292 979 5343 die
995 5293 1041 5342 ott.
1059 5291 1089 5342 0.
1108 5288 1142 5342 cl.
1160 5288 1185 5354 3.
1202 5288 1245 5344 li.
