4367 6109
461 553 524 623 426
866 560 909 624 IN
930 559 1098 627 VERREM
1118 556 1242 626 acilo
1263 563 1389 628 PRIMA

460 749 554 813 agere
576 736 609 792 et
628 729 775 811 cogitare.
804 728 956 812 Reperio,
985 731 1125 806 iudices,
1154 731 1234 794 baec
1255 733 1296 796 ab
1318 732 1389 796 istis
1411 732 1545 796 consilia
1564 733 1642 797 inita
1663 741 1696 797 et
1716 753 1793 797 con·

460 824 587 899 stituta,
617 830 667 896 ut,
696 842 898 907 quacumque
928 845 1011 909 opus
1033 834 1118 889 esset
1139 826 1278 902 ratione,
1301 847 1353 891 res
1374 827 1419 890 ita
1442 826 1628 904 duceretur,
1649 837 1686 892 ut
1706 830 1792 912 apud

459 920 501 982 Μ.
516 919 678 983 Metellum
700 925 878 1000 praetorem
900 939 998 982 causa
1020 920 1189 983 diceretur.
1221 922 1258 984 ln
1280 941 1319 986 eo
1342 942 1413 986 esse
1427 921 1506 985 baec
1522 924 1706 987 commoda:
1728 925 1791 1006 pri-

459 1034 545 1077 mum
567 1015 609 1076 Μ.
623 1011 785 1076 Metellum
800 1014 1043 1076 amicissimum:
1065 1014 1180 1078 deinde
1197 1016 1402 1079 Hortensium
1416 1017 1583 1079 consulem
1596 1035 1662 1080 non
1677 1017 1791 1090 solum,

436 1107 516 1170 tsed
538 1108 632 1169 etiam
651 1106 691 1182 Q.
705 1106 886 1180 Metellum,
909 1109 965 1190 qui
988 1128 1083 1191 quam
1106 1109 1158 1173 isti
1181 1111 1222 1172 sit
1244 1110 1383 1191 amicus,
1406 1109 1574 1173 attendite:
1596 1110 1686 1175 dedit
1707 1112 1790 1173 enim

458 1199 708 1284 praerogativam
735 1218 812 1262 suae
840 1200 1014 1264 voluntatis
1043 1202 1217 1278 eiusmodi,
1247 1212 1283 1266 ut
1313 1203 1365 1267 isti
1397 1224 1454 1285 pro
1476 1203 1706 1286 praerogativis
1728 1205 1791 1267 iam

457 1293 635 1357 reddidisse
657 1293 812 1357 videatur.
845 1290 896 1356 27.
919 1297 968 1357 bn
991 1316 1041 1359 me
1063 1299 1234 1361 taciturum
1257 1298 1352 1360 tantis
1375 1299 1414 1361 de
1435 1298 1530 1360 rebus
1551 1298 1790 1361 existimavistis

458 1397 490 1452 et
519 1409 569 1452 me
598 1387 632 1450 in
659 1395 747 1451 tanto
777 1387 824 1450 rei
854 1389 1001 1472 publicae
1030 1391 1340 1474 existimationisque
1362 1412 1451 1454 meae
1472 1393 1614 1474 periculo
1636 1392 1788 1474 cuiquam

458 1482 678 1545 consulturum
700 1482 808 1565 potius
831 1502 928 1567 quam
950 1480 1056 1547 officio
1072 1492 1105 1547 et
1123 1485 1269 1568 dignitati
1285 1488 1396 1548 meael
1428 1485 1569 1548 Arcessit
1583 1485 1663 1547 alter
1677 1484 1790 1546 consul

420 1592 448 1655 so
457 1575 641 1658 designatus
664 1575 806 1639 Siculos:
836 1577 971 1639 veniunt
991 1578 1156 1653 nonnulli,
1178 1585 1348 1661 propterea
1369 1578 1458 1663 quod
1479 1580 1515 1641 L.
1536 1577 1685 1641 Metellus
1707 1585 1791 1640 esset

457 1677 587 1753 praetor
606 1669 640 1731 in
663 1669 781 1732 Sicilia.
816 1670 895 1733 Cum
917 1671 956 1733 iis
970 1671 1015 1734 ita
1029 1673 1188 1755 loquitur:
1211 1693 1246 1735 se
1261 1673 1427 1736 consulem
1442 1692 1529 1747 esse;
1551 1671 1681 1734 fratrem
1696 1690 1789 1734 suum

455 1765 591 1828 alterum
614 1763 754 1826 Siciliam
776 1764 971 1846 provinciam
994 1766 1155 1841 obtinere,
1180 1766 1314 1829 alterum
1337 1787 1408 1830 esse
1430 1767 1649 1850 qqaesiturum
1672 1764 1712 1827 de
1734 1785 1790 1849 pe·

456 1859 560 1923 cuniis
579 1856 781 1940 repetundis3
811 1859 901 1920 Verri
923 1879 964 1921 ne
986 1861 1094 1923 noceri
1117 1860 1237 1943 possit,
1265 1861 1373 1924 multis
1393 1861 1570 1923 rationibus
1592 1878 1662 1923 esse
1684 1861 1790 1942 provi·

455 1973 537 2017 sum.
579 1953 621 2014 X.
642 1949 694 2013 28.
717 1951 805 2027 Quid
828 1961 892 2026 est,
924 1973 1062 2036 quaeso,
1092 1955 1235 2028 Metelle,
1258 1954 1411 2018 iudicium
1435 1973 1655 2036 corrumpere,
1677 1952 1704 2016 si
1725 1953 1788 2015 hoc

418 2062 521 2110 ttnon
544 2049 613 2110 esti
642 2053 755 2121 testes,
786 2048 973 2129 praesertim
996 2049 1138 2124 Siculos,
1167 2047 1296 2111 timidos
1317 2048 1464 2111 homines
1487 2055 1519 2110 et
1539 2047 1693 2120 afflictos,
1722 2065 1787 2108 non

456 2142 560 2204 solum
582 2139 770 2203 auctoritate
793 2139 969 2215 deterrere,
997 2141 1054 2204 sed
1077 2142 1173 2204 etiam
1195 2143 1355 2205 consulari
1376 2150 1462 2205 metu
1484 2149 1517 2204 et
1538 2142 1674 2205 duorum
1695 2160 1788 2223 prae·

455 2243 561 2298 torum
582 2235 760 2316 potestate?
795 2233 880 2309 Quid
901 2233 1022 2297 iaceres
1041 2255 1100 2318 pru
1116 2235 1286 2299 innocente
1298 2237 1429 2299 homine
1445 2244 1476 2298 et
1490 2235 1691 2318 propinquo,
1715 2255 1787 2297 cum

455 2334 587 2412 propter
607 2327 768 2390 bominem
789 2328 1039 2411 perditissimum
1063 2337 1161 2412 atque
1182 2330 1412 2393 alienissimum
1434 2331 1474 2393 de
1496 2327 1602 2393 officio
1625 2348 1662 2391 ac
1685 2327 1788 2410 digni·

455 2430 520 2486 tate
542 2421 668 2485 decedis
691 2429 724 2484 et
744 2421 933 2495 committis,
965 2428 1017 2495 ut,
1040 2422 1128 2505 quod
1150 2423 1205 2485 ille
1227 2423 1367 2499 dictitat,
1389 2424 1497 2498 alicui,
1521 2423 1577 2507 qui
1599 2430 1631 2486 te
1652 2423 1787 2505 ignoret,

417 2530 565 2583 toverum
587 2535 657 2579 esse
679 2515 845 2577 videaturi
888 2512 940 2577 29.
962 2517 1042 2578 Nam
1063 2515 1125 2579 boc
1147 2516 1277 2581 Verrem
1300 2518 1407 2581 dicere
1429 2517 1573 2592 aiebant,
1595 2524 1627 2580 te
1642 2535 1707 2578 non
1721 2514 1786 2577 lato

455 2619 492 2676 ut
513 2620 634 2674 ceteros
657 2631 697 2673 ex
718 2618 822 2673 vestra
843 2610 980 2685 familia,
1002 2611 1059 2674 sed
1081 2631 1180 2694 opera
1194 2632 1252 2675 sua
1266 2612 1431 2675 consulem
1446 2611 1574 2674 iactum.
1603 2611 1676 2673 Duo
1691 2609 1788 2692 igitur

455 2707 603 2770 consules
625 2713 657 2768 et
678 2705 841 2788 quaesitor
862 2712 956 2767 erunt
977 2726 1018 2768 ex
1039 2705 1127 2768 illius
1150 2707 1323 2769 voluntate.
1366 2707 1438 2768 Non
1460 2705 1565 2769 solum
1588 2703 1787 2787 effugiemus,

453 2800 575 2883 inquit,
602 2799 764 2861 bominem
786 2799 820 2860 in
843 2799 1026 2881 quaerendo
1050 2800 1183 2863 nimium
1206 2798 1411 2883 diligentem,
1440 2798 1574 2862 nimium
1596 2796 1786 2861 servientem

454 2893 567 2977 populi
589 2891 833 2965 existimationi,
858 2892 908 2955 Μ’.
924 2892 1145 2968 Glabrionem
1168 2893 1299 2956 accedet
1319 2894 1414 2956 etiam
1436 2892 1529 2954 nobis
1551 2892 1641 2956 illud.
1684 2891 1786 2956 Iudex

416 2997 504 3054 esest
524 2992 564 3052 Μ.
588 2987 780 3060 Caesonius,
809 2986 932 3068 collega
953 2988 1053 3050 nostri
1075 2987 1286 3061 accusatoris,
1316 2987 1413 3049 bomo
1435 2987 1468 3049 in
1491 2985 1586 3049 rebus
1607 2985 1785 3050 iudicandis

455 3091 615 3167 spectatus
637 3090 669 3145 et
690 3081 852 3164 cognitus,
876 3100 971 3163 quem
993 3081 1123 3144 minime
1145 3081 1295 3165 expediat
1317 3101 1387 3144 esse
1409 3081 1442 3142 in
1466 3100 1505 3143 eo
1520 3081 1673 3154 consilio,
1696 3078 1785 3163 quod

454 3197 607 3241 conemur
633 3176 744 3259 aliqua
773 3175 896 3238 ratione
927 3195 1149 3258 corrumpere,
1181 3183 1350 3259 propterea
1372 3173 1459 3258 quod
1486 3175 1549 3237 iam
1570 3182 1680 3248 antea,
1712 3193 1784 3236 cum

453 3271 552 3335 iudex
574 3271 607 3333 in
627 3271 763 3333 Iuniano
786 3269 921 3332 consilio
943 3269 1076 3345 luisset,
1104 3270 1323 3352 turpissimum
1345 3268 1425 3331 illud
1446 3268 1571 3331 facinus
1593 3287 1658 3330 non
1680 3267 1784 3330 solum

454 3365 591 3448 graviter
606 3364 687 3437 tulit,
704 3362 759 3426 sed
776 3362 870 3425 etiarn
887 3363 919 3426 in
935 3363 1073 3426 medium
1087 3363 1232 3448 protulit.
1254 3365 1348 3426 Hunc
1363 3363 1501 3425 iudicem
1517 3383 1558 3425 ex
1573 3361 1643 3424 Kal.
1660 3361 1784 3423 Ianuar.

413 3470 443 3520 to
454 3479 520 3523 non
530 3457 728 3522 habebimus.
751 3454 802 3519 30.
812 3456 851 3530 Q.
861 3456 1015 3520 Manlium
1030 3466 1063 3521 et
1078 3458 1117 3533 Q.
1126 3455 1340 3531 Cornificium,
1356 3457 1438 3520 duos
1453 3455 1672 3519 severissimos
1688 3461 1785 3536 atque

452 3552 672 3636 integerrimos
693 3551 825 3626 iudices,
849 3550 937 3634 quod
959 3551 1079 3614 tribuni
1102 3551 1204 3633 plebis
1220 3558 1287 3614 tum
1303 3558 1406 3622 erunt,
1429 3550 1553 3613 iudices
1568 3568 1633 3612 non
1655 3546 1786 3612 babebi-

453 3668 535 3712 mus.
556 3648 589 3709 1³.
601 3644 772 3727 Sulpicius,
788 3643 885 3706 iudex
901 3644 998 3707 tristis
1014 3652 1047 3707 et
1060 3645 1194 3727 integer,
1211 3645 1428 3727 magistratum
1443 3645 1530 3706 ineat
1544 3650 1672 3725 oportet
1684 3639 1785 3705 Nonis

452 3740 616 3804 Decembr.
638 3741 682 3802 M.
702 3737 891 3819 Crepereius
919 3757 959 3800 ex
987 3739 1141 3801 acerrima
1168 3739 1224 3802 illa
1246 3739 1385 3823 equestri
1407 3738 1529 3801 familia
1551 3744 1584 3799 et
1604 3734 1783 3818 disciplina,

453 3836 488 3898 l..
504 3835 632 3898 Cassius
654 3852 695 3896 ex
714 3831 838 3895 familia
858 3851 930 3894 cum
952 3830 993 3893 ad
1012 3838 1134 3895 ceteras
1148 3853 1199 3895 res
1215 3841 1281 3897 tum
1296 3831 1558 3896 adiudicandum
1573 3829 1783 3903 severissima,

519 4075 543 4128 l.
561 4075 672 4126 conmles
686 4087 775 4137 eosque
790 4088 840 4124 non
856 4073 936 4123 solnm
953 4074 985 4123 Gt
999 4088 1005 4133 ;
1029 4075 1171 4125 consulem:
1194 4089 1234 4126 eos
1250 4089 1300 4126 non
1316 4075 1395 4125 sotum
1412 4075 1448 4134 H;
1473 4073 1612 4124 consulem:
1630 4085 1718 4135 eosque
1732 4085 1784 4121 non

450 4153 532 4204 sotum
552 4153 620 4202 coni.
639 4150 721 4201 Klotz.
740 4150 851 4207 Kabut.;
877 4149 1014 4212 consulem,
1041 4151 1214 4213 caussamque
1233 4165 1284 4200 non
1305 4163 1362 4201 mm
1377 4150 1458 4200 solsen
1474 4150 1543 4200 coni.
1561 4147 1647 4199 Halm.
1673 4144 1783 4209 Vulgata

451 4228 591 4281 sanissima
608 4240 694 4291 eaque
711 4226 750 4276 sic
767 4225 980 4289 interpretanda:
1005 4225 1118 4276 «deinde
1136 4226 1306 4277 Hortensium
1323 4223 1461 4277 consulem
1478 4238 1532 4275 non
1549 4222 1635 4274 solum
1652 4220 1784 4272 amicissi-

451 4316 541 4364 mum,
563 4301 612 4354 sed
634 4302 714 4352 etiam
737 4302 767 4361 Q.
785 4299 919 4350 Metellum
940 4300 1079 4352 consulem
1100 4302 1319 4352 amicissimum.»
1348 4302 1415 4350 Nam
1437 4299 1511 4362 quod
1534 4297 1689 4348 Hortensius
1706 4299 1733 4346 et
1750 4296 1782 4355 Q.

450 4377 571 4430 Hetellus
589 4374 712 4427 consules
730 4376 818 4435 erant,
837 4375 863 4424 in
882 4388 915 4424 eo
932 4374 995 4426 nibil
1013 4377 1071 4425 erat
1087 4375 1234 4435 commodi,
1254 4375 1303 4424 nisi
1320 4375 1395 4425 Verri
1413 4376 1488 4424 erent
1504 4373 1591 4423 amici.
1618 4373 1722 4432 Quanta
1733 4384 1784 4421 eu-

450 4458 506 4508 tem
529 4453 607 4506 tuerit
624 4453 654 4512 Q.
672 4447 768 4500 Metelli
785 4449 899 4500 amicitia
916 4448 1068 4514 quibusque
1085 4450 1168 4501 rebus
1185 4452 1341 4514 conspicua,
1364 4451 1462 4501 deinde
1480 4449 1593 4515 explicat
1608 4447 1719 4509 Tullium
1742 4461 1784 4499 eos

450 4533 538 4582 ortum
557 4531 599 4579 est
615 4525 734 4585 010083
754 4525 815 4575 inde
833 4523 926 4575 turbae
944 4528 1026 4575 ortae.
1043 4552 1070 4561 -
1089 4527 1114 4576 6.
1126 4527 1179 4575 mm
1197 4528 1228 4577 64
1243 4526 1304 4576 ist.
1323 4526 1371 4577 el:
1389 4540 1446 4576 eom
1462 4524 1638 4589 Lgtblibo.
1653 4549 1681 4561 —
1700 4524 1725 4574 7.
1743 4537 1783 4575 me

451 4606 483 4658 64
496 4603 595 4666 teuta
615 4615 668 4653 om.
682 4599 730 4650 dtt.
748 4601 777 4650 0.
794 4627 818 4638 -
839 4600 864 4649 s.
883 4601 986 4650 arcessit
1001 4602 1033 4649 64
1047 4601 1092 4650 ib
1102 4602 1136 4652 S:
1155 4602 1259 4650 accersit
1274 4601 1321 4650 dtt.
1340 4628 1364 4639 ·-
1384 4602 1424 4650 to.
1439 4602 1468 4663 Q.
1481 4602 1540 4651 Met.
1553 4599 1632 4650 codd.
1662 4599 1783 4650 Correxit

450 4680 597 4742 Naugerius
608 4678 634 4727 in
646 4676 803 4726 Victoriana.
820 4702 846 4711 -
867 4676 907 4725 tt.
925 4674 964 4740 iis]
981 4675 1020 4724 tris
1036 4676 1072 4724 st.
1086 4676 1115 4725 L.
1130 4703 1157 4712 -
1172 4677 1211 4726 47.
1230 4677 1312 4726 innoc.
1330 4677 1395 4726 bom
1408 4677 1440 4725 Gt
1453 4672 1511 4724 ti:
1529 4676 1595 4725 bom.
1613 4674 1666 4724 ton.
1683 4673 1730 4723 dtt.
1743 4673 1781 4724 St.

450 4755 480 4806 0.
496 4782 522 4791 —
543 4753 583 4802 49.
604 4751 884 4801 decedes-committes
900 4751 968 4800 coni.
987 4748 1051 4799 Keil.
1070 4752 1160 4813 Progr.
1180 4751 1304 4814 Liegnitz.
1323 4749 1396 4802 4846.
1414 4763 1440 4814 p.
1459 4750 1501 4799 XI.
1528 4776 1556 4786 -
1581 4749 1679 4812 ignoret
1695 4749 1728 4798 64
1740 4748 1783 4808 25

450 4829 537 4893 Lgtbz
555 4828 657 4891 ipnorat
673 4826 721 4876 dtt.
741 4826 771 4875 0.
789 4852 817 4862 -
841 4826 882 4875 tt.
901 4825 1028 4888 maestos
1043 4824 1142 4888 nigla
1160 4823 1207 4875 al.:
1235 4831 1352 4888 mator
1370 4827 1431 4874 Gli
1452 4827 1514 4888 ng.
1530 4823 1563 4875 el.
1584 4851 1613 4861 -
1636 4823 1678 4875 at.
1693 4823 1783 4886 populi

449 4905 520 4955 Hom.
532 4903 561 4953 L.
575 4927 604 4939 -
623 4900 784 4953 monneto
800 4902 832 4951 64
845 4902 861 4951 2
872 4902 933 4964 ng.
953 4902 1060 4964 praeter
1070 4900 1123 4951 tic
1141 4900 1212 4950 noue
1227 4902 1302 4953 etiem
1313 4903 1349 4951 st.
1360 4902 1389 4950 0.
1409 4900 1448 4951 Cl.
1466 4899 1542 4950 Hand
1559 4899 1635 4948 Turs.
1648 4898 1679 4948 ll.
1692 4910 1720 4962 p.
1731 4896 1781 4948 644

450 4991 491 5044 sq.
510 4976 596 5029 Halm.
614 4976 647 5027 ad
665 4977 750 5027 Vatiu.
769 4989 795 5041 p.
809 4977 849 5026 69.
864 5004 891 5012 -
910 4977 951 5025 46.
970 4975 1069 5038 empedit
1085 4977 1111 5025 S.
1127 5003 1154 5012 -
1172 4976 1421 5028 4004146646.-
1440 4977 1481 5026 27.
1498 4977 1615 5024 lamam.
1629 4974 1676 5023 64.
1690 4998 1719 5010 -
1738 4973 1779 5023 ao.

449 5054 591 5105 babebimm
607 5053 685 5103 Gis:
704 5051 820 5102 babemus
831 5053 863 5101 64
876 5053 962 5114 ςιςς.
976 5049 1070 5114 pleriq.
1090 5053 1138 5101 ubl
1154 5065 1282 5117 praesens
1300 5056 1405 5115 tempus
1422 5051 1449 5100 iu
1464 5049 1675 5101 consideratione
1686 5050 1726 5099 rel
1738 5048 1782 5099 lu·

449 5134 526 5183 tnrae
536 5131 605 5181 inter
616 5129 721 5193 longam
732 5129 830 5179 seriem
842 5128 991 5179 tuturorum
1002 5125 1093 5176 locum
1108 5139 1162 5177 non
1175 5126 1282 5177 babet.»
1299 5126 1385 5178 Madv.
1398 5128 1418 5176 l.
1436 5139 1463 5190 p.
1476 5124 1532 5177 333.
1548 5153 1575 5162 -
1588 5125 1705 5176 lteltlsen
1718 5125 1751 5174 64
1764 5124 1780 5174 t

449 5207 553 5271 Lgttig.
567 5230 595 5242 ·-
614 5205 656 5256 st.
673 5205 791 5256 iubemus
806 5206 838 5255 Gt
852 5204 898 5254 td.
914 5230 941 5241 -
959 5201 1452 5265 at.opertetcan;1.gssn:eeceee
1466 5205 1502 5252 est
1518 5200 1548 5251 0.
1568 5227 1596 5237 -
1614 5198 1782 5263 asenneus

448 5283 582 5335 elion·
601 5281 642 5336 34.
659 5295 718 5334 eum
734 5280 920 5346 Gtctgasn:
945 5284 999 5331 teau
1016 5278 1109 5339 dtt.0;
1129 5291 1184 5330 om.
1202 5278 1250 5328 64.
