4367 6109
462 521 525 590 372
823 526 865 588 IN
886 524 1051 588 VERREM
1071 523 1194 587 ACTIO
1217 522 1400 588 SECUNDA

462 718 503 761 cx
524 715 597 760 aere
618 693 853 780 pulcherrimas,
876 694 938 755 vim
960 694 1128 756 maximam
1150 712 1295 758 vasomm
1319 691 1551 756 Corinthiorum
1573 711 1616 755 ex
1637 688 1792 754 omnibns

461 790 591 856 aedibus
613 789 708 852 sacris
730 786 857 850 abstulit
878 787 1050 871 Syracusis.
1094 781 1165 848 t3a.
1188 788 1312 872 ltaque,
1335 786 1472 860 iudices,
1498 787 1537 860 ii,
1560 785 1617 870 qui
1638 783 1791 867 hospites

461 884 502 948 ad
525 903 578 958 ca,
610 900 691 965 quae
712 881 844 943 visenda
864 888 954 956 sunt,
982 881 1087 943 solent
1115 880 1228 944 ducere
1251 889 1283 943 et
1311 901 1410 943 unum
1440 880 1581 965 quidque
1604 877 1790 951 ostendere,

462 998 541 1063 qnos
572 975 619 1039 illi
647 982 845 1059 mystagogos
873 981 1002 1049 vocant,
1035 995 1217 1038 conversam
1245 976 1307 1039 iam
1334 975 1453 1039 habent
1481 970 1790 1038 demonstrationem

437 1084 558 1136 asuam.
591 1071 686 1144 Nam,
708 1077 743 1132 ut
763 1077 835 1132 ante
851 1068 1123 1144 demonstrabant,
1146 1069 1221 1154 quid
1236 1068 1352 1153 ubique
1368 1075 1481 1143 esset,¹
1492 1069 1566 1133 item
1585 1087 1684 1141 nunc,
1707 1062 1789 1150 quid

459 1164 601 1249 undique
622 1164 759 1226 ablatum
781 1164 835 1237 sit,
858 1162 1037 1225 ostendunt.

545 1258 629 1334 Quid
651 1260 738 1320 tuml
761 1256 952 1320 mediocrine
975 1256 1100 1320 tandem
1123 1255 1232 1320 dolore
1254 1278 1308 1320 eos
1330 1259 1458 1320 allectos
1473 1277 1542 1321 esse
1562 1253 1788 1321 arbitraminit

458 1355 530 1417 Non
551 1352 594 1416 ita
616 1358 679 1425 est,
708 1351 847 1413 iudices:
875 1350 1025 1431 primum,
1048 1351 1133 1434 quod
1156 1371 1265 1414 omncs
1287 1350 1438 1434 religione
1460 1359 1627 1416 moventur
1650 1357 1684 1415 et
1706 1349 1787 1413 deos

458 1447 594 1531 patrios,
624 1466 706 1530 quos
734 1465 753 1508 a
780 1444 951 1506 maioribus
973 1451 1177 1526 acceperunt,
1207 1444 1356 1508 colendos
1378 1445 1438 1507 sibi
1460 1445 1628 1528 diligenter
1651 1452 1685 1509 et
1705 1443 1789 1508 reti·

421 1540 580 1605 canendos
602 1561 672 1604 esse
693 1539 898 1601 arbitrantur:
922 1536 1037 1599 deinde
1058 1537 1109 1599 hic
1131 1547 1276 1613 ornatus,
1301 1536 1379 1601 baec
1401 1558 1497 1620 opera
1517 1546 1614 1622 atque
1635 1537 1787 1611 artificia,

457 1636 562 1718 signa,
591 1632 715 1697 tabulae
744 1632 860 1715 pictae,
889 1631 1026 1694 Graecos
1052 1630 1196 1694 homines
1219 1631 1317 1695 nimio
1341 1651 1437 1714 opere
1459 1632 1626 1696 delectant.
1670 1634 1788 1717 ltaque

458 1749 499 1794 ex
520 1729 646 1792 illorum
669 1725 875 1811 querimoniis
896 1726 1071 1809 intelligere
1086 1746 1264 1808 possumus,
1279 1724 1357 1788 baec
1372 1725 1435 1789 illis
1450 1726 1653 1791 acerbissima
1668 1725 1786 1799 videri,

457 1843 540 1907 quae
561 1823 693 1888 forsitan
715 1820 806 1883 nobis
826 1819 909 1883 levia
930 1828 961 1883 ct
985 1820 1213 1883 contemnenda
1234 1840 1304 1882 esse
1325 1820 1501 1883 videantur.
1547 1821 1626 1886 Mihi
1649 1820 1786 1894 credite,

456 1917 596 1990 iudices,
619 1911 753 1996 (tametsi
776 1920 897 1976 vosmet
918 1913 1005 1996 ipsos
1026 1913 1105 1976 baec
1127 1913 1235 1977 eadem
1251 1914 1359 1976 audire
1381 1921 1466 1977 certo
1488 1913 1580 1997 scio,)
1603 1936 1676 1979 cum
1697 1912 1786 1979 mul·

420 2018 504 2075 totas
525 2009 705 2092 acceperint
730 2028 787 2091 per
815 2007 911 2070 hosce
933 2026 1033 2070 annos
1055 2008 1133 2070 socii
1153 2017 1249 2090 atque
1271 2014 1398 2071 exterae
1419 2009 1563 2072 nationes
1584 2009 1785 2073 calamitates

456 2112 487 2168 et
509 2103 657 2177 iniurias,
679 2101 783 2164 nullas
805 2101 916 2164 Graeci
936 2100 1080 2164 homines
1102 2102 1227 2183 gravius
1255 2101 1361 2165 lerunt
1381 2122 1418 2165 ac
1439 2103 1581 2187 tulerunt
1601 2123 1697 2187 quam
1721 2103 1785 2165 bu-

454 2198 541 2262 iusce
565 2195 649 2261 modi
671 2195 876 2277 spoliationes
898 2193 1044 2257 sanorum
1058 2203 1155 2278 atque
1177 2196 1374 2279 oppidorum.
1411 2190 1481 2258 t33.
1504 2196 1597 2259 Licet
1613 2197 1673 2260 iste
1695 2197 1784 2261 dicat

455 2293 569 2356 emisse
591 2310 641 2364 se,
664 2289 756 2352 sicuti
779 2289 861 2352 solet
881 2289 1002 2362 dicere,
1025 2289 1143 2351 credite
1164 2289 1225 2352 hoc
1247 2290 1341 2364 mihi,
1362 2288 1501 2365 iudices,
1523 2290 1612 2353 nulla
1626 2309 1784 2374 umquam

454 2385 564 2450 civitas
587 2392 652 2448 tota
672 2383 748 2445 Asia
769 2390 801 2445 et
823 2383 953 2445 Graecia
974 2383 1098 2464 signum
1119 2383 1235 2457 ullum,
1258 2383 1396 2447 tabulam
1418 2384 1550 2468 pictam,
1572 2383 1673 2448 ullum
1688 2383 1784 2447 deni·

415 2493 515 2565 acque
538 2485 755 2544 ornamentum
779 2477 881 2551 urbis,
904 2497 960 2540 sua
981 2476 1144 2540 voluntate
1167 2478 1314 2561 cuiquam
1335 2477 1488 2541 vendidit.
1524 2479 1592 2542 Nisi
1612 2478 1695 2543 forte
1711 2478 1783 2542 exi·

453 2575 603 2649 stimatis,
632 2579 840 2656 posteaquam
863 2570 980 2633 iudicia
1002 2590 1112 2633 severa
1134 2572 1250 2634 Romae
1272 2571 1340 2634 lieri
1362 2572 1540 2647 desierunt,
1563 2573 1699 2637 Graecos
1723 2573 1784 2636 bo-

453 2669 554 2731 mines
583 2665 662 2728 baec
691 2663 854 2726 venditare
884 2664 1044 2746 coepisse,
1074 2684 1156 2747 quae
1184 2673 1249 2727 tum
1273 2686 1336 2728 non
1359 2665 1453 2729 modo
1476 2686 1542 2728 non
1562 2668 1781 2743 venditabant,

452 2782 523 2826 cum
551 2759 666 2822 iudicia
694 2757 824 2831 liebant,
855 2778 963 2820 verum
991 2757 1084 2820 etiam
1114 2760 1313 2834 coemebant:
1345 2769 1400 2823 aut
1428 2760 1490 2823 uisi
1519 2760 1713 2826 arbitramini
1742 2761 1779 2826 L.

452 2855 582 2928 Crasso,
604 2852 643 2928 Q.
666 2850 853 2925 Scaevolae,
877 2852 909 2914 C.
926 2851 1073 2926 Claudio,
1096 2853 1326 2933 potentissimis
1347 2854 1546 2928 hominibus,
1570 2874 1708 2938 quornm
1725 2874 1781 2918 ae·

413 2948 589 3011 aedilitates
612 2945 828 3008 ornatissimas
850 2946 1001 3020 vidimus,
1024 2946 1245 3009 commercium
1268 2946 1398 3009 istarum
1420 2967 1524 3010 rerum
1547 2968 1619 3013 cum
1647 2948 1780 3012 Graecis

449 3042 633 3105 bominibus
655 3059 720 3102 non
741 3039 856 3113 fuisse,
880 3040 929 3111 iis,
952 3039 1006 3122 qui
1022 3047 1093 3122 post
1107 3040 1296 3103 iudiciorum
1312 3040 1552 3104 dissolutionem
1567 3039 1685 3103 aediles
1699 3040 1779 3104 facti

450 3144 540 3209 sunt,
561 3134 671 3197 fuisse.
715 3130 781 3195 Lx.
805 3127 875 3194 tal.
897 3133 1099 3195 Acerbiorem
1122 3134 1215 3196 etiam
1224 3134 1350 3222 ,scitote
1373 3155 1443 3199 esse
1463 3134 1642 3198 civitatibus
1663 3134 1779 3199 falsam

449 3231 542 3295 istam
571 3237 603 3291 et
630 3227 807 3291 simulatam
834 3227 1040 3309 emptionem,
1071 3248 1165 3311 quam
1188 3229 1215 3290 si
1238 3229 1292 3312 qui
1314 3230 1394 3291 clam
1417 3229 1567 3311 surripiat
1587 3234 1642 3290 aut
1664 3229 1780 3312 eripiat

448 3322 552 3405 palam
574 3329 670 3405 atque
694 3319 824 3383 auferat.
861 3321 938 3381 Nam
961 3320 1189 3403 turpitudinem
1210 3341 1365 3384 summam
1378 3341 1446 3383 csse
1461 3321 1780 3386 arbitranturrelerri

411 3417 481 3479 scin
504 3415 626 3479 tabulas
642 3414 801 3498 publicas,
824 3413 925 3496 pretio
940 3414 1106 3477 adductam
1122 3415 1294 3489 civitatem,
1318 3423 1349 3478 et
1364 3415 1464 3498 pretio
1478 3435 1592 3497 parvo,
1615 3434 1668 3490 ea,
1692 3435 1779 3499 quae

449 3509 624 3593 accepisset
645 3529 664 3571 a
686 3508 873 3582 maioribus,
895 3507 1077 3572 vendidisse
1099 3518 1194 3594 atque
1216 3509 1421 3573 abalienasse.
1452 3509 1579 3572 Etenim
1597 3507 1779 3573 mirandum

448 3604 482 3668 in
511 3603 637 3667 modum
666 3602 776 3664 Graeci
805 3602 899 3664 rebus
922 3602 1007 3678 istis,
1036 3624 1115 3687 quas
1137 3604 1385 3678 contemnimus,
1415 3602 1622 3666 delectantur.
1664 3603 1778 3688 ltaque

513 3807 538 3857 2.
557 3807 641 3856 attulit
662 3805 828 3866 Syracusanis
850 3805 931 3868 Lgttt:
959 3806 1092 3866 syracusis
1114 3806 1214 3856 abstulit
1231 3807 1295 3856 dett.
1314 3809 1343 3857 0.
1365 3830 1392 3842 -
1417 3807 1435 3853 ii
1454 3807 1485 3856 lt:
1504 3805 1529 3855 bi
1546 3806 1575 3857 0.
1595 3833 1623 3843 -
1642 3806 1667 3858 3.
1685 3808 1778 3858 dooere

447 3883 524 3934 sabat
541 3883 560 3932 0
579 3884 669 3932 eontra
687 3879 765 3930 codd.
779 3905 806 3914 -
826 3893 903 3929 ccum
920 3882 980 3941 quid
998 3883 1073 3946 Lagg.
1087 3908 1115 3917 —
1134 3884 1159 3932 b.
1179 3889 1254 3933 antec
1270 3883 1348 3946 ngas.
1365 3908 1391 3917 —
1410 3883 1469 3930 item
1480 3881 1529 3942 aa,
1548 3882 1634 3944 ngas:
1652 3883 1690 3932 ita
1707 3880 1773 3932 dett.

449 3960 478 4009 0.
499 3982 526 3993 -
545 3957 666 4016 namquid
682 3955 711 4004 Β.
732 3982 759 3990 -
778 3955 802 4003 7.
821 3955 874 4016 quit
890 3960 942 4004 tam
959 3957 978 4005 Β
995 3970 1035 4020 pr.
1054 3970 1090 4007 m.
1112 3983 1138 3991 —
1158 3970 1198 4007 cas
1214 3958 1298 4008 doloro
1314 3957 1393 4021 agae.
1408 3983 1434 3991 —
1454 3957 1562 4020 adfecta
1578 3960 1607 4009 Β.
1623 3984 1650 3993 -
1669 3958 1693 4009 3.
1706 3957 1776 4007 muni

448 4035 526 4097 lagg.
546 4034 573 4082 et
589 4031 653 4080 dett.
675 4056 701 4064 —
720 4029 839 4093 relictoue
856 4042 909 4079 om.
929 4031 973 4079 Β3.
994 4056 1021 4065 -
1042 4032 1080 4081 lt.
1100 4033 1235 4095 nimiopcrc
1251 4035 1283 4092 Β,
1303 4046 1317 4082 o
1334 4045 1393 4096 sup.
1407 4031 1450 4081 lin.
1469 4030 1566 4081 addita.
1580 4056 1608 4066 -
1627 4031 1668 4081 ll.
1687 4044 1776 4082 conen

448 4107 525 4171 ngat.
546 4132 574 4142 -
593 4105 732 4169 intellcpcro
746 4105 868 4166 possimos
884 4106 919 4163 Β,
938 4102 961 4153 λ.
987 4131 1013 4139 -
1037 4106 1204 4156 caeretanus
1221 4109 1254 4167 Β,
1273 4108 1400 4156 nomime
1417 4107 1493 4168 Lagg.
1514 4131 1541 4140 -
1568 4106 1608 4155 lb.
1627 4104 1678 4155 soci
1694 4106 1714 4155 Β
1731 4119 1773 4170 pr.

449 4196 485 4233 m.
507 4209 533 4218 -
553 4181 593 4231 tc.
612 4181 712 4243 mmai
729 4192 760 4228 ac
776 4179 885 4228 tubraci
902 4181 935 4238 Β;
952 4182 1072 4244 mamm
1088 4194 1119 4229 ac
1136 4182 1180 4231 tui.
1194 4181 1242 4242 63,
1261 4180 1367 4231 tcodd.
1381 4180 1489 4235 lamb:
1505 4181 1589 4244 sonant
1604 4193 1650 4230 aec
1665 4179 1775 4230 tatem

448 4256 530 4319 agata
557 4256 666 4304 talemne
681 4268 726 4303 nec
741 4254 825 4315 serunt
842 4254 906 4303 dett.
926 4254 954 4303 0.
976 4282 1003 4292 -
1033 4256 1072 4305 li.
1091 4258 1222 4318 opidorum
1239 4258 1268 4307 Β.
1289 4284 1316 4292 -
1341 4257 1380 4305 48.
1399 4269 1425 4305 sc
1441 4268 1495 4305 om.
1514 4255 1564 4315 Β3,
1583 4256 1661 4319 [339.
1682 4282 1710 4292 -
1729 4256 1776 4307 boc

446 4331 507 4380 miti
523 4328 619 4380 lthi
636 4328 682 4379 Ld.
697 4329 782 4392 Lgld:
801 4330 861 4378 mibi
877 4330 922 4378 boc
939 4330 984 4385 Gt.
1004 4328 1060 4380 rell.
1074 4332 1168 4395 Lflggd
1186 4333 1247 4381 mibi
1263 4330 1313 4381 alii.
1334 4358 1361 4365 —
1380 4332 1420 4381 ta.
1439 4331 1552 4380 tabulam
1568 4330 1622 4381 fla:
1639 4331 1719 4381 ulum
1735 4337 1776 4382 ta·

448 4404 532 4454 balam
549 4405 583 4455 de
600 4402 728 4453 Gulielmii
747 4403 813 4453 coni.
835 4405 867 4462 0,
889 4403 1073 4467 probabiliter;
1098 4406 1196 4456 tabulam
1209 4409 1291 4470 pictas
1308 4405 1372 4456 dett.
1399 4405 1434 4470 [Si
1455 4407 1535 4455 ailam
1551 4404 1704 4456 addendum
1723 4409 1774 4470 est,

448 4481 535 4545 potius
556 4482 617 4544 post
634 4480 730 4541 pictam
750 4477 837 4528 locum
860 4479 960 4529 habere
979 4478 1066 4529 debet.
1087 4481 1179 4545 lirum]
1198 4507 1225 4516 -
1252 4481 1293 4531 20.
1312 4481 1456 4530 existimetis
1471 4472 1516 4530 Β3ζ
1537 4507 1564 4515 -
1591 4481 1632 4532 2⁴.
1651 4482 1776 4532 deciam

448 4553 496 4614 Β3,
516 4551 544 4602 l:
567 4555 682 4604 assurim
703 4554 766 4604 dett.
786 4556 814 4604 0.
839 4582 866 4590 —
891 4557 931 4605 22.
949 4556 1295 4607 venditarc--ccaditabant
1311 4553 1375 4606 Β3λ
1394 4555 1454 4618 (sed
1471 4557 1491 4606 Β
1507 4557 1607 4606 condito
1623 4556 1772 4620 recaptant:

446 4628 746 4678 cmdcc--oencebant
763 4628 828 4679 dett.
848 4656 875 4665 -
894 4631 967 4681 modo
982 4645 1032 4680 noc
1048 4644 1102 4681 om.
1121 4633 1199 4695 Lagg.
1213 4658 1240 4667 —
1259 4631 1300 4681 33.
1319 4637 1364 4681 ant
1380 4645 1434 4681 om.
1453 4633 1531 4696 Lagg.
1547 4660 1574 4668 -
1592 4631 1635 4684 ll.
1654 4634 1683 4695 0.
1695 4633 1775 4684 Soco-

446 4702 505 4753 ooia
521 4705 552 4763 tu
573 4704 599 4755 C.
619 4704 753 4754 Scaevdm
771 4706 848 4768 Lagg.
869 4732 895 4740 -
914 4706 955 4755 26.
973 4706 1004 4755 iis
1019 4707 1053 4756 lt:
1070 4707 1109 4756 bis
1125 4707 1158 4766 L;
1177 4707 1254 4754 iis·-
1264 4705 1339 4769 lause
1355 4719 1409 4757 om.
1429 4706 1464 4756 Gt
1477 4706 1523 4757 Ld.
1544 4733 1571 4742 -
1591 4707 1775 4757 &windam

448 4778 468 4828 Β
480 4778 512 4827 ct
525 4791 531 4826 :
550 4778 719 4831 dissolutiones
736 4779 800 4829 dett.
820 4782 848 4831 0.
869 4807 895 4815 —
915 4780 956 4830 28.
974 4782 995 4830 si
1012 4782 1054 4843 cci
1071 4782 1155 4844 Lgt9:
1174 4780 1217 4842 psci
1234 4793 1287 4830 om.
1306 4782 1341 4842 Β,
1360 4782 1411 4835 (tm
1428 4781 1474 4831 sibi
1486 4783 1534 4842 Gt;
1553 4782 1575 4831 si
1592 4783 1647 4844 cuis
1662 4779 1727 4832 dett.
1741 4781 1771 4832 0.

448 4849 478 4915 [ri
495 4851 537 4913 qai
554 4863 603 4902 nos
621 4866 653 4903 ex
669 4854 702 4904 99
718 4854 895 4914 restituimus,
922 4867 984 4904 nam
1010 4855 1138 4908 Iordanus
1163 4855 1211 4907 bas
1236 4853 1364 4909 lectiones
1389 4858 1474 4908 varias
1499 4856 1595 4907 afferre
1616 4854 1722 4916 omislt.]
1742 4878 1770 4892 -

448 4923 571 4988 ncepta
587 4927 616 4977 Β.
638 4954 665 4964 -
684 4929 725 4978 29.
744 4929 837 4991 referre
853 4928 931 4990 Lgli.
952 4955 979 4965 -
998 4929 1038 4979 30.
1057 4931 1083 4979 ic
1100 4929 1199 4980 abactas
1214 4929 1265 4991 aa,
1283 4926 1316 4980 i:
1343 4930 1369 4979 ic
1385 4930 1481 4981 litteras
1497 4933 1575 4995 lagg.
1595 4933 1624 4982 0.
1642 4955 1670 4966 ·-
1685 4929 1773 4992 publi·

446 5011 490 5050 cas
506 5011 559 5051 om.
579 5002 628 5063 63,
647 5000 663 5051 λ
682 5004 742 5066 (non
754 5004 792 5064 Β).
812 5028 838 5036 -
858 5004 992 5053 adductam
1002 5031 1038 5041 -·
1050 5009 1073 5054 ct
1086 5006 1168 5068 pretio
1184 5007 1344 5069 om.1.agg.;
1362 5007 1382 5056 R
1400 5008 1461 5070 post
1475 5007 1600 5056 cicitm
1616 5005 1655 5056 sic
1671 5004 1770 5069 pergit:

446 5079 470 5125 ot
486 5075 590 5137 mama
611 5078 746 5127 waraccam
767 5077 892 5128 civilatem
912 5084 934 5128 ct
952 5080 1056 5141 praecio
1076 5094 1172 5142 paruo,
1196 5080 1245 5131 sed
1261 5078 1277 5130 l
1293 5081 1380 5145 priora
1397 5080 1479 5131 verba
1496 5078 1594 5132 lineam
1610 5077 1771 5131 subductam

334 5150 337 5159 '
446 5147 556 5201 habent.
579 5177 606 5187 —
635 5152 986 5217 at.accapasmt1,agg.-
1013 5156 1095 5217 adcor
1111 5158 1131 5207 Β
1147 5169 1188 5221 pr.
1207 5169 1243 5207 m.
1263 5180 1291 5192 -
1310 5156 1431 5207 dicaam
1448 5156 1513 5208 dett.
1532 5181 1559 5192 -
1578 5154 1619 5206 32.
1638 5153 1768 5218 maa:
1855 5177 1861 5186 ·

446 5237 510 5286 qaas
524 5238 571 5275 cor
585 5225 664 5291 augg.
683 5230 711 5278 et
726 5226 791 5279 dett.
837 5221 843 5233 '
1700 5250 1702 5255 v
