4367 6109
782 616 856 682 cu.
878 618 1034 684 x-xn.
1063 617 1121 704 §t-
1143 614 1290 684 as-ar.
1633 614 1695 680 ose

376 809 508 873 quarum
531 786 618 852 nulla
641 787 775 850 exitium
796 786 843 850 rei
864 786 1010 872 publicae
1033 788 1204 872 quaesivit,
1226 788 1295 850 eius
1318 787 1401 850 modi
1416 787 1560 862 luerunt,
1582 796 1697 851 utnon

374 881 632 945 reconciliatione
655 881 857 955 concordiae,
881 881 936 945 sed
959 881 1167 945 internicione
1190 883 1304 945 civium
1325 879 1516 944 diiudicatae
1539 877 1625 964 sinc]
1663 882 1698 943 ln

373 976 434 1039 boc
455 985 560 1038 autem
582 996 646 1039 uno
669 983 742 1057 post
763 975 926 1037 bominum
949 977 1133 1040 memoriam
1156 976 1295 1039 maximo
1310 974 1591 1058 crudelissimoque
1605 973 1699 1046 bello,

374 1067 469 1152 quale
495 1066 615 1130 bellum
643 1067 730 1131 nulla
758 1086 908 1151 nmquam
936 1068 1078 1132 barbaria
1111 1090 1183 1131 cum
1211 1088 1268 1131 sua
1301 1078 1394 1151 geute
1424 1070 1537 1152 gessit,
1573 1087 1637 1151 quo
1666 1067 1698 1129 iu

373 1161 459 1225 bello
481 1160 534 1224 lex
554 1161 632 1223 baec
654 1159 714 1224 fuit
735 1181 754 1224 a
775 1160 927 1235 Lentulo,
954 1161 1102 1235 Catilina,
1134 1161 1287 1244 Cethego,
1318 1163 1426 1226 Cassio
1448 1162 1637 1236 constituta,
1666 1169 1722 1224 uts

375 1273 502 1326 omnes,
524 1254 579 1337 qui
602 1253 689 1317 salva
710 1254 787 1317 urbe
810 1254 888 1317 salvi
913 1275 983 1317 esse
1004 1263 1150 1337 possent,
1180 1255 1212 1317 in
1234 1255 1371 1320 hostium
1393 1276 1525 1318 numero
1548 1254 1701 1317 duceren-

374 1356 440 1421 tur,
469 1347 513 1411 ita
541 1367 591 1411 me
620 1348 723 1430 gessi,
752 1348 910 1424 Quirites,
937 1358 974 1411 ut
995 1348 1073 1411 salvi
1105 1368 1214 1411 omues
1244 1350 1521 1424 consecraremini3
1551 1357 1599 1423 et,
1629 1367 1699 1410 cum

373 1444 481 1507 hostes
502 1443 597 1507 vestri
620 1451 742 1508 tanmm
766 1444 883 1507 civium
912 1441 1148 1527 superfuturum
1169 1450 1347 1525 putassent,
1379 1450 1531 1526 quantum
1560 1438 1700 1504 infinitae

374 1536 463 1600 caedi
476 1536 654 1609 restitisset,
677 1543 798 1600 tantum
812 1545 918 1600 autem
933 1534 1030 1609 urbis,
1052 1543 1205 1618 quantum
1221 1537 1344 1599 damma
1359 1536 1448 1599 obire
1463 1557 1526 1600 uon
1539 1535 1701 1622 potuisset,

374 1638 407 1693 et
427 1630 535 1692 urbem
559 1637 590 1693 et
611 1632 699 1693 cives
720 1632 859 1713 iutegms
881 1629 1121 1713 incolumesque
1144 1631 1275 1693 servavi.
1711 1640 1739 1689 to

436 1725 492 1786 xl.
515 1721 565 1787 26.
588 1724 712 1799 Quibus
733 1743 792 1807 pro
815 1725 908 1786 tantis
931 1723 1042 1797 rebus,
1066 1723 1222 1799 Quirites,
1244 1724 1368 1787 nullum
1392 1744 1449 1807 ego
1465 1745 1484 1787 a
1499 1725 1589 1787 vobis
1611 1744 1702 1808 prae·

376 1819 474 1881 mium
496 1817 637 1890 virtutis,
659 1816 781 1879 nullum
804 1818 927 1898 insigne
948 1817 1094 1889 honoris,
1117 1817 1239 1880 nullum
1263 1827 1499 1881 monumentum
1521 1817 1623 1881 laudis
1645 1839 1701 1901 po-

375 1911 456 1976 stulo
487 1917 706 1993 praeterquam
735 1908 829 1973 buius
859 1909 922 1972 diei
953 1911 1149 1973 memoriam
1165 1912 1398 1993 sempiternam.
1442 1913 1477 1973 ln
1507 1912 1618 1974 animis
1641 1930 1700 1993 ego

375 2004 486 2069 vestris
515 2024 625 2066 omnes
655 2003 830 2086 triumphos
852 2023 955 2078 meos,
984 2005 1090 2067 omnia
1113 2011 1296 2066 ornamenta
1318 2005 1468 2078 honoris,
1498 2010 1700 2066 monumenta

375 2102 508 2185 gloriae,
530 2100 635 2163 laudis
656 2101 792 2183 insignia
815 2099 908 2164 condi
930 2105 962 2161 et
984 2096 1132 2160 collocari
1156 2097 1239 2159 volo.
1273 2097 1359 2161 Nihil
1381 2118 1431 2160 me
1453 2104 1575 2160 mutum
1596 2105 1738 2179 potestte

376 2195 548 2268 delectare,
580 2193 659 2256 nibil
688 2194 830 2268 tacitum,
863 2192 942 2255 nibil
972 2190 1111 2273 denique
1141 2191 1334 2263 eiusmodi,
1369 2191 1572 2274 quodetiam
1595 2190 1701 2253 minus

376 2289 461 2372 digni
488 2286 615 2371 assequi
648 2287 781 2368 possint.
825 2287 977 2350 Memoria
999 2291 1120 2358 vestra,
1152 2284 1308 2359 Quirites,
1337 2305 1387 2348 res
1410 2293 1536 2347 nostrae
1559 2285 1700 2359 alentur,

375 2381 573 2447 sermonibus
596 2388 753 2453 crescent,
782 2379 955 2443 litterarum
979 2378 1190 2441 monumentis
1213 2378 1442 2441 inveterascent
1464 2386 1496 2440 et
1517 2379 1701 2441 corrobora-

375 2477 509 2551 buntur;
532 2472 730 2555 eandemque
754 2473 837 2536 diem
858 2473 1015 2556 intelligo,
1039 2493 1132 2555 quam
1147 2492 1240 2555 spero
1256 2481 1415 2536 aeternam
1437 2471 1523 2545 fore,
1546 2490 1700 2553 propaga-

375 2580 439 2633 tam
461 2586 532 2632 esse
555 2576 587 2630 et
609 2567 648 2629 ad
670 2566 803 2629 salutem
826 2566 912 2629 urbis
935 2574 968 2628 et
988 2564 1027 2628 ad
1050 2566 1232 2628 memoriam
1256 2566 1440 2629 consulatus
1461 2564 1540 2639 mei,
1571 2581 1738 2647 unoqueso

374 2671 514 2744 tempore
536 2660 571 2722 in
592 2658 651 2723 bac
673 2679 707 2722 re
730 2660 855 2743 publica
870 2658 949 2722 duos
964 2661 1049 2722 cives
1064 2660 1241 2733 exstitisse,
1263 2680 1397 2743 quorum
1412 2658 1491 2722 alter
1510 2657 1589 2723 fines
1603 2659 1699 2722 vestri

374 2755 498 2839 imperii
529 2774 593 2817 non
621 2760 737 2827 terrae,
768 2753 823 2815 sed
846 2750 924 2815 caeli
946 2753 1127 2836 regionibus
1150 2753 1348 2827 terminaret,
1378 2753 1458 2817 alter
1480 2753 1620 2817 eiusdem
1643 2752 1701 2816 im·

374 2849 455 2932 perii
480 2847 675 2910 domicilium
698 2847 854 2929 sedesque
876 2855 1024 2910 servaret.
1065 2847 1136 2908 llll.
1152 2844 1202 2909 27.
1219 2846 1281 2908 Sed
1297 2848 1447 2930 quoniam
1462 2868 1570 2912 earum
1584 2865 1700 2920 rerum,

375 2961 453 3027 quas
482 2960 541 3023 ego
569 2941 670 3023 gessi,
704 2959 767 3003 non
797 2939 907 3003 eadem
929 2947 978 3004 est
998 2938 1124 3004 fortuna
1146 2947 1243 3025 atque
1266 2939 1424 3015 conditio,
1458 2958 1540 3024 quae
1562 2939 1700 3014 illorum,

374 3289 424 3340 Cic,
443 3287 568 3337 eraudi.
587 3297 614 3350 p.
633 3284 739 3348 ssesq.
760 3310 786 3320 -
807 3286 1009 3345 discernerem
1034 3286 1287 3337 omnesdtccesstones
1304 3298 1331 3351 p.
1349 3310 1376 3320 -
1400 3286 1424 3335 Ξ.
1443 3287 1485 3336 ssd
1505 3286 1595 3337 toton.
1615 3300 1700 3338 om.r

374 3363 400 3413 in
417 3359 519 3412 lacuna.
536 3387 563 3396 -
582 3359 742 3409 internicione
758 3358 915 3421 bgbllsn
933 3361 992 3422 (sed
1011 3360 1054 3424 bg
1070 3362 1205 3424 intentam
1224 3362 1389 3412 hamedeus
1405 3362 1469 3411 dtu
1486 3375 1518 3412 er
1535 3363 1617 3424 meis,
1636 3364 1698 3423 4.Ο;

373 3435 559 3497 interemptione
575 3447 592 3498 p
610 3435 637 3483 et
654 3435 697 3496 lg.
712 3434 736 3483 6.
751 3434 790 3482 65.
811 3460 838 3468 -
856 3440 913 3483 suot
930 3435 974 3494 iz,
994 3435 1081 3486 loelli
1095 3439 1171 3500 lagg.
1187 3465 1213 3474 —
1234 3438 1257 3488 l.
1278 3436 1406 3487 barbaries
1422 3438 1505 3500 sz,
1524 3437 1568 3500 Lg.
1582 3438 1606 3487 3.
1620 3439 1644 3487 6.
1658 3436 1698 3487 46.

374 3537 403 3548 -
422 3511 449 3559 in
465 3522 514 3571 qoo
532 3521 546 3556 z
563 3513 591 3557 ct
607 3510 651 3570 Lg.
669 3506 710 3557 46.
731 3533 758 3543 -
778 3509 802 3557 5.
822 3508 924 3573 Celaeno
940 3515 963 3559 et
979 3511 1062 3560 Cassio
1079 3512 1178 3576 gart,
1197 3513 1212 3561 5
1230 3512 1308 3575 lagg.
1327 3512 1407 3571 dett,;
1431 3512 1515 3561 Cassio
1532 3512 1635 3576 Cetbeqo
1652 3513 1700 3561 LO

373 3588 465 3636 contra
482 3583 562 3635 codd.
578 3608 604 3619 -
623 3584 648 3632 7.
667 3584 738 3644 (intr.
751 3584 814 3646 qcsss'
831 3597 861 3632 w.
878 3611 903 3619 -
922 3585 986 3634 solvi
1003 3599 1085 3636 omnes
1101 3589 1234 3649 Baoqz,
1254 3588 1269 3636 6
1287 3586 1329 3636 alii
1346 3587 1441 3648 Lagea:
1460 3585 1698 3643 consecrabis:

373 3672 456 3710 monce
471 3658 535 3707 salvi
551 3658 637 3709 ano.
649 3684 676 3693 -
691 3658 715 3708 8.
730 3658 834 3723 sapui]
851 3660 970 3722 mosset.
985 3674 1034 3712 esse
1050 3661 1118 3720 ltu,
1136 3662 1335 3724 usperetcturnm
1346 3673 1395 3710 csse
1406 3660 1432 3711 d.
1446 3688 1472 3697 -
1491 3662 1588 3724 influus
1599 3662 1701 3711 aceede

374 3737 540 3786 Burmannus
553 3733 587 3783 ad
598 3733 694 3783 Aottot.
707 3734 763 3783 Lat.
774 3736 805 3784 ll.
816 3748 840 3798 p·
850 3735 917 3793 taor
935 3736 1034 3799 infinito
1044 3749 1058 3785 e
1068 3738 1142 3786 coede
1153 3737 1382 3787 Mommsenius.-
1398 3736 1423 3785 9.
1435 3735 1504 3784 orbis
1513 3736 1700 3798 moratorum

373 3824 423 3861 osso
439 3814 560 3873 montom
577 3821 603 3858 m
614 3813 665 3858 4.-
682 3824 733 3859 noo
749 3823 802 3860 om.
816 3824 905 3861 ms.-
923 3816 1003 3872 posse
1015 3811 1042 3860 d.
1056 3836 1082 3847 -
1101 3812 1141 3860 40.
1159 3812 1222 3860 cives
1238 3810 1355 3875 ioteqros]
1370 3811 1434 3861 dors
1450 3824 1533 3862 omnes
1549 3810 1599 3869 bi;
1618 3822 1701 3859 onmes

373 3887 437 3936 dves
447 3898 501 3936 s·
514 3884 702 3949 omnemnque]
716 3886 847 3935 imolenses
858 3886 929 3947 (loir.
944 3886 983 3936 bs
1001 3887 1132 3947 610114).-
1153 3886 1193 3935 tl.
1206 3899 1250 3949 eqo
1262 3900 1316 3936 om.
1329 3901 1352 3935 z.
1368 3913 1394 3921 -
1414 3887 1454 3936 46.
1467 3886 1644 3935 mensuratum
1659 3883 1700 3933 bs

375 3966 475 4019 tunc.
490 3984 516 3995 -
532 3958 814 4021 pmtntobbdmsm
833 3960 878 4022 Lg.
891 3962 915 4009 4.
929 3961 953 4010 7.
965 3960 989 4011 8.
1002 3961 1043 4009 at.
1057 3959 1103 4010 at:
1120 3960 1252 4022 postotobo
1262 3961 1291 4010 li.
1310 3961 1350 4010 Cl.
1363 3960 1405 4010 lV.
1419 3961 1523 4023 666·-
1543 3960 1582 4009 43.
1598 3963 1702 4021 macter

374 4034 471 4099 gblm
480 4047 533 4084 ι’.-
546 4046 619 4083 mern.
630 4035 805 4097 senpiternam
818 4033 1128 4100 CadilrtuLg.9.53:
1145 4040 1254 4085 vestram
1263 4047 1337 4085 mem,
1349 4036 1443 4096 sempit.
1456 4032 1498 4083 vel
1509 4046 1581 4084 mon.
1592 4039 1701 4084 vestram

373 4123 448 4173 einp.
461 4109 549 4173 (ben)
567 4108 609 4159 vel
626 4123 699 4161 mom.
717 4111 813 4172 round.
832 4116 941 4160 omarum
957 4113 985 4161 e.
1001 4139 1028 4149 -
1047 4124 1106 4174 erqo
1123 4109 1193 4160 dlm
1205 4123 1235 4159 w.
1250 4135 1278 4145 —
1298 4108 1338 4160 44,
1356 4109 1508 4158 monimo
1522 4111 1576 4159 mei
1592 4112 1699 4173 praeter

375 4188 401 4237 h.
423 4213 449 4223 -
467 4185 507 4235 46.
526 4185 572 4234 det.
589 4190 667 4247 coust
684 4199 698 4235 a
715 4188 743 4234 et
760 4187 803 4248 Ι.3.
825 4185 866 4236 46.
885 4186 1011 4248 (delectori
1026 4185 1086 4247 bs.)
1107 4214 1133 4221 -
1154 4186 1194 4235 46.
1212 4186 1274 4234 nibil
1294 4186 1399 4247 denique
1419 4184 1523 4233 tacitam
1539 4198 1563 4234 c.
1584 4186 1701 4234 —baias

373 4260 440 4310 modi
456 4257 572 4321 dqwz,
590 4259 606 4309 8
623 4258 665 4308 alil
682 4260 760 4322 Lagg.
780 4258 856 4320 dett,
875 4261 932 4310 LO.
946 4286 973 4296 -
993 4261 1033 4311 47.
1049 4263 1294 4323 persentiscam
1316 4261 1343 4310 ll
1359 4259 1401 4310 alil
1413 4260 1489 4323 lagg.
1505 4285 1532 4295 -
1551 4273 1591 4309 res
1601 4266 1701 4310 nostroe

374 4335 518 4398 liboqsz
535 4335 580 4396 Lg.
599 4334 624 4383 3.
643 4334 666 4383 6.
684 4333 725 4385 46.
744 4333 785 4383 66.
804 4334 861 4396 (sed
878 4347 891 4384 s
908 4336 1027 4396 castrari:
1052 4340 1152 4386 nomae
1167 4348 1208 4386 ror
1223 4335 1280 4386 rell.
1299 4337 1351 4385 mei
1369 4339 1410 4397 et,
1429 4334 1591 4395 studetur,
1609 4337 1697 4397 lagg..

373 4412 430 4461 LO.
450 4435 477 4444 -
503 4407 544 4458 48.
562 4407 928 4460 monimeottsbilmstun.
947 4436 974 4446 ·-
993 4411 1033 4460 49.
1051 4413 1186 4473 eodoenqse
1203 4414 1221 4461 t.
1242 4438 1269 4447 -
1287 4412 1355 4474 sore,
1375 4407 1547 4473 samosatam
1563 4422 1612 4458 csse
1628 4408 1698 4458 Bab

373 4486 425 4536 isz
446 4484 491 4546 4.3.
512 4483 537 4532 3.
556 4483 580 4532 6.
598 4484 639 4533 20.
658 4485 703 4542 65,
735 4483 798 4534 item
823 4483 842 4533 d
868 4485 929 4545 (sed
955 4485 997 4535 hic
1020 4498 1074 4535 om.
1098 4488 1170 4548 eosq:
1197 4486 1252 4549 sore
1275 4486 1368 4545 RLO,
1394 4485 1440 4549 qui
1462 4490 1631 4548 mopoqotam
1649 4496 1699 4533 csse

373 4560 433 4623 post
448 4558 541 4608 consa.
560 4559 609 4607 met
626 4557 726 4607 babent
743 4557 800 4619 (sed
817 4571 871 4607 om.
889 4572 940 4609 esse
956 4557 1220 4621 gblmrtunL03
1237 4565 1384 4623 propaqato
1401 4562 1426 4618 t3
1451 4559 1645 4622 proponendam
1663 4560 1696 4619 u).

372 4632 500 4696 Madvigto
526 4631 571 4693 lot.
591 4632 649 4681 eius
666 4634 761 4696 opusc.
781 4634 800 4683 1.
819 4646 845 4697 p.
866 4632 934 4694 496.)
959 4637 1020 4698 post
1039 4636 1133 4686 comm.
1155 4635 1204 4684 mei
1225 4633 1324 4698 aliquid
1341 4634 1471 4684 excidisse
1488 4632 1593 4683 videtur
1609 4631 1696 4682 velut:
1726 4642 1729 4651 ·

372 4708 486 4770 munique
503 4712 611 4770 ωηιρονο
627 4707 672 4757 boc
686 4709 861 4770 maminotum
878 4710 924 4771 in',
942 4723 992 4758 uno
1008 4714 1117 4772 ternpore
1127 4736 1163 4746 ·-
1174 4711 1307 4769 crstittsse3
1326 4712 1353 4759 at
1369 4723 1394 4758 v.
1408 4709 1497 4759 adnot.
1511 4719 1599 4758 meam
1617 4709 1642 4757 in
1655 4707 1697 4758 ed.

372 4784 441 4848 Lips.
460 4781 543 4832 altera
561 4796 584 4832 a.
605 4783 677 4832 4853.
698 4809 725 4818 -
753 4784 794 4832 20.
813 4783 960 4846 stodeat]
977 4788 1000 4834 et
1017 4797 1070 4834 om.
1089 4799 1117 4843 z,
1137 4786 1182 4848 bg,
1201 4784 1225 4833 6.
1245 4782 1291 4843 46;
1318 4785 1423 4834 adom.
1443 4786 1461 4832 t.
1482 4808 1509 4817 -
1526 4780 1632 4845 meque]
1649 4795 1700 4830 coo

371 4858 396 4914 l:
414 4873 465 4908 eoo
481 4871 578 4920 quoque
595 4869 622 4915 r;
641 4857 772 4920 sudaeque
787 4863 811 4907 et
826 4871 876 4908 eno
894 4858 927 4914 d:
946 4859 1061 4922 omnique
1078 4861 1122 4922 Lg.
1141 4856 1383 4907 sensatas
1403 4856 1459 4907 soli.
1480 4858 1585 4917 (unoque
1601 4854 1699 4916 schol.)

374 4960 402 4970 -
423 4935 463 4984 24.
482 4933 554 4997 does]
576 4933 627 4983 dies
650 4933 821 4994 Cmrtuw,
848 4934 1022 4997 baliiLagg.
1042 4935 1183 4995 (douae.)
1210 4960 1236 4968 -
1262 4935 1337 4997 meos
1358 4947 1372 4981 z
1395 4932 1457 4981 eti
1483 4932 1560 4994 Lagg.
1584 4956 1610 4965 -
1638 4933 1698 4994 imp,

371 5009 445 5058 seori
461 5006 514 5063 dl;
541 5009 616 5058 uestri
632 5009 691 5070 imp.
709 5011 784 5060 uestri
800 5023 822 5059 r.
843 5037 869 5044 -
895 5011 936 5059 66.
954 5011 1069 5072 cicadae]
1092 5011 1131 5060 sic
1153 5011 1206 5059 mei
1230 5012 1257 5059 et
1279 5010 1357 5072 lagg.
1376 5011 1482 5073 pmeter
1498 5009 1579 5066 Baz.
1598 5009 1638 5058 644.
1656 5007 1696 5058 st.

373 5084 400 5131 et
416 5084 431 5132 c
448 5081 527 5143 alios,
547 5083 592 5145 qui
609 5083 681 5133 boicis
696 5083 805 5134 habent.
821 5110 848 5118 -
866 5086 907 5134 2³.
926 5087 1054 5146 meoque
1068 5085 1085 5134 lr
1098 5086 1127 5146 (4)
1145 5086 1190 5147 43.
1210 5085 1234 5134 l.
1252 5085 1276 5134 6.
1295 5084 1335 5135 46.
1355 5082 1416 5144 soli,
1436 5084 1493 5133 LO.
1509 5108 1536 5119 -
1555 5083 1596 5134 64.
1614 5086 1699 5134 eodem

372 5162 408 5206 cst
428 5157 758 5220 fortsscabciqrsz,
785 5159 863 5222 439
886 5161 912 5208 et
934 5158 1026 5209 aelii:
1052 5161 1138 5208 eodan
1157 5160 1261 5222 sorim
1281 5163 1316 5208 est
1332 5158 1419 5220 Lg.3.
1438 5158 1462 5207 6.
1481 5160 1529 5217 66ς
1556 5163 1590 5209 est
1613 5159 1699 5207 cedem

371 5231 431 5296 tort.
455 5233 541 5283 RLO.
565 5260 591 5268 -
618 5233 912 5294 quodquesine·
939 5232 1098 5292 consmbs;
1125 5233 1225 5283 litorum
1246 5238 1281 5283 ert
1303 5247 1329 5293 z,
1356 5232 1509 5297 4.3.6.46;
1534 5232 1698 5296 scotillomm

372 5309 484 5371 augg.
504 5308 567 5359 dett.
