4367 6109
645 593 715 660 nu.
737 595 789 659 ιν.
818 593 892 660 cn.
913 595 1233 662 xxrn-xxrnr.
1261 593 1318 680 33.
1339 593 1486 663 co-es.
1660 590 1724 661 ou

407 761 538 845 poribus
566 763 612 825 rei
641 762 785 845 publicae
812 762 933 826 exclusi
962 785 1022 848 per
1042 774 1186 829 senatum
1207 786 1317 849 apere,
1346 786 1429 851 quae
1450 766 1631 842 voluerant,
1657 786 1723 829 non

407 862 593 938 potuerunt,
621 856 654 919 in
677 856 817 940 Syriam,
849 855 883 918 in
904 876 1035 940 regnum
1056 861 1193 942 patrium
1213 860 1346 943 proiecti
1369 868 1451 923 sunt.
1494 863 1612 924 Eorum
1634 860 1723 932 alter,

408 948 463 1032 qui
484 948 660 1012 Antiochus
681 956 826 1025 vocatur,
847 951 908 1013 iter
928 971 986 1033 per
1001 953 1139 1016 Siciliam
1161 954 1264 1017 lacere
1279 954 1389 1017 voluit.
1418 956 1529 1038 ltaque
1550 956 1610 1019 isto
1632 974 1724 1037 prae-

408 1049 475 1104 tore
497 1043 584 1104 venit
606 1043 786 1126 Syracusas.
822 1040 873 1106 63.
895 1044 954 1107 llic
975 1046 1089 1109 Verres
1111 1046 1318 1110 hereditatem
1341 1046 1401 1109 sibi
1416 1048 1542 1110 venisse
1556 1049 1723 1112 arbitratus

407 1143 471 1210 est,
499 1136 586 1220 quod
608 1137 643 1199 in
665 1138 734 1200 eius
756 1158 887 1220 regnum
908 1157 945 1200 ac
966 1159 1077 1203 manus
1099 1140 1292 1213 veneratis,
1322 1160 1417 1223 quem
1445 1141 1505 1203 iste
1528 1149 1559 1204 et
1580 1141 1761 1204 audieratt

407 1229 505 1292 multa
533 1249 640 1293 secum
668 1230 830 1313 praeclara
855 1231 970 1295 babere
997 1240 1029 1295 et
1056 1234 1283 1317 suspirabatur.
1326 1234 1423 1296 Mittit
1451 1234 1572 1298 bomini
1594 1255 1725 1297 munera

408 1324 483 1386 satis
505 1323 591 1407 large
612 1324 691 1388 baec
713 1325 752 1387 ad
774 1347 867 1389 usum
886 1326 1109 1389 domesticum:
1132 1326 1206 1399 olei,
1227 1325 1293 1388 vini
1316 1328 1402 1408 quod
1423 1327 1526 1390 visum
1546 1335 1607 1402 est3
1630 1329 1724 1392 etiam

406 1417 500 1480 tritici
523 1418 608 1502 quod
631 1419 708 1482 satis
729 1427 813 1482 esset
833 1420 873 1483 de
895 1420 961 1482 suis
983 1419 1135 1483 decumis.
1164 1420 1286 1484 Deinde
1306 1420 1411 1503 ipsum
1432 1441 1538 1503 regem
1560 1422 1599 1484 ad
1615 1441 1724 1486 cenam

406 1512 540 1575 vocavit
582 1513 723 1576 Exornat
751 1512 855 1596 ample
883 1509 1111 1597 magnificeque
1137 1513 1325 1577 triclinium:
1361 1515 1494 1597 exponit
1522 1533 1576 1589 ea,
1609 1516 1725 1599 quibus

406 1605 601 1681 abundabat,
622 1606 758 1690 plurima
780 1614 812 1669 et
832 1606 1044 1691 pulcherrima
1065 1626 1141 1670 vasa
1162 1615 1325 1689 argentea3
1348 1627 1420 1670 nam
1442 1608 1521 1671 baec
1536 1629 1632 1673 aurea
1645 1621 1763 1672 non-to

407 1701 481 1762 dum
502 1698 635 1763 iecerat:
664 1701 810 1764 omnibus
839 1707 927 1764 curat
954 1700 1048 1764 rebus
1069 1701 1256 1764 instructum
1279 1708 1311 1763 et
1331 1708 1476 1782 paratum
1497 1710 1534 1764 ut
1555 1703 1595 1764 sit
1616 1702 1726 1765 conri-

407 1795 503 1857 vium.
547 1794 632 1870 Quid
655 1794 776 1857 multat
805 1796 873 1856 llex
894 1794 939 1856 ita
960 1793 1124 1868 discessit,
1145 1803 1182 1858 ut
1204 1803 1236 1857 et
1256 1795 1352 1857 istum
1375 1795 1504 1878 copiose
1526 1803 1671 1858 ornatum
1694 1799 1727 1857 et

407 1909 442 1952 se
462 1888 637 1952 bonorifice
659 1895 823 1970 acceptum
844 1888 1056 1950 arbitraretur.
1093 1889 1193 1951 Vocat
1213 1888 1254 1951 ad
1276 1907 1386 1950 cenam
1409 1888 1523 1951 deinde
1544 1888 1614 1970 ipse
1636 1907 1727 1971 prae·

407 1992 525 2047 torem:
548 1983 680 2066 exponit
701 2001 774 2046 suas
796 1982 905 2065 copias
927 2001 1053 2055 omnes,
1076 1981 1210 2044 multurn
1233 1988 1414 2064 argentum,
1436 2001 1501 2043 non
1515 2000 1617 2065 pauca
1631 1981 1725 2043 etiam

407 2077 522 2162 pocula
544 2097 585 2140 ex
606 2097 700 2152 auro,
730 2095 827 2160 quae,
855 2084 892 2139 ut
912 2094 980 2138 mos
1002 2082 1050 2138 est
1069 2077 1176 2158 regius
1197 2084 1229 2139 et
1250 2075 1387 2138 maxime
1408 2076 1441 2139 in
1465 2075 1572 2159 Syria,
1594 2074 1725 2158 gemmis
1734 2089 1763 2138 to

408 2177 497 2234 erant
518 2171 666 2234 distincta
687 2169 877 2233 clarissimis.
904 2169 981 2232 Erat
1001 2170 1094 2232 etiam
1115 2169 1348 2233 rasurarum
1371 2188 1412 2231 ex
1433 2189 1498 2233 una
1513 2189 1636 2252 gemma
1656 2187 1727 2254 per·

407 2263 536 2348 grandi,
557 2264 653 2327 trulla
674 2270 826 2326 excavata
847 2263 1010 2326 manubrio
1032 2282 1147 2339 aureo,
1169 2263 1208 2326 de
1230 2282 1310 2347 qua,
1333 2263 1445 2339 credo,
1468 2264 1545 2327 satis
1565 2263 1726 2337 idoneum,

408 2358 486 2422 satis
508 2377 634 2440 gravem
656 2364 783 2432 testem,
805 2358 844 2434 Q.
860 2359 1042 2432 Minucium,
1064 2357 1169 2421 dicere
1183 2357 1327 2421 audistis.
1359 2354 1411 2420 63.
1433 2360 1496 2421 lste
1510 2378 1609 2421 unum
1625 2356 1728 2442 quod·

407 2473 470 2539 que
487 2472 548 2516 uas
569 2457 602 2515 ln
624 2470 736 2514 manus
758 2471 898 2525 sumere,
928 2452 1073 2527 laudare,
1101 2453 1217 2515 mirari.
1260 2455 1329 2515 Rex
1350 2453 1488 2536 gaudere
1509 2455 1647 2537 praetori
1668 2471 1728 2537 po·

406 2547 474 2632 puli
504 2547 637 2609 liomani
668 2544 743 2608 satis
771 2545 944 2608 iucundum
972 2554 1005 2609 et
1035 2555 1158 2630 gratum
1184 2546 1263 2608 illud
1292 2566 1362 2609 esse
1384 2549 1572 2609 convivium.
1614 2549 1763 2613 Posteato

407 2662 503 2727 quam
523 2640 599 2703 inde
621 2639 795 2702 discessum
817 2649 882 2713 est,
905 2641 1042 2723 cogitare
1063 2638 1144 2702 nibil
1166 2640 1225 2702 iste
1246 2639 1350 2713 aliud,
1372 2640 1459 2723 quod
1473 2640 1544 2723 ipsa
1557 2660 1608 2703 res
1623 2640 1728 2704 decla·

406 2736 504 2810 ravit,
526 2733 588 2797 nisi
612 2734 768 2817 quemad
790 2733 919 2796 modum
941 2753 1047 2816 regem
1063 2754 1104 2796 ex
1126 2733 1288 2816 provincia
1303 2733 1471 2816 spoliatum
1488 2733 1726 2818 expilatumque

406 2829 586 2894 dimitteret.
615 2828 712 2890 Mittit
733 2834 875 2909 rogatum
896 2847 972 2890 vasa
994 2848 1047 2902 ea,
1070 2846 1153 2912 quae
1175 2827 1387 2909 pulcherrima
1402 2828 1487 2911 apud
1503 2848 1575 2891 eum
1588 2828 1726 2891 viderat:

406 2927 451 2987 ait
471 2943 506 2986 se
528 2923 594 2986 suis
616 2921 824 2985 caelatoribus
846 2921 927 2985 velle
950 2923 1127 2985 ostendere.
1155 2925 1239 2996 Rex,
1262 2921 1318 3005 qui
1334 2922 1425 2984 illum
1439 2943 1504 2985 non
1519 2931 1635 2999 nosset,
1657 2926 1726 2988 sina

406 3017 473 3080 ulla
494 3016 675 3099 suspicione
697 3015 907 3078 libentissime
929 3014 1027 3078 dedit.
1059 3016 1157 3079 Mittit
1177 3016 1271 3078 etiam
1294 3015 1421 3080 trudam
1442 3036 1616 3099 gemmeam
1637 3030 1765 3100 roga-to

407 3117 490 3173 bam:
523 3108 605 3171 velle
637 3128 671 3171 se
704 3128 773 3172 eam
806 3109 988 3192 diligentius
1022 3109 1232 3175 considerare.
1281 3111 1328 3174 Ea
1358 3130 1489 3194 quoque
1521 3113 1550 3174 ei
1583 3113 1726 3176 mittitur.

406 3202 551 3265 xxvnl.
572 3198 624 3264 ol.
645 3204 736 3265 Nunc
757 3202 932 3287 reliquum,
961 3203 1100 3277 iudices,
1122 3203 1290 3278 attendite,
1312 3204 1351 3268 de
1375 3223 1439 3288 quo
1461 3212 1494 3267 et
1515 3226 1572 3269 ros
1594 3206 1726 3270 audistis

407 3302 439 3359 et
459 3296 597 3378 populus
618 3300 779 3361 Romanus
801 3317 865 3360 non
887 3318 971 3360 nunc
991 3298 1129 3381 primum
1161 3299 1270 3362 audiet
1298 3308 1331 3361 et
1350 3301 1385 3362 in
1406 3299 1525 3362 exteris
1548 3301 1726 3365 nationibus

406 3390 571 3474 usquead
600 3390 727 3454 ultimas
754 3398 853 3454 terras
881 3400 1084 3475 pervagatum
1117 3402 1175 3456 est.
1219 3393 1449 3457 Candelabrum
1470 3413 1488 3455 e
1510 3395 1641 3476 gemmis
1664 3394 1727 3457 cla-

406 3483 559 3559 rissimis,
588 3504 685 3569 opere
706 3486 843 3549 mirabili
863 3485 1055 3569 perfectum,
1083 3506 1175 3570 reges
1195 3487 1246 3563 bi,
1275 3508 1356 3572 quos
1384 3488 1474 3562 dico,
1501 3489 1764 3553 aomanorum

407 3790 533 3853 clamant,
557 3792 669 3844 transiit.
706 3793 760 3843 lloc
785 3805 868 3844 unum
889 3792 1024 3845 lucranmr
1047 3806 1080 3844 ex
1096 3791 1157 3844 lect.
1176 3793 1237 3844 eod.
1257 3795 1277 3844 44
1294 3807 1334 3859 pr.
1353 3807 1401 3855 m..
1419 3793 1491 3859 qnod
1507 3807 1557 3860 pro
1573 3795 1609 3844 ιιι
1624 3794 1728 3846 videtur

405 3880 467 3919 esse
483 3866 671 3930 corrigendum
687 3869 721 3930 44,
740 3870 769 3919 ut
785 3869 864 3919 ettam
881 3869 948 3919 intra
965 3867 989 3932 8.
1007 3867 1048 3920 64.
1067 3872 1095 3919 et
1111 3869 1151 3920 97.
1164 3868 1358 3938 restituendum
1376 3872 1426 3921 est.
1445 3870 1538 3933 444444]
1550 3896 1579 3906 -
1594 3876 1728 3934 pomorum

406 3943 427 3994 E
443 3945 471 3993 et
486 3943 565 4005 4433.
583 3947 691 4007 praeter
706 3945 747 3996 29.
768 3971 794 3980 -
814 3946 838 3994 4.
856 3945 919 4007 reip.
937 3945 987 4004 443,
1005 3945 1039 4006 Ε,
1058 3945 1141 4008 igit:
1159 3947 1186 3996 P.
1204 3947 1232 3997 44.
1251 3945 1317 3996 dett.
1332 3972 1359 3981 -
1378 3947 1403 3997 2.
1420 3947 1447 3996 444
1463 3946 1567 4007 &siam
1582 3958 1636 3996 om.
1654 3947 1682 3996 l..
1698 3972 1726 3984 -

407 4022 431 4071 44.
449 4020 471 4068 44
487 4030 559 4079 ouem
575 4030 629 4068 om.
648 4021 725 4083 lagg.
744 4020 851 4083 praeter
867 4020 907 4070 29.
928 4046 954 4058 -
974 4020 999 4069 7.
1017 4020 1078 4070 boso
1096 4033 1149 4070 om.
1169 4021 1214 4070 64.
1235 4046 1263 4056 -
1282 4021 1328 4071 otei
1343 4021 1396 4070 44444
1412 4021 1462 4079 443,
1478 4019 1512 4070 l:
1529 4022 1583 4071 4444
1598 4021 1645 4071 olet
1661 4019 1726 4071 dett.

407 4096 436 4145 0.
456 4091 563 4144 :Melius
579 4093 786 4160 interpungitur:
805 4096 867 4144 sctis
882 4095 968 4159 torpe:
985 4095 1046 4145 boec
1062 4096 1097 4144 od
1112 4109 1185 4145 orum
1201 4097 1252 4145 cet.
1281 4094 1479 4159 intelligendum
1496 4099 1537 4148 est
1547 4096 1659 4146 Verrem
1671 4108 1729 4146 mn-

407 4185 471 4222 nera
488 4171 552 4221 satis
569 4167 640 4234 large
657 4170 761 4220 misisse
779 4171 806 4219 et
821 4170 847 4219 in
864 4170 895 4220 iis
913 4170 1068 4220 muneribus
1085 4171 1153 4220 baec
1174 4170 1208 4220 ad
1227 4184 1306 4221 usum
1324 4170 1500 4222 domesticum
1517 4171 1612 4231 luisse,
1638 4175 1728 4221 cetera

406 4246 517 4297 Tullium
534 4258 675 4298 recensere
693 4243 835 4295 noluisse.»
853 4247 979 4295 64444444
995 4247 1026 4295 ll.
1044 4247 1101 4296 Non
1118 4246 1256 4296 assentior.
1274 4273 1302 4282 -
1319 4247 1400 4297 44444444
1408 4253 1443 4298 cst
1454 4248 1490 4298 443
1501 4246 1517 4297 4
1528 4248 1548 4297 Ε
1559 4262 1565 4296 :
1583 4247 1663 4296 44444444
1673 4251 1729 4297 erut

405 4322 470 4373 dett.
489 4322 518 4371 0.
539 4349 566 4359 -
584 4323 609 4372 8.
627 4322 657 4370 dc
673 4321 723 4370 44444
736 4320 775 4380 Ι443
787 4319 821 4370 l:
839 4321 869 4372 ds
884 4322 921 4370 4444
938 4321 1045 4371 detto.
1060 4349 1087 4358 -
1106 4335 1193 4372 cenom
1210 4322 1246 4371 lt:
1265 4335 1369 4372 coenam
1380 4323 1400 4372 0
1412 4326 1439 4374 et
1455 4325 1493 4374 sic
1509 4323 1584 4374 intra.
1600 4350 1627 4360 -
1646 4324 1669 4373 9.
1682 4337 1729 4373 oo-

404 4397 479 4447 cobot
494 4396 528 4456 Ε;
545 4401 618 4445 oocot
634 4395 699 4446 dett.
718 4396 746 4445 0.
766 4396 871 4458 (vocavit
888 4398 968 4446 etiam
984 4397 1073 4459 44433.)
1093 4422 1122 4432 -
1139 4402 1214 4459 atoue
1230 4398 1332 4459 soponit
1347 4397 1377 4448 E.
1398 4425 1425 4432 -
1450 4400 1489 4448 49.
1507 4397 1666 4448 bobrmdobot
1682 4395 1728 4449 nt

404 4472 450 4522 63.
468 4497 493 4509 --
505 4476 529 4521 44
541 4471 624 4534 putot.
643 4470 688 4532 443,
707 4472 721 4521 ‘l
739 4472 834 4534 Lagg.:
852 4485 883 4520 oc
895 4471 978 4533 putet.
997 4469 1160 4533 13440.-
1172 4484 1280 4534 nomque
1297 4471 1361 4521 dett.
1380 4472 1409 4523 0.
1427 4498 1455 4508 -
1473 4475 1513 4523 44.
1531 4477 1559 4522 ot
1575 4485 1629 4523 om.
1647 4474 1725 4536 lagg.

404 4547 513 4611 praeter
528 4546 569 4596 29.
590 4571 618 4583 -
642 4546 682 4595 42.
700 4551 729 4595 ιιι
744 4547 819 4595 utum
835 4546 912 4608 4329.
933 4571 960 4581 -
987 4547 1090 4612 copiosa]
1114 4548 1242 4611 ditipmtsr
1258 4549 1336 4611 bagg.
1358 4574 1385 4582 —
1413 4546 1452 4598 44.
1470 4549 1550 4598 omnis
1564 4549 1594 4599 lt.
1615 4573 1641 4585 -
1668 4561 1725 4612 erp.

402 4622 508 4672 4444444444
524 4622 557 4681 Ε;
575 4622 682 4672 moltura
698 4633 751 4671 om.
769 4623 847 4686 Lagg.
865 4621 930 4672 dett.
945 4648 972 4657 -
984 4627 1058 4671 vocet
1069 4648 1106 4660 -·
1116 4635 1199 4672 omnes
1209 4623 1275 4672 Non.
1288 4635 1315 4686 p.
1325 4622 1382 4673 299.
1397 4646 1424 4660 -·
1439 4623 1479 4673 l‘l.
1496 4623 1691 4683 manubrium,
1707 4623 1727 4674 Ε

405 4697 499 4759 (Madv.
518 4711 545 4763 p.
563 4698 605 4748 29.
625 4696 699 4747 lland
716 4698 790 4748 Ture.
809 4698 840 4747 ll.
858 4709 884 4761 p.
898 4695 981 4758 llll:
1003 4709 1060 4745 oum
1075 4697 1208 4747 manubrio
1225 4696 1289 4747 dett.
1306 4698 1336 4747 0.
1357 4724 1384 4734 -
1403 4699 1476 4759 44444,
1494 4700 1567 4748 uodo
1584 4696 1648 4750 634
1665 4700 1726 4760 (non

409 4773 479 4835 RE).
500 4799 527 4808 -
547 4773 588 4823 49.
605 4786 663 4835 pop.
682 4773 751 4822 44444.
770 4785 823 4822 om.
836 4773 914 4835 lagg.
934 4798 962 4808 -
980 4773 1021 4821 24.
1039 4772 1102 4821 cibit
1117 4773 1161 4822 4444
1177 4770 1235 4822 lE:
1253 4773 1315 4821 4444444
1330 4773 1405 4822 utnon
1416 4773 1464 4832 449;
1482 4775 1527 4823 istc
1542 4774 1604 4822 cibit
1618 4773 1683 4824 dett.
1696 4774 1725 4824 0.

407 4874 433 4884 -
453 4846 641 4910 comeatu:
659 4861 735 4910 quom
751 4849 778 4897 ld
791 4848 857 4909 quod
873 4847 953 4904 dett.;
971 4847 998 4895 td
1012 4847 1078 4908 quod
1093 4847 1123 4896 0.
1141 4875 1168 4884 -
1186 4847 1228 4896 22.
1246 4847 1379 4909 spoliatum
1395 4859 1448 4897 om.
1467 4848 1549 4910 4329ς
1574 4848 1728 4910 «4344444444

406 4921 462 4973 rell.
480 4924 558 4987 lagg.
578 4949 607 4961 -
625 4924 666 4973 23.
684 4936 740 4974 cum
756 4923 791 4974 443
803 4924 836 4973 ll:
854 4923 925 4972 44444444
937 4921 1001 4972 dett.
1012 4923 1042 4972 0.
1054 4948 1081 4960 -
1101 4921 1142 4973 24.
1159 4923 1230 4973 44444444
1241 4924 1277 4974 443
1289 4923 1322 4973 E:
1340 4923 1415 4973 44444444
1431 4922 1496 4973 dett.
1508 4924 1575 4974 0.-
1593 4925 1634 4975 23.
1645 4925 1728 4987 444444-

405 4999 470 5048 44444
485 4999 515 5048 44.
536 5025 564 5035 -
581 4999 821 5049 4444444--4444444444
839 5011 893 5049 om.
911 4998 940 5048 E.
962 5022 988 5034 -
1015 4997 1057 5046 26.
1075 5010 1132 5047 som
1147 5010 1172 5047 44
1189 4999 1205 5048 d
1221 4999 1299 5060 Lagg.
1320 5023 1348 5032 -
1366 4997 1584 5062 2334344144.
1602 5000 1628 5048 Ρ.
1647 4998 1675 5048 li.
1697 5026 1724 5035 -

403 5073 430 5121 44
447 5077 547 5123 auras
561 5074 675 5123 4444444444
691 5074 727 5124 62
744 5071 791 5123 Ld.
809 5072 868 5122 cod.
888 5074 944 5124 Urs.
973 5098 1000 5107 -
1027 5071 1068 5122 29.
1086 5084 1164 5133 toque
1180 5084 1234 5122 om.
1252 5071 1317 5121 dett
1346 5098 1373 5108 -
1397 5077 1565 5136 pouopatam
1581 5078 1617 5123 cst
1633 5074 1725 5137 begga

402 5146 577 5210 peraequum
594 5153 630 5199 444
645 5148 681 5199 443
694 5149 722 5199 Ε.
745 5150 779 5198 at
795 5147 828 5198 cl.
846 5149 949 5212 Zumpt.
969 5145 1003 5196 ad
1019 5148 1062 5197 111.
1081 5146 1106 5210 3.
1125 5146 1181 5196 429.
1204 5146 1290 5197 Madv.
1314 5146 1348 5197 ad
1369 5148 1423 5198 Fin.
1440 5161 1467 5213 p.
1486 5148 1543 5199 463.
1563 5146 1728 5213 [paulopost

404 5222 482 5284 lagg.
500 5223 610 5286 praeter
625 5222 675 5273 29:
698 5227 721 5273 44
736 5223 839 5286 amunta
854 5235 903 5287 pro
919 5235 953 5272 ae
968 5222 1004 5287 p]
1023 5249 1051 5259 -
1070 5222 1110 5272 30.
1129 5227 1152 5272 ct
1168 5235 1246 5285 opero
1261 5225 1340 5287 4433.
1358 5222 1438 5278 dett:
1464 5237 1542 5285 epora
1557 5224 1634 5288 4329.
1654 5251 1683 5262 -
1699 5223 1726 5279 tt

403 5308 473 5361 44344
488 5297 523 5358 ῖς
541 5297 667 5362 44344944
684 5294 849 5365 [corruptum
865 5310 911 5351 ex:
929 5310 999 5365 repes
1014 5297 1057 5369 44];
1075 5289 1192 5366 cucuso
1207 5300 1258 5359 64;
1275 5311 1388 5371 repam
1402 5299 1439 5350 62
1455 5297 1502 5357 bd,
