4367 6109
820 603 893 668 cn.
915 601 1070 666 x-xn.
1098 598 1155 685 ss.
1176 595 1322 665 at-so.
1674 585 1737 655 ati

413 779 445 840 in
469 775 587 839 tertio?
610 775 712 858 Atque
734 772 786 835 bic
807 773 1008 856 perspicuum
1031 777 1093 846 est,
1117 770 1194 854 quid
1217 771 1293 834 iuris
1315 767 1517 833 amaioribus
1538 766 1737 851 acceperitis,

413 870 487 953 quid
517 869 556 930 ab
584 867 645 930 boc
667 866 794 930 tribuno
821 865 920 950 plebis
942 867 1030 929 vobis
1052 866 1259 949 relinquatur.
1303 865 1358 926 xi.
1381 863 1517 926 Maiores
1539 862 1578 924 dc
1600 861 1733 943 singulis

413 960 643 1044 magistratibus
671 960 720 1022 bis
751 979 807 1022 vos
836 961 1023 1022 sententiam
1052 959 1135 1022 ferre
1157 959 1334 1021 voluerunt.
1370 960 1449 1020 Nam
1471 977 1543 1019 cum
1564 957 1735 1018 centuriata

412 1055 464 1117 lex
486 1055 670 1118 censoribus
692 1053 865 1127 serebatur,
888 1074 958 1115 cum
979 1054 1099 1116 curiata
1114 1053 1226 1115 ceteris
1242 1053 1381 1135 patriciis
1396 1050 1646 1132 magistratibus,
1668 1057 1735 1110 turn

412 1149 525 1211 iterum
548 1146 588 1209 de
610 1146 729 1210 eisdem
751 1146 963 1220 indicabatur,
993 1154 1028 1208 ut
1058 1155 1142 1208 esset
1169 1145 1422 1229 reprehendendi
1444 1151 1602 1226 potestas,
1633 1142 1760 1225 sipon
1786 1135 1790 1142 ’

359 1293 364 1304 .
412 1242 522 1326 pulum
544 1237 688 1304 beneficii
709 1239 759 1302 sui
784 1240 972 1321 poeniteret.
1015 1235 1066 1300 ii.
1088 1241 1196 1313 Nunc,
1227 1239 1384 1314 Quirites,
1413 1238 1468 1300 illa
1488 1238 1590 1321 prima
1611 1235 1738 1300 comitia

413 1335 543 1409 tenetis,
566 1333 741 1396 centuriata
762 1342 793 1397 et
820 1332 952 1396 tributa:
976 1332 1096 1395 curiata
1122 1340 1245 1394 tantum
1267 1333 1478 1414 auspiciorum
1500 1351 1594 1394 causa
1615 1349 1740 1393 reman-

412 1436 530 1491 serunt.
573 1427 631 1490 llic
658 1435 762 1489 autem
790 1427 933 1490 tribunus
963 1425 1083 1509 piebis,
1114 1426 1189 1508 quia
1218 1424 1345 1488 videbat
1366 1434 1553 1507 potestatem
1579 1425 1739 1488 neminem

412 1522 532 1584 iniussu
559 1520 669 1604 populi
691 1528 746 1583 aut
766 1519 867 1602 plebis
888 1539 983 1604 posse
1004 1519 1140 1592 habere,
1163 1519 1293 1581 curiatis
1315 1538 1382 1581 eam
1405 1519 1554 1592 comitiis,
1576 1538 1659 1603 quae
1681 1533 1738 1579 vos

413 1634 477 1677 non
500 1614 603 1687 initis,
626 1610 836 1676 confirmavit:
869 1613 1002 1688 tributa,
1034 1633 1116 1697 quae
1139 1621 1242 1675 vestra
1264 1621 1367 1686 erant,
1395 1613 1531 1676 sustulit.
1573 1613 1637 1687 lta,
1666 1627 1775 1674 cumto

414 1707 547 1770 maiores
574 1707 656 1770 binis
685 1707 819 1771 comitiis
841 1707 1000 1771 voluerint
1021 1727 1076 1771 vos
1105 1706 1144 1770 de
1173 1706 1310 1789 singulis
1335 1706 1566 1788 magistratibus
1588 1706 1738 1777 iudicare,

413 1802 465 1865 bic
486 1801 581 1863 bomo
604 1799 765 1885 popularis
787 1820 827 1863 ne
848 1820 944 1863 unam
960 1801 1087 1886 quidem
1110 1801 1230 1883 populo
1253 1799 1449 1863 comitiorum
1464 1807 1650 1880 potestatem
1666 1798 1740 1861 reli·

415 1895 494 1978 quit.
519 1889 927 1958 maurimontensis
949 1895 1137 1978 religionem
1160 1902 1192 1958 ct
1212 1894 1418 1976 diligentiam.
1452 1893 1538 1956 Vidit
1559 1902 1590 1955 et
1612 1911 1739 1977 perspe-

414 1989 461 2052 xit
482 1989 550 2052 siue
578 1990 696 2051 curiata
718 1988 787 2072 lege
808 1989 1002 2051 decemviros
1024 1996 1212 2072 potestatem
1233 1988 1350 2050 habere
1372 2006 1436 2049 non
1453 2006 1561 2068 posse,
1588 1987 1739 2071 quoniam

414 2102 471 2164 per
498 2101 568 2144 urii
598 2082 696 2144 tribus
724 2090 831 2146 essent
859 2083 1030 2145 constituti.
1073 2083 1165 2145 lubet
1192 2082 1275 2146 ferre
1305 2081 1407 2163 legem
1438 2081 1478 2143 de
1498 2081 1549 2144 bis
1571 2081 1777 2153 curiatam,t5

413 2175 550 2259 praetori
579 2176 721 2258 imperat
758 2176 860 2251 Quam
890 2176 922 2239 id
950 2176 1051 2260 ipsum
1078 2176 1229 2250 absurde,
1262 2175 1341 2238 nihil
1363 2175 1402 2237 ad
1425 2195 1475 2238 me
1493 2176 1613 2237 attinet
1650 2173 1742 2235 lubet

415 2270 515 2342 enim,
544 2269 599 2352 qui
631 2271 748 2352 primus
777 2270 818 2332 sit
839 2277 967 2352 praetor
993 2269 1111 2344 sactus,
1143 2291 1215 2333 eum
1237 2271 1339 2353 legem
1362 2270 1512 2332 curiatam
1533 2269 1631 2344 serre3
1663 2268 1689 2331 si
1712 2267 1741 2330 is

413 2363 495 2426 ferre
510 2382 574 2425 non
597 2365 712 2446 possit,
734 2363 789 2446 qui
807 2372 987 2446 postremus
1002 2363 1060 2426 sit:
1082 2372 1119 2427 ut
1133 2372 1189 2427 aut
1203 2363 1317 2427 lusisse
1333 2364 1366 2426 in
1381 2363 1476 2426 tantis
1491 2364 1585 2425 rebus
1599 2370 1653 2425 aut
1666 2379 1741 2445 pro·

414 2456 496 2519 lecto
519 2456 626 2519 nescio
649 2456 724 2540 quid
748 2465 906 2540 spectasse
928 2457 1082 2520 videatur.
1122 2459 1238 2520 Verum
1260 2458 1338 2532 boc,
1363 2456 1449 2541 quod
1472 2463 1521 2520 est
1534 2465 1590 2521 aut
1603 2458 1647 2519 ita
1668 2474 1739 2538 per·

415 2570 558 2624 versum,
580 2559 616 2613 ut
629 2551 815 2626 ridiculum,
837 2561 892 2614 aut
906 2552 950 2614 ita
964 2551 1172 2625 malitiosum,
1193 2559 1229 2614 ut
1244 2553 1412 2615 obscurum
1428 2551 1485 2625 sit,
1507 2552 1735 2634 relinquamus:
1749 2566 1779 2612 ao

415 2645 455 2709 ad
477 2645 663 2727 religionem
684 2644 822 2708 hominis
845 2654 1046 2708 revertamur.
1080 2645 1176 2709 Videt
1196 2646 1265 2709 sine
1288 2646 1357 2728 lege
1379 2646 1499 2708 curiata
1522 2644 1601 2709 nibil
1616 2644 1667 2726 agi
1684 2663 1741 2726 per

417 2740 613 2803 decemviros
636 2759 739 2821 posse.
776 2736 827 2800 29.
851 2738 938 2814 Quid
960 2747 1090 2823 postea,
1112 2739 1139 2802 si
1163 2740 1284 2804 calata
1306 2759 1370 2802 uon
1394 2740 1477 2802 erit?
1511 2736 1670 2802 Attendite
1692 2735 1741 2797 in-

416 2832 552 2915 genium.
587 2832 658 2895 Tvrr
689 2850 714 2894 rr
745 2852 934 2907 nucanrrnr,
966 2833 1087 2917 inquit,
1120 2853 1229 2897 nonnis
1258 2854 1330 2896 ivan
1358 2853 1426 2897 amr
1455 2852 1516 2907 oro
1546 2852 1600 2907 ori
1621 2848 1740 2893 orrrna

417 2946 509 2990 naon.
555 2925 588 2988 si
609 2927 671 2989 hoc
692 2926 761 2989 lieri
784 2935 906 3009 potest,
928 2936 964 2990 ut
984 2928 1017 2990 in
1038 2927 1098 2990 hac
1117 2928 1257 3003 civitate,
1279 2947 1361 3012 quae
1383 2928 1477 3011 longe
1500 2929 1568 2991 iure
1589 2925 1740 2989 libertatis

417 3021 530 3084 ceteris
553 3018 732 3083 civitatibus
754 3020 929 3095 antecellit,
952 3023 1121 3105 quisquam
1142 3022 1239 3086 nullis
1261 3022 1396 3085 comitiis
1418 3023 1585 3105 imperium
1607 3030 1663 3084 aut
1683 3033 1777 3102 podo

415 3122 559 3179 testatem
589 3114 716 3197 assequi
738 3116 857 3198 possit,
888 3115 965 3198 quid
988 3117 1100 3180 attinet
1122 3117 1214 3180 tertio
1236 3117 1338 3199 capite
1361 3116 1463 3200 legem
1486 3118 1635 3180 curiatam
1656 3115 1740 3178 ferra

416 3211 542 3282 iubere,
565 3228 636 3271 cum
659 3217 771 3292 quarto
793 3208 975 3291 permittas,
1008 3217 1044 3272 ut
1064 3211 1132 3273 sine
1155 3210 1224 3292 lege
1246 3211 1367 3274 curiata
1388 3211 1473 3274 idem
1494 3211 1572 3274 iuris
1594 3209 1740 3282 habeant,

416 3302 502 3386 quod
531 3301 696 3375 baberent,
724 3302 751 3364 si
782 3303 901 3385 optima
922 3302 991 3385 lege
1021 3323 1040 3366 a
1068 3303 1188 3386 populo
1219 3313 1326 3368 essent
1347 3306 1469 3368 creati?
1502 3306 1603 3387 lieges
1624 3303 1742 3366 consti·

416 3404 563 3469 tuuntur,
584 3415 648 3458 non
672 3394 860 3470 decemviri,
883 3397 1038 3472 Quirites,
1060 3398 1168 3481 itaque
1189 3397 1228 3460 ab
1248 3399 1297 3461 his
1318 3399 1416 3462 initiis
1440 3390 1738 3482 [fundamentisque]

417 3499 606 3563 nascuntur,
627 3497 665 3552 ut
686 3510 749 3552 non
766 3490 859 3553 modo
875 3511 945 3553 cum
961 3510 1069 3573 gerere
1085 3493 1261 3576 coeperint,
1284 3493 1338 3556 sed
1354 3493 1448 3555 etiam
1464 3512 1533 3555 cum
1549 3493 1778 3555 constituente

418 3593 484 3657 tur,
507 3603 599 3646 omne
621 3592 760 3646 vestrum
782 3585 848 3658 ius,
870 3593 1010 3666 potestas
1034 3584 1226 3668 libertasque
1249 3587 1387 3650 tollatur.
1419 3588 1490 3648 xii.
1505 3583 1557 3649 30.
1572 3587 1613 3649 At
1626 3586 1740 3658 videte,

419 3697 512 3761 quam
543 3676 711 3759 diligenter
741 3678 877 3741 retineat
905 3681 953 3742 ius
985 3680 1173 3743 tribuniciae
1203 3683 1378 3762 potestatis.
1416 3680 1606 3743 Consulibus
1638 3679 1740 3762 legem

418 3771 566 3833 curiatam
596 3770 768 3835 ferentibus
799 3792 817 3835 a
839 3773 974 3836 tribunis
996 3772 1097 3857 plebis
1119 3794 1214 3857 saepe
1237 3781 1286 3839 est
1307 3776 1527 3838 intercessum:
1559 3772 1673 3857 (neque
1695 3780 1741 3835 ta·

481 4081 505 4129 i.
523 4079 627 4143 singulis
643 4080 789 4131 EFGPT:
809 4083 920 4133 omnibus
936 4083 1049 4138 atto.
1075 4083 1114 4134 ct.
1132 4098 1157 4134 v.
1172 4085 1212 4134 tt.
1227 4107 1254 4119 -
1273 4082 1298 4133 3.
1316 4095 1374 4132 corn
1390 4096 1443 4133 om.
1462 4079 1518 4134 Ab.
1538 4108 1566 4120 -
1585 4082 1611 4134 l.
1629 4084 1740 4132 censori-

416 4153 469 4218 bus]
486 4153 625 4203 consulibus
637 4155 664 4204 L.
679 4180 705 4190 -
724 4169 782 4205 cum
793 4169 846 4207 om.
860 4158 888 4208 i‘.
902 4182 929 4194 -
948 4161 972 4209 o.
986 4158 1114 4208 indicabat
1125 4158 1153 4208 E.
1169 4185 1196 4194 -
1215 4157 1361 4221 reprebendi
1378 4158 1433 4208 EF.
1449 4184 1476 4193 -
1490 4159 1514 4209 ti.
1527 4158 1609 4218 Nunc,
1623 4159 1739 4221 Quirites,

416 4229 635 4290 ittnprimanos:
654 4230 793 4291 Namqaia
808 4231 997 4294 empnam
1015 4234 1181 4297 noncprimo
1196 4234 1285 4290 utam
1304 4247 1370 4283 nunc
1387 4231 1737 4295 quoprtmatttaatim

416 4318 482 4352 nunc
497 4318 549 4352 uno
564 4304 611 4352 itto
623 4305 709 4365 primo
726 4305 856 4368 Madvigio
872 4312 980 4360 auctore
998 4311 1098 4373 Ussing.
1117 4310 1155 4361 ei.
1172 4322 1227 4359 aar.
1245 4307 1306 4359 lect.
1325 4308 1350 4371 9.
1364 4310 1387 4358 t.
1402 4307 1443 4359 tl.
1456 4309 1497 4358 29.
1511 4307 1552 4359 32.
1567 4334 1595 4346 -
1614 4310 1638 4359 7.
1657 4310 1741 4371 auspi·

416 4391 502 4427 coram
519 4378 575 4427 EF.
596 4405 623 4414 -
642 4377 666 4427 8,
682 4382 828 4439 potestatem
844 4382 940 4432 iniussn
953 4398 979 4446 p.
992 4389 1037 4434 ont
1051 4384 1086 4446 pt.
1103 4398 1173 4447 posse
1188 4384 1503 4435 nonannoeane·
1521 4383 1742 4436 taam--tnitir

417 4451 586 4502 Lauredanns
597 4466 603 4501 2
626 4465 657 4502 en
668 4479 683 4490 -
691 4479 705 4490 -
716 4453 795 4502 sinitis
812 4454 831 4504 E
841 4456 886 4506 Fa
897 4454 927 4512 ὓς
950 4471 981 4508 ea
990 4484 1005 4494 -
1013 4484 1027 4496 ·
1038 4460 1106 4509 scitis
1121 4459 1164 4510 ed.
1183 4461 1298 4518 lentium
1320 4473 1351 4509 aa
1362 4485 1375 4496 -
1384 4487 1399 4498 -
1410 4460 1497 4510 unctis
1513 4459 1546 4516 L;
1571 4472 1601 4509 en
1612 4486 1626 4497 -
1636 4488 1650 4498 -
1661 4460 1741 4511 scistis

417 4527 446 4577 0.
465 4526 503 4578 Cl.
516 4526 619 4589 Madvig
635 4528 661 4576 in
672 4528 755 4577 Pnitot.
769 4529 919 4582 Scbnoidcw.
934 4535 963 4583 ii.
977 4546 1003 4597 p.
1017 4533 1109 4585 tlt.-
1129 4535 1170 4584 tt.
1187 4534 1318 4584 noberunt
1334 4533 1447 4583 EFi’A.
1466 4533 1623 4584 Emendavit
1635 4537 1740 4597 Nauge-

417 4602 470 4651 rius
488 4602 513 4651 in
531 4601 574 4651 ed.
592 4601 694 4652 Aldina.
714 4602 801 4682 Lib.
817 4609 961 4681 Quian
977 4608 1066 4659 babere
1082 4609 1230 4659 EFPTA:
1247 4609 1337 4659 babere
1350 4613 1495 4670 potcstotnn
1512 4619 1574 4657 cum
1592 4607 1739 4658 ed.1ildina

418 4684 500 4739 nio.
521 4711 548 4720 -
573 4687 701 4751 quoniam]
719 4702 761 4749 qm
777 4688 811 4746 Ες
831 4701 881 4750 qno
897 4689 923 4739 l'.
948 4691 1016 4740 l'ort.
1035 4703 1100 4740 carn.
1119 4690 1157 4741 Gi.
1179 4704 1203 4740 v.
1215 4691 1256 4741 ai.
1273 4719 1300 4728 -
1319 4694 1359 4743 tt.
1377 4692 1440 4755 seni
1457 4691 1638 4742 Lauredonus.
1659 4719 1686 4728 -
1705 4692 1742 4742 ta-

416 4774 471 4824 gam
496 4762 525 4810 de
548 4760 586 4810 bis
611 4763 644 4813 E:
671 4765 700 4813 de
722 4763 759 4813 bis
782 4764 859 4827 tegam
885 4762 1023 4815 FAbe.
1051 4766 1110 4826 (ntis
1125 4767 1162 4828 F.)
1190 4793 1217 4802 —
1244 4767 1378 4832 mmmm]
1404 4768 1571 4817 canteriatam
1596 4766 1739 4816 EFGPA.

418 4837 573 4887 Emendavit
591 4839 743 4900 Hervagius.
763 4862 788 4876 -
819 4839 898 4887 list
920 4840 1017 4890 nei':
1043 4841 1095 4891 sno
1117 4843 1149 4899 l'i
1171 4842 1210 4892 sin
1230 4843 1251 4893 ts
1272 4841 1384 4895 abdo.
1409 4870 1437 4880 -
1464 4842 1505 4892 ts.
1525 4845 1606 4905 posset
1626 4842 1739 4891 Eiet.

418 4912 575 4962 Emendavit
591 4916 618 4963 P.
638 4913 776 4963 Manutius.
790 4940 816 4950 -
835 4919 863 4962 ot
878 4915 982 4964 ittnstmc
998 4917 1030 4974 Ἐς
1048 4920 1076 4965 ot
1092 4917 1211 4967 annae
1227 4920 1254 4968 P.
1270 4944 1296 4954 -
1317 4919 1357 4968 te.
1373 4930 1522 4979 pemorsam
1541 4916 1597 4966 ΕΡ,
1615 4942 1641 4950 -
1660 4916 1701 4964 20.
1714 4919 1742 4964 ot

417 4986 476 5051 rid]
496 4992 541 5036 aut
556 4988 606 5038 rid.
626 4989 679 5038 FP.
699 5015 726 5024 -
745 4989 786 5040 2³.
805 4988 832 5053 tt]
850 4990 872 5039 ct
889 4991 943 5040 FP.
963 5016 990 5025 -
1010 4990 1053 5051 qni
1069 5003 1123 5041 om.
1143 4993 1169 5041 i'.
1191 5018 1215 5030 ·-
1236 4999 1339 5054 optram
1355 4994 1409 5043 FP.
1425 5019 1451 5027 -
1471 4991 1738 5053 seposuisses.

418 5070 573 5121 Emendavit
590 5073 645 5122 Nic.
665 5071 796 5135 Angelius.
814 5099 841 5108 -
861 5074 900 5124 it.
917 5074 970 5138 tege
987 5074 1015 5124 E.
1030 5101 1057 5110 -
1076 5075 1118 5124 i‘t.
1136 5077 1201 5138 cuni]
1215 5062 1309 5138 {in—E:
1328 5063 1419 5139 quo&
1438 5074 1625 5138 quoniamst.
1644 5075 1742 5124 Emen-

418 5145 490 5194 davit
514 5147 667 5198 Lambinus.
695 5148 733 5198 Ci.
752 5161 778 5198 v.
796 5147 836 5198 ts.
859 5174 885 5183 -
913 5148 1012 5214 quarto]
1041 5150 1107 5199 .ttlt.
1131 5151 1158 5200 E.
1182 5177 1208 5186 -
1236 5152 1276 5201 29.
1296 5151 1574 5214 Quirites1quiol'.—
1594 5151 1741 5213 ttaqnaEF

417 5221 536 5270 dein:
563 5222 630 5284 iique
650 5236 712 5274 cum
734 5224 776 5274 ed.
801 5224 902 5275 Iuntina
928 5221 958 5284 i;
980 5224 1053 5288 bique
1069 5225 1098 5275 1..
1119 5252 1146 5262 -
1173 5225 1218 5292 bis]
1240 5226 1288 5276 biis
1309 5227 1340 5284 i';
1362 5227 1394 5275 iis
1416 5228 1442 5277 t.
1469 5253 1502 5263 -
1527 5226 1742 5290 fundamentisque

416 5309 470 5346 om.
489 5296 517 5346 E.
