4367 6109
432 522 495 592 320

430 685 573 750 temporis,
591 684 741 748 bominum,
761 686 838 752 pretii
855 685 972 750 denique
988 699 1037 751 pro
1054 698 1104 738 suo
1121 686 1178 738 lure
1195 687 1296 739 ratione
1312 687 1403 741 babita
1422 687 1485 743 illud
1501 687 1544 742 vel
1559 691 1653 744 insane
1669 703 1756 756 ange-

430 767 477 819 bat
493 767 535 820 vel
551 768 717 835 aliquatenus
734 771 758 821 ei
776 769 974 821 moderabatur.
1004 771 1041 821 lio
1057 783 1144 835 usque
1162 770 1269 822 undem
1280 785 1439 837 progressus
1450 776 1504 836 est,
1522 777 1552 825 ut
1564 775 1600 838 lid
1611 775 1685 841 qnod
1697 775 1756 827 iera

430 853 584 905 incredibile
606 854 718 917 videtur)
740 854 888 907 civitatibus
910 857 1069 920 imperaret,
1096 854 1154 920 plus
1175 853 1241 907 lucri
1261 859 1291 906 ut
1312 856 1446 909 solverent
1462 857 1643 923 emptoribus,
1671 872 1757 924 quam

430 939 522 1002 quanti
538 938 668 990 decumae
684 939 835 991 venissent:
862 939 944 991 immo
961 939 1110 1001 interdum,
1131 952 1212 1004 quam
1229 943 1358 1005 quantum
1375 941 1500 993 trumenti
1517 945 1625 995 omnine
1642 956 1758 996 exeras·

429 1024 490 1074 sent
506 1021 538 1086 (5.
557 1023 625 1086 86.):
653 1021 717 1075 alias
741 1037 807 1074 vero
832 1024 938 1075 tertiam
962 1023 1047 1074 ierme
1072 1026 1177 1088 partem
1203 1024 1377 1077 decumarum
1400 1025 1466 1077 lueri
1487 1028 1594 1079 nomine
1612 1027 1755 1094 pascebat,

429 1106 668 1171 quemadmodum,
687 1108 736 1158 nisi
754 1109 842 1158 omnia
861 1120 904 1159 me
922 1105 1021 1169 iallunt,
1039 1106 1146 1159 videtur
1161 1108 1260 1160 laetum
1278 1122 1339 1160 esse
1357 1109 1428 1175 apud
1446 1110 1619 1165 Herbitenses
1636 1112 1670 1178 (fl.
1684 1098 1755 1175 76.);

428 1189 492 1243 alias
508 1189 585 1256 longe
602 1192 742 1253 minorem,
761 1195 791 1242 ut
807 1194 833 1243 in
845 1193 908 1257 Pipa
925 1192 1121 1243 remuneranda
1139 1193 1299 1245 factumest.
1313 1194 1346 1258 (s.
1359 1195 1410 1257 78.)
1427 1195 1527 1247 Verum
1539 1195 1623 1261 probe
1635 1196 1756 1249 tenenda

428 1277 470 1327 est
486 1287 591 1327 summa
609 1276 676 1326 haec
693 1274 814 1328 scelerati
830 1277 945 1328 bominis
962 1278 1150 1340 inconstantia,
1170 1292 1203 1329 ne
1221 1281 1323 1329 certam
1336 1292 1368 1330 ae
1379 1279 1481 1331 finitam
1493 1279 1608 1345 aliquam
1620 1282 1756 1333 rationem

427 1361 453 1411 in
471 1360 595 1412 omnibus
611 1360 660 1413 illis
677 1359 811 1412 lucrorum
829 1362 941 1413 summis
957 1374 1168 1427 persequamur3
1187 1362 1267 1428 idque
1279 1366 1418 1429 praeterea
1430 1364 1560 1417 adversus
1572 1366 1756 1417 Hotomanum

427 1460 488 1499 eum
506 1445 563 1499 aliis
581 1459 630 1510 ego
647 1458 753 1511 quoque
771 1445 899 1507 deiende,
926 1443 991 1496 lucri
1009 1459 1108 1498 nemen
1125 1460 1233 1512 semper
1250 1447 1464 1512 distinguendum
1481 1462 1542 1500 esse
1559 1453 1639 1514 atque
1658 1463 1756 1502 secer-

427 1531 544 1583 nendum
561 1530 715 1582 a'deeumis
732 1529 932 1594 earundemque
950 1532 1093 1596 emptione.
1120 1533 1145 1583 is
1163 1533 1249 1596 enim,
1270 1531 1403 1596 aliquanto
1421 1532 1612 1585 modestiorem
1629 1533 1681 1585 sibi
1698 1534 1755 1586 fln-

427 1630 493 1681 gena
509 1617 636 1678 Verrem,
654 1615 837 1666 immoderatis
853 1613 903 1666 illis
919 1614 985 1667 lucri
1001 1616 1114 1667 summis
1131 1629 1184 1668 non
1201 1618 1257 1668 sine
1275 1615 1363 1682 aliqua
1379 1619 1496 1670 veritatis
1513 1620 1603 1683 specie
1620 1621 1648 1671 et
1664 1618 1755 1670 deeu-

427 1714 485 1754 mas
507 1704 535 1752 et
555 1700 658 1752 lucrum
681 1698 880 1766 superadditum
904 1701 1031 1751 contineri
1050 1699 1237 1752 arbitrabatur.
1271 1704 1411 1753 sinestra
1427 1704 1559 1754 sententia
1575 1703 1755 1754 confirmatam

426 1787 541 1838 maxime
558 1786 582 1850 S.
600 1783 641 1837 st.
661 1786 688 1835 et
703 1785 755 1846 86,
781 1784 828 1834 ubi
843 1783 949 1836 lucrum
965 1785 1105 1836 maniiesto
1122 1785 1290 1849 distinguitur
1306 1798 1322 1836 a
1338 1786 1460 1838 decumis
1477 1786 1601 1839 redactis.
1634 1788 1753 1853 Insuper

426 1872 478 1923 hoe
495 1883 602 1936 quoque
619 1869 781 1920 nomadum:
800 1868 846 1919 ubi
863 1869 948 1919 maior
963 1882 1045 1934 quam
1056 1883 1106 1935 pre
1117 1868 1191 1921 lucro
1204 1872 1358 1934 exspectato
1369 1883 1473 1921 summa
1485 1873 1584 1922 esseta
1596 1870 1751 1923 decumano

425 1958 535 2023 propter
556 1953 652 2006 licendi
671 1953 842 2019 cupiditatem
866 1951 967 2014 oblata,
995 1965 1108 2017 magnae
1132 1953 1159 2004 id
1177 1952 1317 2005 calamitati
1334 1953 1415 2005 luisse
1432 1955 1596 2017 aratoribus,
1622 1958 1715 2022 utpote
1733 1969 1752 2007 a

426 2040 522 2105 quibus
539 2039 669 2090 decumae
687 2040 744 2088 tum
760 2038 829 2088 iusto
846 2035 1003 2102 ampliores,
1026 2039 1083 2088 tum
1105 2037 1211 2089 debitae
1233 2040 1334 2090 maiore
1352 2052 1414 2090 eum
1431 2040 1573 2091 severitate
1590 2041 1659 2105 erigi
1674 2038 1752 2092 sele-

424 2128 498 2185 rent‚
517 2136 598 2189 quam
615 2121 661 2173 ubi
678 2123 818 2187 emptionis
835 2120 945 2173 facilitas
962 2122 1112 2174 decumano
1129 2136 1236 2188 quoque
1250 2124 1335 2174 maius
1347 2122 1452 2175 lucrum
1462 2122 1575 2189 pollicita
1588 2128 1674 2177 esset:
1693 2136 1750 2190 que

425 2210 566 2264 referenda
583 2208 704 2262 sentilla
721 2209 745 2273 5.
764 2209 804 2259 ii.
824 2228 871 2255 ι-
888 2214 1004 2260 aratores
1017 2209 1131 2272 [unditus
1147 2209 1344 2260 evertebantur.»

490 2296 541 2347 sed
559 2294 687 2361 probandi
704 2305 811 2358 queque
829 2292 951 2344 immenti
968 2306 1049 2344 eausa
1065 2296 1173 2358 praeter
1186 2295 1324 2359 superiora
1340 2292 1414 2345 lucra
1431 2307 1529 2346 novum
1545 2292 1650 2346 lucrum
1665 2305 1750 2346 acee-

425 2380 507 2433 debat
522 2381 597 2432 Verri
614 2379 725 2443 eiusque
743 2377 913 2429 administris.
948 2376 1079 2429 Probatur
1095 2382 1186 2429 autem
1202 2379 1366 2430 trumentum
1384 2380 1439 2429 turn
1454 2391 1579 2441 mensura
1596 2378 1750 2431 accuratius

425 2469 530 2528 exacta,
548 2467 606 2515 tum
622 2460 733 2515 meliore
751 2463 853 2512 unum
870 2465 994 2528 recepte,
1017 2462 1148 2513 deteriore
1170 2463 1279 2514 reieeto.
1314 2464 1370 2514 llac
1387 2476 1435 2528 pro
1453 2475 1535 2528 opera
1551 2464 1615 2514 item
1632 2462 1749 2528 pecunia

424 2552 517 2603 exacta
533 2551 582 2601 est.
601 2547 634 2612 (8.
647 2547 698 2611 73.)
733 2549 875 2598 Praetereo
892 2544 1074 2611 iamreliqua,
1093 2548 1275 2611 accessiones,
1294 2548 1542 2612 quinquagesimas,
1560 2548 1689 2613 pecunias
1701 2546 1749 2598 de·

423 2637 503 2701 nique
525 2635 559 2686 de
582 2634 668 2698 capite
690 2632 811 2697 demptas
829 2631 862 2696 (ἓ.
880 2631 944 2696 83.l,
971 2644 1024 2695 qua
1044 2632 1071 2682 in
1093 2645 1124 2682 re
1141 2631 1278 2696 peculatus
1295 2633 1375 2683 etiarn
1392 2633 1477 2683 inerat
1493 2632 1612 2694 crimen,
1636 2631 1747 2696 quande

423 2720 533 2786 quidem
557 2719 626 2770 haee
650 2715 784 2783 prioribus
808 2715 857 2768 illis
878 2714 1012 2781 explicatis
1032 2717 1249 2781 interpretatione
1272 2729 1325 2767 nen
1348 2718 1436 2780 egent.
1471 2715 1573 2776 Quibus
1589 2715 1747 2781 praemissu

423 2803 580 2857 examinabo
605 2803 659 2854 iam
683 2802 751 2853 duos
774 2803 878 2867 priores
903 2799 989 2864 locos,
1018 2803 1171 2852 ceterorum
1197 2801 1390 2853 accuratiorem
1416 2801 1630 2852 constitutionem
1655 2801 1746 2851 lutuno

423 2891 518 2942 editori
543 2888 656 2940 libenter
676 2885 826 2939 relicturus.
861 2885 889 2937 ld
912 2889 1001 2937 tamen
1019 2885 1070 2938 ieci
1086 2885 1113 2937 in
1130 2884 1269 2949 omnibus,
1293 2885 1366 2950 qnod
1388 2898 1438 2950 pro
1456 2888 1578 2952 tempore
1595 2885 1661 2936 mibi
1677 2896 1746 2936 con-

422 2988 499 3028 cesso
515 2974 598 3040 potul.

487 3061 506 3110 i.
534 3060 564 3110 C.
582 3056 622 3108 30.
642 3056 666 3122 S.
684 3057 725 3108 72.
759 3057 789 3106 ln
808 3054 1013 3119 Agyrinensium
1035 3055 1154 3106 numeris
1171 3055 1265 3118 exigua
1282 3055 1350 3106 inest
1367 3053 1520 3117 diiiicultas,
1539 3054 1589 3107 nisi
1606 3053 1678 3119 quod
1696 3065 1746 3105 va-

420 3147 489 3198 riant
513 3143 597 3196 codd.
618 3141 685 3195 Edd.
704 3143 731 3192 et
746 3140 800 3190 vv.
818 3141 871 3191 bn.
892 3141 960 3192 coni.
983 3143 1041 3191 tum
1062 3140 1132 3190 inter
1154 3141 1281 3190 medinm
1306 3142 1333 3190 et
1351 3140 1503 3190 medinam
1528 3139 1668 3204 (posterius
1692 3137 1746 3189 boc

420 3228 532 3297 praetuli
550 3241 599 3294 ego
615 3239 722 3293 quoque
739 3226 766 3276 in
778 3238 855 3290 seqq.
872 3227 902 3276 ut
918 3227 946 3276 et
960 3226 1072 3276 modim
1087 3238 1137 3290 pro
1148 3238 1174 3276 v.
1190 3225 1286 3275 modios
1296 3223 1399 3289 codd),
1418 3227 1475 3275 tum
1486 3206 1569 3274 inter:
1587 3223 1699 3274 mill.
1712 3244 1744 3260 -

419 3315 530 3368 XXXlV.
544 3340 573 3352 -
593 3314 621 3365 et
635 3311 779 3373 xxxviii,
792 3310 907 3375 denique
920 3311 947 3360 ln
958 3321 1005 3372 eo,
1023 3309 1096 3375 quod
1109 3308 1175 3360 Edd.
1189 3307 1321 3374 quaedam
1331 3309 1450 3360 numeris
1465 3308 1607 3361 subiiciunt
1617 3321 1643 3359 v.
1654 3307 1743 3370 mitae

420 3399 493 3466 qnod
509 3395 692 3451 necessarium
709 3409 761 3447 non
779 3395 907 3456 iudicavi,
926 3397 976 3446 etsi
992 3395 1056 3446 mibi
1073 3407 1181 3459 quoqne
1197 3392 1293 3458 placet.
1321 3394 1352 3444 ii.
1368 3392 1386 3444 i.
1402 3396 1475 3446 certe
1493 3407 1546 3445 non
1562 3393 1663 3443 babent
1673 3392 1743 3446 lien.

419 3486 457 3537 lu.
476 3497 546 3549 quae
562 3483 629 3534 inira
645 3481 763 3533 numeris
782 3493 863 3545 saepe
886 3481 1066 3545 postponunt:
1090 3480 1126 3530 ii.
1163 3479 1289 3529 Graevius
1305 3478 1484 3542 Becltiusque,
1508 3477 1642 3529 interdum
1659 3478 1746 3529 etiam

419 3566 569 3630 Sehiitzius,
592 3564 687 3618 lineola
709 3564 876 3629 superposita
896 3561 1056 3614 millenarios
1079 3575 1207 3614 numeros
1223 3575 1239 3612 a
1258 3563 1417 3615 centenariis
1433 3575 1465 3613 ac
1482 3561 1630 3614 minoribus
1646 3561 1746 3613 dutin-

419 3652 539 3718 guendos
562 3651 739 3703 censuerunt:
765 3648 814 3701 sed
839 3650 865 3699 ln
890 3646 1108 3712 inscriptionibus
1133 3646 1340 3698 accuratioribus
1366 3646 1497 3699 eiusmodi
1516 3645 1611 3698 lineola
1636 3646 1745 3698 numeri

419 3739 513 3790 omnes
530 3736 646 3798 omnino,
665 3735 744 3785 etiam
756 3734 867 3794 minimi,
886 3732 1080 3796 distinguuntur
1096 3745 1112 3782 a
1127 3730 1236 3793 litteris,
1255 3744 1343 3796 neque
1360 3731 1439 3796 igitur
1454 3731 1483 3782 id
1494 3730 1566 3796 apud
1577 3731 1745 3795 antiquiores

418 3821 626 3875 millenariorum
643 3821 748 3884 signum
764 3818 846 3871 luisse
862 3815 1002 3883 probabile
1017 3816 1132 3867 videtur.
1152 3843 1178 3856 -
1199 3815 1224 3880 8.
1242 3816 1284 3868 73.
1303 3829 1352 3881 ego
1370 3829 1478 3881 quoquo
1494 3814 1545 3880 leg.
1564 3828 1681 3868 censeo:
1699 3815 1746 3868 HS

418 3906 515 3960 cxxix
529 3918 596 3972 pro:
617 3905 660 3956 iis
674 3905 725 3955 ix,

482 3993 513 4044 11.
543 3992 572 4042 C.
591 3990 632 4042 ii.
650 3989 674 4054 8.
693 3991 734 4040 it.
769 3990 858 4051 Longe
883 3984 1012 4037 ditiieilior
1037 3986 1090 4038 iam
1113 3987 1155 4037 est
1176 3985 1297 4050 quaestio
1320 3985 1354 4036 de
1372 3986 1452 4037 mum
1470 3998 1601 4036 annorum
1618 3985 1744 4038 decumis

416 4073 619 4130 Herbitensibus
636 4076 665 4125 et
679 4072 767 4136 lucro,
786 4071 859 4138 quod
875 4069 961 4123 Atidio
979 4072 1059 4134 atqua
1070 4071 1187 4134 Apronio
1204 4070 1237 4120 sit
1253 4081 1421 4121 concessum.
1448 4069 1611 4121 lledimnum
1629 4068 1744 4133 quidem

416 4174 557 4221 mensura,
576 4173 607 4210 ex
625 4171 678 4223 qua
694 4157 765 4223 apud
782 4154 882 4208 Siculos
898 4153 1057 4206 venditionis
1072 4152 1116 4204 lex
1132 4155 1323 4219 pactionesque
1340 4153 1458 4217 singulae
1475 4153 1591 4216 fiebant,
1616 4154 1654 4204 uti
1671 4152 1745 4206 solet

415 4245 513 4300 Tullius
529 4245 611 4311 priori
627 4243 683 4294 iere
700 4254 808 4307 queque
825 4239 883 4292 loco
900 4240 926 4290 ln
944 4238 1065 4290 decumis
1082 4237 1243 4300 referendis,
1262 4238 1376 4290 eandem
1392 4242 1486 4304 postea
1503 4237 1617 4291 subinde
1634 4241 1662 4290 in
1679 4251 1744 4290 mo·

415 4331 474 4384 dios
491 4331 664 4390 convertens,
683 4340 737 4392 quo
753 4337 919 4378 summamm
937 4325 1068 4375 rationem
1084 4321 1201 4374 lectores
1217 4321 1319 4374 iacilius
1330 4324 1508 4388 perciperent.
1529 4325 1655 4375 Ceterum
1666 4323 1744 4375 baud

414 4417 484 4479 scio,
508 4429 542 4467 an
562 4412 683 4464 medium
704 4413 768 4463 item
791 4422 946 4462 mensuram
968 4421 999 4460 ae
1024 4421 1124 4460 nomen
1141 4406 1300 4474 pierumque
1316 4406 1471 4473 praetulerit
1488 4409 1514 4461 in
1531 4406 1598 4459 lucri
1614 4408 1741 4472 summis,

413 4501 505 4566 utpote
522 4497 594 4564 quod
612 4497 714 4548 civibus
731 4497 787 4547 iere
804 4496 943 4554 Romanis,
962 4493 1063 4546 libertis
1079 4491 1174 4545 saltem
1191 4506 1207 4543 e
1224 4494 1355 4557 praetoria
1373 4492 1482 4544 ecberte
1500 4491 1704 4544 concederetur.

479 4584 524 4635 llis
540 4581 722 4634 subiiciendus
739 4581 828 4631 statim
845 4582 886 4630 est
901 4577 976 4630 loeus
994 4578 1046 4630 bue
1063 4579 1089 4627 in
1107 4578 1200 4643 primis
1217 4578 1316 4628 iaciens
1331 4577 1588 4628 Pseudo-Frontonis
1600 4577 1656 4628 sive
1668 4579 1743 4627 Aru·

413 4669 480 4721 siaul
501 4669 528 4719 in
547 4667 677 4731 sumpte
696 4665 873 4725 domiuum,
896 4662 944 4715 Ed.
963 4665 1028 4726 ing.
1047 4663 1108 4715 liaii
1130 4664 1246 4713 itomana
1268 4675 1295 4726 p.
1314 4661 1370 4712 373.
1407 4661 1535 4712 «Dimidio
1551 4660 1634 4727 pluris
1650 4660 1679 4711 id
1696 4664 1742 4711 est

413 4752 503 4819 duplo.
539 4754 593 4805 Cle.
615 4753 641 4803 in
662 4735 832 4802 trumentaria
854 4748 921 4811 (ires
938 4747 1031 4798 codd:
1051 4747 1201 4798 comment.
1215 4760 1263 4809 pro
1280 4746 1459 4809 frumentaria)
1477 4744 1511 4796 de
1529 4745 1651 4797 decumis
1668 4745 1741 4796 iler-

412 4836 556 4889 bitensium
572 4848 622 4904 per
637 4835 792 4897 triennium,
815 4833 980 4897 cumprime
997 4844 1066 4882 anno
1083 4830 1205 4882 venditas
1222 4829 1293 4881 dicat
1310 4830 1386 4880 tritici
1403 4830 1498 4881 modiis
1515 4830 1649 4881 mxliii
1667 4827 1740 4880 mili-

412 4921 473 4974 bus.
500 4920 623 4973 &eundo
640 4919 717 4971 tritici
735 4917 829 4969 modiis
845 4916 914 4967 XXV
931 4914 1036 4967 milibus
1053 4915 1152 4968 DCCC.
1176 4917 1251 4966 inno
1269 4915 1346 4965 tertie
1362 4927 1444 4979 supra
1461 4914 1564 4965 iacente
1577 4914 1669 4977 [immo
1687 4915 1740 4964 od·

411 5007 509 5059 iteieete
528 5002 572 5057 vel
595 5005 689 5055 mene.
707 5001 787 5067 liare]
813 5000 976 5053 aeschrione
998 4999 1120 5051 venditas
1140 4999 1233 5051 dicunt
1255 4997 1396 5049 medimnis
1416 4999 1461 5049 llll
1483 4998 1589 5050 milibus
1616 5000 1737 5050 centum.

410 5091 487 5143 idem
503 5089 599 5142 modiis
610 5089 698 5140 xivii
713 5085 820 5140 milibus
837 5085 913 5137 dietis
930 5083 1009 5150 dupla
1026 5097 1133 5136 summa
1149 5096 1212 5135 eum
1223 5083 1343 5148 proxime
1362 5083 1428 5146 (ires
1439 5084 1529 5135 crde:
1546 5083 1668 5148 proximi)
1686 5082 1739 5135 ad·

411 5176 509 5245 dicitur
524 5173 667 5227 medimnis
682 5173 739 5224 viii
755 5169 863 5223 milibus
880 5171 900 5222 C
917 5169 973 5222 iere
990 5168 1073 5236 pluris
1090 5182 1173 5234 quam
1189 5168 1327 5233 superiore
1344 5180 1440 5219 anno.»
1460 5194 1490 5205 -
1508 5166 1630 5220 Eundem
1645 5166 1739 5221 locum

410 5261 439 5317 ia
453 5257 618 5328 qulbm
633 5257 825 5312 conecterem
840 5255 876 5309 ita
891 5251 999 5322 pretulit
1011 5252 1135 5309 Ursinus:
1154 5250 1292 5308 Cornelius
1302 5252 1399 5305 Fronte
1414 5253 1443 5306 in
1452 5252 1504 5306 se.
1516 5252 1613 5308 meae
1626 5250 1739 5305 adducit
