4367 6109
722 578 793 644 ιι..
814 579 852 645 r.
883 577 957 646 cn.
978 579 1181 647 xm-xr.
1208 577 1266 666 ss.
1286 576 1437 647 aa-ae.
1677 577 1735 650 eor

416 747 580 822 omnibus,
608 755 717 813 eontra
741 745 806 825 ias,
833 754 942 813 contra
971 749 1128 833 auspicia,
1157 757 1267 815 contra
1287 771 1399 816 omnes
1421 750 1543 818 divinas
1565 757 1661 837 atque
1680 752 1741 816 bu·

415 859 524 905 manas
550 839 732 924 religiones.

498 935 584 999 xtv.
605 932 657 998 35.
680 935 706 999 Ο
730 936 762 999 di
783 936 995 1001 immortalesl
1019 936 1106 1013 Quid
1127 937 1258 1001 interest
1278 938 1362 1002 inter
1382 946 1504 1004 mentes
1523 937 1688 1003 hominum
1709 944 1742 1004 et

416 1027 640 1111 cogitationesl
672 1029 722 1094 lta
746 1029 824 1094 milri
851 1050 954 1095 meam
975 1031 1170 1094 voluntatem
1197 1051 1349 1117 spemque
1369 1034 1512 1118 reliquae
1533 1035 1616 1098 ritae
1637 1039 1742 1100 restra

414 1121 589 1207 populique
611 1123 743 1188 Romani
765 1124 959 1188 existimatio
982 1124 1183 1208 comprobet,
1205 1132 1242 1190 ut
1256 1146 1333 1208 ego,
1355 1146 1436 1211 quos
1458 1126 1562 1191 adbuc
1583 1125 1660 1191 milri
1675 1138 1765 1191 mue

415 1216 564 1299 gistratus
592 1217 733 1300 populus
761 1218 923 1282 Romanus
949 1217 1127 1292 mandarit,
1155 1219 1200 1282 sic
1230 1239 1285 1282 eos
1311 1220 1432 1303 accepi,
1463 1227 1500 1283 ut
1526 1240 1577 1284 me
1599 1220 1740 1284 omnium

415 1307 592 1373 officiorum
624 1310 778 1394 obstringi
792 1347 794 1351 ν
809 1311 964 1394 religione
991 1311 1170 1375 arbitrarer.
1213 1313 1260 1376 Ita
1288 1319 1438 1396 quaestor
1465 1334 1535 1376 sum
1555 1312 1674 1389 factus,
1704 1320 1741 1378 ut

414 1400 493 1466 mibi
514 1401 605 1466 illum
625 1404 780 1468 honorem
802 1411 868 1469 tum
890 1424 954 1469 non
976 1405 1079 1469 solnm
1102 1404 1226 1480 datum,
1248 1405 1305 1470 sed
1327 1407 1423 1471 etiam
1437 1406 1591 1471 creditum
1606 1414 1639 1472 et
1655 1427 1740 1472 oom-

414 1496 546 1559 missum
567 1504 726 1580 putarem:
748 1499 793 1562 sio
814 1498 938 1563 obtinui
961 1507 1165 1583 quaesturam
1178 1499 1213 1561 in
1228 1499 1335 1564 Sicilia
1350 1499 1528 1582 provincia,
1548 1508 1585 1566 ut
1598 1502 1739 1566 omnium

414 1586 523 1680 oculos
543 1590 578 1654 in
598 1610 649 1655 me
663 1612 761 1656 unum
776 1593 937 1657 coniectos
952 1613 1022 1657 esse
1037 1593 1220 1667 arbitrarer,
1243 1600 1278 1657 nt
1291 1613 1343 1657 me
1356 1601 1623 1679 quaesturamque
1636 1614 1738 1681 meam
1747 1607 1777 1659 tt

414 1682 507 1767 quasi
537 1683 571 1746 in
599 1684 709 1770 aliquo
730 1692 882 1750 terrarum
903 1686 989 1751 orbis
1013 1685 1137 1750 theatro
1158 1686 1278 1750 versari
1299 1686 1528 1762 existimarem,
1557 1696 1595 1752 ut
1616 1709 1740 1773 semper

414 1777 537 1855 omnia,
567 1797 650 1862 quae
678 1779 817 1845 iucunda
842 1778 989 1843 ridentur
1016 1799 1104 1855 esse,
1132 1799 1171 1843 ea
1199 1799 1264 1843 non
1292 1780 1386 1845 modo
1407 1779 1458 1844 his
1480 1782 1739 1846 extraordinariis

415 1871 655 1955 cupiditatibus,
677 1874 734 1938 sed
756 1874 850 1937 etiam
871 1873 934 1956 ipsi
955 1881 1086 1937 naturae
1107 1893 1145 1938 ac
1158 1874 1340 1939 necessitati
1355 1872 1553 1957 denegarem.
1582 1870 1635 1937 36.
1648 1876 1739 1939 Nunc

414 1988 486 2032 sum
507 1967 690 2051 designatus
712 1967 845 2032 aedilis:
866 1966 968 2031 babeo
990 1969 1162 2043 rationem,
1184 1966 1260 2052 quid
1282 1987 1302 2032 a
1322 1968 1439 2053 populo
1453 1969 1595 2033 Romano
1609 1988 1739 2052 accepe-

414 2063 490 2127 rim:
521 2061 602 2126 mibi
630 2060 723 2125 ludos
750 2061 964 2126 sanctissimos
992 2062 1230 2126 maximarum
1257 2081 1334 2126 cura
1355 2069 1387 2127 et
1407 2063 1602 2128 caerimonia
1622 2060 1738 2140 Cereri,
1746 2073 1777 2124 te

414 2157 528 2220 Libero
550 2155 746 2240 Liberaeque
767 2154 947 2231 faciundos,
969 2155 1047 2219 mibi
1067 2155 1199 2219 Floram.
1214 2163 1345 2220 matrem
1366 2155 1486 2240 populo
1506 2156 1658 2241 plebique
1677 2156 1740 2221 Ro-

414 2269 526 2318 manae
554 2248 703 2313 ludorum
732 2249 913 2316 celebritate
942 2246 1145 2334 placandam,
1175 2249 1252 2313 mibi
1282 2249 1374 2315 ludos
1395 2251 1649 2334 antiquissimos,
1682 2249 1739 2335 qui

414 2345 509 2430 primi
536 2343 671 2407 Romani
699 2343 850 2426 appellati
880 2349 971 2417 sunt,
1002 2362 1072 2405 cum
1102 2342 1255 2424 dignitate
1276 2344 1413 2408 maxima
1434 2350 1468 2407 et
1486 2344 1640 2427 religione
1662 2343 1739 2420 lori,

414 2439 529 2504 lunoni
542 2437 769 2520 menseque
784 2456 858 2501 esse
869 2435 1051 2510 faciundos,
1070 2434 1148 2499 mibi
1162 2456 1320 2501 sacrarum
1335 2438 1462 2502 aedium
1475 2439 1739 2522 procurationem,

414 2532 493 2599 mibi
513 2538 613 2596 totam
632 2529 744 2594 urbem
764 2529 914 2595 tuendam
937 2549 1008 2595 esse
1030 2529 1247 2607 commissam
1280 2532 1321 2596 ob
1342 2551 1452 2596 earum
1473 2551 1578 2596 rerum
1599 2530 1777 2597 laboremne

415 2634 448 2693 et
480 2623 726 2690 sollicitudinem
753 2623 872 2688 fructum
900 2623 973 2687 illos
1002 2623 1110 2698 datos,
1142 2624 1354 2709 antiquiorem
1375 2625 1409 2689 in
1430 2631 1542 2689 senatu
1563 2625 1740 2703 sententiae

415 2720 570 2786 dicendae
599 2719 721 2794 locum,
752 2727 857 2800 togam
884 2725 1096 2802 praetextam,
1127 2717 1238 2781 sellem
1267 2719 1424 2794 curulem,
1456 2718 1506 2782 ins
1531 2718 1677 2802 imaginis
1697 2719 1739 2784 ad

415 2814 598 2881 memoriam
626 2813 907 2898 posteritatemque
934 2810 1126 2896 prodendae.
1169 2807 1221 2875 37.
1242 2813 1293 2877 Er
1312 2812 1362 2876 bis
1385 2832 1444 2896 ego
1465 2813 1611 2878 omnibus
1634 2813 1740 2890 rebus,

414 2910 551 2984 iudices,
573 2909 620 2972 ita
639 2906 718 2972 mihi
739 2927 849 2971 omnes
866 2906 944 2970 deos
964 2906 1118 2991 propitios
1137 2907 1244 2983 velim,
1265 2906 1388 2972 etiamsi
1402 2905 1481 2970 mihi
1494 2905 1740 2973 iucundissimus

415 3012 465 3069 est
484 3004 587 3067 bonos
608 3000 733 3086 populi,
763 3009 869 3065 tamen
899 3020 1101 3085 nequaqnam
1124 3001 1216 3085 capio
1236 3007 1355 3065 tantm
1377 2999 1560 3084 voluptatis,
1588 3008 1778 3085 quantumst

415 3106 448 3162 et
467 3095 690 3161 sollicitudinis
713 3103 745 3160 et
765 3094 898 3171 laboris,
920 3102 956 3158 ut
976 3095 1055 3158 baec
1075 3094 1145 3179 ipsa
1165 3095 1324 3168 aedilitas,
1346 3114 1411 3158 non
1432 3095 1509 3179 quia
1527 3114 1658 3159 necesse
1671 3094 1741 3160 fue·

413 3194 473 3266 rit,
502 3190 598 3254 alicui
626 3189 795 3254 candidato
828 3189 917 3265 data,
948 3190 1004 3254 sed
1033 3188 1110 3273 quia
1139 3189 1185 3251 sic
1205 3188 1396 3270 oportuerit,
1426 3191 1511 3251 recte
1532 3187 1689 3253 collocata
1708 3194 1741 3253 et

413 3284 533 3349 iudicio
555 3283 663 3366 populi
684 3283 719 3346 in
740 3283 811 3348 loco
834 3303 904 3348 esse
924 3283 1030 3366 posita
1050 3282 1205 3362 rideatur.
1237 3282 1306 3344 XV.
1329 3278 1380 3344 38.
1402 3283 1450 3347 Tu
1464 3301 1536 3345 cum
1550 3301 1636 3346 esses
1650 3303 1741 3367 prae·

415 3388 464 3444 tor
483 3376 697 3452 renuntiatus,
721 3397 850 3462 quoquo
872 3377 1023 3442 modo-
1036 3378 1126 3441 mitto
1148 3377 1233 3441 enim
1254 3381 1288 3439 et
1307 3384 1490 3459 praetereo,
1511 3375 1589 3458 quid
1611 3384 1679 3440 tum
1698 3377 1742 3441 sit

414 3479 519 3538 actum
533 3503 592 3546 ·-,
614 3468 672 3534 sed
693 3492 765 3535 cum
786 3491 873 3535 esses
895 3471 1110 3546 renuntiatus,
1130 3477 1167 3535 ut
1188 3469 1271 3545 diri,
1292 3488 1358 3532 non
1379 3470 1449 3554 ipsa
1469 3470 1637 3552 praeconis
1662 3487 1778 3537 roceto

415 3565 570 3630 excitatus
597 3585 649 3640 es,
677 3567 734 3651 qui
764 3573 796 3629 te
819 3566 912 3629 toties
940 3565 1102 3629 seniorum
1123 3564 1349 3647 iuniorumque
1371 3563 1522 3627 centuriis
1542 3563 1598 3628 illo
1618 3563 1741 3629 honore

415 3659 500 3726 affici
521 3659 756 3743 pronuntiarit,
777 3665 814 3723 ut
833 3659 1060 3743 hoc-putares,
1083 3659 1224 3743 aliquam
1245 3657 1293 3720 rei
1306 3656 1452 3741 publicae
1465 3663 1587 3740 partem
1601 3657 1659 3722 tibi
1672 3677 1741 3722 cre·

415 3755 525 3828 (litam,
553 3773 673 3818 annum
701 3754 759 3818 tibi
783 3752 875 3818 illum
901 3774 999 3817 unum
1028 3752 1121 3818 domo
1143 3751 1314 3816 carendum
1335 3769 1405 3815 esse
1426 3751 1626 3815 meretricis?
1663 3751 1741 3816 Cum

415 3849 474 3913 tibi
494 3856 579 3914 sorte
599 3847 781 3930 obtigisset,
808 3849 856 3912 uti
877 3847 928 3912 ius
950 3847 1091 3923 diceres,
1121 3854 1276 3931 quantum
1296 3845 1435 3927 negotii,
1456 3844 1533 3930 quid
1555 3845 1664 3910 oneris
1684 3845 1741 3911 ba·

480 4155 648 4208 bermuti.
674 4179 702 4193 -
725 4152 846 4205 334οε
873 4153 954 4204 (4440.
982 4180 1008 4191 -
1030 4152 1253 4217 tumescere.
1274 4178 1302 4190 -
1326 4151 1740 4217 beatificum-orbitam

415 4232 488 4284 042.
507 4258 536 4269 -
554 4232 578 4282 0.
595 4228 879 4282 Mmmntdrendett.
898 4229 970 4280 0.-
988 4230 1226 4295 trethuumtt.-
1244 4241 1380 4280 accenso.
1399 4226 1549 4279 deuo·
1568 4226 1742 4292 eorm

414 4308 466 4358 so.
484 4305 549 4359 dett.
567 4308 597 4358 0.
618 4332 645 4345 -
665 4305 705 4357 40.
722 4316 801 4355 mum
817 4317 871 4355 om.
890 4304 927 4355 03
939 4301 963 4355 λ.
983 4305 1044 4366 (non
1060 4306 1100 4368 n.)
1120 4330 1147 4342 -
1166 4317 1215 4355 οοοο
1231 4315 1285 4354 om.
1303 4301 1320 4353 λ
1336 4301 1384 4353 bd.
1397 4303 1476 4366 Lagg.
1496 4305 1604 4369 praeter
1614 4302 1655 4365 20,
1668 4304 1698 4355 0.
1709 4330 1738 4342 -

415 4383 456 4432 44.
473 4386 602 4432 terram
617 4381 685 4431 orbis
699 4381 737 4432 tte
749 4379 782 4430 l:
807 4379 873 4431 orbe
888 4386 972 4431 terrm
988 4380 1052 4432 dett.
1071 4381 1187 4431 Lactant.
1205 4379 1263 4430 Div.
1281 4379 1356 4429 lnett.
1373 4378 1417 4428 Vl.
1434 4376 1476 4439 24,
1493 4377 1551 4440 20.;
1574 4376 1641 4428 orbis
1655 4382 1741 4428 uero-

413 4471 472 4508 nsm
488 4457 517 4508 0.
537 4483 567 4493 -
584 4457 670 4507 omia
684 4469 779 4518 οοοοροο
795 4455 860 4508 dett.
873 4456 902 4507 0.
922 4456 998 4518 (emet
1010 4457 1049 4519 n.)
1064 4481 1091 4491 -
1111 4455 1151 4506 42.
1168 4453 1287 4515 semea]
1304 4452 1408 4503 0420040
1418 4452 1496 4516 Laid.
1514 4479 1541 4490 -
1561 4465 1611 4504 ease
1625 4453 1741 4504 eidem

414 4533 461 4585 03.
481 4556 509 4570 -
527 4544 559 4582 es
574 4532 624 4583 lte:
651 4542 706 4582 om.
723 4530 789 4582 dett.
808 4530 837 4581 0.
862 4556 889 4566 -
917 4531 957 4582 43.
976 4531 1018 4580 sed
1033 4535 1057 4580 et
1072 4531 1106 4581 Gt
1120 4529 1145 4580 2.
1171 4556 1199 4566 -
1226 4541 1258 4578 oo
1273 4540 1327 4579 om.
1346 4529 1375 4579 L.
1395 4554 1423 4565 —
1449 4528 1489 4578 te.
1507 4527 1573 4594 οοοοοο]
1589 4533 1644 4579 nen
1659 4529 1689 4579 n.
1707 4552 1736 4566 -

412 4621 478 4660 caeo
492 4613 517 4659 et
532 4620 586 4659 om.
604 4606 669 4658 dett.
687 4607 718 4657 0.
738 4633 766 4644 -
785 4606 826 4656 46.
844 4608 873 4656 et
889 4605 929 4656 40.
947 4606 1074 4669 [caimos
1089 4604 1137 4656 Gt.
1157 4630 1184 4640 -
1204 4604 1245 4655 48.
1264 4603 1385 4667 appellat
1400 4607 1458 4653 nsit
1473 4601 1527 4655 tae:
1544 4608 1602 4654 οιοοοι
1616 4601 1741 4653 nominati

414 4684 479 4736 dett.
497 4683 527 4734 0.
547 4709 574 4719 -
597 4695 670 4733 mou.
688 4694 745 4731 cum
760 4680 940 4746 digesserat.
959 4679 1024 4731 dett.
1043 4680 1072 4729 0.
1099 4705 1126 4714 —
1149 4679 1191 4729 22.
1210 4680 1321 4730 mles
1336 4677 1385 4744 tur]
1409 4679 1551 4731 menna
1566 4679 1601 4741 n;
1627 4679 1667 4730 ius
1682 4692 1737 4731 om.

414 4760 459 4811 Ge.
479 4784 507 4795 -
525 4759 644 4824 marne
659 4759 680 4810 n
696 4770 737 4822 pr.
756 4769 803 4818 m„
822 4755 898 4817 dett,
915 4757 980 4806 Non.
999 4767 1027 4819 p.
1045 4752 1102 4804 303.
1121 4751 1194 4804 otte
1213 4755 1335 4818 ϋοοροοοο
1351 4754 1420 4805 ttm.
1434 4765 1500 4814 sec..
1513 4753 1557 4804 03.
1573 4779 1601 4788 -
1618 4753 1660 4804 23.
1673 4765 1740 4817 pro-

412 4835 507 4886 dendos
521 4834 544 4885 J.
563 4835 604 4885 Fr.
623 4833 770 4885 Gronovius
787 4832 925 4896 (Obserrv.
943 4832 963 4881 1.
982 4829 1045 4893 42.);
1060 4830 1216 4891 prodendam
1232 4829 1312 4881 codd.
1326 4830 1381 4880 Cic.
1394 4831 1422 4881 et
1434 4830 1517 4880 Nonii.
1532 4855 1560 4866 -
1577 4826 1736 4878 marest·

412 4909 458 4959 brer
473 4907 538 4961 dett.
556 4908 586 4959 0.
607 4935 634 4947 -
657 4908 698 4961 24.
716 4909 773 4958 deor
794 4921 877 4958 οοοοοοο
899 4906 964 4957 dett.
983 4906 1012 4955 0.
1032 4904 1119 4968 lmooir
1135 4905 1174 4968 44.)
1202 4929 1230 4942 -
1254 4918 1329 4969 prop.
1354 4917 1404 4957 οοοο
1424 4905 1498 4955 oeten
1514 4903 1578 4955 dett.
1597 4903 1626 4952 0.
1652 4902 1686 4953 at
1702 4900 1737 4953 ot.

413 4983 527 5035 Divinat.
545 4981 569 5045 fi.
588 4982 631 5034 44.
651 5009 679 5020 -
697 4981 795 5033 dionei
809 4981 861 5032 443ε
878 4985 907 5031 st
923 4979 1019 5030 tametsi
1035 4977 1100 5030 dett.
1119 4980 1148 5030 0.
1170 5006 1197 5016 -
1215 4980 1256 5032 20.
1275 4985 1373 5051 οοοοοοοο
1387 4980 1462 5043 capto
1477 4977 1542 5029 dett.
1560 4977 1589 5028 0.
1608 5001 1637 5012 -
1655 4975 1696 5026 20.
1714 4979 1739 5026 et

412 5059 467 5110 roll.
485 5056 565 5110 set:
592 5062 684 5110 stom
702 5056 767 5109 dett.
785 5056 814 5107 0.
834 5082 862 5092 -
889 5056 930 5106 27.
948 5055 1095 5106 coodidotos
1109 5055 1139 5106 R.
1166 5082 1193 5092 -
1216 5061 1282 5107 recte
1297 5068 1351 5107 om.
1368 5055 1446 5119 ogre.
1467 5081 1495 5092 -
1512 5053 1642 5104 contocsto
1657 5051 1687 5102 R.
1705 5075 1734 5088 -

412 5132 455 5183 28.
473 5134 548 5197 digno
564 5127 661 5184 to'loco
677 5133 776 5184 Victor.
794 5134 887 5183 contra
903 5129 982 5181 codd.
1002 5157 1029 5166 -
1045 5131 1130 5194 postte
1145 5141 1195 5182 οοοο
1211 5130 1276 5182 dett.
1289 5131 1319 5181 0.
1333 5156 1361 5167 -
1380 5129 1422 5180 34.
1440 5128 1527 5179 oum
1541 5128 1571 5178 n.
1586 5153 1614 5164 -
1633 5124 1673 5176 32.
1691 5124 1738 5174 od·

412 5207 692 5273 wormundum.
711 5205 919 5274 quesne.
939 5230 966 5244 -
985 5204 1100 5260 tibtom.
1119 5206 1197 5271 lagg.
1216 5233 1244 5245 -
1262 5203 1304 5258 34.
1321 5201 1483 5257 matut:
1500 5201 1610 5254 utdett.
1628 5200 1661 5261 03
1678 5211 1733 5252 om.
