4367 6109
450 561 492 628 48
742 562 891 629 ORATIO
912 563 991 629 PRO
1015 562 1104 628 SEX.
1125 562 1272 630 ROSCIO
1293 564 1476 631 mutuo

450 733 560 798 terreri
588 732 750 796 Furiarum
779 733 879 797 taedis
900 733 1092 798 ardentibus.
1137 736 1200 799 Sua
1221 755 1380 820 quemque
1401 734 1488 801 fraus
1510 742 1543 799 ot
1563 755 1640 800 suus
1661 744 1763 801 terror

450 829 586 892 maxime
607 835 715 903 vexat3
738 849 830 891 suum
852 848 1009 913 quemque
1024 831 1127 893 scelus
1142 829 1239 912 agitat
1254 831 1455 913 amentiaque
1472 819 1587 906 afficit3
1609 850 1686 895 suae
1700 851 1763 894 ma·

450 923 500 987 lae
522 922 728 1006 cogitationes
750 922 1027 1006 conscientiaeque
1049 924 1145 986 animi
1168 930 1301 987 terrent:
1323 923 1383 986 bae
1404 930 1479 987 sunt
1496 923 1604 1007 impiis
1618 924 1764 988 assiduae

451 1015 704 1100 domesticaeque
725 1016 854 1091 Furiae,
877 1037 959 1099 quae
981 1016 1048 1079 dies
1070 1025 1244 1101 noctesque
1266 1025 1432 1100 parentum
1452 1028 1574 1102 poenas
1595 1039 1616 1082 a
1637 1039 1764 1083 consce-

427 1110 647 1173 aleratissimis
674 1107 748 1173 liliis
773 1117 927 1192 repetant.
971 1109 1129 1174 68.11aec
1152 1111 1334 1194 magnitudo
1356 1108 1502 1175 maleficii
1523 1111 1617 1188 iacit,
1646 1118 1684 1176 ut
1703 1112 1763 1177 nisi

449 1222 550 1287 paene
572 1202 772 1267 manifestum
794 1203 996 1287 parricidium
1018 1203 1213 1287 proferatur,
1242 1204 1391 1268 credibile
1413 1205 1555 1281 nonsit,
1577 1205 1641 1270 nisi
1663 1206 1765 1290 turpis

449 1298 677 1373 adolescentia,
706 1298 768 1360 nisi
798 1297 944 1361 omnibus
973 1295 1099 1382 flagitiis
1120 1298 1185 1361 vita
1212 1298 1394 1382 inquinata,
1424 1299 1485 1362 nisi
1507 1306 1652 1382 sumptus
1675 1298 1765 1363 eliusi

450 1413 520 1456 oum
542 1393 658 1478 probro
682 1399 777 1476 atque
800 1391 970 1466 dedecore,
993 1392 1053 1456 nisi
1075 1400 1228 1477 prorupta
1249 1394 1395 1469 audacia,
1416 1395 1478 1458 uisi
1494 1402 1582 1459 tauta
1594 1392 1765 1468 temeritas,

448 1495 484 1550 ut
506 1506 571 1550 non
592 1487 702 1569 procul
725 1486 892 1550 abhorreat
906 1485 945 1548 ab
960 1488 1094 1550 insania.
1122 1489 1259 1551 Accedat
1273 1487 1335 1551 buc
1350 1496 1475 1571 oportet
1490 1488 1599 1552 odium
1613 1485 1765 1571 parentis,

412 1580 731 1646 toauimadversionis
759 1588 908 1664 paternae
934 1588 1051 1655 metus,
1078 1581 1171 1644 amici
1193 1581 1345 1665 improbi,
1374 1583 1455 1645 servi
1477 1581 1613 1657 conscii,
1641 1587 1766 1664 tempus

448 1677 615 1750 idoneum,
637 1674 727 1737 locus
750 1682 927 1758 opportune
949 1682 1059 1759 captus
1081 1677 1121 1738 ad
1144 1696 1213 1739 eam
1234 1697 1320 1752 rem;
1341 1696 1441 1761 paene
1464 1676 1583 1752 dicam,
1604 1695 1766 1760 respersas

448 1791 560 1834 manus
582 1769 734 1852 sanguiue
756 1778 886 1853 paterno
909 1769 1029 1832 iudices
1048 1769 1177 1832 videant
1198 1779 1340 1853 oportet,
1361 1772 1389 1834 si
1404 1778 1525 1835 tantum
1539 1772 1682 1847 facinus,
1703 1778 1766 1834 tam

448 1867 600 1938 immane,
629 1872 692 1928 tam
720 1864 866 1928 acerbum
892 1863 1041 1927 credituri
1064 1872 1147 1927 sunt
1190 1863 1241 1926 69.
1264 1865 1369 1941 Quare
1391 1866 1470 1941 boc,
1502 1887 1567 1951 quo
1590 1867 1697 1953 minus
1718 1872 1767 1929 ast

449 1958 615 2032 credibile,
644 1958 705 2023 nisi
730 1959 922 2033 ostenditur,
952 1978 990 2021 co
1021 1960 1121 2041 magis
1142 1967 1205 2034 est,
1238 1960 1264 2022 si
1287 1961 1501 2036 convincitur,
1528 1958 1765 2024 vindicandum.

412 2053 547 2115 tollXV.
569 2052 679 2136 Itaque
702 2073 772 2114 cum
794 2052 903 2116 multis
924 2072 965 2115 ex
985 2052 1079 2114 rebus
1104 2052 1238 2136 intelligi
1260 2060 1380 2136 potest,
1403 2054 1538 2119 maiores
1558 2063 1687 2119 nostros
1701 2074 1765 2119 uon

449 2144 544 2209 modo
572 2146 667 2209 armis
697 2145 768 2230 plus
791 2165 887 2229 quam
909 2154 1029 2210 ceteras
1051 2146 1208 2220 nationes,
1237 2167 1346 2210 verum
1369 2148 1462 2210 ctiam
1484 2148 1618 2211 consilio
1641 2147 1766 2232 sapien·

448 2241 556 2325 tiaque
578 2240 737 2325 potuisse,
760 2248 827 2304 tum
849 2261 889 2304 cx
909 2241 968 2304 bac
990 2260 1024 2303 re
1044 2240 1096 2301 vel
1118 2241 1271 2314 maxime,
1303 2240 1390 2324 quod
1411 2241 1444 2304 in
1466 2241 1582 2324 impios
1605 2242 1764 2326 singulare

448 2335 640 2418 supplicium
662 2335 859 2399 invenerunt
904 2336 975 2411 Qua
1003 2334 1036 2397 in
1058 2354 1091 2396 re
1114 2341 1267 2418 quantum
1288 2335 1459 2417 prudentia
1480 2335 1697 2419 praestiterint
1716 2335 1764 2410 iis,

449 2430 504 2512 qui
526 2428 610 2513 apud
634 2436 755 2492 ceteros
778 2428 1001 2512 sapientissimi
1016 2427 1115 2491 luisse
1131 2428 1295 2502 dicuntur,
1318 2429 1525 2493 considerate.
1558 2428 1609 2494 70.
1625 2430 1764 2495 Pruden-

411 2523 571 2596 totissima
592 2523 701 2587 civitas
722 2523 978 2597 Atheniensium,
1001 2522 1075 2584 dum
1098 2541 1136 2585 ea
1156 2542 1261 2586 rerum
1282 2523 1384 2607 potita
1408 2532 1472 2599 est,
1493 2524 1592 2589 luisse
1614 2524 1763 2588 traditur:

448 2617 516 2679 eius
545 2636 639 2701 porro
669 2616 804 2680 civitatis
835 2616 1102 2699 sapientissimum
1132 2616 1282 2679 Solonem
1309 2616 1419 2680 dicunt
1445 2617 1560 2694 luisse,
1590 2641 1677 2695 eum,
1709 2618 1763 2704 qui

447 2709 550 2794 leges,
573 2711 688 2795 quibus
710 2710 805 2773 bodie
827 2730 957 2794 quoque
979 2717 1128 2785 utuntur,
1154 2710 1324 2793 scripserit.
1362 2714 1393 2777 ls
1414 2732 1486 2777 cum
1507 2713 1764 2797 interrogaretur,

449 2825 505 2867 cur
525 2806 649 2867 nullum
671 2805 862 2887 supplicium
883 2803 1099 2867 constituisset
1121 2805 1153 2867 in
1176 2825 1263 2879 eum,
1286 2807 1341 2890 qui
1357 2814 1519 2889 parentem
1534 2815 1694 2882 necasset,
1715 2827 1764 2870 re·

449 2899 592 2983 spondit,
615 2918 649 2962 se
671 2897 703 2959 id
724 2896 883 2961 neminem
896 2896 1053 2960 facturum
1067 2905 1205 2980 putasse.
1235 2900 1400 2982 Sapienter
1412 2898 1525 2963 iecisse
1540 2900 1670 2976 dicitur,
1692 2922 1764 2965 cum

411 2992 491 3058 atde
513 3013 551 3057 eo
573 2992 654 3055 nihil
675 2992 828 3067 sanxerit,
851 2991 938 3075 quod
960 2999 1052 3053 antea
1073 2992 1276 3056 commissum
1290 3014 1355 3056 non
1371 3001 1453 3069 crat,
1476 3014 1516 3057 ne
1531 3014 1597 3057 non
1611 3002 1677 3059 tam
1690 3014 1764 3078 pro·

447 3088 557 3151 bibere
591 3107 685 3172 quam
718 3084 888 3149 admonere
916 3084 1081 3148 videretur.
1127 3085 1252 3160 Quanto
1280 3088 1381 3151 nostri
1410 3087 1546 3151 maiores
1568 3088 1762 3172 sapientiusl

448 3182 503 3266 qui
526 3203 597 3245 cum
620 3179 846 3263 intelligerent,
868 3179 946 3242 nibil
970 3199 1039 3243 esse
1061 3187 1124 3242 tam
1146 3187 1303 3256 sanctum,
1327 3180 1412 3265 quod
1428 3201 1493 3244 non
1507 3181 1681 3265 aliquando
1695 3182 1764 3246 vio·

399 3321 404 3330 .
447 3276 527 3340 leret
554 3275 702 3351 audacia,
735 3274 926 3358 supplicium
954 3274 988 3337 iu
1019 3271 1191 3357 parricidas
1218 3274 1376 3356 singulare
1405 3274 1681 3357 excogitaverunt3
1713 3283 1763 3349 ut,

448 3391 529 3454 quos
550 3380 663 3435 natura
684 3370 754 3453 ipsa
774 3370 910 3433 retinere
932 3371 965 3432 in
987 3367 1092 3432 officio
1116 3389 1179 3432 non
1201 3368 1371 3452 potuisset,
1403 3367 1619 3451 magnitudine
1640 3387 1763 3452 poenae

410 3475 467 3526 toa
488 3461 640 3528 maleficio
662 3473 942 3528 summoverentur.
984 3464 1071 3526 Insui
1093 3463 1263 3527 voluerunt
1283 3464 1316 3526 in
1338 3462 1475 3526 culleum
1490 3462 1580 3525 rivos
1602 3469 1699 3548 atque
1719 3462 1765 3526 ita

448 3557 481 3618 iu
504 3559 620 3628 flumen
642 3556 746 3621 deiici.
790 3559 903 3622 xxvl.
926 3554 976 3620 7l.
999 3556 1025 3620 0
1047 3558 1237 3641 singularem
1252 3556 1454 3639 sapientiam,
1477 3555 1619 3619 iudicesl
1651 3557 1763 3620 Nonne

447 3651 594 3713 videntur
625 3651 709 3715 bunc
737 3652 898 3716 hominem
926 3674 966 3715 ex
994 3671 1099 3715 rerum
1128 3658 1241 3714 natura
1261 3649 1428 3714 sustulisse
1449 3656 1482 3712 et
1503 3649 1677 3734 eripuisse,
1711 3650 1764 3713 cui

448 3751 577 3826 repente
600 3743 738 3819 caelum,
761 3745 875 3819 solem,
898 3765 1012 3829 aquam
1036 3751 1230 3828 terrramque
1246 3744 1438 3821 ademeriut;
1460 3751 1509 3820 ut,
1533 3744 1588 3828 qui
1611 3764 1684 3809 eum
1708 3763 1763 3807 ne·

448 3843 566 3912 cassel,
593 3836 679 3901 unde
709 3838 777 3921 ipsc
805 3844 898 3901 natus
927 3846 1024 3913 esset,
1057 3847 1178 3902 careret
1206 3838 1246 3902 iis
1273 3840 1367 3903 rebus
1390 3835 1551 3914 omnibus,
1584 3859 1624 3902 ex
1645 3838 1763 3924 quibus

513 4071 536 4120 4.
561 4069 645 4135 taedis]
670 4070 735 4120 cedis
754 4072 775 4119 G
796 4070 836 4133 lex
854 4070 926 4131 tedis,
952 4072 982 4119 ut
998 4068 1080 4121 estin
1098 4070 1180 4132 vac).
1207 4096 1233 4105 -
1260 4075 1284 4120 44
1299 4085 1358 4121 rute
1374 4071 1463 4134 terror]
1489 4075 1512 4121 44
1527 4083 1586 4121 suus
1602 4084 1675 4122 error
1691 4070 1760 4122 coni.

447 4143 470 4196 J.
490 4145 516 4195 4.
535 4145 680 4209 Heusinger
697 4144 732 4196 ad
747 4145 796 4196 cic.
816 4146 852 4195 44·
863 4144 910 4208 Off.
928 4146 969 4196 111.
993 4158 1016 4194 c.
1035 4144 1090 4205 3t.;
1117 4149 1140 4195 44
1162 4152 1243 4195 terror
1258 4159 1317 4196 4444
1332 4161 1363 4205 νς
1389 4152 1412 4197 et
1427 4160 1501 4197 error
1515 4146 1659 4196 macconi.
1676 4145 1759 4198 ltleln.

449 4220 545 4270 «Nimis
562 4222 641 4270 tenue
658 4223 700 4271 est
715 4233 772 4270 voc.
785 4233 858 4270 error
867 4222 928 4284 post
939 4218 1051 4270 alterum
1065 4220 1163 4283 fraus.»
1182 4221 1225 4271 On.
1239 4222 1263 4272 2.
1283 4222 1321 4272 ct.
1335 4222 1413 4272 etiam
1425 4220 1536 4273 osenbr.
1552 4247 1579 4258 -
1597 4223 1621 4272 4.
1634 4221 1720 4287 adficit
1730 4223 1758 4273 44.

449 4319 477 4328 -
496 4293 519 4344 3.
538 4294 746 4356 conscientiaeque
765 4295 851 4355 blvc,
875 4293 960 4346 Scbol.
984 4294 1079 4344 Lucani
1101 4294 1135 4344 ad
1157 4295 1209 4345 Vll.
1232 4295 1289 4347 784.
1313 4311 1339 4363 p.
1358 4296 1406 4348 884
1427 4296 1521 4347 Web:
1547 4297 1709 4347 4444444444
1725 4299 1759 4358 ῦς

448 4369 616 4432 amentiaeque
633 4369 749 4428 Cllsa;
767 4370 889 4419 44444444
900 4377 936 4433 ψ.
952 4397 978 4406 -
997 4374 1091 4420 torrent
1103 4372 1131 4419 G.
1147 4398 1174 4408 -
1191 4370 1245 4433 boe]
1263 4371 1322 4422 boec
1339 4374 1383 4421 Ga
1401 4369 1522 4421 etSchol.
1536 4372 1598 4422 Luc.
1617 4371 1656 4423 ct.
1669 4371 1761 4424 Fleck-

448 4444 567 4494 eisenum
585 4443 610 4494 iu
627 4445 700 4494 Novo
717 4446 807 4496 Museo
824 4444 906 4494 llben.
926 4445 1016 4508 (48544.)
1033 4445 1085 4494 Vll.
1105 4458 1131 4510 p.
1144 4446 1187 4496 474
1203 4458 1262 4509 sqq.
1277 4473 1303 4481 -
1322 4444 1346 4496 4.
1364 4446 1555 4496 meterottssirnis
1570 4445 1621 4497 444.
1637 4473 1664 4482 -
1682 4449 1706 4498 b.
1719 4460 1761 4497 re-

444 4524 530 4582 petoot
547 4520 614 4569 coni.
634 4519 753 4569 Schuetz.
774 4547 802 4556 -
821 4520 845 4569 7.
863 4520 1024 4583 coinquinato
1040 4534 1068 4579 χ.
1087 4547 1115 4555 -
1134 4520 1158 4571 8.
1172 4521 1220 4570 4444
1237 4526 1379 4584 praerupto
1394 4534 1424 4581 v;
1452 4527 1526 4584 atque
1539 4526 1666 4584 prorupta
1681 4523 1711 4571 G.
1731 4548 1758 4557 -

449 4595 474 4646 9.
489 4593 609 4658 parentis]
624 4594 737 4657 parentis
753 4594 864 4644 animum
881 4596 909 4644 G.
931 4622 955 4632 -
977 4597 1016 4645 44.
1035 4600 1154 4657 oportune
1170 4608 1195 4646 v.
1217 4624 1243 4632 -
1266 4596 1304 4647 43.
1323 4598 1389 4647 cred.
1406 4597 1454 4646 4444
1470 4610 1494 4647 a.
1515 4621 1542 4632 -
1562 4610 1610 4660 quo
1626 4597 1671 4664 44.]
1687 4596 1760 4647 44444-

446 4683 494 4721 444
510 4670 559 4721 lta.
580 4695 607 4704 -
627 4666 666 4719 44.
685 4668 845 4718 4444444444
861 4670 909 4719 bil.
932 4696 958 4707 -
978 4669 1017 4719 48.
1036 4675 1260 4734 qaootomwmqoe
1276 4675 1306 4721 G.
1326 4700 1352 4709 -
1375 4672 1554 4735 praestiterunt
1569 4670 1622 4731 ux
1632 4683 1655 4721 o.
1676 4698 1704 4707 -
1721 4669 1759 4735 444]

447 4747 473 4796 bl
489 4758 514 4795 v.
535 4771 562 4780 -
580 4742 621 4793 44.
639 4744 718 4805 potito
734 4748 793 4794 44444
809 4758 836 4803 χ.
856 4769 885 4780 -
903 4744 943 4793 24.
962 4744 1032 4795 bodie
1048 4746 1135 4808 quibus
1151 4760 1176 4795 v.
1196 4770 1223 4782 -
1242 4747 1410 4810 interroqctacr
1426 4751 1485 4797 44444
1501 4761 1526 4797 v.
1546 4773 1574 4782 -
1592 4745 1633 4798 44.
1651 4747 1678 4796 44
1692 4758 1718 4797 so
1733 4759 1758 4795 v.

450 4847 477 4857 —
496 4819 587 4869 4444444
602 4831 655 4882 sep.
673 4819 756 4883 4444444
771 4832 797 4869 v.
818 4847 844 4856 -
867 4819 907 4869 26.
926 4819 1056 4869 4444444444
1072 4835 1100 4880 χ.
1121 4848 1148 4856 -
1166 4822 1245 4871 nostri
1260 4822 1321 4871 mol.
1341 4823 1434 4874 Gbla:
1458 4821 1520 4871 moi.
1538 4821 1616 4871 444444
1632 4820 1711 4872 Orc.
1730 4845 1758 4855 -

446 4897 488 4947 47.
506 4908 624 4947 saccom.
643 4896 672 4944 G.
693 4919 720 4928 -
739 4894 779 4944 29.
795 4898 876 4957 posset
892 4906 965 4959 susp.
983 4896 1044 4945 Ern.
1060 4922 1088 4932 ·-
1105 4897 1210 4960 moqnit.
1225 4897 1370 4957 644444,
1389 4896 1492 4946 doxa:
1510 4896 1530 4946 44
1540 4896 1644 4960 coemit.
1658 4896 1716 4947 Lo.
1730 4919 1755 4929 -

448 4970 488 5022 84.
508 4985 526 5021 4
540 4971 625 5036 molet.
643 4968 681 5030 44,
699 4971 729 5018 ut
744 4969 812 5019 coni.
830 4967 1009 5033 Wesenberg:
1029 4982 1081 5020 om.
1101 4983 1119 5019 c
1134 4969 1213 5021 codd.
1231 4969 1287 5021 rell.
1306 4971 1359 5020 noti
1376 4972 1403 5020 et
1419 4970 1448 5020 Ο.
1475 4970 1514 5022 ct.
1526 4971 1629 5036 Zumpt.
1641 4971 1677 5021 od
1688 4971 1757 5022 Verr.

447 5058 474 5110 p.
493 5044 549 5096 tat.
571 5072 598 5082 -
617 5044 721 5095 44444444
737 5044 941 5095 GblllSLac:
960 5043 1055 5094 4444444
1071 5044 1124 5096 Ov.
1144 5045 1182 5097 Cl.
1200 5044 1235 5095 ad
1252 5044 1275 5107 S.
1288 5045 1328 5095 30.
1349 5071 1376 5080 -
1394 5045 1431 5094 ito
1447 5058 1500 5096 om.
1519 5046 1576 5097 GT.
1597 5072 1625 5083 -
1643 5046 1684 5098 34.
1701 5044 1759 5096 aab·

447 5119 541 5171 4444444
557 5121 607 5172 lta.
628 5147 654 5159 -
674 5118 807 5181 4444444444
823 5119 850 5168 1..
871 5145 899 5154 -
917 5117 957 5169 33.
976 5122 1070 5168 4444444
1087 5121 1116 5170 G.
1135 5145 1164 5157 -
1183 5119 1454 5171 commutantia:
1475 5121 1642 5183 444444444χ;
1660 5121 1758 5172 444444-

448 5196 574 5245 mtto.
595 5221 622 5230 -
641 5193 683 5247 34.
700 5197 918 5244 autcorerctc:
940 5196 1233 5256 stercorandum
1256 5198 1424 5246 4444444444.
1444 5196 1591 5258 cusam
1608 5196 1757 5250 4444444444

449 5278 503 5317 cor.
520 5267 559 5327 lt;
575 5274 611 5321 444
625 5283 680 5321 car.
697 5267 767 5334 xli).
