4367 6109
762 590 906 657 serv.
935 588 1146 656 cmxarn
1172 584 1400 672 seor-os.
1672 585 1736 655 ass

417 760 458 824 ab
480 759 535 835 iis,
557 759 612 843 qui
632 761 788 845 principes
810 760 844 823 in
864 779 903 823 ea
923 760 1047 825 civitate
1069 766 1175 834 erant,
1202 760 1391 844 praecipitur
1412 765 1444 822 et
1463 758 1623 842 negotium
1644 759 1737 824 daun

419 853 634 939 quaestoribus
657 862 689 918 et
709 855 882 930 aedilibus,
902 861 938 918 ut
958 861 1053 918 noctu
1066 854 1189 937 vigilias
1211 861 1341 936 agerent
1354 852 1394 916 ad
1410 852 1506 917 aedes
1521 871 1636 915 sacras.
1661 852 1737 916 Ete-

416 949 482 1012 nim
502 949 563 1013 iste
584 948 748 1032 Agrigenti
776 947 881 1031 (oredo
914 955 1039 1032 propter
1059 946 1290 1011 multitudinem
1313 947 1438 1010 illorum
1458 946 1620 1011 hominum
1641 953 1736 1030 atque

416 1043 563 1106 virtutem
585 1048 618 1105 et
641 1043 727 1126 quod
748 1042 833 1107 eires
846 1041 987 1115 Romani,
1008 1041 1068 1104 viri
1088 1040 1185 1104 fortes
1207 1047 1303 1123 atque
1323 1039 1458 1115 honesti,
1473 1039 1621 1123 permulti
1634 1039 1667 1102 in
1680 1038 1736 1102 illo

417 1133 532 1219 oppido
554 1135 809 1200 coniunctissimo
831 1137 933 1200 animo
952 1154 1021 1197 cum
1039 1127 1114 1217 ipsis
1129 1133 1338 1216 Agrigentinis
1353 1134 1463 1196 vivrrnt
1476 1153 1513 1198 ac
1526 1128 1760 1215 negotianturlt

416 1251 481 1294 non
509 1229 645 1294 audebat
671 1229 775 1312 palam
804 1249 933 1313 poscere
961 1235 1015 1291 aut
1041 1227 1150 1291 tollere
1184 1243 1267 1309 quae
1294 1226 1468 1310 placebant.
1499 1223 1571 1302 ¹94.
1594 1225 1738 1303 Herculis

418 1322 570 1408 templum
598 1330 647 1387 est
675 1321 759 1406 apud
789 1323 1011 1406 Agrigentinos
1037 1341 1103 1383 non
1124 1320 1216 1403 longe
1238 1319 1364 1395 asoto,
1390 1340 1467 1383 sane
1487 1326 1631 1384 sanctum
1652 1317 1737 1402 apud

417 1419 489 1482 illos
511 1425 545 1481 et
564 1418 758 1500 religiosum.
786 1417 834 1480 Ibi
856 1425 905 1481 est
926 1436 966 1481 ex
987 1434 1059 1480 aere
1081 1414 1283 1478 simulacrum
1297 1413 1395 1498 ipsius
1409 1411 1581 1489 Herculis,
1596 1435 1660 1498 qao
1673 1434 1738 1478 non

416 1511 507 1575 facile
529 1511 661 1576 dixerim
685 1510 856 1594 quidquam
878 1532 928 1575 me
948 1509 1066 1575 vidisse
1086 1508 1267 1593 pulchrius,
1289 1504 1422 1590 (tametsi
1442 1529 1506 1571 non
1527 1515 1590 1572 tam
1604 1508 1739 1570 multum

417 1606 449 1668 in
471 1605 540 1668 istis
561 1605 657 1669 rebus
678 1604 835 1687 intelligo,
863 1624 959 1689 qaam
981 1602 1078 1667 multa
1099 1598 1189 1683 vida)
1215 1622 1316 1686 usqne
1337 1620 1392 1678 eo,
1413 1600 1549 1676 iudices,
1570 1609 1607 1664 nt
1626 1602 1738 1664 rictum
1746 1617 1774 1665 44

418 1699 485 1763 eius
506 1719 543 1762 ac
564 1705 706 1763 mentum
726 1698 822 1782 paulo
844 1699 886 1762 sit
905 1698 1054 1774 attritius,
1083 1696 1168 1781 quod
1196 1699 1229 1760 in
1257 1696 1402 1780 precibus
1425 1702 1458 1760 et
1478 1695 1737 1779 gratulationibus

418 1813 482 1857 non
503 1792 607 1856 solum
629 1793 662 1855 id
682 1793 844 1869 uenerari,
867 1813 975 1857 verum
997 1792 1092 1855 etiam
1114 1791 1248 1855 osculari
1269 1790 1381 1854 solent.
1424 1790 1473 1853 Ad
1495 1789 1556 1854 hoo
1577 1789 1738 1874 templum,

417 1909 489 1953 cum
511 1895 595 1952 esset
614 1890 672 1952 iste
694 1888 869 1971 Agrigenti,
891 1888 972 1950 duce
987 1886 1184 1951 Timarchide
1207 1893 1336 1969 repente
1358 1891 1450 1950 nocte
1470 1884 1659 1968 intempesta
1673 1903 1739 1947 ser·

416 2002 526 2047 vorum
548 1989 738 2046 armatorum
759 1978 795 2043 fit
815 2001 984 2045 concursus
1004 1988 1100 2064 atque
1121 1982 1269 2064 impetus.
1305 1978 1431 2043 Clamor
1451 2000 1471 2044 a
1490 1978 1638 2062 vigilibus
1658 1976 1740 2043 fani·

417 2096 481 2162 que
503 2076 686 2140 custodibus
707 2074 838 2138 tollitur.
873 2074 935 2150 Qui
955 2074 1057 2159 primo
1079 2095 1151 2138 cum
1172 2075 1325 2140 obsistere
1347 2094 1383 2138 ao
1404 2072 1574 2137 defendere
1588 2091 1739 2136 conaren-
1747 2087 1776 2139 44

417 2179 486 2245 tur,
505 2169 589 2234 male
611 2169 742 2233 mulcati
764 2168 860 2232 clavis
881 2189 918 2233 ao
939 2167 1075 2233 fustibus
1096 2168 1304 2251 repelluntur.
1339 2169 1453 2233 Postea
1466 2166 1626 2232 convulsis
1647 2185 1739 2249 repa·

416 2262 499 2346 gulis
524 2262 723 2347 effractisque
750 2262 849 2328 valvis
870 2262 1016 2327 demoliri
1043 2263 1170 2346 signum
1190 2280 1228 2326 ac
1249 2264 1391 2328 vectibus
1412 2260 1601 2328 labefactare
1623 2280 1740 2328 conan-

416 2367 476 2422 tur.
526 2357 651 2423 Interea
680 2376 722 2421 ex
755 2357 890 2421 clamore
918 2357 1001 2422 lama
1030 2364 1096 2421 tota
1124 2357 1201 2421 urbe
1230 2357 1427 2442 percrebruit
1454 2358 1630 2441 expugnari
1663 2357 1739 2423 deos

415 2452 547 2536 patrios,
573 2470 639 2514 non
667 2451 807 2515 hostium
834 2450 972 2515 adventu
999 2451 1187 2534 necopinato
1218 2472 1323 2537 neque
1349 2453 1515 2536 repentino
1542 2451 1739 2536 praedonum

417 2549 550 2629 metu,
572 2543 629 2608 sed
651 2564 692 2609 err
714 2545 807 2609 domo
828 2553 923 2627 atque
946 2565 987 2608 ex
1006 2545 1136 2609 cohorte
1157 2547 1310 2630 praetoris
1325 2565 1452 2610 manum
1472 2545 1678 2628 fugitivorum
1691 2547 1775 2610 ἰοὶ-44

416 2647 570 2711 runcum
595 2647 810 2722 armatamque
837 2638 973 2702 venisse.
1016 2636 1067 2702 95.
1093 2642 1193 2703 Nemo
1221 2640 1383 2723 Agrigenti
1411 2660 1517 2723 neque
1547 2647 1648 2704 aetate
1674 2648 1739 2704 tam

416 2734 528 2798 allecta
548 2751 654 2815 neque
675 2732 796 2796 viribus
820 2741 882 2795 tam
903 2731 1035 2796 infirmis
1056 2732 1132 2808 fuit,
1155 2734 1210 2816 qui
1233 2754 1298 2796 non
1318 2733 1374 2797 illa
1394 2741 1486 2799 nocte
1504 2754 1543 2797 eo
1557 2736 1668 2799 nuntio
1684 2754 1740 2798 ex·

417 2829 528 2892 citatus
551 2827 722 2889 surrexerit
736 2826 907 2910 telumque,
931 2827 1017 2910 quod
1033 2827 1150 2910 cuique
1165 2827 1230 2891 fors
1245 2828 1404 2904 offerebat,
1425 2829 1598 2912 arripuerit.
1629 2830 1739 2914 ltaque

417 2921 507 2985 brevi
528 2926 671 3002 tempore
692 2919 733 2983 ad
760 2919 868 2985 fanum
890 2940 931 2983 ex
951 2921 1030 2983 urbe
1049 2928 1114 2986 tota
1134 2922 1340 2986 concurritur.
1381 2923 1500 2986 Horam
1520 2922 1655 3005 amplius
1676 2923 1739 2987 iam

416 3019 449 3080 in
473 3012 673 3079 demoliendo
694 3013 785 3097 signo
814 3016 961 3097 permulti
981 3015 1127 3079 homines
1149 3016 1376 3081 moliebantur:
1408 3016 1488 3080 illud
1510 3017 1632 3081 interea
1653 3016 1776 3081 nullast

417 3109 543 3174 lababat
564 3114 731 3191 exparte,
753 3128 824 3171 eum
845 3108 900 3171 alii
921 3109 1060 3173 vectibus
1083 3110 1230 3174 subiectis
1251 3118 1439 3175 conarentur
1459 3131 1665 3189 commovere,
1686 3112 1740 3177 alli

417 3203 586 3286 deligatum
608 3201 753 3265 omnibus
775 3202 923 3266 membris
945 3223 1055 3285 rapere
1076 3203 1116 3267 ad
1138 3225 1173 3268 se
1193 3204 1331 3269 funibus.
1370 3208 1415 3270 Ao
1435 3212 1566 3289 repente
1586 3205 1740 3290 Agrigen-

416 3299 472 3361 tini
495 3302 701 3360 concurrunt:
726 3295 763 3360 fit
783 3315 898 3379 magna
918 3297 1083 3381 lapidatio:
1105 3298 1181 3362 dant
1201 3318 1272 3363 sese
1293 3300 1327 3363 in
1347 3298 1451 3383 sugam
1473 3299 1564 3365 istius
1584 3299 1738 3384 praeclari

417 3387 613 3474 imperatoris
635 3391 779 3454 nocturni
801 3390 924 3454 milites.
966 3392 1036 3454 Duo
1064 3400 1168 3456 tamen
1198 3392 1302 3475 sigilla
1326 3393 1514 3478 perparvula
1541 3393 1670 3470 tollunt,
1697 3412 1739 3457 ne

416 3484 545 3549 omnino
568 3484 677 3546 inanes
695 3483 749 3546 ·ad
770 3484 865 3547 istum
890 3484 1083 3568 praedonem
1105 3486 1293 3570 religionum
1314 3494 1519 3551 revertantur.
1561 3490 1775 3572 Numqusmao

416 3587 479 3644 tam
501 3577 584 3643 male
606 3585 655 3641 est
676 3577 810 3654 Siculis,
841 3578 918 3663 quin
940 3578 1060 3662 aliquid
1085 3578 1186 3643 tacete
1208 3587 1239 3643 et
1259 3581 1421 3645 commode
1442 3580 1564 3645 dicant:
1597 3581 1738 3646 velutin

415 3673 475 3738 bac
496 3692 531 3736 re
553 3671 680 3737 aiebant
699 3672 733 3735 in
753 3671 878 3738 labores
891 3673 1034 3737 Herculis
1049 3694 1114 3737 non
1129 3675 1231 3737 minus
1244 3673 1329 3739 hunc
1343 3675 1601 3741 immanissimum
1614 3696 1739 3742 verrem

481 3913 506 3964 4.
524 3912 555 3964 its
573 3912 608 3963 a:
631 3912 680 3963 44444
698 3912 763 3963 dett.
788 3912 817 3962 0.
838 3940 865 3949 -
884 3913 960 3964 datur
980 3913 1107 3978 nogotium
1128 3913 1206 3977 4329.
1228 3938 1255 3950 -
1276 3913 1301 3963 2.
1325 3913 1394 3963 codis
1414 3913 1444 3964 R.
1464 3940 1492 3950 -
1510 3914 1535 3966 3.
1553 3928 1604 3979 pro
1624 3916 1738 3967 4444444444-

415 3990 607 4051 discumque
621 3988 714 4038 otrtute
729 3987 794 4038 dett
816 4015 843 4024 -
861 3987 887 4040 t.
904 3989 967 4039 muts
982 3990 1011 4040 44.
1033 4016 1060 4025 -
1077 3989 1154 4052 [ortes
1170 4001 1201 4038 oc
1218 3989 1301 4051 (mesas
1316 3989 1393 4053 43294
1414 3989 1509 4039 aare
1524 3993 1548 4042 st
1562 3989 1656 4041 4044444
1671 3990 1737 4042 dett

415 4067 444 4117 0.
465 4092 493 4103 -
511 4063 536 4114 0.
554 4061 672 4114 cudebat
687 4064 717 4115 44.
732 4091 760 4101 -
773 4063 858 4115 mum
874 4069 920 4115 aut
933 4078 1033 4128 poscere
1049 4066 1078 4116 0.
1098 4061 1193 4127 (nullus
1209 4062 1298 4127 lagg.)
1312 4088 1339 4099 -
1353 4063 1378 4114 9.
1396 4063 1533 4127 qudem
1547 4065 1656 4116 diocia
1672 4065 1737 4117 dett.

413 4140 560 4206 (mquam
571 4139 601 4202 44,
614 4141 644 4190 nt
654 4138 782 4204 semper.)
798 4165 822 4176 -
844 4139 885 4190 40.
902 4139 994 4190 rictssn
1009 4140 1045 4190 ns
1056 4139 1077 4190 E
1089 4139 1119 4200 C,
1139 4139 1203 4189 Non.
1217 4151 1243 4202 p.
1255 4138 1300 4188 224
1313 4151 1319 4187 :
1336 4142 1431 4189 rectrrm
1443 4138 1522 4201 4329ς
1540 4139 1619 4189 rietur
1628 4138 1693 4191 dett.
1708 4166 1734 4178 -

415 4217 456 4267 tt.
473 4217 630 4276 murique
646 4213 712 4264 Non.
732 4239 761 4248 -
778 4213 879 4263 atrittus
894 4214 923 4264 44.
944 4240 972 4251 -
992 4213 1031 4264 ta.
1050 4214 1095 4264 ists
1112 4226 1165 4264 om.
1184 4212 1262 4277 4329.
1282 4237 1311 4250 -
1331 4213 1372 4263 40.
1390 4213 1494 4263 metenti
1510 4214 1562 4278 Lgtt
1574 4213 1621 4264 29:
1638 4213 1739 4266 44444444

354 4319 357 4327 ·
414 4287 700 4348 permeatorem
718 4278 1736 4355 mototoLd;mulctatidett.-postoo·-coouaturatiertiestnsp.2tlt.

414 4418 536 4473 Maeli·
549 4419 669 4470 monetata
679 4420 748 4483 4329
760 4421 828 4471 Fest.
839 4435 845 4479 ;
855 4368 995 4472 040440οέ044
1010 4423 1030 4472 44
1043 4421 1108 4485 (sic).
1123 4444 1151 4458 -
1170 4421 1211 4471 47.
1228 4420 1386 4484 etsraottsque
1400 4421 1430 4473 n.
1449 4421 1506 4486 (pro
1518 4419 1576 4485 ecs.)
1589 4446 1617 4457 -
1630 4420 1671 4471 48.
1681 4431 1739 4483 por·

414 4496 523 4549 errem
539 4496 590 4546 Gt:
605 4495 745 4558 rembolt
761 4497 781 4546 44
798 4496 818 4546 Ε
836 4497 872 4546 (42
889 4499 967 4561 Lagg.
987 4498 1021 4551 0:
1038 4497 1180 4560 remor
1196 4494 1242 4546 Ld.
1257 4521 1285 4530 -
1304 4495 1344 4547 49.
1362 4508 1407 4546 occ
1422 4497 1524 4558 opinato
1540 4496 1560 4546 44
1577 4495 1606 4555 E,
1624 4495 1640 4545 2
1657 4494 1736 4547 codd.

415 4569 683 4633 miseransque
699 4584 740 4634 op.
759 4572 811 4631 Gt;
830 4584 883 4622 om.
902 4571 967 4622 dett.
981 4598 1008 4607 -
1027 4573 1068 4623 20.
1088 4586 1121 4623 rc
1136 4572 1190 4622 cob.
1209 4567 1347 4621 stand.
1366 4571 1449 4635 4329ι
1467 4584 1501 4622 eoe
1516 4583 1570 4622 om.
1589 4571 1622 4620 Gt
1637 4571 1653 4621 2
1670 4570 1735 4623 dett

415 4703 624 4767 capracora
640 4702 676 4754 443
693 4699 723 4752 t:
738 4705 871 4766 prosum
887 4705 907 4755 E
925 4703 989 4754 dett.
1009 4705 1038 4754 0.
1053 4651 1214 4755 -drrrarrmn
1230 4703 1264 4762 44;
1282 4715 1434 4753 commum
1449 4704 1481 4753 Gt
1496 4703 1528 4761 2;
1547 4715 1578 4752 oe
1593 4715 1672 4752 meos
1687 4702 1735 4755 Ld.

416 4781 493 4846 [Cum
509 4779 570 4831 eod.
589 4781 609 4831 44
626 4793 652 4844 p.
666 4793 702 4830 m.
721 4780 760 4830 stc
778 4778 876 4831 babeat
888 4780 1146 4843 praemoneam,
1170 4781 1223 4830 iam
1240 4775 1385 4829 admodum
1402 4777 1461 4829 leve
1478 4778 1518 4828 est
1535 4776 1737 4831 tundamentum

414 4854 534 4907 lectionis
546 4855 686 4917 praem
704 4852 778 4918 qnod
795 4856 865 4905 enirn
882 4855 921 4906 sio
937 4853 1031 4919 legitur
1046 4855 1073 4905 in
1090 4855 1142 4915 G3,
1161 4855 1286 4919 qnoniam
1303 4852 1395 4904 exilio
1412 4854 1504 4904 codice
1521 4852 1647 4917 descripti
1663 4853 1735 4914 sunt,

416 4929 478 4983 nibil
494 4931 601 4981 omnino
617 4926 702 4989 velet,
720 4928 754 4980 ο4.
771 4930 813 4979 lll.
831 4928 855 4992 ἓ.
872 4930 912 4981 40.
931 4929 1024 4995 lisca]
1043 4956 1070 4965 -
1088 4931 1130 4981 24.
1148 4935 1254 4980 atrum
1275 4934 1328 4979 tem
1349 4929 1448 4994 adfectu
1468 4930 1497 4980 44,
1518 4953 1546 4965 -
1564 4928 1605 4978 22.
1623 4927 1738 4990 inm

415 5007 435 5058 R
450 5002 476 5057 λ.
502 5007 536 5056 ,44
551 5003 585 5054 ο4.
603 5005 624 5054 1.
642 5002 676 5054 de
693 5004 764 5055 Orat.
783 5003 808 5067 5.
826 5006 883 5056 200.
904 5031 929 5044 -
950 5005 990 5056 29.
1009 5005 1083 5056 utun
1102 5005 1180 5068 4329.
1199 5030 1228 5041 -
1246 5017 1300 5054 sors
1316 5003 1352 5054 03
1369 5005 1447 5069 4329.
1468 5030 1495 5041 -
1513 5002 1554 5054 24.
1571 5003 1661 5052 bworo
1676 5002 1697 5052 44
1714 5002 1735 5052 44

416 5079 805 5144 Ld.t.g29:boraGt2dett
826 5081 1094 5132 -tttiomotisrdo
1111 5079 1230 5144 4329.-
1249 5077 1736 5139 26.tubebetE;sutobstom.sstls

416 5157 482 5207 dett.
498 5156 576 5218 Lagg.
596 5178 623 5189 —
642 5153 684 5205 27.
702 5167 734 5204 oo
747 5168 801 5218 rep.
823 5155 860 5206 449
871 5153 919 5206 444
937 5155 1030 5218 (Madv.
1048 5169 1076 5221 p.
1093 5156 1160 5218 ibt:
1178 5168 1209 5205 oc
1225 5167 1281 5205 om.
1299 5154 1366 5208 dett.
1384 5156 1414 5207 0.
1428 5181 1457 5192 -
1474 5154 1515 5205 29.
1530 5153 1687 5216 maisou
1701 5155 1732 5216 44,

416 5230 493 5295 4329.
513 5254 541 5267 -
559 5226 600 5279 30.
617 5234 800 5283 reamur
821 5230 887 5285 dett.
905 5232 934 5286 0.
955 5257 982 5270 ·-
1000 5231 1042 5286 34.
1060 5235 1159 5283 mm
1177 5229 1240 5280 moti
1255 5230 1335 5295 4433.
1359 5229 1416 5293 (sed
1431 5229 1464 5280 29
1480 5227 1551 5292 run.)
1570 5255 1598 5266 -
1615 5227 1691 5279 estad
1705 5228 1734 5279 ts

415 5304 464 5356 tac
477 5317 507 5358 rc
521 5302 621 5357 4444444
636 5303 668 5359 44.
