4367 6109
456 565 498 634 30
741 571 891 641 onemo
913 571 991 641 PRO
1015 572 1105 641 SEX.
1125 572 1273 641 ROSCIO
1295 575 1479 643 maluo

539 749 563 810 1.
586 740 615 809 l.
638 744 737 810 Credo
760 765 819 829 ego
833 766 908 820 vos,
929 746 1065 823 iudices,
1088 748 1212 824 mirari,
1236 748 1313 832 quid
1328 748 1370 811 sit
1385 748 1487 832 quod,
1509 767 1580 811 cnm
1594 752 1643 811 tot
1657 748 1773 811 summi

457 849 597 907 oratores
624 839 834 923 hominesque
865 841 1054 904 nobilissimi
1084 843 1232 917 sedeant,
1262 862 1320 927 ego
1344 843 1543 926 potissimum
1566 842 1771 917 surrexerim,

456 939 511 1021 qui
533 957 637 1021 neque
659 942 761 999 aetate
782 955 887 1020 neque
909 936 1037 1018 ingenio
1059 956 1164 1021 neque
1186 938 1373 1000 auctoritate
1395 938 1454 1000 sim
1477 935 1628 1009 cumbis,
1651 936 1705 1019 qui
1722 957 1771 999 se-

456 1032 568 1106 deant,
591 1031 829 1112 comparandus.
867 1028 984 1092 Omnes
1006 1029 1057 1104 bi,
1080 1052 1162 1114 quos
1183 1032 1297 1094 videtis
1319 1033 1447 1106 adesse,
1470 1032 1504 1094 in
1524 1030 1584 1094 bac
1607 1050 1701 1094 causa
1723 1031 1771 1093 in-

431 1126 566 1189 ciuriam
593 1144 676 1187 novo
706 1122 826 1186 scelere
849 1124 1016 1186 conflatam
1037 1131 1151 1205 putant
1172 1133 1318 1207 oportere
1342 1124 1486 1199 defendi,
1517 1123 1686 1187 defendero
1708 1125 1770 1207 ipsi

454 1227 583 1303 propter
603 1217 804 1302 iniquitatem
826 1223 1004 1300 temporum
1025 1238 1091 1281 non
1112 1218 1238 1281 audent.
1270 1220 1317 1282 lta
1338 1216 1388 1293 lit,
1410 1226 1446 1281 ut
1467 1220 1571 1282 adsint
1591 1226 1769 1301 propterea,

454 1315 540 1397 quod
562 1309 702 1376 officium
723 1319 916 1394 sequuntur,
938 1318 1063 1374 taceant
1083 1319 1189 1375 autem
1211 1312 1348 1388 idcirco,
1372 1314 1446 1397 quia
1468 1313 1644 1396 periculum
1658 1315 1768 1377 vitant.

452 1405 482 1470 2.
506 1409 591 1485 Quid
613 1407 710 1490 ergo?
732 1404 961 1469 audacissimus
984 1425 1043 1490 ego
1059 1426 1099 1468 ex
1115 1406 1284 1470 omnibus?
1317 1408 1456 1472 Minime.
1489 1411 1531 1471 At
1544 1416 1631 1473 tanto
1647 1406 1770 1473 officio·

453 1505 519 1566 sior
546 1518 641 1587 mam
670 1503 788 1567 ceteri?
823 1505 871 1566 No
900 1503 992 1566 istius
1018 1504 1149 1587 quidem
1177 1503 1280 1566 laudis
1308 1502 1353 1566 ita
1373 1502 1434 1565 sim
1457 1504 1606 1586 cupidus,
1641 1510 1677 1567 ut
1697 1504 1770 1567 aliis

416 1610 521 1661 toeam
543 1605 741 1681 praereptam
762 1598 867 1661 velim.
903 1597 992 1673 Quae
1015 1618 1065 1660 me
1088 1597 1184 1679 igitur
1204 1617 1256 1660 res
1278 1588 1403 1678 praeter
1425 1605 1547 1660 ceteros
1569 1598 1712 1681 impulit,
1735 1606 1770 1661 ut

452 1711 579 1755 causam
601 1693 674 1755 Sex.
696 1693 801 1755 Roscii
822 1692 1019 1775 reciperem?
1051 1690 1150 1767 Quia,
1173 1692 1200 1754 si
1222 1690 1278 1774 qui
1300 1689 1433 1753 istorum
1455 1692 1602 1767 dixisset,
1626 1713 1708 1777 quos
1723 1692 1770 1756 vi-

452 1785 534 1849 detis
555 1785 682 1861 adesse,
713 1785 746 1847 in
769 1785 884 1868 quibus
907 1803 1029 1847 summa
1050 1784 1221 1847 auctoritas
1244 1790 1292 1846 est
1313 1790 1408 1868 atque
1430 1785 1620 1868 amplitudo,
1650 1788 1678 1851 si
1700 1808 1770 1850 ver-

450 1880 526 1943 bum
548 1880 587 1943 de
608 1900 643 1943 re
665 1879 791 1962 publica
806 1878 950 1953 fecisset,
972 1878 1006 1940 id
1022 1878 1109 1962 quod
1124 1878 1158 1940 in
1171 1878 1231 1940 hac
1247 1896 1341 1940 causa
1355 1875 1423 1941 fieri
1439 1898 1567 1942 necesse
1583 1888 1646 1955 est,
1668 1880 1769 1944 multo

451 1974 542 2058 plura
564 1974 700 2048 dixisse,
731 1994 825 2057 quam
848 1973 999 2047 dixisset,
1027 1978 1211 2053 putaretur:
1238 1968 1268 2034 3.
1291 1992 1350 2056 ego
1374 1974 1469 2036 etiam
1492 1976 1518 2036 si
1541 1976 1664 2051 omnia,
1687 1995 1769 2060 quae

415 2068 586 2132 todicenda
606 2077 695 2142 sunt,
717 2068 815 2132 libere
831 2067 958 2142 dixero,
980 2086 1184 2150 nequaquam
1198 2073 1304 2129 tamen
1318 2067 1464 2130 similiter
1478 2069 1579 2131 oratio
1595 2089 1665 2132 mea
1680 2070 1768 2132 exire

451 2168 547 2245 atque
567 2161 601 2225 in
621 2162 735 2245 vulgus
757 2180 903 2224 emanare
927 2160 1058 2242 poteritz
1081 2160 1211 2235 deinde,
1234 2161 1322 2244 quod
1337 2165 1514 2224 ceterorum
1529 2182 1634 2245 neque
1650 2162 1769 2226 dictum

451 2254 621 2318 obscurum
640 2263 746 2339 potest
767 2276 837 2319 esso
858 2261 989 2338 propter
1010 2254 1208 2318 nobilitatem
1223 2262 1255 2315 ct
1268 2254 1510 2337 amplitudinem
1531 2276 1637 2340 neque
1651 2263 1768 2319 temere

450 2348 535 2413 dicto
565 2350 696 2413 concedi
727 2356 856 2432 propter
881 2356 1016 2412 aemtem
1038 2354 1071 2411 et
1091 2348 1310 2430 prudentiam3
1339 2368 1397 2432 ego
1420 2350 1446 2412 si
1470 2350 1547 2434 quid
1568 2351 1699 2414 liberius
1722 2351 1770 2414 di·

449 2462 544 2518 xero,
566 2443 616 2506 vol
639 2444 797 2507 occultum
820 2463 905 2517 esse,
927 2448 1096 2525 propterea
1118 2442 1204 2526 quod
1227 2444 1367 2505 nondum
1386 2444 1427 2506 ad
1448 2464 1514 2507 rem
1536 2445 1696 2527 publicam
1718 2465 1769 2508 ac-

413 2537 548 2614 tocessi,
578 2538 628 2601 rel
657 2539 780 2621 ignosci
806 2537 1040 2601 adolescentiae
1061 2536 1198 2619 poterit:
1232 2538 1357 2600 tametsi
1379 2558 1445 2601 non
1466 2540 1560 2602 modo
1583 2540 1769 2622 ignoscendi

449 2632 546 2708 ratio,
567 2651 676 2696 verum
698 2634 793 2696 etiam
816 2630 1028 2715 cognoscendi
1051 2630 1248 2693 consuetudo
1272 2632 1333 2694 iam
1357 2633 1395 2695 de
1418 2634 1544 2697 civitate
1566 2634 1688 2697 sublata
1711 2641 1768 2697 est.

449 2722 480 2788 l.
501 2725 632 2791 Accedit
653 2725 709 2791 illa
731 2747 859 2811 quoque
883 2744 993 2799 causa,
1017 2725 1104 2809 quod
1126 2745 1146 2787 a
1167 2725 1281 2788 ceteris
1303 2726 1436 2790 forsitan
1457 2728 1502 2791 ita
1522 2730 1657 2811 petitum
1679 2728 1720 2791 sit
1734 2735 1770 2791 ut

450 2821 605 2895 dicerent,
636 2828 671 2883 ut
691 2821 845 2884 utrumvis
867 2821 955 2883 salvo
978 2815 1084 2882 officio
1106 2817 1211 2881 lacere
1234 2838 1268 2881 se
1290 2839 1384 2901 posse
1407 2822 1650 2887 arbitrarentur:
1678 2844 1768 2886 ame

443 2923 560 2990 ‚autem
575 2914 598 2978 ii
621 2914 866 3001 contenderunt,
896 2913 952 2997 qui
981 2912 1066 2995 apud
1089 2933 1139 2975 me
1163 2918 1195 2975 et
1215 2914 1354 2977 amicitia
1376 2922 1408 2979 et
1428 2914 1591 2981 beneficiis
1614 2925 1645 2981 et
1667 2917 1769 3000 digni·

412 3015 513 3074 note
535 3006 705 3090 plurimum
720 3015 871 3091 possunt,
895 3027 1030 3091 quorum
1050 3027 1109 3088 ego
1125 3026 1183 3069 nec
1197 3005 1453 3072 benevolentiam
1467 3030 1542 3094 erga
1557 3031 1606 3075 me
1622 3011 1768 3095 ignorare

447 3122 507 3167 neo
528 3100 747 3166 auctoritatem
769 3100 931 3183 aspernari
952 3120 1012 3163 nec
1026 3099 1221 3163 voluntatem
1245 3101 1406 3185 negligere
1422 3104 1563 3167 debeam.
1598 3106 1636 3169 Π.
1659 3104 1688 3168 5.
1710 3106 1768 3168 His

449 3199 488 3261 de
510 3197 613 3261 causis
635 3215 693 3278 ego
715 3195 790 3258 huic
813 3214 926 3258 causae
948 3201 1101 3277 patronus
1124 3193 1249 3270 exstiti,
1271 3216 1337 3258 non
1359 3197 1479 3260 electus
1500 3218 1601 3274 unus,
1625 3200 1680 3284 qui
1703 3219 1769 3262 ma·

448 3292 534 3355 ximo
561 3291 707 3375 ingenio,
741 3289 796 3353 sed
827 3289 954 3353 relictus
984 3308 1025 3350 ex
1046 3288 1209 3363 omnibus,
1242 3290 1297 3373 qui
1319 3290 1450 3354 minimo
1473 3292 1616 3375 periculo
1638 3314 1766 3378 possem

448 3385 570 3460 dicere,
597 3404 702 3467 neque
729 3383 777 3446 uti
806 3383 882 3447 satis
908 3379 998 3446 firmo
1026 3382 1187 3467 praesidio
1210 3382 1359 3448 defensus
1382 3385 1455 3448 Sex.
1478 3386 1628 3461 Roscius,
1656 3407 1766 3451 verum

409 3478 494 3541 souti
515 3500 556 3543 ne
578 3479 708 3542 omnino
730 3478 874 3543 desertus
896 3485 990 3543 esset.
1023 3476 1170 3539 Forsitan
1192 3478 1367 3560 quaeratis,
1391 3478 1446 3563 qui
1467 3478 1528 3542 iste
1549 3487 1652 3544 terror
1673 3482 1715 3545 sit
1735 3489 1767 3545 et

448 3592 530 3657 quae
551 3579 639 3638 tanta
659 3571 812 3647 formido,
844 3591 926 3656 quae
957 3576 1005 3634 tot
1025 3591 1063 3636 ao
1084 3572 1164 3636 tales
1185 3572 1272 3637 viros
1294 3573 1465 3657 impediat,
1494 3593 1559 3658 quo
1581 3574 1687 3638 minus
1707 3594 1766 3658 pro

512 3787 648 3839 luscmrno
666 3794 802 3837 onarrorus.
836 3783 873 3834 u.
892 3782 917 3833 Τ.
937 3782 963 3834 C.
977 3796 1028 3846 pro
1044 3784 1113 3835 Serto
1128 3785 1215 3835 lioscio
1230 3784 1347 3836 Amerino
1363 3785 1445 3836 oratio
1460 3786 1547 3848 ἐπείρα
1562 3781 1603 3848 u3
1629 3788 1702 3839 Secti
1717 3790 1768 3841 lio·

447 3863 491 3915 scii
506 3863 613 3916 macrini
629 3860 710 3914 oratio
726 3857 814 3921 ἐπείρα
829 3856 857 3906 ἐπ
872 3870 960 3922 ponere
976 3859 1085 3909 ἐπείαίείέ
1101 3859 1181 3921 Gud.;
1200 3861 1227 3911 in
1244 3862 1264 3910 G
1282 3859 1350 3912 nulla
1369 3863 1410 3912 est
1425 3863 1503 3911 vetus
1519 3862 1663 3929 inscriptio.

512 3939 536 3990 3.
556 3939 598 4002 qui
614 3937 770 3988 Vlline:
788 3933 810 3981 is
826 3932 870 3994 out
886 3934 949 3995 GL,
967 3934 983 3983 3
1001 3932 1079 3984 codd.
1099 3932 1203 3985 1314.-
1222 3935 1424 3987 bisVlivoc:
1442 3936 1490 3986 tiis
1505 3938 1526 3987 G
1543 3940 1581 4001 tut
1597 3952 1706 4006 sempor
1722 3938 1769 3993 ha·

447 4014 494 4067 bet
510 4018 537 4065 et
552 4027 601 4079 pro
617 4012 655 4061 liis
671 4013 698 4061 ot
713 4021 762 4075 pro
777 4009 821 4070 iic,
841 4007 912 4071 quod
930 4009 1041 4072 posthac
1057 4023 1110 4061 non
1128 4010 1265 4075 enotabo);
1282 4012 1314 4062 iis
1329 4011 1408 4063 codd.
1420 4010 1471 4063 alii.
1487 4038 1514 4048 —
1533 4015 1615 4066 udoot
1630 4017 1719 4082 theg.
1737 4042 1766 4056 -

447 4089 472 4143 l.
490 4088 665 4153 conparandos
680 4086 711 4135 V.
734 4112 758 4123 -
780 4097 862 4135 onmes
877 4082 903 4132 ἐιί
917 4083 952 4145 V,
976 4084 1199 4149 Sch.‚1.ag.65:
1224 4100 1307 4138 omncs
1328 4088 1393 4138 enin
1408 4088 1433 4138 to·
1451 4086 1506 4139 rell.
1525 4091 1554 4141 0.
1575 4116 1602 4126 -
1621 4094 1717 4155 maes,
1740 4092 1768 4144 ἐπ

446 4166 493 4216 boc
509 4163 596 4228 coroa]
614 4164 653 4213 sic
669 4160 785 4212 distinxit
801 4160 820 4210 l.
835 4160 868 4210 Μ.
883 4159 1040 4222 Heusinger:
1058 4158 1100 4210 alii
1113 4173 1216 4212 commo
1228 4166 1289 4227 post
1300 4163 1496 4216 coosohabent.
1517 4166 1556 4217 ct.
1569 4167 1655 4220 ltadv.
1669 4169 1765 4234 opusc.

447 4242 478 4292 11.
496 4254 522 4306 ρ.
542 4240 598 4291 338.
616 4240 670 4289 not.
690 4238 714 4286 4.
735 4262 762 4273 -
780 4237 804 4286 o.
822 4234 878 4298 ipsi]
896 4236 943 4297 ipsi
959 4238 1046 4285 oetan
1061 4235 1093 4285 V.
1114 4262 1141 4271 -
1165 4237 1189 4288 6.
1208 4240 1323 4301 temporis
1339 4240 1399 4304 Lag.
1412 4240 1436 4290 9.
1457 4266 1483 4275 -
1509 4241 1533 4292 ’4.
1550 4247 1670 4305 equuus
1685 4243 1716 4293 V.
1735 4268 1765 4280 -

447 4319 531 4365 cotom
553 4326 606 4364 om.
625 4314 686 4375 Lag.
705 4311 746 4361 65.
766 4337 794 4347 -
811 4311 893 4361 υααπέ
908 4309 944 4358 V:
967 4315 1079 4360 mouent
1101 4309 1157 4361 rell.
1176 4312 1204 4361 0.
1225 4339 1253 4350 -
1272 4314 1297 4365 8.
1316 4315 1352 4378 ct]
1370 4316 1409 4365 sic
1426 4314 1505 4366 codd.
1525 4315 1580 4367 tere
1598 4330 1709 4368 omnes:
1736 4331 1768 4368 oc

446 4388 470 4439 V
486 4390 513 4438 et
533 4388 594 4451 Lag.
612 4387 658 4446 263
685 4400 720 4437 oo
740 4386 800 4436 Scb.
824 4387 908 4451 (etque
926 4385 1028 4437 minim
1048 4391 1119 4436 ἐαπέο
1138 4387 1177 4450 G.)
1202 4412 1229 4424 -
1253 4389 1277 4440 3.
1295 4390 1342 4440 dm
1358 4391 1380 4439 V
1398 4393 1425 4441 et
1440 4391 1502 4453 Lug.
1520 4392 1565 4442 26:
1593 4406 1646 4444 om.
1664 4394 1711 4443 εέπι
1728 4394 1765 4455 G;

446 4476 501 4513 stan
517 4459 573 4513 rell.
592 4463 621 4512 0.
641 4488 668 4499 -
688 4463 728 4513 to.
746 4476 802 4513 eom
818 4475 871 4512 om.
890 4462 951 4523 Lag.
969 4461 1011 4512 36.
1032 4489 1059 4498 -
1078 4462 1118 4512 ti.
1138 4464 1207 4513 llosci
1222 4464 1253 4514 V.
1274 4490 1302 4502 -
1321 4466 1342 4515 si
1359 4466 1401 4528 ρπέ
1417 4466 1453 4515 V:
1471 4468 1493 4516 si
1509 4467 1564 4537 quis
1579 4467 1636 4520 rell.
1655 4469 1684 4520 0.
1712 4469 1766 4531 Ego

446 4536 553 4589 malim:
572 4538 663 4600 aquis
674 4539 770 4589 bonam.
785 4564 813 4572 —
832 4537 873 4587 43.
890 4536 969 4586 mutto
980 4537 1009 4586 G.
1025 4566 1052 4574 -
1072 4537 1111 4589 il.
1126 4541 1201 4591 etiom
1215 4542 1400 4593 siGllvac:
1419 4542 1607 4594 cistchamsius
1618 4555 1645 4607 p.
1659 4543 1707 4593 430
1719 4544 1764 4602 1..;

446 4619 531 4664 otono
546 4614 567 4663 si
583 4613 605 4662 V
623 4612 709 4674 solus,
727 4625 808 4677 quem
825 4612 851 4662 h.
869 4610 886 4662 l.
905 4613 1013 4676 propter
1030 4612 1140 4665 Charisii
1157 4617 1340 4667 auctoritatem
1357 4618 1434 4681 sequi
1451 4615 1530 4667 nolui.
1558 4616 1596 4668 Ci.
1610 4620 1698 4667 tamen
1710 4618 1766 4667 lor-

446 4688 499 4741 dan
515 4690 541 4739 in
557 4689 671 4739 Zoitscbr.
688 4689 732 4753 fiir
748 4689 787 4738 dio
801 4687 981 4739 storacium.
1000 4687 1072 4740 4845.
1091 4704 1118 4756 p.
1137 4691 1193 4742 659.
1213 4717 1242 4729 -
1260 4692 1301 4742 to.
1319 4693 1408 4757 colpos
1423 4694 1454 4742 V.
1477 4716 1505 4729 -
1528 4692 1569 4744 30.
1587 4692 1766 4744 odulmmtioa

445 4766 482 4818 V:
504 4764 682 4817 adolescentiae
697 4776 767 4814 otono
782 4760 838 4814 rell.
857 4764 887 4813 0.
907 4788 934 4801 -
955 4762 996 4813 34.
1014 4764 1067 4814 iom
1082 4777 1136 4815 om.
1155 4768 1184 4816 G.
1204 4794 1232 4803 -
1256 4768 1356 4819 εέυαιαπ
1371 4769 1428 4831 ipso
1443 4771 1473 4819 G.
1494 4794 1521 4803 -
1546 4768 1667 4819 παίαέπα
1682 4768 1713 4818 V.
1735 4792 1762 4805 -

445 4843 487 4895 33.
505 4854 601 4905 quouis
617 4851 671 4891 om.
690 4838 750 4889 Scb.
770 4864 797 4874 -
816 4837 857 4889 33.
875 4841 904 4888 ut
919 4839 981 4889 anto
996 4843 1047 4889 uer.
1066 4852 1119 4891 om.
1136 4841 1191 4892 Vv.
1213 4869 1240 4879 -
1258 4844 1341 4906 socors
1356 4857 1423 4895 sev:
1440 4844 1564 4908 [amm
1579 4842 1765 4908 Vitabscissis

445 4916 529 4969 ultimi
549 4925 644 4966 versos
664 4912 770 4975 litteris,
791 4912 948 4976 videturque
965 4924 1018 4963 non
1036 4916 1164 4966 omissum
1181 4916 1261 4969 tuisse
1277 4932 1439 4984 pronomen,
1463 4917 1513 4970 sed
1534 4920 1662 4984 scriptum
1682 4920 1766 4983 socero

445 5005 479 5055 se,
497 4990 570 5057 qood
587 4988 648 5041 edd.
666 4987 800 5053 principes
817 4985 969 5038 exhibent.»
983 4989 1130 5052 nimiunn
1148 5004 1173 5042 oo
1187 4993 1271 5056 socero
1288 4996 1428 5046 Gitone.
1452 4993 1490 5045 Ci.
1509 4994 1533 5059 S.
1546 4996 1593 5045 4οε
1612 4995 1767 5059 quonlam

445 5065 701 5130 meporsointatiipo.
722 5087 749 5099 -
773 5061 814 5113 34.
833 5063 852 5112 ἐέ
868 5064 922 5123 lta,
944 5075 997 5113 ac:
1019 5063 1045 5114 ti
1061 5066 1141 5125 Vbii,
1160 5081 1186 5117 v.
1207 5095 1234 5107 -
1256 5076 1317 5133 aput
1334 5071 1384 5121 VG
1401 5071 1449 5135 (sic
1466 5083 1574 5135 semper
1590 5069 1628 5131 G).
1648 5096 1675 5106 -
1699 5067 1766 5119 bem'·
1866 5106 1872 5113 .

443 5142 508 5207 petis
523 5144 552 5192 G.
573 5168 601 5178 ·-
619 5142 660 5192 25.
678 5152 723 5190 ooo
739 5139 803 5189 VL:
825 5152 903 5202 oeque
918 5137 975 5189 rell.
988 5139 1017 5190 0.
1038 5168 1065 5178 -
1084 5141 1272 5195 bmtooteotiom
1288 5147 1409 5208 Gilva,
1426 5148 1456 5195 ut
1472 5157 1587 5209 semper.
1602 5168 1630 5180 -
1649 5156 1711 5207 erpo
1727 5156 1766 5193 ms

446 5228 499 5266 om.
520 5217 580 5280 Lag.
594 5216 635 5267 63.
650 5242 677 5253 -
695 5215 737 5266 36.
754 5227 833 5277 nouos
847 5213 888 5264 bis
899 5227 917 5263 v
932 5227 981 5279 pro
991 5228 1044 5266 ooo.
1060 5244 1087 5253 -
1100 5219 1215 5270 debebam
1226 5221 1293 5270 coni.
1307 5220 1418 5271 Ernesti.
1434 5247 1461 5257 -
1479 5220 1520 5270 37.
1533 5217 1605 5267 cotti
1616 5218 1718 5279 Gvac,
1737 5218 1767 5268 ut

446 5304 562 5359 semper.
574 5318 602 5332 ·-
613 5293 656 5347 33.
664 5293 759 5359 posto
769 5290 801 5356 V,
814 5292 860 5358 qul
870 5292 914 5344 hic
925 5291 1029 5346 desinit.
1042 5317 1071 5329 -
1083 5291 1125 5344 3⁰.
1138 5294 1333 5359 ρπεεππέιιαρ.
1345 5295 1386 5347 43.
1400 5320 1429 5333 -
1441 5294 1483 5347 34.
1495 5292 1613 5347 uuita
1624 5294 1651 5344 ot
1661 5292 1764 5359 tham.
