4367 6109
692 581 1463 671 m.v.o1».xxx-xrx1.·ss.7r-ea
1678 585 1741 655 sos

418 759 503 824 enim
525 777 595 822 esse
617 764 718 820 totum
739 755 817 819 mihi
835 755 954 818 crimen
974 754 1038 819 hoc
1057 756 1231 839 integrum:
1252 764 1301 821 est
1322 763 1426 821 certus
1448 756 1549 833 locus,
1571 765 1657 823 certa
1677 757 1740 834 lex,

417 861 536 918 certum
558 851 711 925 tribunal,
737 869 803 934 quo
823 849 886 913 hoc
906 858 1093 914 reservetur.

499 946 618 1009 XXXI.
650 941 702 1007 80.
736 943 803 1007 llac
831 951 919 1007 40040
947 944 1065 1026 praeda
1095 952 1223 1020 anctus,
1252 945 1438 1028 mancipiis,
1471 954 1620 1029 argento,
1653 953 1740 1011 veste

414 1040 638 1124 locupletatus,
661 1037 762 1101 nihilo
785 1037 969 1120 diligentior
989 1039 1029 1100 ad
1051 1038 1186 1102 classem
1207 1039 1391 1114 ornandam,
1412 1039 1530 1103 milites
1545 1042 1741 1106 revocandos

416 1134 614 1216 alendosque
636 1151 706 1197 esse
728 1132 845 1214 coepit,
868 1151 940 1194 cum
962 1150 1000 1194 ea
1020 1151 1071 1194 res
1093 1151 1159 1194 004
1181 1133 1284 1197 solum
1306 1133 1488 1217 provinciae
1505 1135 1609 1210 sueti,
1630 1143 1765 1201 veroml

413 1228 512 1294 etiam
532 1227 594 1308 ipsi
617 1225 754 1309 praedae
776 1231 885 1308 posset
907 1243 986 1288 esse.
1022 1226 1101 1287 Nam
1116 1233 1235 1290 aestate
1249 1246 1382 1301 summa,
1405 1245 1470 1310 quo
1484 1235 1628 1311 tempore
1643 1229 1740 1294 ceteri

412 1328 575 1408 praetores
595 1320 684 1384 obire
706 1319 901 1401 provinciam
923 1325 957 1382 et
977 1338 1167 1382 concursare
1188 1328 1383 1382 consuerunt
1403 1328 1459 1382 aut
1479 1322 1576 1385 etiam
1596 1323 1630 1386 in
1651 1330 1741 1389 tanto

412 1417 610 1502 praedonum
638 1421 725 1477 metu
753 1419 786 1475 et
812 1411 954 1495 periculo
983 1414 1047 1495 ipsi
1077 1413 1241 1496 navigare,
1274 1433 1313 1477 eo
1342 1419 1484 1497 tempore
1510 1415 1551 1478 ad
1580 1416 1740 1482 luxuriam

412 1510 628 1592 libidinesque
651 1527 725 1570 suas
747 1506 843 1570 demo
865 1526 924 1571 sua
944 1507 1048 1590 regia,
1076 1525 1159 1591 quae
1180 1508 1264 1590 regis
1285 1507 1435 1572 Hieronis
1456 1508 1533 1584 fnit,
1564 1530 1630 1595 qua
1650 1531 1741 1595 prae—

412 1613 496 1668 tores
517 1602 566 1665 uti
587 1601 701 1676 solent,
722 1607 890 1664 contentus
912 1620 978 1664 non
1000 1600 1074 1665 luit:
1098 1599 1311 1675 tabernacula,
1335 1620 1429 1685 quem
1452 1601 1492 1665 ad
1514 1604 1643 1668 modum
1664 1615 1778 1669 0044-44

412 1703 520 1763 suerat
550 1694 746 1778 temporibus
775 1695 919 1771 aestivis,
950 1695 1037 1780 quod
1064 1700 1158 1759 antea
1186 1695 1414 1769 demonstrari,
1441 1695 1598 1761 cathmeis
1618 1698 1740 1764 intenta

418 1790 497 1855 velis
522 1790 669 1854 collocari
698 1791 791 1855 iussit
811 1791 845 1853 iu
868 1788 978 1866 litore,
1007 1791 1095 1874 quod
1121 1795 1171 1853 est
1199 1790 1275 1853 litus
1296 1789 1330 1852 in
1351 1790 1460 1853 Insula
1482 1791 1646 1874 Syracusis
1668 1800 1742 1877 post

412 1885 588 1949 Arethusae
609 1883 729 1948 fontem
751 1890 883 1967 propter
904 1885 1008 1968 ipsum
1029 1883 1195 1947 introitum
1216 1890 1314 1968 atquc
1328 1884 1445 1948 ostium
1461 1892 1583 1969 portus,
1605 1906 1739 1952 amoeno

414 1997 491 2044 sane
512 1985 544 2041 et
564 1977 605 2041 ah
625 1977 751 2042 arbitris
771 1985 895 2041 remoto
917 1978 998 2042 loco.
1041 1973 1093 2040 8l.
1124 1978 1183 2042 Hic
1209 1976 1278 2042 dies
1306 1979 1445 2042 aestivos
1472 1985 1600 2061 praetor
1629 1981 1740 2065 populi

413 2072 562 2146 Romani,
587 2079 693 2135 castos
716 2070 928 2156 defensorque
950 2070 1143 2156 provinciae,
1165 2073 1211 2136 sic
1232 2072 1329 2148 vixit,
1350 2081 1387 2135 ut
1407 2071 1574 2143 muliebria
1595 2074 1740 2157 quotidie
1749 2087 1778 2136 40

413 2164 559 2231 00044440
587 2171 709 2241 essent,
741 2167 790 2229 vir
819 2165 1018 2231 accumberet
1045 2185 1139 2229 nemo
1167 2174 1294 2249 praeter
1320 2167 1425 2249 ipsum
1454 2172 1487 2229 et
1506 2174 1740 2248 praetextatum

414 2260 531 2326 lilium:
551 2291 594 2308 -
615 2260 674 2322 etsi
695 2267 781 2324 recte
803 2260 874 2324 sine
904 2262 1093 2344 exceptione
1115 2260 1277 2335 dixeram,
1303 2260 1422 2335 virum,
1454 2281 1525 2324 cam
1546 2260 1600 2326 isti
1622 2269 1739 2338 essent,

413 2356 572 2421 neminem
593 2353 708 2417 luisse:
730 2386 774 2401 -
795 2373 1034 2440 nonnumquam
1061 2354 1156 2418 etiam
1177 2354 1308 2419 libertus
1330 2354 1547 2418 Timarchides
1568 2353 1741 2420 adhibeba-

414 2457 481 2524 tur;
511 2447 661 2511 mulieres
688 2454 794 2513 autem
824 2454 943 2531 nuptae
969 2447 1094 2512 nobiles
1114 2455 1241 2533 praeter
1268 2469 1364 2512 unam
1385 2449 1473 2514 mimi
1494 2448 1608 2513 Isidori
1630 2446 1739 2526 liliam,

319 2620 324 2627 η
415 2561 510 2627 quam
525 2543 586 2607 iste
600 2548 731 2624 propter
743 2560 884 2605 amorem
897 2542 938 2604 ah
951 2541 1076 2606 Rhodio
1090 2542 1221 2606 tibicine
1238 2542 1421 2617 abduxerat,
1443 2542 1468 2625 's
1481 2542 1558 2626 Pipa
1571 2543 1777 2626 quaedamst

413 2658 494 2702 uxor
520 2633 726 2700 Aeschrionis
752 2636 956 2719 Syracusani,
986 2635 1026 2699 de
1054 2657 1118 2720 qua
1145 2637 1277 2701 muliere
1303 2637 1432 2721 plurimi
1460 2657 1587 2714 versus,
1620 2638 1676 2723 qui
1704 2639 1739 2705 in

412 2733 505 2796 istius
527 2728 732 2816 cupiditatem
752 2729 827 2792 iacti
849 2735 933 2804 sunt,
958 2737 1025 2794 tola
1047 2730 1153 2794 Sicilia
1173 2732 1439 2815 percelebrantur.
1481 2727 1532 2794 82.
1554 2732 1630 2794 Erat
1650 2732 1738 2811 Nice,

412 2827 494 2891 facie
516 2823 642 2897 eximia,
664 2829 701 2886 ut
714 2823 920 2908 praedicatur,
942 2844 1023 2888 uxor
1038 2823 1199 2888 Cleomeni
1215 2824 1416 2911 Syracusani.
1448 2824 1538 2888 Hanc
1554 2824 1738 2892 Cleomenes

414 3024 447 3081 et
467 3014 562 3079 simul
583 3012 624 3076 ab
651 3012 712 3076 isto
742 3013 834 3076 donis
862 3008 1088 3095 beneficiisque
1115 3013 1223 3078 multis
1252 3013 1499 3078 devinciebatur.
1542 3016 1602 3080 lllo
1632 3024 1775 3083 autemst

413 3117 555 3193 tempore
583 3107 659 3183 iste,
689 3108 812 3171 tametsi
841 3126 879 3170 ea
910 3113 959 3170 est
984 3105 1123 3171 hominis
1149 3108 1361 3191 impudentia,
1394 3127 1491 3192 quam
1519 3109 1638 3188 004440,
1667 3113 1738 3197 ipse

481 3352 506 3402 4.
523 3350 589 3402 enlm
604 3362 654 3401 aare
671 3353 749 3401 404004
764 3346 1124 3401 calcamentorum
1143 3362 1193 3402 case
1207 3349 1273 3400 enim
1288 3354 1306 3400 t.
1324 3362 1358 3401 m.
1370 3362 1407 3401 cr.
1426 3348 1474 3400 sed
1490 3362 1540 3401 carc
1556 3350 1622 3416 (sic),
1641 3351 1738 3418 quihus

412 3428 517 3495 punctis
533 3428 675 3493 peccatum
692 3439 752 3477 esse
770 3426 796 3476 in
812 3425 864 3475 hoc
883 3424 967 3475 verbo
984 3424 1157 3489 slgnlflcatur;
1184 3437 1234 3477 case
1254 3425 1319 3475 00404
1340 3424 1400 3474 mibi
1421 3429 1500 3474 totam
1515 3437 1553 3476 cr.
1571 3426 1640 3490 4349
1657 3425 1738 3491 [unde

414 3503 587 3555 confirmatur
603 3503 733 3566 scriptura
750 3500 809 3552 ced.
829 3501 883 3562 ll.];
901 3501 967 3551 mim
981 3501 1043 3550 40444
1058 3506 1138 3551 404004
1152 3513 1204 3552 esar
1218 3513 1256 3551 cr.
1275 3499 1340 3550 dett.
1358 3500 1389 3550 0.
1403 3526 1431 3537 -
1449 3501 1475 3550 2.
1493 3500 1550 3566 quc]
1568 3503 1634 3564 qaod
1650 3503 1695 3554 443.
1707 3529 1736 3540 ··

413 3581 439 3631 4.
456 3576 540 3641 004444]
553 3610 690 3627 .......
702 3577 744 3626 440
760 3577 799 3627 040
815 3588 908 3627 rursus
925 3576 1017 3640 incipit
1027 3575 1062 3636 V;
1081 3575 1153 3626 unde
1165 3576 1248 3628 Maias
1265 3575 1333 3625 coni.
1350 3575 1486 3637 04004440.
1504 3574 1643 3639 (desinitV
1658 3575 1683 3641 5.
1695 3575 1737 3629 84.

413 3666 440 3703 v.
458 3654 483 3703 4.
501 3652 529 3702 40
545 3649 637 3703 litteris
654 3651 719 3701 later
735 3655 781 3702 ta.
797 3650 824 3715 .]
843 3676 870 3685 -
889 3651 914 3701 4.
932 3651 979 3713 ipsi
995 3663 1049 3701 om.
1068 3650 1098 3701 V.
1118 3651 1179 3714 (444.)
1199 3677 1225 3688 -
1242 3651 1354 3713 praedae
1365 3655 1448 3713 poscet
1463 3662 1513 3702 case
1527 3647 1554 3712 λ,
1571 3651 1655 3715 agre,
1673 3651 1737 3702 item

412 3729 437 3779 V
454 3727 511 3793 (sed
523 3727 566 3778 hic
579 3724 704 3791 praedcl:
719 3726 833 3788 praedae
846 3727 924 3789 poscit
940 3739 991 3776 csse
1006 3727 1026 3776 44
1044 3727 1076 3777 Gt
1091 3727 1108 3776 2
1126 3725 1178 3790 (hic
1190 3738 1244 3777 om.
1257 3726 1330 3789 macl:
1345 3740 1388 3788 pr.
1401 3739 1451 3778 case
1461 3727 1541 3790 possit
1549 3726 1611 3786 Ld.;
1627 3727 1739 3790 praedas

413 3815 464 3854 crac
476 3807 557 3866 pcact
573 3801 638 3853 dett.
652 3803 681 3852 0.
696 3828 723 3836 -
737 3801 843 3866 0044040(
855 3807 918 3852 stau
930 3803 959 3852 a.
975 3829 1002 3838 -
1015 3802 1040 3852 ’4.
1053 3804 1251 3852 04400οΜ000
1261 3813 1344 3865 marg.
1356 3801 1449 3852 hamb.
1462 3801 1536 3854 4444.
1551 3827 1578 3839 -
1591 3807 1739 3854 scaram

414 3879 491 3930 sca
507 3877 554 3929 Ld.
572 3877 596 3929 V
611 3877 693 3940 ngas:
712 3883 889 3929 coasawmot
906 3879 939 3928 Gt
960 3876 1024 3927 dett.
1043 3877 1072 3928 0.
1088 3905 1115 3914 -
1129 3876 1183 3942 004]
1199 3881 1228 3927 at
1243 3877 1274 3927 V.
1289 3904 1316 3912 -
1331 3876 1410 3942 40040]
1426 3881 1461 3927 404
1477 3878 1508 3928 V.
1523 3904 1551 3915 -
1563 3878 1588 3931 8.
1606 3878 1736 3941 404044.-

413 3953 546 4005 lamsrr'am
562 3951 599 4003 G³
610 3954 642 4013 V,
660 3954 739 4016 Lagg.
759 3966 867 4004 omnes:
892 3953 1018 4004 4404044040
1043 3954 1071 4003 ll.
1091 3952 1130 4004 Cl.
1150 3951 1236 4003 Madv.
1261 3964 1287 4016 p.
1306 3951 1363 4002 484.
1382 3951 1440 4002 coll.
1459 3966 1486 4017 p.
1503 3951 1544 4004 44.
1564 3980 1592 3989 -
1611 3953 1636 4004 9.
1654 3953 1739 4004 domos

413 4043 462 4080 aaa
478 4029 510 4079 V.
530 4028 591 4092 (Br.)
611 4054 639 4065 ·-
658 4029 936 4095 persequentes]
963 4030 1034 4080 llaec
1050 4041 1092 4078 vv.
1111 4028 1172 4078 Ern.
1191 4029 1219 4078 et
1233 4028 1337 4091 Zumpt.
1363 4039 1395 4076 ex
1416 4026 1459 4077 lV.
1479 4025 1503 4091 5.
1522 4027 1579 4079 us.
1603 4028 1656 4078 hnc
1676 4039 1738 4079 esse

414 4101 540 4156 tmnslata
557 4103 607 4153 reti
623 4117 672 4168 pro
688 4105 784 4170 spuriis
800 4103 908 4155 bahent.
929 4131 956 4141 -
977 4104 1016 4154 44.
1035 4108 1186 4166 comptae
1207 4104 1236 4154 ll.
1256 4130 1283 4142 -
1302 4106 1435 4152 coasacmt
1450 4100 1502 4164 443,
1520 4102 1551 4165 V,
1568 4102 1651 4166 ursa:
1677 4115 1739 4152 000-

414 4184 528 4232 moverat
544 4178 609 4230 dett.
629 4179 659 4229 0.
680 4207 707 4216 -
726 4182 767 4230 44.
786 4184 861 4230 caba
877 4179 923 4240 444,
941 4175 966 4239 λ,
987 4179 1021 4228 V:
1039 4184 1116 4228 00400
1130 4180 1184 4229 tam
1200 4177 1265 4228 dett.
1283 4178 1313 4228 0.
1333 4202 1361 4215 -
1380 4177 1491 4228 carbasis
1506 4179 1536 4228 44.
1552 4206 1580 4216 -
1599 4178 1639 4230 tt.
1657 4178 1740 4230 00040·

414 4255 470 4306 cccl
486 4255 505 4305 ll
522 4253 554 4315 V;
571 4253 693 4305 collocare
708 4255 786 4319 4349.
800 4280 828 4290 -
840 4255 868 4304 to
884 4255 945 4305 ante
956 4253 1041 4303 104040
1051 4267 1105 4304 om.
1119 4253 1164 4304 443.
1183 4255 1244 4317 (000
1256 4253 1297 4316 V.)
1311 4279 1339 4290 -
1352 4253 1393 4304 43.
1405 4258 1539 4304 0400440400
1548 4252 1577 4303 ll.
1592 4281 1620 4291 -
1632 4253 1739 4304 40444004

414 4329 530 4394 angae
550 4355 577 4365 ·-
601 4328 642 4380 44.
664 4331 769 4380 aulicos
789 4329 825 4380 443
841 4328 870 4379 λε
896 4329 1001 4380 aestivos
1021 4330 1075 4379 tom
1094 4330 1223 4379 0004404404
1243 4328 1279 4390 V,
1302 4327 1374 4392 quod
1396 4329 1499 4393 recepit
1519 4326 1608 4390 llalm3
1634 4330 1740 4380 acsdccr

414 4406 548 4470 mactata
564 4404 628 4455 dett.
647 4405 676 4455 0.
695 4406 839 4470 [tuumque
857 4417 890 4455 ex
906 4403 1001 4468 glossa.
1020 4404 1053 4454 cl.
1073 4405 1175 4468 Zumpt.
1194 4403 1219 4470 3.
1237 4402 1278 4455 94.
1297 4404 1353 4455 437.
1368 4429 1396 4441 -
1406 4417 1466 4467 pop.
1484 4405 1513 4454 44.
1531 4416 1585 4455 om.
1603 4404 1654 4466 1133
1671 4405 1699 4456 ln
1714 4405 1739 4456 V

415 4485 457 4534 est
471 4480 596 4541 44440444..
617 4479 688 4531 0040
705 4480 796 4532 mendi
813 4481 885 4544 04430
902 4482 1021 4544 apparet.
1040 4481 1105 4531 Hinc
1121 4479 1159 4530 441.
1179 4481 1207 4530 et
1222 4478 1311 4531 llalm:
1334 4480 1422 4544 pcputt
1438 4481 1507 4530 44004.
1521 4484 1641 4542 0400404,
1665 4478 1739 4544 quad

414 4569 479 4610 sane
496 4554 530 4606 ad
547 4557 637 4606 notam
654 4555 753 4607 codicis
769 4557 800 4606 V.
821 4557 929 4621 propius
947 4555 1058 4606 accedit.
1088 4555 1128 4607 ct.
1155 4553 1189 4604 ad
1211 4554 1253 4605 1V.
1277 4553 1301 4619 5.
1321 4555 1377 4605 444.
1398 4582 1426 4591 -
1444 4554 1485 4604 44.
1507 4555 1596 4605 0044440
1619 4553 1687 4604 RV.
1707 4578 1736 4591 ·—

414 4634 455 4685 ld.
474 4630 607 4682 0004440404
623 4631 653 4682 V.
670 4658 697 4667 -
712 4631 751 4682 47.
770 4633 814 4682 etat
830 4629 866 4682 443
878 4628 908 4680 λε
928 4632 1058 4682 4004044444
1075 4631 1145 4695 (444),
1164 4630 1229 4682 dett.
1247 4630 1277 4680 0.
1293 4654 1320 4666 -
1333 4630 1477 4694 acceptioue
1492 4642 1546 4680 om.
1558 4629 1591 4679 V.
1605 4655 1633 4666 -
1644 4625 1737 4693 0440044]

412 4713 499 4760 mnan
515 4707 552 4766 ll;
578 4707 618 4757 sic
635 4705 699 4756 intra
717 4717 742 4756 v.
760 4705 802 4758 tl.
827 4710 997 4757 404Μο404000
1018 4718 1067 4771 pro
1086 4710 1265 4756 sensatarum.
1284 4732 1312 4742 -
1331 4706 1371 4758 l8.
1391 4706 1556 4757 thimarcides
1569 4703 1602 4754 V.
1627 4701 1688 4766 (Br.)
1707 4729 1735 4741 -

416 4785 457 4835 49.
475 4782 683 4832 4404444044οΜ
703 4781 782 4846 Vpr.
800 4793 838 4833 m.
865 4782 903 4844 (04
917 4781 1040 4844 videtur.)
1061 4809 1087 4816 -
1107 4781 1148 4832 20.
1171 4782 1203 4832 04
1223 4781 1323 4847 Rhodio]
1346 4783 1464 4834 archadio
1485 4781 1531 4832 443.
1550 4805 1577 4817 -
1596 4777 1738 4829 0440000404

413 4863 437 4910 ct
452 4857 515 4920 Pipa
530 4856 553 4906 V
576 4857 664 4920 (etiam
682 4859 748 4907 teste
766 4857 831 4920 Β4.);
855 4856 1004 4908 0444000404.
1023 4857 1087 4907 44404
1103 4858 1167 4919 Pipa
1183 4858 1251 4909 coni.
1270 4858 1366 4908 Schiita
1381 4857 1533 4921 ingeniose,
1556 4855 1631 4906 cuius
1648 4853 1738 4904 conie-

414 4939 519 4987 cturam
536 4931 653 4985 llalmlas
669 4933 779 4998 recepit.
806 4934 836 4984 ln
853 4933 975 4984 codicum
992 4930 1105 4983 lectione
1123 4932 1200 4983 nimis
1217 4934 1336 4982 00040440
1354 4934 1396 4983 cst
1411 4930 1536 4982 orationis
1552 4928 1734 4980 conlormatio.

413 5014 493 5076 Ptppc
508 5023 578 5061 unus
595 5011 671 5072 403..
694 5006 724 5057 0.
745 5034 772 5044 -
790 5008 832 5058 tt.
850 5008 989 5059 4040440044
1005 5008 1024 5057 ll
1042 5007 1073 5057 V.
1093 5033 1121 5043 -
1139 5007 1181 5057 22.
1198 5007 1358 5071 rapiditatem
1374 5006 1456 5071 agla:
1481 5006 1617 5069 creptdltate
1632 5003 1684 5065 444,
1701 5003 1734 5066 V,

414 5086 472 5139 rell.
490 5087 569 5149 4033.
590 5111 618 5121 -
635 5082 697 5132 Nice
713 5081 763 5145 444,
782 5083 819 5145 V,
837 5082 892 5134 alll:
911 5087 934 5132 ct
949 5083 1010 5133 Nica
1026 5084 1045 5133 L
1062 5083 1091 5133 0.
1113 5109 1140 5120 -
1157 5083 1199 5138 43.
1218 5083 1338 5135 caemar
1354 5083 1413 5146 spr.
1431 5083 1452 5134 R
1469 5082 1506 5133 Gt
1522 5080 1585 5132 Ld.:
1603 5077 1737 5130 4400040440

416 5164 448 5214 Gt
469 5161 492 5212 V
510 5161 582 5223 (44.4,
601 5158 666 5209 dett.
685 5157 715 5208 0.
730 5185 758 5195 -·
770 5159 835 5210 4000
849 5160 891 5210 etr
902 5158 1038 5210 4400040004
1048 5158 1079 5209 V.
1100 5156 1210 5223 [Emvit
1224 5158 1318 5217 llains,
1336 5158 1382 5221 qui
1397 5156 1439 5207 cir
1454 5155 1550 5207 omisit.
1568 5154 1657 5205 Lectio
1673 5149 1733 5202 cod.

414 5238 439 5288 V
458 5239 510 5288 lam
533 5232 696 5286 restituenda
719 5233 780 5300 est]
799 5260 827 5271 -
844 5233 885 5286 44.
907 5246 953 5284 occ
973 5234 1105 5285 0444044044
1119 5237 1220 5298 potarat
1241 5231 1288 5284 lul.
1306 5234 1397 5284 sever.
1418 5255 1445 5269 -
1463 5231 1505 5283 25.
1522 5229 1607 5286 40444444
1625 5227 1663 5282 lte
1678 5226 1701 5278 V
1717 5223 1735 5280 λ

416 5312 497 5378 43444
513 5310 630 5378 04404044
646 5309 711 5364 dett.
730 5309 760 5364 0.
779 5335 806 5346 -
825 5309 867 5368 26.
884 5322 916 5363 40
930 5309 974 5379 att]
990 5313 1045 5362 east
1060 5311 1081 5361 a
1099 5322 1140 5378 pr.
1157 5321 1195 5362 m.
1215 5335 1243 5348 -
1260 5308 1347 5373 400444.
1363 5307 1388 5357 V
1403 5307 1433 5364 ll.
