4367 6109
459 575 522 645 708
843 580 884 644 ΙΝ
906 580 941 643 L.
965 577 1185 644 CATILINAM
1206 577 1325 643 LIBER
1345 577 1398 641 Ν.

460 751 516 820 sed
539 749 692 834 singulari
713 746 848 832 quadam
869 749 1063 812 humanitate
1086 755 1118 812 et
1139 744 1362 811 misericordia.
1394 742 1513 808 Videor
1533 744 1618 807 enim
1638 741 1718 808 mihi
1731 743 1775 807 ri-

460 850 535 912 dere
555 845 637 908 hanc
658 843 784 917 urbem,
813 843 915 907 lucem
938 844 1021 906 orbis
1042 851 1196 906 terrarum
1217 849 1312 925 atque
1334 860 1437 903 urcem
1461 840 1602 903 omnium
1624 840 1775 923 gentium,

459 941 562 1006 subito
583 957 647 1001 uno
668 936 814 999 incendio
836 936 1072 1012 concidentem
1095 956 1188 999 cerno
1210 935 1314 998 animo
1336 934 1459 1017 sepultu
1480 933 1512 995 in
1528 935 1629 1017 patria
1643 937 1775 998 miseros

458 1044 554 1118 atque
581 1030 756 1114 insepultos
786 1050 915 1094 acervos
943 1031 1075 1105 civium3
1105 1038 1246 1093 versatur
1272 1028 1348 1091 mihi
1376 1037 1450 1091 ante
1476 1027 1585 1093 oculos
1609 1029 1775 1113 adspectus

434 1125 588 1208 cCothegi
617 1132 648 1188 et
675 1123 763 1188 furor
790 1126 823 1187 in
850 1131 954 1188 vestra
983 1124 1077 1187 caede
1099 1123 1291 1187 bacchantis.
1335 1118 1384 1184 49.
1408 1121 1485 1184 Cum
1506 1143 1582 1186 vero
1604 1121 1681 1185 mihi
1704 1142 1776 1205 pro·

457 1221 551 1306 posui
572 1225 756 1300 regnantem
777 1217 961 1291 Lentulum,
983 1217 1154 1300 sicutipse
1176 1237 1216 1279 ex
1237 1214 1309 1279 fatis
1328 1236 1362 1279 se
1381 1236 1525 1298 sperasse
1540 1216 1703 1281 consessus
1718 1225 1775 1292 cst,

456 1319 661 1398 purpuratum
691 1331 760 1374 esse
786 1310 860 1373 huic
881 1311 1066 1385 Gabinium,
1095 1332 1164 1374 curu
1187 1310 1327 1372 exercitu
1348 1311 1472 1373 venisse
1495 1309 1679 1385 Catilinam,
1709 1316 1774 1373 tum

455 1407 710 1472 lamentationem
732 1411 864 1467 matrum
885 1404 1038 1478 familias,
1060 1409 1126 1467 tum
1146 1402 1253 1485 fugam
1267 1403 1424 1485 virginum
1438 1411 1534 1486 atque
1554 1424 1726 1485 puerorum
1740 1424 1775 1468 ac

455 1501 656 1564 vexationem
685 1496 841 1579 virginum
869 1497 1042 1561 Vestalium
1072 1495 1295 1579 perhorresco,
1324 1504 1356 1558 et
1376 1496 1452 1579 quia
1473 1497 1550 1559 mihi
1572 1497 1776 1560 vehementer

419 1595 533 1658 tohaec
554 1591 701 1656 videntur
722 1591 836 1654 misera
857 1599 953 1674 atque
975 1589 1168 1664 miseranda,
1199 1589 1317 1653 idcirco
1338 1590 1372 1652 in
1394 1608 1466 1664 eos,
1489 1590 1544 1672 qui
1566 1611 1604 1653 ea
1624 1587 1774 1674 perlicere

454 1686 638 1757 voluerunt,
660 1703 711 1746 me
732 1704 875 1747 severum
891 1684 1173 1767 vehementemque
1194 1686 1341 1766 praebeo.
1362 1684 1488 1747 Etenim
1503 1704 1637 1768 quaero,
1659 1686 1775 1769 siquis

454 1786 544 1864 pater
571 1775 722 1851 familias,
756 1777 863 1840 liberis
891 1779 957 1841 suis
986 1798 1004 1840 a
1033 1796 1124 1840 servo
1151 1777 1338 1852 intersectis,
1367 1796 1467 1840 uxore
1494 1778 1615 1853 occisa,
1643 1780 1775 1843 incensu

454 1875 565 1946 domo,
595 1869 784 1953 supplicium
815 1871 854 1933 de
881 1890 971 1933 servo
994 1891 1058 1933 non
1080 1889 1175 1951 quam
1197 1871 1431 1934 acerbissimum
1452 1874 1638 1955 sumpserit,
1666 1881 1773 1936 utrum

453 1967 481 2030 is
503 1965 641 2029 clemens
662 1981 699 2025 aa
721 1963 900 2027 misericors
922 1983 961 2026 an
984 1963 1261 2027 inhumanissimus
1283 1974 1316 2028 54
1330 1965 1565 2028 crudelissimus
1580 1986 1650 2030 esse
1665 1964 1774 2029 videa·

415 2061 525 2123 taturi
554 2056 631 2121 mihi
654 2075 729 2118 vero
757 2057 956 2139 importunus
978 2077 1015 2120 ac
1036 2055 1173 2130 ferreus,
1204 2057 1259 2139 qui
1282 2078 1346 2121 non
1369 2058 1478 2121 dolore
1499 2065 1531 2122 et
1552 2059 1694 2123 cruciatu
1715 2079 1774 2122 no-

455 2153 555 2218 centis
584 2170 677 2213 suum
699 2148 841 2213 dolorem
862 2150 1101 2234 cruciatumque
1123 2150 1256 2213 lenierit.
1300 2152 1351 2214 Sic
1372 2171 1432 2215 nos
1454 2153 1487 2214 iu
1506 2152 1557 2214 his
1578 2150 1772 2227 hominibus,

452 2246 508 2331 qui
530 2265 605 2319 uos,
629 2242 684 2327 qui
707 2243 873 2326 coniuges,
895 2245 950 2327 qui
971 2245 1086 2307 liberos
1108 2251 1233 2308 nostros
1254 2245 1411 2309 trucidare
1432 2246 1617 2320 volucrunt,
1639 2247 1695 2329 qui
1709 2247 1773 2309 sin·

450 2338 540 2424 gulas
561 2338 654 2402 unius
676 2335 830 2419 cuiusque
852 2344 995 2400 nostmm
1016 2336 1129 2400 domos
1151 2346 1183 2400 et
1203 2338 1264 2401 hoc
1285 2340 1464 2403 universum
1485 2340 1531 2402 rei
1552 2340 1696 2423 publicae
1714 2340 1772 2402 do·

451 2432 601 2495 micilium
630 2428 735 2492 delere
766 2430 868 2493 conati
899 2438 988 2504 5554,
1019 2431 1075 2514 qui
1103 2432 1135 2494 id
1157 2439 1290 2515 egerunt
1309 2439 1345 2494 ut
1366 2439 1490 2514 gentem
1510 2432 1715 2516 Allobrogum
1737 2433 1771 2495 in

412 2524 588 2608 rovestigiis
617 2523 713 2585 huius
741 2523 827 2586 urhis
855 2531 951 2608 atque
976 2525 1009 2587 in
1035 2526 1140 2588 cinere
1172 2526 1332 2607 deflagrati
1354 2525 1479 2607 imperii
1501 2524 1710 2600 collocarent,
1743 2527 1769 2588 si

449 2615 716 2683 vehementissimi
737 2615 906 2692 fuerimus,
934 2619 1154 2680 misericordes
1174 2618 1378 2695 hahehimur;
1409 2619 1459 2682 sin
1480 2619 1678 2683 remissiores
1698 2638 1769 2683 5555

446 2872 585 2928 5555544;
608 2869 775 2919 admoueat.
801 2895 827 2904 -
851 2869 911 2931 5545
927 2883 949 2920 r.
975 2897 1000 2904 -
1026 2876 1061 2920 554
1084 2872 1150 2922 mim
1165 2870 1266 2930 bcrs,
1284 2871 1329 2934 43.
1348 2871 1373 2920 3.
1392 2871 1416 2920 6.
1434 2871 1476 2921 44.
1495 2871 1539 2930 65;
1558 2874 1593 2920 est
1609 2882 1663 2921 om.
1682 2871 1764 2936 hkq;

447 2946 512 2998 cutm
527 2948 562 2995 554
578 2942 664 2993 4440.
691 2969 718 2978 -
744 2943 837 3005 mittor]
859 2945 941 2993 mator
958 2958 984 2994 u.
1014 2973 1041 2982 -
1069 2946 1092 2994 4.
1111 2946 1197 2996 uideor
1212 2945 1296 2995 auimo
1313 2945 1378 2994 5545
1394 2957 1430 2994 nr.
1455 2972 1482 2979 -
1508 2945 1568 2995 5454
1590 2957 1644 2996 om.
1663 2947 1715 2996 im.
1736 2974 1764 2983 -

445 3023 470 3071 4.
488 3021 553 3070 hauc
568 3016 654 3068 urbem
668 3017 752 3067 uidere
768 3018 828 3078 Vx,
847 3016 862 3066 3
879 3016 921 3067 ulii
938 3019 1027 3082 4533,
1046 3020 1104 3069 40.
1124 3047 1151 3056 -
1172 3020 1283 3084 5554455
1299 3032 1352 3069 om.
1370 3017 1386 3069 l.
1408 3046 1434 3056 -
1453 3019 1478 3069 3.
1496 3021 1644 3071 occiduum
1659 3023 1705 3085 43.
1725 3023 1764 3072 46.

445 3097 486 3148 43.
505 3094 595 3158 (uidere
611 3091 676 3142 hauc
691 3092 778 3143 urbem
794 3095 820 3143 et
836 3093 1000 3143 concidentem
1013 3093 1096 3145 habet
1106 3096 1205 3146 Auctor
1216 3096 1332 3145 incertus
1343 3095 1368 3143 iu
1381 3093 1480 3144 hnecd.
1494 3096 1574 3146 Paris.
1587 3110 1615 3161 p.
1628 3098 1653 3147 5.
1666 3097 1765 3158 45454)

447 3197 474 3207 -
493 3167 589 3232 sepulto
604 3167 733 3229 lupatria
748 3165 842 3230 alpr,
861 3169 906 3230 43.
925 3167 971 3230 53,
990 3168 1049 3219 555.
1063 3169 1197 3220 Lambini:
1214 3170 1462 3232 repattomputriam
1478 3170 1537 3221 440.
1557 3171 1662 3235 (sepulto
1676 3173 1766 3236 4555-

444 3247 521 3299 tm'om
537 3239 634 3302 schol.)
652 3266 678 3275 -
698 3240 723 3291 4.
734 3241 801 3304 ,mitt
817 3254 870 3292 om.
890 3242 920 3291 V.
940 3268 966 3276 -
986 3244 1010 3292 5.
1029 3242 1158 3294 05545545
1173 3246 1225 3294 mei
1244 3242 1372 3308 plerique.
1393 3269 1420 3280 -
1438 3244 1499 3294 mibi
1515 3258 1570 3297 om.
1583 3261 1608 3298 c.
1624 3275 1652 3284 -
1671 3248 1696 3298 6.
1713 3250 1766 3313 ipae

444 3337 477 3374 ec
491 3322 511 3383 s.
529 3331 554 3369 se
569 3329 679 3380 sperasse
695 3314 885 3366 Bcadciru
903 3316 947 3378 Lg.
966 3317 990 3366 7.
1010 3317 1034 3366 0.
1053 3319 1093 3368 46.
1112 3317 1153 3369 46.
1166 3320 1206 3370 50.
1220 3319 1260 3368 53.
1274 3320 1314 3369 54.
1328 3319 1373 3369 65;
1391 3331 1417 3368 se
1433 3331 1486 3368 om.
1505 3316 1528 3379 l,
1546 3321 1598 3383 4555
1613 3335 1639 3373 se
1653 3336 1767 3385 5555555

443 3412 477 3448 555
492 3396 512 3459 s.
529 3393 617 3443 bcsz
634 3390 746 3451 (scdbs
762 3391 884 3453 sperare),
902 3391 953 3454 ipse
968 3394 1050 3442 55545
1065 3390 1208 3450 55545545
1222 3396 1366 3456 sperasset,
1384 3394 1765 3458 45555555555555540,

445 3497 473 3507 -
491 3469 551 3532 satis
568 3464 688 3516 abdhlr
699 3477 751 3528 qs,
770 3463 813 3514 alii
830 3466 924 3528 4533.;
944 3467 968 3515 45
986 3466 1093 3530 reliquis
1105 3472 1146 3519 est
1161 3470 1245 3532 fauts,
1262 3468 1334 3531 sartis
1349 3468 1474 3530 8455444545
1490 3470 1543 3532 (43.
1555 3470 1606 3533 53.)
1622 3471 1665 3523 vel
1680 3474 1765 3536 sactis.

445 3571 473 3582 -
486 3545 511 3594 4.
530 3554 580 3593 esse
600 3553 653 3590 om.
676 3552 700 3590 e.
721 3566 748 3575 -
767 3539 832 3604 4545)
849 3542 887 3591 545
903 3540 988 3592 Schol.
1003 3544 1030 3592 et
1046 3542 1064 3593 b
1082 3556 1118 3593 nr.
1132 3557 1172 3607 pr.
1189 3546 1296 3593 vetere:
1321 3547 1344 3593 et
1360 3543 1375 3592 0
1391 3543 1470 3606 4533.
1490 3541 1570 3602 5544.;
1594 3546 1660 3597 buac
1676 3551 1764 3602 4440.

446 3621 489 3670 Sic
506 3617 571 3668 intra
590 3615 614 3679 s.
632 3614 674 3664 m.
694 3615 704 3665 t
719 3615 784 3664 bunc
799 3627 848 3678 pro
865 3615 962 3665 4545-
981 3615 1041 3680 455]
1059 3630 1116 3666 cum
1130 3617 1230 3678 ght.-
1249 3617 1274 3666 8.
1287 3616 1564 3681 tameatattouescp.-
1583 3623 1674 3672 554545
1687 3625 1768 3688 [5554-

442 3694 524 3746 ttass.
539 3719 566 3727 -
587 3691 718 3751 tumlcum
735 3691 759 3749 t;
778 3702 863 3752 5553.
878 3717 904 3726 -
923 3691 1259 3755 54554555--55554545,
1274 3693 1292 3740 4.
1308 3717 1335 3724 -
1354 3691 1676 3758 55555445505455,
1694 3697 1766 3750 35444

442 3770 537 3832 4533.;
558 3765 705 3816 vesuntium
721 3776 797 3826 ces,
821 3764 866 3826 43.
882 3763 922 3814 53.
943 3791 969 3799 -
992 3766 1122 3816 vestalium
1137 3766 1264 3830 otrqiuam
1279 3778 1307 3824 r;
1325 3763 1396 3814 haud
1412 3765 1467 3815 scio
1484 3778 1518 3816 an
1533 3767 1661 3831 54554555
1677 3770 1765 3835 glossa

442 3845 484 3894 544.
504 3869 532 3880 -
552 3851 671 3904 pammac
687 3840 707 3887 4.
728 3864 755 3874 -
774 3837 835 3899 quta
851 3850 904 3888 om.
924 3851 937 3890 s
954 3842 981 3890 et
997 3838 1079 3889 habet
1096 3841 1153 3890 etus
1170 3838 1227 3891 loco
1246 3841 1316 3902 outa.
1335 3842 1396 3889 5545
1412 3840 1479 3891 baec.
1505 3867 1533 3877 -
1556 3844 1610 3894 554.
1623 3845 1689 3896 54454
1703 3848 1766 3898 baec

442 3917 476 3977 c;
494 3913 621 3966 5555554.
639 3912 731 3961 54545
748 3913 836 3974 5443.
855 3913 894 3962 46.
916 3939 942 3948 -
962 3915 1003 3963 40.
1020 3915 1070 3964 545.
1089 3928 1140 3965 esre
1154 3916 1247 3967 misera
1263 3913 1280 3966 l.
1295 3940 1323 3951 -
1341 3915 1645 3980 55555551555444555
1660 3922 1706 3984 43.
1718 3922 1761 3973 46.

442 4017 469 4026 -
487 3990 577 4040 iccirco
597 4001 620 4039 5.
644 4014 672 4023 -
700 3988 738 4036 44.
761 3987 867 4049 praebeo
890 3987 961 4037 Cbz
979 3989 1024 4052 Lg.
1043 3991 1067 4039 7.
1086 3990 1110 4039 9.
1129 3991 1169 4040 46.
1189 3990 1236 4042 464
1258 3990 1380 4053 praebebo
1397 3993 1416 4040 44
1435 3993 1461 4041 54
1476 3992 1598 4043 drusiani
1614 3994 1673 4046 555.
1692 3998 1761 4049 Gud.

440 4077 467 4128 p.
485 4062 530 4114 444
549 4061 640 4122 4455,Ι
664 4062 691 4111 45
710 4073 763 4125 quo
783 4059 839 4112 solo
861 4062 904 4120 hic
926 4061 1000 4113 locus
1018 4065 1112 4115 citatus
1130 4068 1179 4116 est.
1207 4065 1247 4117 Cl.
1266 4066 1352 4117 Madv.
1372 4068 1468 4130 05555.
1487 4067 1518 4116 ll.
1537 4080 1564 4132 p.
1582 4067 1638 4121 336.
1655 4072 1710 4124 554.
1731 4098 1760 4109 -

439 4138 480 4188 43.
498 4137 617 4188 55044555
637 4149 714 4199 quom
735 4136 850 4186 accrbtu.
870 4137 881 4185 t
897 4136 991 4189 mediis
1009 4151 1061 4189 om.
1082 4165 1110 4174 -
1135 4141 1165 4191 55
1180 4153 1251 4191 ser-oo
1269 4139 1332 4202 cd,
1355 4141 1401 4204 43.
1419 4138 1452 4191 46
1469 4143 1496 4191 54
1512 4141 1577 4192 item
1592 4142 1637 4206 43.
1655 4146 1679 4195 0.
1698 4158 1762 4210 555.

438 4209 483 4261 445.
502 4225 564 4262 cum
576 4211 708 4262 Lactantio
725 4209 759 4260 dc
776 4210 814 4259 ira
832 4210 875 4260 dei
890 4212 911 4260 l.
930 4224 954 4261 c.
969 4214 1013 4262 m:
1032 4213 1154 4264 decumis
1170 4217 1198 4265 u.
1214 4242 1241 4252 -
1258 4229 1309 4264 555
1325 4228 1402 4276 quum
1413 4214 1559 4266 Lambinus
1570 4229 1604 4267 ex
1614 4218 1761 4280 455455445,

438 4287 514 4336 cuius
531 4285 639 4336 codices
656 4286 744 4347 (etiam
761 4285 954 4348 cuononem.)
971 4285 1071 4337 habent
1086 4302 1236 4351 numquam:
1254 4303 1305 4339 555
1321 4303 1373 4338 om.
1393 4287 1471 4339 codd.
1484 4287 1600 4341 Tulliani.
1619 4291 1658 4342 (44.
1671 4294 1761 4345 bledv.

437 4359 534 4422 opusc.
554 4360 584 4409 44.
603 4372 629 4422 5.
648 4359 704 4410 335.
725 4386 752 4396 -
771 4360 957 4411 acerbissimum
973 4361 1051 4412 codd.
1071 4361 1192 4414 Tulliani:
1212 4364 1363 4413 55554555
1378 4363 1537 4414 4554554455.
1554 4391 1582 4402 -
1600 4364 1642 4417 44.
1658 4367 1763 4419 545555-

435 4434 543 4484 tissimus
559 4435 604 4497 43.
616 4433 656 4484 53.
678 4461 704 4471 -
728 4436 878 4486 tubaesonus
893 4438 938 4499 43.
958 4439 981 4486 4.
1001 4438 1024 4488 8.
1043 4437 1084 4488 34.
1104 4440 1131 4488 54
1147 4441 1218 4490 4554.
1238 4439 1317 4499 edd,
1336 4440 1369 4498 03
1394 4440 1588 4490 immanissimae
1604 4439 1671 4491 Bm.
1691 4467 1719 4478 -
1738 4449 1762 4493 54

437 4521 490 4558 om.
510 4522 536 4567 z;
555 4521 587 4556 55
603 4505 619 4557 l.
648 4533 675 4542 -
703 4510 745 4558 45.
762 4511 830 4572 aera]
848 4511 913 4560 cutm
929 4524 956 4575 p.
985 4538 1011 4546 -
1038 4512 1082 4573 qut
1099 4527 1148 4561 555
1165 4514 1249 4565 datore
1265 4519 1289 4564 54
1304 4513 1420 4563 auctam
1435 4515 1546 4564 55555445
1561 4527 1635 4564 mauu
1651 4515 1762 4568 5545555

434 4583 622 4642 cruciatumque
643 4583 746 4649 teutertt]
768 4586 806 4635 545
828 4585 874 4636 Bb
899 4587 942 4648 (m.
961 4587 1026 4648 sec.)
1045 4587 1190 4652 ceipqs,
1212 4591 1256 4652 43.
1276 4590 1300 4639 4.
1319 4589 1344 4638 9.
1362 4587 1403 4639 43.
1422 4589 1463 4638 65.
1483 4589 1540 4651 (555
1557 4587 1658 4639 habeut
1672 4587 1760 4640 biso

434 4669 466 4706 ac
486 4670 554 4707 cruc.
573 4670 621 4723 pro
642 4662 666 4708 et
686 4671 765 4716 crac..
789 4661 996 4722 ccractatuque,
1021 4675 1073 4712 non
1091 4663 1155 4714 item
1172 4666 1267 4728 Lugg.;
1294 4663 1434 4715 54554555
1451 4663 1492 4714 bs
1509 4662 1615 4714 5454544
1632 4664 1710 4727 4533.
1729 4677 1761 4714 55

434 4733 573 4782 amotarum
588 4745 637 4797 pro
653 4733 853 4796 cruciatumque,
872 4735 943 4798 quod
961 4739 968 4785 4
985 4738 1112 4797 servarim
1133 4739 1158 4789 45
1174 4752 1192 4802 5
1211 4742 1252 4789 554
1269 4744 1292 4790 54
1308 4740 1470 4801 5555454555
1488 4740 1592 4802 554555
1602 4738 1686 4789 dolore
1702 4753 1758 4789 555.

432 4818 505 4855 suum
521 4806 570 4857 554.
587 4807 774 4870 5554545555
789 4809 836 4858 455.
855 4822 883 4858 m
900 4812 927 4859 54
944 4812 1024 4860 Paris.
1037 4812 1067 4869 5;
1087 4813 1130 4873 qut
1146 4826 1195 4862 555
1212 4814 1578 4876 5545555555454554555455.
1591 4811 1637 4873 al,
1655 4813 1701 4877 43.
1715 4814 1757 4864 ct.

434 4878 474 4930 53.
493 4882 536 4932 54;
555 4882 598 4944 qui
613 4896 663 4932 555
680 4883 788 4933 dotorem
803 4885 918 4934 cmuciatu
934 4885 981 4935 455.
1003 4885 1022 4934 lt
1040 4885 1081 4948 (de
1094 4886 1154 4937 cod.
1167 4902 1185 4938 x
1201 4889 1309 4951 uagom.
1323 4890 1415 4949 tacet);
1433 4889 1477 4949 qut
1493 4902 1544 4938 555
1560 4887 1670 4938 dolorum
1685 4900 1760 4938 4555

433 4960 457 5005 54
472 4958 613 5007 cruciatam
629 4958 713 5008 datore
728 4959 836 5008 55555445
852 4965 875 5008 54
890 4961 1004 5009 cruciatu
1020 4961 1067 5010 455.
1086 4961 1115 5011 L.
1134 4988 1161 4997 -
1183 4964 1222 5013 46.
1240 4964 1278 5013 545
1294 4963 1407 5014 omuibus
1421 4964 1559 5014 45545455
1574 4975 1607 5027 5;
1625 4963 1663 5013 4445
1678 4965 1759 5014 5554-

432 5028 477 5079 bau
493 5031 501 5079 i
520 5031 564 5094 tm.
583 5031 648 5095 pu),
666 5045 706 5093 m,
725 5035 756 5083 44
773 5035 851 5097 4533.
870 5034 935 5085 dett.
955 5035 1099 5096 tbmututbua
1116 5036 1204 5087 tirmut
1219 5041 1297 5090 Aras.
1315 5052 1342 5104 p.
1360 5038 1429 5102 ma.)
1448 5065 1477 5077 -
1500 5039 1541 5090 44.
1559 5038 1603 5099 qu·
1618 5052 1675 5100 555,
1694 5053 1758 5090 cou-

432 5102 513 5166 45555,
532 5104 652 5154 liberasti
669 5106 745 5170 4533.
758 5107 821 5159 5544.
835 5135 862 5145 -
882 5109 922 5160 48.
940 5115 1051 5159 uestrum
1068 5124 1121 5160 om.
1140 5111 1213 5173 Vm,
1232 5111 1301 5164 45444
1312 5115 1391 5177 4533.
1407 5139 1434 5149 -
1453 5115 1539 5165 55555
1554 5111 1677 5174 455555,
1695 5127 1711 5163 z
1728 5118 1758 5163 et

432 5177 448 5227 8
466 5175 507 5227 5444
525 5178 602 5240 4533.
621 5177 685 5230 5544.
705 5208 732 5217 -
755 5188 779 5233 54
795 5196 848 5233 om.
867 5184 883 5233 9
899 5185 977 5248 4533.
1000 5211 1026 5220 -
1054 5186 1095 5236 40.
1114 5185 1197 5250 atque]
1214 5192 1237 5237 54
1254 5188 1273 5238 c
1291 5191 1319 5238 54
1335 5191 1380 5253 43.
1392 5188 1434 5241 46.
1454 5215 1483 5228 -
1509 5190 1592 5243 ciuem
1607 5201 1660 5241 om.
1680 5202 1704 5240 c.
1727 5216 1754 5224 -

432 5250 531 5315 455544
547 5251 652 5318 554555.
670 5253 697 5306 d.
713 5282 740 5292 -
759 5257 800 5307 m.
818 5259 1000 5323 uetmrmtuf.
1017 5261 1238 5312 misericordissimi
1254 5261 1282 5313 d.
