4367 6109
650 579 718 646 no.
738 580 777 646 v.
807 579 882 648 uo.
903 581 1227 651 xxxa-xxxiv.
1255 580 1312 668 33.
1333 579 1487 650 ea-er.
1670 580 1733 651 tor

413 749 456 813 iis
469 747 607 813 claustra
621 749 684 813 loci
697 750 925 815 committenda
936 771 1002 816 non
1018 751 1219 816 existimavit
1241 749 1293 815 85.
1307 752 1399 828 Vide,
1421 752 1500 836 quid
1514 752 1639 817 intersit
1653 754 1736 818 inter

413 850 499 907 44444
532 842 698 907 libidinem
730 845 949 929 maiorumque
976 846 1214 919 auctoritatem,
1249 847 1333 910 inter
1363 866 1504 911 amorem
1531 845 1735 930 furoremque

412 942 503 1000 tuum
525 942 558 1000 et
577 936 706 999 illorum
735 937 902 1001 consilium
931 947 1026 1022 atque
1053 938 1263 1021 prudentiam.
1304 940 1355 1003 Illi
1376 939 1497 1004 aditum
1518 940 1620 1004 litoris
1643 940 1737 1024 Syra·

413 1029 541 1094 cumnis
563 1030 764 1107 ademerunt;
786 1039 822 1094 tu
842 1031 1010 1114 imperium
1031 1033 1221 1095 maritimum
1243 1034 1444 1097 concessistis
1466 1033 1514 1096 illi
1534 1033 1678 1097 babitare
1701 1033 1736 1097 in

413 1141 452 1187 eo
474 1123 547 1187 loco
570 1123 813 1207 Syracusanum,
835 1145 901 1209 qua
921 1145 1018 1189 naves
1039 1125 1190 1188 accedere
1211 1134 1354 1210 possent,
1376 1127 1564 1201 noluerunt;
1586 1134 1620 1191 tu
1641 1127 1759 1192 classis

414 1224 446 1280 et
466 1217 600 1281 navibus
616 1217 848 1301 Syracusanum
869 1239 1016 1302 praeesse
1037 1218 1178 1282 voluisti.
1212 1219 1336 1295 Quibus
1357 1219 1406 1285 illi
1419 1220 1507 1283 urbis
1522 1239 1599 1283 suae
1614 1227 1736 1302 partem

412 1311 615 1386 ademerunt,
644 1310 684 1374 iis
705 1319 741 1375 tu
762 1312 863 1376 nostri
887 1311 1015 1396 imperii
1044 1319 1165 1394 partem
1193 1313 1324 1388 dedisti,
1351 1321 1384 1377 et
1412 1332 1549 1397 quorum
1576 1313 1736 1377 sociorum

414 1425 513 1490 opera
545 1405 735 1490 Syracusani
767 1405 861 1470 nobis
895 1406 980 1470 dicto
1014 1405 1179 1469 audientes
1212 1413 1301 1480 sunt,
1334 1425 1390 1470 eos
1419 1406 1618 1489 Syracusano
1649 1408 1734 1472 dicto

412 1500 579 1564 audientes
601 1520 671 1563 esse
693 1499 823 1563 iussisti.

496 1594 646 1657 XXXIII.
667 1590 718 1655 86.
732 1593 903 1676 Egreditur
915 1594 951 1657 in
966 1591 1172 1676 Centuripina
1186 1591 1380 1676 quadriremi
1395 1593 1581 1658 Cleomenes
1594 1614 1614 1658 e
1627 1602 1735 1678 portu:
1745 1614 1774 1662 44

411 1688 558 1773 sequitur
578 1688 751 1770 Segestana
772 1687 878 1761 naus,
901 1687 1129 1771 Tyndaritana,
1151 1686 1366 1760 Herbitensis,
1387 1687 1618 1763 Heracliensis,
1639 1687 1737 1771 Apol·

411 1782 584 1857 loniensis,
616 1781 810 1845 Haluntina:
843 1781 1006 1865 praeclara
1037 1780 1148 1845 classis
1180 1779 1301 1864 specie,
1334 1780 1391 1844 sed
1424 1780 1517 1864 inops
1550 1788 1582 1845 et
1613 1778 1736 1846 infirma

412 1884 544 1961 propter
565 1874 783 1939 dimissionem
804 1884 1075 1960 propugnatorum
1096 1881 1192 1958 atque
1207 1874 1371 1957 remigum.
1404 1875 1481 1938 Tam
1502 1874 1558 1937 diu
1580 1874 1615 1937 in
1636 1875 1737 1957 impe·

412 1972 464 2035 rio
485 1989 543 2034 suo
565 1969 699 2032 classem
720 1969 781 2033 iste
805 1978 931 2052 praetor
958 1969 1095 2052 diligens
1122 1968 1218 2042 vidit,
1250 1987 1345 2052 quam
1374 1967 1429 2030 diu
1457 1968 1640 2032 convivium
1667 1969 1737 2033 eius

413 2062 693 2146 flagitiosissimum
714 2071 928 2146 praetervecta
952 2071 1015 2127 est:
1046 2064 1117 2146 ipse
1143 2070 1265 2137 autem,
1294 2063 1350 2143 qui
1380 2061 1468 2126 visam
1496 2060 1603 2126 multis
1625 2061 1737 2125 diebus
1745 2083 1774 2130 re

413 2177 480 2222 non
501 2164 601 2230 esset,
633 2163 700 2220 tum
722 2177 756 2221 se
778 2158 939 2221 tamenin
963 2164 1168 2240 conspectum
1189 2156 1295 2220 nautis
1315 2156 1478 2240 paulisper
1504 2155 1601 2219 dedit.
1644 2155 1738 2219 Stetit

413 2251 555 2316 soleatus
585 2259 713 2334 praetor
740 2251 851 2335 populi
878 2252 1011 2315 llomaui
1040 2271 1112 2313 cum
1140 2250 1239 2334 pallio
1265 2269 1426 2333 purpureo
1452 2251 1623 2334 tunicaque
1644 2248 1737 2316 talari

414 2342 600 2409 muliercula
621 2344 716 2407 nixus
737 2345 771 2407 in
791 2345 896 2408 litore.
929 2346 994 2408 lam
1009 2344 1069 2408 hoo
1083 2345 1179 2408 istum
1193 2345 1310 2407 vestitu
1323 2344 1423 2408 Siculi
1438 2346 1589 2429 civesque
1602 2343 1735 2409 llornanl

413 2437 564 2524 permulti
592 2457 687 2520 saepe
715 2437 875 2502 viderunt.
916 2434 968 2501 87.
996 2439 1208 2522 Posteaquam
1233 2437 1364 2520 paulum
1383 2445 1535 2522 provecta
1556 2437 1666 2502 classis
1687 2445 1737 2502 eat

414 2541 448 2599 et
466 2531 649 2616 Pachynum
670 2532 783 2614 quinto
805 2531 857 2595 die
879 2532 1017 2616 denique
1038 2532 1188 2614 appulsa,
1209 2539 1342 2606 antae,
1366 2534 1467 2596 coacti
1488 2532 1587 2608 mma,
1615 2532 1775 2597 mucosa

413 2627 593 2713 palmarum
614 2625 802 2707 agrestium,
830 2645 966 2709 quarum
995 2632 1063 2689 erat
1081 2626 1117 2687 in
1138 2624 1201 2689 illis
1222 2623 1319 2700 locis,
1345 2626 1438 2689 sicuti
1458 2625 1493 2688 in
1514 2644 1628 2709 magna
1648 2633 1737 2710 parte

414 2719 552 2793 Siciliae,
573 2717 762 2794 multitudo,
783 2719 982 2802 colligebant,
1004 2729 1037 2783 et
1057 2719 1097 2782 iis
1118 2719 1226 2783 miseri
1246 2718 1424 2803 perditique
1443 2718 1625 2783 alebantur:
1647 2718 1739 2783 Cleo-

415 2832 525 2879 menes
553 2821 676 2889 autem,
705 2814 775 2901 qui?
788 2813 924 2878 alterum
952 2834 986 2878 se
1008 2816 1138 2878 Verrem
1164 2835 1234 2878 urm
1261 2813 1390 2876 luxuria
1417 2833 1453 2877 ac
1481 2813 1642 2898 nequitia,
1670 2822 1737 2878 tum

415 2909 510 2974 etiam
532 2907 665 2990 imperio
696 2914 838 2991 putaret,
870 2908 1016 2972 similiter
1037 2916 1122 2973 totos
1143 2908 1212 2972 dies
1233 2907 1382 2971 inlitora
1403 2906 1608 2971 tabernacfflo
1630 2907 1737 2990 posito

413 3000 610 3087 perpotabat.
653 3001 799 3065 XXXIV.
825 3001 906 3065 Ecce
928 3010 1033 3066 autem
1054 3011 1185 3086 repente
1206 3002 1295 3066 ebrio
1317 3001 1504 3076 Cleomene,
1525 2999 1775 3067 esurientibuaat

415 3094 529 3159 ceteris
551 3095 716 3158 nuntiatur
737 3096 908 3178 piratarum
929 3115 999 3160 esse
1021 3115 1118 3161 naves
1145 3097 1181 3159 in
1207 3106 1302 3182 portu
1329 3096 1508 3180 Odysseae:
1537 3114 1611 3158 nam
1637 3093 1682 3157 ita
1708 3094 1737 3158 is

414 3188 505 3252 locus
525 3188 724 3252 nominatur:
746 3198 858 3254 nostra
878 3198 984 3255 autem
1006 3191 1115 3255 elassis
1137 3198 1204 3255 erat
1216 3192 1251 3255 in
1266 3197 1359 3275 portu
1373 3189 1523 3274 Pachyni.
1552 3189 1737 3254 Cleomenes

414 3288 531 3357 autem,
556 3282 643 3367 quod
666 3291 733 3346 erat
754 3286 1115 3368 terrestrepraesidium
1136 3305 1202 3348 non
1219 3306 1264 3360 re,
1286 3286 1343 3350 sed
1362 3285 1502 3360 nemim,
1523 3282 1677 3366 speravit,
1698 3281 1737 3345 iis

417 3377 588 3451 militibus,
618 3396 700 3460 quos
728 3397 771 3441 ex
791 3398 831 3442 eo
851 3378 922 3443 loco
945 3379 1145 3454 deduxisset,
1174 3379 1302 3462 explere
1329 3398 1363 3441 se
1384 3397 1550 3441 numanam
1569 3383 1738 3438 nautarum

417 3479 451 3535 et
471 3472 626 3553 remigum
647 3490 752 3553 posse.
795 3472 931 3556 Reperte
961 3481 1009 3537 est
1036 3472 1148 3536 eadem
1173 3472 1267 3535 istius
1293 3470 1432 3534 bominis
1460 3469 1636 3534 avarissimi
1656 3470 1775 3538 ratione

414 3565 449 3629 ia
461 3563 641 3647 praesidiis,
663 3584 745 3647 quae
759 3565 794 3628 in
808 3566 979 3643 classibns3
999 3586 1073 3631 nam
1088 3574 1178 3631 erant
1190 3565 1341 3650 perpauci
1355 3564 1480 3649 reliqui,
1494 3563 1592 3628 ceteri
1605 3560 1737 3626 dimissi.

482 3861 507 3911 4.
524 3872 568 3911 vv.
585 3860 617 3910 tta
632 3859 754 3920 ebrauc,
772 3869 840 3921 quse
857 3857 879 3905 V
895 3855 978 3907 habet
992 3857 1019 3907 tn
1036 3856 1088 3906 fine
1105 3868 1209 3917 versus,
1227 3855 1279 3904 iam
1290 3853 1402 3904 evanida
1412 3854 1474 3904 suut
1484 3864 1535 3903 nec
1545 3852 1610 3903 satie
1620 3849 1740 3917 amplum

416 3935 531 4002 spatium
548 3933 667 3985 adhaec
684 3933 737 3983 duo
754 3929 837 3982 verbe
854 3931 1014 3996 recipienda.
1043 3932 1159 3982 Brunnio
1175 3931 1286 3981 claustro
1302 3929 1398 3980 deesse
1414 3928 1527 3978 videtur.
1547 3953 1575 3963 ·-
1592 3926 1662 3988 olda,
1680 3927 1741 3988 quid

415 4013 482 4063 later
497 4010 532 4076 tu]
549 4011 589 4062 sio
604 4009 663 4062 linit
679 4007 770 4060 lolium
787 4008 813 4058 in
825 4006 847 4056 V
863 4005 935 4070 apud
947 4007 1053 4067 italum
1071 4006 1121 4057 sed
1137 4012 1166 4056 ta
1181 4009 1249 4056 teste
1258 4006 1374 4056 Bruanio
1391 4005 1523 4056 lacertum
1534 4004 1584 4063 est,
1602 4013 1665 4052 cum
1676 4000 1740 4052 nihil

416 4088 524 4153 praeter
538 4085 635 4136 lutea
654 4083 724 4136 clare
742 4081 792 4146 4434
809 4082 900 4147 possit.
920 4108 948 4118 -
967 4080 993 4133 4.
1014 4083 1102 4131 mavit.
1122 4082 1208 4145 imper.
1233 4082 1310 4144 4433.
1327 4082 1434 4144 praeter
1449 4077 1497 4139 49,
1520 4076 1551 4127 0.
1569 4075 1741 4140 (mma-

416 4159 685 4227 lla-aqueae:
708 4157 885 4220 44444440.
906 4156 1120 4207 -44444444
1140 4150 1593 4218 -3.8444444444444044(4.;
1614 4152 1739 4212 om.Gt;

416 4237 585 4302 8344444444
601 4234 714 4287 deno.
734 4259 761 4268 -
781 4233 822 4283 40.
839 4232 867 4282 la
884 4231 952 4283 caat.
973 4231 1010 4283 443
1028 4231 1047 4283 0
1064 4228 1081 4281 4
1098 4233 1170 4281 Parr.
1194 4229 1289 4293 (blada.
1307 4243 1333 4295 p.
1353 4229 1434 4292 444444
1459 4229 1487 4278 la
1503 4239 1557 4279 om.
1576 4227 1642 4279 (4444.
1659 4227 1690 4278 0.
1709 4253 1738 4264 -

418 4315 459 4365 44
476 4313 555 4376 apere
571 4311 619 4363 bd.
644 4307 707 4374 [non
723 4310 788 4359 item
804 4306 857 4372 ll.]:
884 4307 912 4358 ta
926 4307 1006 4369 specle
1021 4307 1043 4358 a
1059 4307 1091 4356 Gl
1107 4306 1132 4366 4,
1150 4306 1245 4369 44334
1270 4306 1298 4354 la
1313 4305 1419 4367 44444444
1434 4300 1467 4354 al.
1485 4303 1515 4354 0.
1536 4329 1564 4339 -
1582 4301 1623 4354 43.
1640 4302 1740 4353 bom.

417 4388 487 4452 4349
503 4385 545 4438 44.
566 4412 594 4425 -
612 4387 652 4437 44.
673 4398 731 4448 pop.
750 4385 820 4434 ltom.
843 4394 896 4432 om.
919 4381 997 4445 4349.
1016 4407 1044 4416 -
1060 4380 1140 4444 pallio
1161 4379 1239 4432 codd.
1263 4380 1291 4430 el
1311 4379 1398 4439 Quint.
1416 4379 1482 4429 Vlll.
1503 4377 1530 4439 3,
1547 4375 1588 4428 et.
1610 4373 1678 4439 (coll.
1696 4375 1739 4426 Xl.

416 4463 443 4525 3,
462 4461 529 4525 9044
551 4461 657 4524 palliolo
679 4457 731 4510 lul.
748 4459 815 4509 vict.
834 4457 893 4509 Hali
910 4470 936 4523 p.
956 4458 1012 4507 404.
1030 4455 1122 4520 (palleo
1138 4456 1178 4518 44.)
1198 4483 1226 4494 -
1245 4454 1286 4506 48.
1307 4455 1368 4506 mad.
1391 4455 1468 4506 444444
1489 4454 1516 4504 la
1531 4453 1568 4503 lit.
1591 4453 1678 4514 Quint.
1696 4451 1739 4503 lx.

415 4535 512 4600 l,l⁰l.
531 4561 559 4572 -
578 4535 640 4600 taor]
660 4547 721 4585 eam
737 4534 806 4585 conl.
824 4533 886 4584 Ero.
904 4531 981 4597 prob.
1000 4533 1078 4583 Goer.
1095 4530 1177 4582 acad
1196 4532 1216 4581 4
1234 4532 1260 4581 5.
1283 4557 1310 4567 —
1328 4531 1373 4580 444
1388 4531 1425 4582 ue
1443 4528 1459 4581 4
1475 4531 1549 4581 Parr.
1565 4540 1609 4593 ap.
1624 4526 1739 4591 Zumpt:

417 4612 463 4663 boc
479 4613 532 4676 lpao
549 4611 614 4662 dett.
632 4611 661 4662 0.
676 4636 704 4646 -
718 4609 757 4660 49.
774 4608 891 4659 oldam
906 4608 975 4658 coni.
992 4605 1129 4658 Benedict.
1147 4603 1224 4671 prob.
1243 4602 1344 4656 Halmio
1360 4602 1420 4656 coll.
1433 4604 1463 4654 V.
1476 4603 1501 4669 5.
1514 4602 1571 4654 403.
1586 4601 1657 4652 -40.
1670 4601 1742 4651 4444-

417 4699 465 4750 444
481 4699 535 4737 om.
553 4686 631 4749 4349.
652 4713 680 4723 -
698 4685 805 4748 appulsa
821 4683 858 4734 aa
874 4681 890 4734 4
907 4686 996 4734 Para:
1022 4681 1130 4745 appulso
1145 4685 1181 4731 eat
1196 4680 1261 4731 dett
1280 4679 1309 4730 0.
1334 4679 1453 4744 (cambo
1474 4679 1513 4741 44.)
1533 4705 1561 4715 -
1579 4676 1659 4727 coacti
1673 4676 1741 4739 same

417 4761 455 4813 443
471 4759 488 4812 4
504 4760 520 4812 4
536 4762 622 4812 Parra
652 4761 720 4824 {ome
739 4759 821 4810 coacti
837 4758 918 4822 4349,
942 4758 975 4816 0;
1000 4757 1068 4820 [arae
1084 4769 1138 4808 om.
1157 4755 1172 4805 7
1188 4757 1266 4818 4433.
1285 4753 1351 4805 dett.
1372 4781 1399 4792 -
1417 4754 1458 4805 44.
1475 4753 1549 4802 rimati
1569 4751 1606 4802 443
1623 4750 1639 4803 4
1656 4752 1739 4801 Parra

418 4837 481 4886 44444
497 4835 562 4886 dett.
581 4837 610 4885 0.
630 4861 658 4870 —
676 4836 718 4885 44.
736 4835 767 4885 tia
782 4836 816 4885 ll:
834 4833 871 4883 444
887 4833 917 4883 0.
937 4859 965 4869 -
982 4830 1023 4882 43.
1041 4832 1107 4897 aaa]
1124 4834 1178 4880 aaa
1193 4831 1271 4892 4433.
1289 4830 1396 4893 praeter
1411 4827 1452 4879 49.
1467 4853 1496 4865 -
1506 4825 1627 4877 44444444
1642 4825 1672 4883 a,
1690 4823 1741 4874 sed

417 4925 432 4962 e
441 4912 576 4976 punctats.
595 4911 660 4962 Hinc
672 4908 757 4960 Madv.
770 4922 797 4975 p.
810 4905 868 4961 484.
884 4907 986 4959 temate
1002 4906 1102 4957 restitui
1119 4903 1191 4963 vult3
1210 4915 1272 4955 nam
1288 4904 1316 4954 iu
1332 4904 1352 4954 ll
1368 4914 1450 4968 saepe
1466 4915 1498 4952 aa
1512 4913 1562 4967 pro
1577 4913 1591 4951 e
1607 4897 1739 4961 scribllur‚

417 4989 448 5037 ut
464 4997 545 5050 supra
562 4983 690 5049 exemplis
707 4983 957 5036 demonstravimus.
976 4981 1013 5033 Cl.
1032 4983 1123 5032 tamen
1139 4978 1163 5044 8.
1182 4979 1238 5030 437.
1254 5006 1281 5016 -
1295 4991 1326 5028 ac
1341 4976 1378 5029 443
1394 4977 1478 5041 43494
1496 4973 1694 5038 aequoreae.
1710 4999 1738 5009 -

418 5063 460 5113 44.
478 5072 532 5110 4444
547 5071 608 5123 sqq.
626 5059 720 5110 Donet.
739 5059 772 5109 ad
789 5059 848 5111 Ter.
865 5056 978 5122 Adelph.
996 5057 1038 5106 lv.
1057 5057 1082 5117 7,
1100 5055 1124 5106 8.
1144 5078 1173 5092 ·-
1191 5054 1232 5106 40.
1252 5055 1305 5117 pir.
1326 5066 1377 5104 asra
1397 5065 1474 5103 eavea
1489 5051 1522 5102 a:
1549 5062 1625 5100 eavea
1645 5060 1695 5099 aare
1710 5061 1739 5110 p.

419 5137 519 5188 3Parr.
538 5135 587 5194 o3;
602 5134 654 5197 pir.
671 5148 748 5185 awos
763 5147 813 5186 erra
826 5135 891 5185 dett.
904 5134 933 5185 0.
952 5133 981 5198 (a
991 5133 1018 5183 et
1028 5129 1071 5181 alii
1081 5130 1174 5195 44444.)
1186 5155 1214 5169 ··
1227 5129 1335 5190 0444444
1346 5129 1380 5188 44;
1399 5127 1513 5178 Oetaeae
1529 5125 1611 5188 4349;
1628 5124 1739 5184 lldlaaae,

419 5212 535 5262 43444444
551 5213 602 5261 etc.
620 5209 663 5261 alii
680 5209 766 5262 codd..
779 5237 807 5247 -
825 5211 867 5262 48.
884 5209 994 5273 mauolt
1013 5206 1063 5268 143,
1086 5204 1103 5256 4
1119 5208 1207 5258 Para:
1234 5203 1350 5267 »parabat
1371 5202 1436 5257 dett.
1454 5203 1486 5254 0.
1504 5227 1532 5240 -
1549 5200 1589 5270 lla]
1605 5200 1628 5251 la
1643 5199 1677 5259 n;
1702 5197 1741 5251 bis

420 5285 436 5338 4
453 5287 526 5338 Pars.
546 5311 574 5322 -
592 5283 635 5339 34.
652 5285 727 5338 cetat
742 5283 794 5351 443,
811 5284 827 5336 3
844 5287 932 5341 Pam:
950 5285 1071 5352 coaequo
1086 5281 1152 5336 dett.
1170 5282 1201 5334 0.
1218 5280 1320 5348 (certet
1335 5278 1375 5344 44.)
