4367 6109
856 600 931 666 Car.
951 600 1092 665 x-xl.
1120 597 1177 685 ss.
1198 597 1345 666 st-aa.
1692 595 1755 665 489

437 771 667 849 demnandum,
695 791 789 855 quem
818 792 991 855 numquam
1019 773 1152 837 vidisset
1176 793 1282 857 neque
1303 772 1463 847 audisset,
1493 770 1663 836 adductum
1685 791 1757 837 esee

435 870 563 955 pretio‘l
596 869 643 929 An
667 867 783 930 certius
806 866 978 950 quidquam
995 867 1089 931 obiici
1113 874 1219 952 polest
1241 889 1334 952 quam
1358 867 1443 951 quod
1465 868 1507 941 is,
1529 868 1580 930 cui
1596 868 1752 941 obiicitur,

435 984 475 1025 ne
498 969 579 1024 nutu
602 961 731 1044 quidem
753 957 910 1023 infirmare
933 964 1088 1024 conatur?
1121 959 1172 1024 30.
1187 964 1303 1024 Verum
1326 969 1428 1024 tamen
1451 963 1478 1025 is
1502 962 1589 1024 testis
1605 960 1754 1044 (ulfacile

436 1056 672 1138 intelligeretis,
701 1074 773 1117 eum
795 1073 859 1116 non
882 1052 1022 1118 adfuisse
1045 1056 1167 1129 animo,
1191 1076 1261 1119 cum
1285 1076 1379 1118 causa
1401 1057 1439 1118 ab
1461 1056 1524 1119 illis
1546 1063 1689 1136 ageretur
1710 1062 1756 1118 te·

436 1159 564 1234 stesquc
586 1151 741 1222 dicerent,
765 1148 820 1211 sed
842 1149 995 1231 tantisper
1016 1147 1055 1210 de
1075 1149 1183 1232 aliquo
1198 1170 1252 1212 reo
1269 1146 1451 1231 cogitasse),
1473 1169 1544 1212 cum
1559 1168 1668 1213 omnes
1682 1157 1780 1214 anteo

436 1266 507 1309 eum
529 1245 684 1307 dixissent
705 1249 818 1315 testes,
841 1249 977 1305 armatos
1000 1263 1071 1305 cum
1092 1243 1229 1305 Aebutio
1246 1243 1345 1305 luisse
1360 1243 1553 1324 complures,
1575 1244 1661 1306 solus
1676 1243 1758 1308 dixit

437 1361 500 1403 non
529 1339 636 1401 fuisse.
676 1337 770 1400 Visus
800 1345 849 1399 est
875 1336 952 1399 mihi
981 1338 1083 1419 primo
1105 1343 1263 1398 veterator
1284 1330 1459 1417 intelligere
1481 1337 1656 1418 praeclare,
1679 1337 1756 1420 quid

436 1453 548 1498 causae
570 1432 724 1506 obstaret,
751 1438 783 1494 et
811 1438 931 1494 tantum
952 1429 1045 1493 modo
1068 1449 1187 1504 errare,
1218 1431 1304 1512 quod
1327 1450 1435 1494 omnes
1457 1437 1554 1493 testes
1575 1428 1757 1504 infirmaret,

436 1531 491 1612 qui
521 1534 593 1590 ante
615 1547 687 1589 eum
710 1525 882 1588 dixissentt
912 1547 982 1588 cum
1006 1524 1125 1599 subito,
1148 1543 1221 1586 ecce
1242 1524 1325 1586 idem
1359 1525 1413 1608 qui
1447 1525 1544 1597 solet,
1574 1545 1648 1588 suos
1671 1523 1757 1588 solos

436 1641 543 1686 servos
565 1626 701 1683 armatos
723 1619 820 1682 fuisse
842 1620 934 1681 dixit.
979 1619 1062 1694 Quid
1085 1618 1159 1681 huic
1182 1625 1217 1681 tu
1239 1617 1360 1680 bomini
1382 1616 1500 1681 iacias?
1521 1637 1628 1681 nonne
1644 1634 1795 1683 conce-to

437 1716 492 1777 das
523 1715 698 1788 interdum,
730 1722 766 1776 ut
798 1702 1003 1777 excusatione
1036 1733 1176 1777 summae
1206 1712 1357 1776 stultitiae
1387 1731 1526 1776 summae
1548 1709 1757 1796 improbitatis

436 1809 546 1871 odium
570 1808 765 1892 deprecetur.

519 1904 575 1965 Xl.
602 1898 653 1964 3t.
683 1902 806 1977 Utrum,
833 1909 1087 1986 recuperatores,
1119 1902 1170 1965 bis
1200 1901 1332 1965 testibus
1362 1921 1426 1965 non
1448 1900 1646 1974 credidistis,
1675 1920 1757 1974 cum,

438 1996 526 2081 quod
554 1996 704 2079 liqueret,
734 2014 799 2057 non
829 1995 1008 2058 habuistis‘t
1040 1999 1082 2059 At
1111 1996 1326 2060 controversia
1347 2016 1412 2059 nou
1435 2005 1518 2070 crat,
1548 1994 1625 2079 quin
1648 2013 1757 2056 verum

437 2092 586 2154 dicerent.
618 2091 667 2151 An
690 2089 722 2151 in
746 2097 853 2152 coacta
874 2088 1089 2164 multitudine,
1111 2090 1270 2163 inarmis,
1292 2089 1325 2150 in
1339 2088 1428 2162 telis,
1450 2090 1483 2152 in
1498 2088 1657 2172 praesenti
1672 2093 1795 2153 metult

436 2184 543 2247 mortis
565 2185 796 2268 perspicuoque
817 2183 960 2265 periculo
983 2183 1089 2245 caedis
1112 2184 1241 2247 dubium
1263 2183 1351 2246 vobis
1373 2183 1446 2258 fuit,
1468 2184 1572 2247 inesse
1585 2183 1633 2244 vis
1652 2180 1758 2262 aliqua

437 2279 596 2342 videretur
622 2281 750 2341 necnet
784 2277 906 2354 Quibus
934 2278 1030 2360 igitur
1057 2279 1089 2340 in
1113 2278 1207 2342 rebus
1228 2279 1276 2340 vis
1298 2278 1431 2361 intelligi
1454 2284 1575 2361 potest,
1604 2276 1630 2338 si
1653 2272 1757 2336 iubis

436 2392 500 2436 non
524 2372 746 2455 intelligetur?
774 2374 823 2434 An
844 2392 920 2436 vero
946 2373 1002 2435 illa
1023 2371 1166 2435 defensio
1187 2371 1278 2434 vobis
1299 2372 1460 2455 praeclara
1480 2372 1548 2434 visa
1570 2377 1637 2433 est:
1669 2369 1756 2430 «Non

436 2466 562 2540 deieci,
579 2465 634 2529 sed
658 2465 781 2541 obstiti;
804 2486 868 2527 nou
890 2466 974 2528 enim
996 2472 1027 2529 te
1049 2487 1120 2529 sum
1141 2485 1253 2547 passus
1275 2467 1308 2528 in
1323 2465 1456 2529 fundum
1475 2465 1613 2548 ingredi,
1636 2463 1692 2527 sed
1707 2482 1757 2526 ar-

436 2569 536 2624 matos
563 2561 708 2623 homines
737 2560 888 2643 opposui,
916 2568 953 2622 ut
982 2560 1191 2642 intelligeres,
1220 2561 1247 2622 si
1269 2562 1301 2623 in
1323 2561 1421 2623 fundo
1447 2561 1561 2643 pedem
1583 2559 1793 2641 posuisses,sp

436 2655 540 2719 statim
562 2655 618 2717 tibi
641 2673 711 2717 esse
732 2654 959 2737 pereundum.»
995 2654 1082 2729 Quid
1104 2655 1174 2716 aisl
1206 2655 1253 2729 Is,
1283 2657 1339 2738 qui
1366 2657 1460 2719 armis
1482 2654 1682 2738 proterritus,
1709 2650 1758 2713 fu-

436 2757 544 2833 gatus,
574 2749 684 2831 pulsus
712 2756 774 2822 est,
804 2769 866 2811 non
890 2746 1014 2810 videtur
1042 2768 1113 2811 esse
1135 2746 1298 2811 deiectus?
1342 2746 1394 2812 32.
1417 2750 1577 2813 Posterius
1599 2746 1638 2808 de
1661 2745 1757 2809 verbo

437 2843 631 2907 videbimuss
653 2865 738 2907 nunc
761 2865 827 2907 rem
850 2844 952 2925 ipsam
973 2862 1145 2925 ponamus,
1169 2862 1263 2927 quam
1286 2842 1413 2906 illinon
1429 2849 1560 2925 negant,
1582 2848 1615 2904 et
1629 2841 1697 2904 eius
1711 2839 1757 2902 rei

437 2938 486 3000 ius
508 2938 728 3022 actionemque
750 2957 945 3022 quaeramus.
1388 2982 1390 2987 -

518 3033 575 3094 Est
602 3031 680 3094 baec
707 3052 757 3095 res
785 3032 903 3114 posita,
937 3050 1019 3113 quae
1049 3025 1094 3113 ab]
1114 3031 1292 3095 adversario
1313 3051 1377 3095 non
1403 3040 1550 3115 negatur:
1584 3030 1796 3105 Caecinam,tl

437 3146 506 3188 cum
529 3127 571 3189 ad
593 3127 793 3189 constitutam
815 3126 898 3189 diem
922 3133 1109 3208 tempusque
1131 3127 1284 3199 venisset,
1313 3134 1348 3189 ut
1368 3126 1416 3189 vis
1437 3146 1474 3189 ac
1496 3126 1643 3190 deductio
1665 3125 1761 3189 mori·

438 3219 495 3283 bus
517 3220 623 3293 fieret,
651 3219 777 3304 pulsum
805 3219 1062 3304 prohibitumque
1088 3240 1158 3283 esse
1180 3220 1211 3283 vi
1234 3222 1349 3284 coactis
1371 3220 1549 3284 bominibus
1571 3228 1603 3284 et
1623 3221 1760 3298 armatis,

438 3314 515 3377 Cum
535 3313 596 3378 boc
610 3323 743 3388 constet,
766 3335 825 3397 ego
839 3312 935 3377 bomo
951 3313 1116 3398 imperitus
1132 3314 1219 3391 iuris,
1241 3317 1368 3398 ignarus
1383 3316 1581 3398 negotiorum
1596 3335 1632 3379 ac
1646 3315 1760 3395 litium,

435 3408 517 3471 banc
538 3414 617 3491 puto
640 3429 690 3471 me
710 3408 827 3471 babere
849 3409 1020 3483 actionem,
1049 3416 1085 3470 ut
1113 3429 1172 3491 per
1198 3410 1397 3473 interdictum
1425 3431 1529 3472 meum
1559 3410 1609 3472 ius
1633 3417 1759 3472 teneam

437 3510 532 3585 atque
555 3501 703 3565 iniuriam
726 3509 810 3565 tuam
832 3522 1014 3586 persequar.
1057 3503 1119 3565 Fac
1148 3504 1181 3566 in
1211 3503 1270 3566 hoc
1301 3523 1405 3567 errare
1427 3524 1477 3589 me
1498 3524 1558 3566 nec
1578 3503 1644 3566 ullo
1667 3502 1796 3567 modoeo

436 3617 528 3681 posse
558 3617 616 3680 per
642 3597 702 3659 hoc
733 3598 931 3661 interdictum
959 3597 993 3658 id
1018 3597 1164 3682 assequi,
1195 3600 1281 3682 quod
1308 3599 1419 3662 velim:
1451 3606 1482 3662 le
1509 3599 1556 3661 uti
1582 3596 1615 3660 in
1644 3596 1703 3661 bac
1725 3616 1759 3660 re

439 3691 586 3772 magistro
608 3691 690 3754 volo.
733 3687 785 3753 33.
809 3691 945 3767 Quaero,
966 3690 1049 3756 sitne
1071 3692 1179 3776 aliqua
1200 3693 1293 3757 buius
1314 3693 1360 3756 rei
1383 3692 1465 3757 a'ctio
1487 3711 1528 3754 an
1549 3690 1646 3754 nulla.
1679 3689 1760 3754 Con·

436 3786 541 3849 vocari
560 3785 704 3848 homines
725 3791 854 3869 propter
881 3785 1093 3869 possessionis
1115 3787 1359 3851 controversiam
1387 3806 1452 3850 non
1474 3793 1613 3869 oportet3
1644 3784 1759 3850 armari

503 4037 526 4085 4.
545 4048 594 4085 οπο
606 4035 688 4097 pretio
705 4035 767 4085 ET:
782 4036 865 4099 prelio
881 4049 931 4086 οπο
948 4037 996 4087 llA
1009 4036 1093 4091 440.
1111 4065 1138 4075 -
1157 4039 1181 4087 4.
1201 4037 1422 4100 quoquotum·
1441 4035 1504 4086 abiel
1520 4037 1548 4086 T.
1568 4063 1595 4072 -
1614 4035 1639 4088 4.
1659 4037 1759 4100 opttus

437 4111 472 4170 E;
491 4110 597 4173 abfuisse
613 4110 638 4160 ls.
659 4137 686 4146 -
704 4124 783 4160 causa
799 4110 831 4160 ab
847 4111 897 4160 illis
912 4112 974 4161 ET:
996 4112 1028 4161 ab
1043 4113 1092 4162 lltls
1109 4113 1183 4174 (iltius
1199 4112 1217 4161 b
1236 4125 1275 4176 pr.
1295 4126 1342 4172 m,
1361 4111 1418 4161 alite
1433 4112 1458 4173 lu)
1476 4124 1554 4161 casura
1570 4111 1714 4166 nauto,
1729 4139 1756 4150 -

438 4188 461 4236 5.
480 4185 529 4249 sed]
546 4198 571 4235 π
582 4184 605 4237 u
617 4186 731 4249 (praeter
742 4187 777 4247 ml
790 4186 819 4236 A.
839 4187 958 4236 Correxit
974 4190 1119 4252 Naugerius
1136 4191 1162 4238 in
1179 4188 1280 4238 Aldina.
1297 4215 1325 4224 -
1343 4188 1367 4237 6.
1386 4188 1525 4249 cumplures
1540 4187 1569 4237 T.
1585 4214 1611 4223 -
1631 4188 1654 4237 8.
1667 4200 1761 4238 emesae
1790 4178 1794 4185 '

438 4261 544 4309 obstaret
561 4259 677 4310 llalmius
692 4259 757 4322 [coll.
772 4261 825 4311 Cic.
839 4261 908 4310 Oret.
923 4261 946 4324 s.
960 4261 1001 4312 49.
1015 4266 1041 4314 et
1053 4277 1091 4315 or.
1106 4264 1179 4314 verr.
1191 4264 1221 4312 V.
1235 4264 1259 4327 5.
1271 4264 1338 4322 lob,
1357 4263 1402 4312 ubi
1414 4265 1478 4313 item
1489 4261 1549 4312 cod.
1562 4262 1645 4312 Velio.
1659 4276 1707 4327 pro
1718 4264 1760 4313 ob·

437 4342 504 4387 stare
514 4336 596 4387 habel
612 4337 732 4387 OPTAltb'
748 4350 881 4401 superscr.
900 4337 985 4388 littera
996 4339 1037 4400 Sl:
1056 4352 1148 4389 saeuae
1164 4341 1261 4400 optaret
1278 4334 1549 4402 ETGabeptud;
1567 4350 1646 4386 causa
1662 4343 1761 4399 optaret

438 4411 584 4470 usuum
603 4425 694 4462 causae
708 4413 873 4474 opitularetur
888 4413 998 4464 Orellius
1011 4415 1100 4473 (Oratt.
1112 4415 1163 4463 rell.
1176 4413 1227 4462 A'V.
1241 4426 1267 4477 p.
1280 4413 1362 4476 463.);
1380 4427 1459 4462 causa
1472 4412 1609 4474 postularet
1625 4413 1759 4476 Kayserus

436 4487 542 4537 llctdelb.
559 4486 660 4536 labrbb.
680 4487 751 4536 4864.
771 4500 796 4550 p.
810 4487 866 4537 687.
886 4486 944 4537 coll.
963 4487 987 4551 5.
1000 4488 1041 4537 ot.
1060 4502 1086 4552 p.
1101 4489 1219 4548 Quinctio
1237 4488 1261 4551 ἓ.
1275 4488 1314 4539 44.
1333 4502 1359 4553 p.
1372 4486 1453 4539 Tullio
1472 4488 1495 4551 5.
1509 4489 1533 4537 5.
1552 4486 1660 4551 psalle
1678 4488 1702 4551 5.
1716 4488 1757 4538 34.

440 4590 466 4598 -
485 4568 507 4612 οι
524 4561 667 4613 delendum
691 4563 793 4612 censuit
813 4563 956 4613 Ernestlus.
978 4591 1005 4600 -
1030 4565 1054 4614 9.
1072 4577 1130 4613 auos
1145 4577 1228 4613 umas
1243 4564 1307 4613 solos
1322 4565 1350 4613 l..
1370 4565 1437 4614 Fort.
1462 4563 1523 4612 duos
1538 4562 1603 4612 solor
1617 4576 1708 4613 scruas.
1729 4592 1756 4601 -

436 4637 507 4701 idem]
525 4651 582 4686 eum
598 4634 687 4700 aqtd
704 4639 731 4686 et
747 4639 777 4686 A.
799 4664 825 4672 -
845 4638 885 4687 to.
905 4638 970 4699 Quid
985 4639 1041 4688 Aule
1052 4665 1090 4675 ··
1101 4640 1185 4689 odium
1201 4638 1367 4701 deprecetur?
1383 4637 1479 4690 Gellius
1496 4640 1526 4688 N.
1546 4638 1576 4686 A.
1594 4638 1637 4686 vt.
1657 4638 1697 4698 46,
1717 4639 1756 4689 ta.

439 4739 465 4746 —
479 4712 535 4760 Aule
551 4725 604 4761 om.
617 4716 647 4761 A.
662 4739 690 4749 -
709 4716 737 4761 tu
747 4723 801 4762 om.
815 4711 919 4762 Gellius.
940 4713 1012 4775 (Quid
1028 4715 1073 4764 loa
1090 4720 1118 4763 tu
1130 4715 1226 4763 bomine
1240 4712 1341 4775 saclas?
1358 4726 1410 4777 mg.
1424 4712 1460 4776 4.)
1476 4741 1502 4750 -
1521 4712 1561 4763 44.
1575 4713 1640 4774 quad
1656 4713 1759 4775 liqueret

437 4788 586 4837 Schlltzius:
606 4787 666 4850 quta
681 4786 784 4848 liqueret
801 4784 945 4841 uasto.
973 4789 1012 4839 Cl.
1031 4788 1055 4852 5.
1074 4789 1114 4840 33.
1133 4790 1173 4840 36.
1192 4787 1274 4839 Acad.
1292 4801 1333 4852 pr.
1352 4789 1383 4838 ll.
1401 4789 1442 4845 49,
1461 4786 1502 4839 94.
1521 4786 1554 4837 de
1572 4786 1645 4836 deor.
1664 4789 1718 4836 nat.
1736 4789 1756 4838 l.

437 4862 476 4921 44,
494 4861 535 4911 49.
553 4862 584 4910 44.
604 4862 627 4920 t,
646 4862 670 4912 3.
688 4887 714 4898 -
734 4863 774 4913 46.
791 4864 971 4926 perspicuaque
987 4865 1087 4928 13qu
1103 4867 1130 4914 et
1146 4865 1178 4914 0:
1194 4865 1326 4927 perspicua
1343 4861 1455 4916 utut.
1471 4890 1499 4898 —
1517 4864 1595 4912 inesse
1611 4861 1713 4926 Epr
1730 4864 1758 4912 et

436 4949 505 4985 corr.
524 4938 550 4986 t:
568 4937 629 4986 mitti
645 4950 695 4987 οπο
710 4953 742 4997 ας
761 4952 795 4987 au
811 4943 835 4987 et
852 4941 886 4997 G3
905 4953 939 4989 au
955 4952 1004 4988 οπο
1020 4939 1113 4998 llA0;
1132 4951 1181 4988 esse
1196 4941 1229 4998 4.;
1247 4943 1333 4988 mma
1348 4951 1398 4989 ππ
1415 4937 1441 4992 2.
1456 4964 1484 4974 -·
1504 4939 1543 4988 lt.
1562 4937 1668 5000 mulbpi
1684 4938 1713 4987 T.
1726 4962 1755 4974 -

437 5012 476 5060 ts.
495 5016 519 5060 te
534 5024 587 5061 om.
600 5012 628 5061 T.
647 5038 675 5047 -
694 5017 808 5063 emamus
822 5015 850 5064 T.
866 5040 894 5049 -
912 5015 953 5064 44.
972 5026 1021 5063 ππ
1034 5014 1186 5076 putandum
1201 5016 1230 5065 T.
1250 5042 1276 5050 -
1296 5015 1374 5064 curuis
1388 5014 1538 5077 proter-ritus
1557 5011 1651 5062 Orellio
1663 5011 1756 5074 (Oratt.

436 5085 486 5134 sall.
498 5085 563 5150 XV.)
579 5089 687 5137 auctore
705 5102 768 5138 nos:
787 5089 865 5138 anub
878 5090 1026 5151 perterritus
1042 5086 1064 5139 u
1074 5093 1093 5139 A
1103 5087 1187 5142 LtO.
1207 5089 1246 5141 ct.
1259 5089 1283 5153 ἓ.
1295 5089 1337 5140 el.
1352 5117 1380 5126 -
1398 5090 1439 5140 44.
1459 5089 1551 5138 deictus
1561 5088 1588 5139 T.
1605 5114 1632 5124 -
1651 5088 1693 5138 43.
1707 5101 1758 5150 po-

436 5163 534 5223 namus]
550 5163 685 5223 poterimus
695 5162 723 5211 T.
743 5164 818 5225 (non,
837 5165 867 5214 ul
882 5163 963 5214 retert
979 5162 1125 5225 Jordanus,
1139 5165 1286 5227 potuimus.)
1300 5191 1328 5200 -
1346 5161 1386 5214 44.
1405 5163 1452 5227 ius]
1468 5162 1519 5211 olm
1534 5165 1611 5213 vetus
1629 5162 1712 5212 codex
1730 5162 1757 5214 tn

438 5248 490 5298 mg.
504 5234 529 5289 4.
545 5261 572 5270 -
590 5237 779 5298 quaeramusT.
794 5264 822 5275 -
839 5239 881 5289 46.
898 5237 966 5302 baec]
983 5239 1030 5288 Aac
1046 5240 1103 5290 ET.
1118 5265 1146 5275 -
1163 5240 1205 5290 46.
1223 5239 1462 5291 comttartumb.-
1479 5237 1525 5307 uir]
1542 5238 1581 5287 lus
1598 5234 1642 5301 οβ
1659 5235 1753 5296 atAt.

439 5335 467 5346 -
485 5310 526 5360 47.
544 5310 572 5361 ul
586 5312 650 5362 artlr
663 5312 693 5362 T.
713 5334 741 5350 -
759 5311 801 5364 44.
817 5312 884 5364 later
898 5325 980 5381 supra
995 5324 1104 5364 uersum
1120 5311 1204 5364 babet
1217 5312 1247 5365 E.
