<?xml version="1.0" encoding="UTF-8"?>
<!DOCTYPE html PUBLIC "-//W3C//DTD XHTML 1.0 Transitional//EN"
    "http://www.w3.org/TR/xhtml1/DTD/xhtml1-transitional.dtd">
<html xmlns="http://www.w3.org/1999/xhtml" xml:lang="en" lang="en">
 <head>
  <title>
</title>
<meta http-equiv="Content-Type" content="text/html;charset=utf-8" />
  <meta name='ocr-system' content='tesseract 3.04.00' />
  <meta name='ocr-capabilities' content='ocr_page ocr_carea ocr_par ocr_line ocrx_word'/>
</head>
<body>
  <div class='ocr_page' id='page_1' title='image "./operaquaesupers02halmgoog_0075.png"; bbox 0 0 4367 6109; ppageno 0'>
   <div class='ocr_carea' id='block_1_1' title="bbox 749 579 1721 671">
    <p class='ocr_par' dir='ltr' id='par_1_1' title="bbox 749 579 1721 671">
     <span class='ocr_line' id='line_1_1' title="bbox 749 579 1721 671; baseline -0.006 -18"><span class='ocrx_word' id='word_1_1' title='bbox 749 587 821 653; x_wconf 72' lang='lat' dir='ltr'>cn.</span> <span class='ocrx_word' id='word_1_2' title='bbox 842 586 1103 650; x_wconf 75' lang='lat' dir='ltr'>xxxix-xa.</span> <span class='ocrx_word' id='word_1_3' title='bbox 1129 583 1187 671; x_wconf 69' lang='lat' dir='ltr'>pp.</span> <span class='ocrx_word' id='word_1_4' title='bbox 1209 579 1400 649; x_wconf 80' lang='lat' dir='ltr'>tta-tte.</span> <span class='ocrx_word' id='word_1_5' title='bbox 1687 581 1721 648; x_wconf 82' lang='lat' dir='ltr'>or</span> 
     </span>
    </p>
   </div>
   <div class='ocr_carea' id='block_1_2' title="bbox 411 755 1773 3661">
    <p class='ocr_par' dir='ltr' id='par_1_2' title="bbox 411 755 1730 1030">
     <span class='ocr_line' id='line_1_2' title="bbox 413 755 1730 841; baseline -0.004 -19"><span class='ocrx_word' id='word_1_6' title='bbox 413 756 491 841; x_wconf 89' lang='lat' dir='ltr'>quid</span> <span class='ocrx_word' id='word_1_7' title='bbox 511 758 546 822; x_wconf 93' lang='lat' dir='ltr'>in</span> <span class='ocrx_word' id='word_1_8' title='bbox 568 778 634 821; x_wconf 90' lang='lat' dir='ltr'>rem</span> <span class='ocrx_word' id='word_1_9' title='bbox 656 776 745 821; x_wconf 92' lang='lat' dir='ltr'>suam</span> <span class='ocrx_word' id='word_1_10' title='bbox 767 759 936 831; x_wconf 88' lang='lat' dir='ltr'>convertit,</span> <span class='ocrx_word' id='word_1_11' title='bbox 964 756 1020 820; x_wconf 89' lang='lat' dir='ltr'>sed</span> <span class='ocrx_word' id='word_1_12' title='bbox 1041 757 1126 821; x_wconf 90' lang='lat' dir='ltr'>hunc</span> <span class='ocrx_word' id='word_1_13' title='bbox 1146 756 1289 820; x_wconf 79' lang='lat' dir='ltr'>funditus</span> <span class='ocrx_word' id='word_1_14' title='bbox 1311 755 1422 819; x_wconf 89' lang='lat' dir='ltr'>evertit</span> <span class='ocrx_word' id='word_1_15' title='bbox 1442 755 1549 829; x_wconf 86' lang='lat' dir='ltr'>bonis,</span> <span class='ocrx_word' id='word_1_16' title='bbox 1577 755 1647 839; x_wconf 89' lang='lat' dir='ltr'>ipse</span> <span class='ocrx_word' id='word_1_17' title='bbox 1668 755 1730 817; x_wconf 86' lang='lat' dir='ltr'>tria</span> 
     </span>
     <span class='ocr_line' id='line_1_3' title="bbox 411 848 1729 936; baseline -0.002 -23"><span class='ocrx_word' id='word_1_18' title='bbox 411 850 544 934; x_wconf 88' lang='lat' dir='ltr'>praedia</span> <span class='ocrx_word' id='word_1_19' title='bbox 565 852 625 915; x_wconf 90' lang='lat' dir='ltr'>sibi</span> <span class='ocrx_word' id='word_1_20' title='bbox 645 851 797 936; x_wconf 91' lang='lat' dir='ltr'>depectus</span> <span class='ocrx_word' id='word_1_21' title='bbox 812 860 875 927; x_wconf 91' lang='lat' dir='ltr'>est,</span> <span class='ocrx_word' id='word_1_22' title='bbox 896 851 1091 915; x_wconf 89' lang='lat' dir='ltr'>voluntatem</span> <span class='ocrx_word' id='word_1_23' title='bbox 1107 851 1313 915; x_wconf 85' lang='lat' dir='ltr'>decurionum</span> <span class='ocrx_word' id='word_1_24' title='bbox 1328 870 1364 913; x_wconf 91' lang='lat' dir='ltr'>ac</span> <span class='ocrx_word' id='word_1_25' title='bbox 1379 851 1573 932; x_wconf 86' lang='lat' dir='ltr'>municipum</span> <span class='ocrx_word' id='word_1_26' title='bbox 1588 848 1729 913; x_wconf 93' lang='lat' dir='ltr'>omnium</span> 
     </span>
     <span class='ocr_line' id='line_1_4' title="bbox 413 942 1030 1030; baseline -0.002 -23"><span class='ocrx_word' id='word_1_27' title='bbox 413 945 565 1009; x_wconf 89' lang='lat' dir='ltr'>tantidem</span> <span class='ocrx_word' id='word_1_28' title='bbox 589 948 698 1030; x_wconf 90' lang='lat' dir='ltr'>quanti</span> <span class='ocrx_word' id='word_1_29' title='bbox 719 942 813 1008; x_wconf 84' lang='lat' dir='ltr'>iidem</span> <span class='ocrx_word' id='word_1_30' title='bbox 835 966 925 1008; x_wconf 92' lang='lat' dir='ltr'>suam</span> <span class='ocrx_word' id='word_1_31' title='bbox 946 945 1030 1008; x_wconf 86' lang='lat' dir='ltr'>lecit.</span> 
     </span>
    </p>

    <p class='ocr_par' dir='ltr' id='par_1_3' title="bbox 411 1033 1773 3661">
     <span class='ocr_line' id='line_1_5' title="bbox 496 1033 1729 1123; baseline -0.002 -22"><span class='ocrx_word' id='word_1_32' title='bbox 496 1039 562 1101; x_wconf 86' lang='lat' dir='ltr'>XL.</span> <span class='ocrx_word' id='word_1_33' title='bbox 585 1035 657 1102; x_wconf 87' lang='lat' dir='ltr'>ll6.</span> <span class='ocrx_word' id='word_1_34' title='bbox 679 1039 791 1103; x_wconf 89' lang='lat' dir='ltr'>Videte</span> <span class='ocrx_word' id='word_1_35' title='bbox 805 1041 867 1103; x_wconf 88' lang='lat' dir='ltr'>iam</span> <span class='ocrx_word' id='word_1_36' title='bbox 883 1059 978 1123; x_wconf 92' lang='lat' dir='ltr'>porro</span> <span class='ocrx_word' id='word_1_37' title='bbox 994 1049 1112 1116; x_wconf 89' lang='lat' dir='ltr'>cetera,</span> <span class='ocrx_word' id='word_1_38' title='bbox 1134 1041 1270 1116; x_wconf 91' lang='lat' dir='ltr'>iudices,</span> <span class='ocrx_word' id='word_1_39' title='bbox 1293 1049 1328 1104; x_wconf 94' lang='lat' dir='ltr'>ut</span> <span class='ocrx_word' id='word_1_40' title='bbox 1346 1039 1529 1123; x_wconf 80' lang='lat' dir='ltr'>intelligatis</span> <span class='ocrx_word' id='word_1_41' title='bbox 1543 1033 1729 1102; x_wconf 83' lang='lat' dir='ltr'>maleficium</span> 
     </span>
     <span class='ocr_line' id='line_1_6' title="bbox 411 1131 1768 1218; baseline -0.004 -22"><span class='ocrx_word' id='word_1_42' title='bbox 411 1133 535 1197; x_wconf 93' lang='lat' dir='ltr'>nullum</span> <span class='ocrx_word' id='word_1_43' title='bbox 556 1132 630 1218; x_wconf 77' lang='lat' dir='ltr'>fingi</span> <span class='ocrx_word' id='word_1_44' title='bbox 652 1155 764 1217; x_wconf 92' lang='lat' dir='ltr'>posse,</span> <span class='ocrx_word' id='word_1_45' title='bbox 787 1155 852 1218; x_wconf 92' lang='lat' dir='ltr'>quo</span> <span class='ocrx_word' id='word_1_46' title='bbox 874 1134 933 1197; x_wconf 90' lang='lat' dir='ltr'>iste</span> <span class='ocrx_word' id='word_1_47' title='bbox 955 1154 1026 1198; x_wconf 90' lang='lat' dir='ltr'>sese</span> <span class='ocrx_word' id='word_1_48' title='bbox 1047 1155 1112 1197; x_wconf 92' lang='lat' dir='ltr'>non</span> <span class='ocrx_word' id='word_1_49' title='bbox 1128 1136 1356 1197; x_wconf 83' lang='lat' dir='ltr'>contaminarit.</span> <span class='ocrx_word' id='word_1_50' title='bbox 1390 1134 1425 1197; x_wconf 92' lang='lat' dir='ltr'>ln</span> <span class='ocrx_word' id='word_1_51' title='bbox 1447 1134 1541 1197; x_wconf 90' lang='lat' dir='ltr'>rebus</span> <span class='ocrx_word' id='word_1_52' title='bbox 1556 1131 1729 1195; x_wconf 90' lang='lat' dir='ltr'>minoribus</span> <span class='ocrx_word' id='word_1_53' title='bbox 1751 1144 1768 1191; x_wconf 84' lang='lat' dir='ltr'>tt</span> 
     </span>
     <span class='ocr_line' id='line_1_7' title="bbox 413 1225 1729 1313; baseline -0.002 -23"><span class='ocrx_word' id='word_1_54' title='bbox 413 1227 532 1290; x_wconf 90' lang='lat' dir='ltr'>socium</span> <span class='ocrx_word' id='word_1_55' title='bbox 553 1225 663 1292; x_wconf 79' lang='lat' dir='ltr'>fallere</span> <span class='ocrx_word' id='word_1_56' title='bbox 684 1228 900 1312; x_wconf 90' lang='lat' dir='ltr'>turpissimum</span> <span class='ocrx_word' id='word_1_57' title='bbox 921 1237 969 1292; x_wconf 91' lang='lat' dir='ltr'>est</span> <span class='ocrx_word' id='word_1_58' title='bbox 990 1248 1159 1313; x_wconf 81' lang='lat' dir='ltr'>aequeque</span> <span class='ocrx_word' id='word_1_59' title='bbox 1181 1237 1273 1311; x_wconf 82' lang='lat' dir='ltr'>turpe</span> <span class='ocrx_word' id='word_1_60' title='bbox 1288 1236 1383 1312; x_wconf 90' lang='lat' dir='ltr'>atque</span> <span class='ocrx_word' id='word_1_61' title='bbox 1405 1228 1500 1303; x_wconf 92' lang='lat' dir='ltr'>illud,</span> <span class='ocrx_word' id='word_1_62' title='bbox 1523 1227 1562 1290; x_wconf 90' lang='lat' dir='ltr'>de</span> <span class='ocrx_word' id='word_1_63' title='bbox 1578 1247 1641 1312; x_wconf 92' lang='lat' dir='ltr'>quo</span> <span class='ocrx_word' id='word_1_64' title='bbox 1656 1233 1729 1289; x_wconf 91' lang='lat' dir='ltr'>ante</span> 
     </span>
     <span class='ocr_line' id='line_1_8' title="bbox 413 1320 1730 1406; baseline -0.002 -21"><span class='ocrx_word' id='word_1_65' title='bbox 413 1320 498 1385; x_wconf 83' lang='lat' dir='ltr'>dixi:</span> <span class='ocrx_word' id='word_1_66' title='bbox 526 1342 631 1406; x_wconf 90' lang='lat' dir='ltr'>neque</span> <span class='ocrx_word' id='word_1_67' title='bbox 653 1323 782 1396; x_wconf 90' lang='lat' dir='ltr'>iniuria,</span> <span class='ocrx_word' id='word_1_68' title='bbox 812 1331 981 1406; x_wconf 88' lang='lat' dir='ltr'>propterea</span> <span class='ocrx_word' id='word_1_69' title='bbox 1003 1322 1088 1406; x_wconf 95' lang='lat' dir='ltr'>quod</span> <span class='ocrx_word' id='word_1_70' title='bbox 1118 1322 1270 1385; x_wconf 82' lang='lat' dir='ltr'>auxilium</span> <span class='ocrx_word' id='word_1_71' title='bbox 1293 1321 1351 1383; x_wconf 87' lang='lat' dir='ltr'>sibi</span> <span class='ocrx_word' id='word_1_72' title='bbox 1373 1341 1407 1384; x_wconf 90' lang='lat' dir='ltr'>se</span> <span class='ocrx_word' id='word_1_73' title='bbox 1428 1330 1517 1403; x_wconf 92' lang='lat' dir='ltr'>putat</span> <span class='ocrx_word' id='word_1_74' title='bbox 1538 1321 1730 1394; x_wconf 78' lang='lat' dir='ltr'>adiunxisse,</span> 
     </span>
     <span class='ocr_line' id='line_1_9' title="bbox 413 1411 1730 1499; baseline -0.001 -21"><span class='ocrx_word' id='word_1_75' title='bbox 413 1416 468 1499; x_wconf 92' lang='lat' dir='ltr'>qui</span> <span class='ocrx_word' id='word_1_76' title='bbox 491 1437 561 1479; x_wconf 91' lang='lat' dir='ltr'>cum</span> <span class='ocrx_word' id='word_1_77' title='bbox 583 1416 682 1480; x_wconf 91' lang='lat' dir='ltr'>altero</span> <span class='ocrx_word' id='word_1_78' title='bbox 704 1437 770 1480; x_wconf 88' lang='lat' dir='ltr'>rem</span> <span class='ocrx_word' id='word_1_79' title='bbox 796 1418 1044 1480; x_wconf 84' lang='lat' dir='ltr'>communicavit.</span> <span class='ocrx_word' id='word_1_80' title='bbox 1074 1415 1123 1480; x_wconf 80' lang='lat' dir='ltr'>Ad</span> <span class='ocrx_word' id='word_1_81' title='bbox 1145 1416 1234 1478; x_wconf 93' lang='lat' dir='ltr'>cuius</span> <span class='ocrx_word' id='word_1_82' title='bbox 1248 1414 1342 1496; x_wconf 85' lang='lat' dir='ltr'>igitur</span> <span class='ocrx_word' id='word_1_83' title='bbox 1355 1411 1448 1477; x_wconf 86' lang='lat' dir='ltr'>fidem</span> <span class='ocrx_word' id='word_1_84' title='bbox 1464 1415 1636 1497; x_wconf 81' lang='lat' dir='ltr'>confugiet,</span> <span class='ocrx_word' id='word_1_85' title='bbox 1660 1435 1730 1478; x_wconf 93' lang='lat' dir='ltr'>cum</span> 
     </span>
     <span class='ocr_line' id='line_1_10' title="bbox 411 1507 1732 1592; baseline 0 -20"><span class='ocrx_word' id='word_1_86' title='bbox 411 1530 471 1592; x_wconf 91' lang='lat' dir='ltr'>per</span> <span class='ocrx_word' id='word_1_87' title='bbox 492 1509 558 1573; x_wconf 90' lang='lat' dir='ltr'>cius</span> <span class='ocrx_word' id='word_1_88' title='bbox 580 1507 675 1573; x_wconf 86' lang='lat' dir='ltr'>fidem</span> <span class='ocrx_word' id='word_1_89' title='bbox 697 1510 847 1585; x_wconf 81' lang='lat' dir='ltr'>laeditur,</span> <span class='ocrx_word' id='word_1_90' title='bbox 870 1511 919 1573; x_wconf 92' lang='lat' dir='ltr'>cui</span> <span class='ocrx_word' id='word_1_91' title='bbox 941 1531 975 1574; x_wconf 89' lang='lat' dir='ltr'>se</span> <span class='ocrx_word' id='word_1_92' title='bbox 998 1510 1212 1574; x_wconf 76' lang='lat' dir='ltr'>commiserit?</span> <span class='ocrx_word' id='word_1_93' title='bbox 1255 1510 1359 1592; x_wconf 75' lang='lat' dir='ltr'>Atque</span> <span class='ocrx_word' id='word_1_94' title='bbox 1384 1528 1422 1572; x_wconf 87' lang='lat' dir='ltr'>ca</span> <span class='ocrx_word' id='word_1_95' title='bbox 1443 1517 1516 1571; x_wconf 92' lang='lat' dir='ltr'>sunt</span> <span class='ocrx_word' id='word_1_96' title='bbox 1537 1509 1732 1572; x_wconf 86' lang='lat' dir='ltr'>animadver-</span> 
     </span>
     <span class='ocr_line' id='line_1_11' title="bbox 412 1601 1770 1688; baseline -0.001 -23"><span class='ocrx_word' id='word_1_97' title='bbox 412 1603 507 1667; x_wconf 92' lang='lat' dir='ltr'>tenda</span> <span class='ocrx_word' id='word_1_98' title='bbox 528 1612 656 1688; x_wconf 87' lang='lat' dir='ltr'>peccata</span> <span class='ocrx_word' id='word_1_99' title='bbox 677 1605 828 1678; x_wconf 82' lang='lat' dir='ltr'>maxime,</span> <span class='ocrx_word' id='word_1_100' title='bbox 851 1624 933 1688; x_wconf 88' lang='lat' dir='ltr'>quae</span> <span class='ocrx_word' id='word_1_101' title='bbox 948 1601 1128 1666; x_wconf 87' lang='lat' dir='ltr'>difficillime</span> <span class='ocrx_word' id='word_1_102' title='bbox 1151 1610 1387 1685; x_wconf 80' lang='lat' dir='ltr'>praecaventur.</span> <span class='ocrx_word' id='word_1_103' title='bbox 1418 1602 1505 1665; x_wconf 82' lang='lat' dir='ltr'>Tecti</span> <span class='ocrx_word' id='word_1_104' title='bbox 1519 1622 1589 1666; x_wconf 87' lang='lat' dir='ltr'>esse</span> <span class='ocrx_word' id='word_1_105' title='bbox 1602 1604 1641 1666; x_wconf 94' lang='lat' dir='ltr'>ad</span> <span class='ocrx_word' id='word_1_106' title='bbox 1657 1604 1770 1666; x_wconf 85' lang='lat' dir='ltr'>alic-to</span> 
     </span>
     <span class='ocr_line' id='line_1_12' title="bbox 413 1696 1733 1783; baseline -0.002 -21"><span class='ocrx_word' id='word_1_107' title='bbox 413 1719 471 1762; x_wconf 90' lang='lat' dir='ltr'>nos</span> <span class='ocrx_word' id='word_1_108' title='bbox 493 1718 677 1783; x_wconf 82' lang='lat' dir='ltr'>possumus3</span> <span class='ocrx_word' id='word_1_109' title='bbox 707 1698 807 1762; x_wconf 91' lang='lat' dir='ltr'>intimi</span> <span class='ocrx_word' id='word_1_110' title='bbox 834 1699 932 1760; x_wconf 91' lang='lat' dir='ltr'>multa</span> <span class='ocrx_word' id='word_1_111' title='bbox 960 1698 1117 1781; x_wconf 86' lang='lat' dir='ltr'>apertiora</span> <span class='ocrx_word' id='word_1_112' title='bbox 1139 1696 1266 1759; x_wconf 92' lang='lat' dir='ltr'>videant</span> <span class='ocrx_word' id='word_1_113' title='bbox 1294 1716 1424 1760; x_wconf 89' lang='lat' dir='ltr'>neccsse</span> <span class='ocrx_word' id='word_1_114' title='bbox 1446 1703 1511 1758; x_wconf 83' lang='lat' dir='ltr'>est:</span> <span class='ocrx_word' id='word_1_115' title='bbox 1541 1697 1659 1759; x_wconf 85' lang='lat' dir='ltr'>socium</span> <span class='ocrx_word' id='word_1_116' title='bbox 1682 1716 1733 1759; x_wconf 88' lang='lat' dir='ltr'>ca·</span> 
     </span>
     <span class='ocr_line' id='line_1_13' title="bbox 413 1787 1733 1878; baseline -0.002 -23"><span class='ocrx_word' id='word_1_117' title='bbox 413 1813 487 1856; x_wconf 87' lang='lat' dir='ltr'>vere</span> <span class='ocrx_word' id='word_1_118' title='bbox 509 1792 563 1876; x_wconf 92' lang='lat' dir='ltr'>qui</span> <span class='ocrx_word' id='word_1_119' title='bbox 585 1794 780 1875; x_wconf 76' lang='lat' dir='ltr'>possumus?</span> <span class='ocrx_word' id='word_1_120' title='bbox 803 1812 898 1876; x_wconf 89' lang='lat' dir='ltr'>quem</span> <span class='ocrx_word' id='word_1_121' title='bbox 921 1793 1013 1855; x_wconf 88' lang='lat' dir='ltr'>ctiam</span> <span class='ocrx_word' id='word_1_122' title='bbox 1030 1793 1055 1854; x_wconf 92' lang='lat' dir='ltr'>si</span> <span class='ocrx_word' id='word_1_123' title='bbox 1071 1791 1254 1878; x_wconf 86' lang='lat' dir='ltr'>metuimus,</span> <span class='ocrx_word' id='word_1_124' title='bbox 1276 1790 1325 1853; x_wconf 93' lang='lat' dir='ltr'>ius</span> <span class='ocrx_word' id='word_1_125' title='bbox 1340 1787 1433 1854; x_wconf 86' lang='lat' dir='ltr'>officii</span> <span class='ocrx_word' id='word_1_126' title='bbox 1448 1789 1610 1853; x_wconf 84' lang='lat' dir='ltr'>laedimus.</span> <span class='ocrx_word' id='word_1_127' title='bbox 1638 1792 1733 1853; x_wconf 86' lang='lat' dir='ltr'>Recte</span> 
     </span>
     <span class='ocr_line' id='line_1_14' title="bbox 413 1884 1732 1969; baseline -0.002 -20"><span class='ocrx_word' id='word_1_128' title='bbox 413 1885 507 1969; x_wconf 75' lang='lat' dir='ltr'>igitur</span> <span class='ocrx_word' id='word_1_129' title='bbox 528 1885 662 1949; x_wconf 88' lang='lat' dir='ltr'>maiores</span> <span class='ocrx_word' id='word_1_130' title='bbox 685 1905 773 1960; x_wconf 89' lang='lat' dir='ltr'>cum,</span> <span class='ocrx_word' id='word_1_131' title='bbox 797 1886 851 1969; x_wconf 92' lang='lat' dir='ltr'>qui</span> <span class='ocrx_word' id='word_1_132' title='bbox 873 1885 993 1949; x_wconf 89' lang='lat' dir='ltr'>socium</span> <span class='ocrx_word' id='word_1_133' title='bbox 1015 1884 1194 1958; x_wconf 80' lang='lat' dir='ltr'>fefellisset,</span> <span class='ocrx_word' id='word_1_134' title='bbox 1217 1885 1249 1946; x_wconf 92' lang='lat' dir='ltr'>in</span> <span class='ocrx_word' id='word_1_135' title='bbox 1270 1884 1409 1948; x_wconf 89' lang='lat' dir='ltr'>virorum</span> <span class='ocrx_word' id='word_1_136' title='bbox 1430 1885 1586 1948; x_wconf 89' lang='lat' dir='ltr'>honorum</span> <span class='ocrx_word' id='word_1_137' title='bbox 1601 1904 1732 1947; x_wconf 90' lang='lat' dir='ltr'>numero</span> 
     </span>
     <span class='ocr_line' id='line_1_15' title="bbox 413 1974 1733 2063; baseline -0.002 -21"><span class='ocrx_word' id='word_1_138' title='bbox 413 1999 477 2042; x_wconf 93' lang='lat' dir='ltr'>non</span> <span class='ocrx_word' id='word_1_139' title='bbox 499 1989 649 2063; x_wconf 90' lang='lat' dir='ltr'>putarunt</span> <span class='ocrx_word' id='word_1_140' title='bbox 669 1978 779 2042; x_wconf 85' lang='lat' dir='ltr'>haberi</span> <span class='ocrx_word' id='word_1_141' title='bbox 800 1988 956 2061; x_wconf 90' lang='lat' dir='ltr'>oportere.</span> <span class='ocrx_word' id='word_1_142' title='bbox 1000 1974 1071 2041; x_wconf 78' lang='lat' dir='ltr'>tlt.</span> <span class='ocrx_word' id='word_1_143' title='bbox 1099 1979 1140 2041; x_wconf 80' lang='lat' dir='ltr'>At</span> <span class='ocrx_word' id='word_1_144' title='bbox 1167 1999 1241 2042; x_wconf 88' lang='lat' dir='ltr'>vero</span> <span class='ocrx_word' id='word_1_145' title='bbox 1270 1980 1305 2042; x_wconf 91' lang='lat' dir='ltr'>T.</span> <span class='ocrx_word' id='word_1_146' title='bbox 1327 1979 1458 2042; x_wconf 85' lang='lat' dir='ltr'>Roscius</span> <span class='ocrx_word' id='word_1_147' title='bbox 1480 1999 1545 2041; x_wconf 90' lang='lat' dir='ltr'>non</span> <span class='ocrx_word' id='word_1_148' title='bbox 1567 1999 1665 2042; x_wconf 93' lang='lat' dir='ltr'>uuum</span> <span class='ocrx_word' id='word_1_149' title='bbox 1687 1976 1733 2041; x_wconf 87' lang='lat' dir='ltr'>rei</span> 
     </span>
     <span class='ocr_line' id='line_1_16' title="bbox 413 2071 1771 2158; baseline -0.003 -22"><span class='ocrx_word' id='word_1_150' title='bbox 413 2074 613 2157; x_wconf 85' lang='lat' dir='ltr'>pecuniariae</span> <span class='ocrx_word' id='word_1_151' title='bbox 645 2073 764 2136; x_wconf 91' lang='lat' dir='ltr'>socium</span> <span class='ocrx_word' id='word_1_152' title='bbox 796 2071 908 2136; x_wconf 78' lang='lat' dir='ltr'>fefellit</span> <span class='ocrx_word' id='word_1_153' title='bbox 943 2107 984 2119; x_wconf 96' lang='lat'>-</span> <span class='ocrx_word' id='word_1_154' title='bbox 1016 2072 1101 2158; x_wconf 93' lang='lat' dir='ltr'>quod</span> <span class='ocrx_word' id='word_1_155' title='bbox 1133 2074 1255 2137; x_wconf 91' lang='lat' dir='ltr'>tametsi</span> <span class='ocrx_word' id='word_1_156' title='bbox 1283 2093 1377 2156; x_wconf 78' lang='lat' dir='ltr'>grave</span> <span class='ocrx_word' id='word_1_157' title='bbox 1405 2081 1469 2148; x_wconf 88' lang='lat' dir='ltr'>est,</span> <span class='ocrx_word' id='word_1_158' title='bbox 1500 2083 1603 2137; x_wconf 87' lang='lat' dir='ltr'>tamon</span> <span class='ocrx_word' id='word_1_159' title='bbox 1626 2072 1771 2155; x_wconf 76' lang='lat' dir='ltr'>aliquota</span> 
     </span>
     <span class='ocr_line' id='line_1_17' title="bbox 413 2165 1734 2251; baseline -0.002 -20"><span class='ocrx_word' id='word_1_160' title='bbox 413 2167 507 2231; x_wconf 95' lang='lat' dir='ltr'>modo</span> <span class='ocrx_word' id='word_1_161' title='bbox 529 2187 623 2251; x_wconf 90' lang='lat' dir='ltr'>posse</span> <span class='ocrx_word' id='word_1_162' title='bbox 645 2166 719 2231; x_wconf 81' lang='lat' dir='ltr'>t&#39;erri</span> <span class='ocrx_word' id='word_1_163' title='bbox 741 2165 865 2230; x_wconf 88' lang='lat' dir='ltr'>videtur</span> <span class='ocrx_word' id='word_1_164' title='bbox 884 2200 943 2241; x_wconf 93' lang='lat'>-,</span> <span class='ocrx_word' id='word_1_165' title='bbox 965 2187 1075 2231; x_wconf 89' lang='lat' dir='ltr'>verum</span> <span class='ocrx_word' id='word_1_166' title='bbox 1090 2187 1204 2230; x_wconf 90' lang='lat' dir='ltr'>novem</span> <span class='ocrx_word' id='word_1_167' title='bbox 1217 2167 1362 2231; x_wconf 87' lang='lat' dir='ltr'>homines</span> <span class='ocrx_word' id='word_1_168' title='bbox 1376 2169 1629 2242; x_wconf 89' lang='lat' dir='ltr'>honestissimos,</span> <span class='ocrx_word' id='word_1_169' title='bbox 1651 2169 1734 2230; x_wconf 89' lang='lat' dir='ltr'>eius·</span> 
     </span>
     <span class='ocr_line' id='line_1_18' title="bbox 413 2259 1735 2344; baseline 0 -21"><span class='ocrx_word' id='word_1_170' title='bbox 413 2260 486 2325; x_wconf 92' lang='lat' dir='ltr'>dem</span> <span class='ocrx_word' id='word_1_171' title='bbox 507 2261 662 2336; x_wconf 90' lang='lat' dir='ltr'>muneris,</span> <span class='ocrx_word' id='word_1_172' title='bbox 683 2260 862 2344; x_wconf 76' lang='lat' dir='ltr'>legationis,</span> <span class='ocrx_word' id='word_1_173' title='bbox 897 2259 990 2324; x_wconf 86' lang='lat' dir='ltr'>officii</span> <span class='ocrx_word' id='word_1_174' title='bbox 1011 2260 1293 2344; x_wconf 89' lang='lat' dir='ltr'>mandatorumque</span> <span class='ocrx_word' id='word_1_175' title='bbox 1315 2262 1417 2324; x_wconf 91' lang='lat' dir='ltr'>socios</span> <span class='ocrx_word' id='word_1_176' title='bbox 1439 2261 1578 2338; x_wconf 88' lang='lat' dir='ltr'>induxit,</span> <span class='ocrx_word' id='word_1_177' title='bbox 1601 2261 1735 2344; x_wconf 85' lang='lat' dir='ltr'>decepit,</span> 
     </span>
     <span class='ocr_line' id='line_1_19' title="bbox 414 2352 1735 2439; baseline -0.001 -22"><span class='ocrx_word' id='word_1_178' title='bbox 414 2354 568 2431; x_wconf 90' lang='lat' dir='ltr'>destituit,</span> <span class='ocrx_word' id='word_1_179' title='bbox 597 2355 784 2421; x_wconf 87' lang='lat' dir='ltr'>adversariis</span> <span class='ocrx_word' id='word_1_180' title='bbox 813 2354 956 2430; x_wconf 88' lang='lat' dir='ltr'>tradidit,</span> <span class='ocrx_word' id='word_1_181' title='bbox 990 2355 1075 2419; x_wconf 91' lang='lat' dir='ltr'>omni</span> <span class='ocrx_word' id='word_1_182' title='bbox 1101 2354 1212 2417; x_wconf 83' lang='lat' dir='ltr'>iraude</span> <span class='ocrx_word' id='word_1_183' title='bbox 1235 2362 1265 2417; x_wconf 92' lang='lat' dir='ltr'>et</span> <span class='ocrx_word' id='word_1_184' title='bbox 1293 2352 1424 2439; x_wconf 87' lang='lat' dir='ltr'>perfidia</span> <span class='ocrx_word' id='word_1_185' title='bbox 1443 2355 1565 2419; x_wconf 82' lang='lat' dir='ltr'>fefellit.</span> <span class='ocrx_word' id='word_1_186' title='bbox 1610 2354 1673 2431; x_wconf 86' lang='lat' dir='ltr'>Qui</span> <span class='ocrx_word' id='word_1_187' title='bbox 1695 2353 1735 2416; x_wconf 85' lang='lat' dir='ltr'>do</span> 
     </span>
     <span class='ocr_line' id='line_1_20' title="bbox 414 2445 1734 2534; baseline -0.002 -23"><span class='ocrx_word' id='word_1_188' title='bbox 414 2450 481 2513; x_wconf 90' lang='lat' dir='ltr'>eius</span> <span class='ocrx_word' id='word_1_189' title='bbox 503 2452 621 2514; x_wconf 90' lang='lat' dir='ltr'>scelere</span> <span class='ocrx_word' id='word_1_190' title='bbox 643 2449 796 2533; x_wconf 92' lang='lat' dir='ltr'>suspicari</span> <span class='ocrx_word' id='word_1_191' title='bbox 818 2449 895 2511; x_wconf 90' lang='lat' dir='ltr'>nihil</span> <span class='ocrx_word' id='word_1_192' title='bbox 917 2456 1101 2534; x_wconf 88' lang='lat' dir='ltr'>potuerunt,</span> <span class='ocrx_word' id='word_1_193' title='bbox 1125 2448 1244 2511; x_wconf 89' lang='lat' dir='ltr'>socium</span> <span class='ocrx_word' id='word_1_194' title='bbox 1267 2445 1360 2510; x_wconf 87' lang='lat' dir='ltr'>ollicii</span> <span class='ocrx_word' id='word_1_195' title='bbox 1381 2457 1521 2513; x_wconf 90' lang='lat' dir='ltr'>metuere</span> <span class='ocrx_word' id='word_1_196' title='bbox 1537 2469 1601 2511; x_wconf 94' lang='lat' dir='ltr'>uon</span> <span class='ocrx_word' id='word_1_197' title='bbox 1617 2448 1734 2511; x_wconf 90' lang='lat' dir='ltr'>debue-</span> 
     </span>
     <span class='ocr_line' id='line_1_21' title="bbox 414 2541 1773 2627; baseline -0.001 -21"><span class='ocrx_word' id='word_1_198' title='bbox 414 2551 500 2616; x_wconf 92' lang='lat' dir='ltr'>runt,</span> <span class='ocrx_word' id='word_1_199' title='bbox 531 2543 599 2607; x_wconf 88' lang='lat' dir='ltr'>cius</span> <span class='ocrx_word' id='word_1_200' title='bbox 628 2544 776 2608; x_wconf 92' lang='lat' dir='ltr'>malitiam</span> <span class='ocrx_word' id='word_1_201' title='bbox 804 2565 868 2607; x_wconf 92' lang='lat' dir='ltr'>uon</span> <span class='ocrx_word' id='word_1_202' title='bbox 897 2544 1059 2619; x_wconf 89' lang='lat' dir='ltr'>viderunt,</span> <span class='ocrx_word' id='word_1_203' title='bbox 1092 2542 1226 2605; x_wconf 90' lang='lat' dir='ltr'>orationi</span> <span class='ocrx_word' id='word_1_204' title='bbox 1248 2561 1347 2605; x_wconf 90' lang='lat' dir='ltr'>vanae</span> <span class='ocrx_word' id='word_1_205' title='bbox 1369 2541 1579 2606; x_wconf 78' lang='lat' dir='ltr'>crediderunt.</span> <span class='ocrx_word' id='word_1_206' title='bbox 1623 2543 1773 2627; x_wconf 75' lang='lat' dir='ltr'>ltaqueso</span> 
     </span>
     <span class='ocr_line' id='line_1_22' title="bbox 414 2635 1736 2722; baseline 0 -22"><span class='ocrx_word' id='word_1_207' title='bbox 414 2657 498 2700; x_wconf 89' lang='lat' dir='ltr'>nuno</span> <span class='ocrx_word' id='word_1_208' title='bbox 528 2635 575 2700; x_wconf 92' lang='lat' dir='ltr'>illi</span> <span class='ocrx_word' id='word_1_209' title='bbox 605 2638 749 2701; x_wconf 88' lang='lat' dir='ltr'>homiues</span> <span class='ocrx_word' id='word_1_210' title='bbox 779 2637 992 2702; x_wconf 89' lang='lat' dir='ltr'>honestissimi</span> <span class='ocrx_word' id='word_1_211' title='bbox 1020 2645 1151 2722; x_wconf 87' lang='lat' dir='ltr'>propter</span> <span class='ocrx_word' id='word_1_212' title='bbox 1176 2636 1266 2699; x_wconf 87' lang='lat' dir='ltr'>istius</span> <span class='ocrx_word' id='word_1_213' title='bbox 1294 2636 1423 2700; x_wconf 92' lang='lat' dir='ltr'>insidias</span> <span class='ocrx_word' id='word_1_214' title='bbox 1453 2657 1564 2721; x_wconf 89' lang='lat' dir='ltr'>parum</span> <span class='ocrx_word' id='word_1_215' title='bbox 1586 2645 1736 2722; x_wconf 86' lang='lat' dir='ltr'>putantur</span> 
     </span>
     <span class='ocr_line' id='line_1_23' title="bbox 416 2729 1733 2816; baseline -0.002 -21"><span class='ocrx_word' id='word_1_216' title='bbox 416 2731 496 2795; x_wconf 88' lang='lat' dir='ltr'>cauti</span> <span class='ocrx_word' id='word_1_217' title='bbox 524 2731 710 2816; x_wconf 78' lang='lat' dir='ltr'>providique</span> <span class='ocrx_word' id='word_1_218' title='bbox 737 2732 852 2796; x_wconf 84' lang='lat' dir='ltr'>luisse:</span> <span class='ocrx_word' id='word_1_219' title='bbox 885 2732 963 2806; x_wconf 90' lang='lat' dir='ltr'>iste,</span> <span class='ocrx_word' id='word_1_220' title='bbox 993 2733 1048 2816; x_wconf 90' lang='lat' dir='ltr'>qui</span> <span class='ocrx_word' id='word_1_221' title='bbox 1069 2730 1157 2793; x_wconf 93' lang='lat' dir='ltr'>initio</span> <span class='ocrx_word' id='word_1_222' title='bbox 1178 2730 1321 2813; x_wconf 92' lang='lat' dir='ltr'>proditor</span> <span class='ocrx_word' id='word_1_223' title='bbox 1341 2729 1417 2805; x_wconf 83' lang='lat' dir='ltr'>luit,</span> <span class='ocrx_word' id='word_1_224' title='bbox 1450 2730 1564 2794; x_wconf 88' lang='lat' dir='ltr'>deinde</span> <span class='ocrx_word' id='word_1_225' title='bbox 1586 2731 1733 2814; x_wconf 80' lang='lat' dir='ltr'>perfuga,</span> 
     </span>
     <span class='ocr_line' id='line_1_24' title="bbox 416 2824 1735 2910; baseline 0 -22"><span class='ocrx_word' id='word_1_226' title='bbox 416 2824 470 2910; x_wconf 91' lang='lat' dir='ltr'>qui</span> <span class='ocrx_word' id='word_1_227' title='bbox 500 2826 602 2910; x_wconf 92' lang='lat' dir='ltr'>primo</span> <span class='ocrx_word' id='word_1_228' title='bbox 632 2827 788 2889; x_wconf 92' lang='lat' dir='ltr'>sociorum</span> <span class='ocrx_word' id='word_1_229' title='bbox 816 2826 946 2889; x_wconf 91' lang='lat' dir='ltr'>consilia</span> <span class='ocrx_word' id='word_1_230' title='bbox 973 2824 1160 2889; x_wconf 89' lang='lat' dir='ltr'>adversariis</span> <span class='ocrx_word' id='word_1_231' title='bbox 1189 2824 1376 2900; x_wconf 90' lang='lat' dir='ltr'>enuntiavit,</span> <span class='ocrx_word' id='word_1_232' title='bbox 1410 2824 1524 2887; x_wconf 90' lang='lat' dir='ltr'>deiude</span> <span class='ocrx_word' id='word_1_233' title='bbox 1554 2826 1735 2888; x_wconf 85' lang='lat' dir='ltr'>societatem</span> 
     </span>
     <span class='ocr_line' id='line_1_25' title="bbox 417 2918 1734 3003; baseline -0.001 -20"><span class='ocrx_word' id='word_1_234' title='bbox 417 2940 486 2983; x_wconf 91' lang='lat' dir='ltr'>cum</span> <span class='ocrx_word' id='word_1_235' title='bbox 507 2919 584 3003; x_wconf 88' lang='lat' dir='ltr'>ipsis</span> <span class='ocrx_word' id='word_1_236' title='bbox 605 2919 790 2983; x_wconf 89' lang='lat' dir='ltr'>adversariis</span> <span class='ocrx_word' id='word_1_237' title='bbox 813 2921 899 2995; x_wconf 92' lang='lat' dir='ltr'>coiit,</span> <span class='ocrx_word' id='word_1_238' title='bbox 926 2928 1021 2983; x_wconf 91' lang='lat' dir='ltr'>terret</span> <span class='ocrx_word' id='word_1_239' title='bbox 1041 2918 1135 2981; x_wconf 90' lang='lat' dir='ltr'>etiam</span> <span class='ocrx_word' id='word_1_240' title='bbox 1156 2936 1216 2980; x_wconf 90' lang='lat' dir='ltr'>nos</span> <span class='ocrx_word' id='word_1_241' title='bbox 1237 2937 1273 2981; x_wconf 92' lang='lat' dir='ltr'>ac</span> <span class='ocrx_word' id='word_1_242' title='bbox 1295 2918 1444 2994; x_wconf 90' lang='lat' dir='ltr'>minatur,</span> <span class='ocrx_word' id='word_1_243' title='bbox 1467 2920 1566 2983; x_wconf 88' lang='lat' dir='ltr'>trihus</span> <span class='ocrx_word' id='word_1_244' title='bbox 1588 2919 1734 3002; x_wconf 90' lang='lat' dir='ltr'>praediis,</span> 
     </span>
     <span class='ocr_line' id='line_1_26' title="bbox 415 3010 1773 3098; baseline 0 -22"><span class='ocrx_word' id='word_1_245' title='bbox 415 3013 475 3076; x_wconf 91' lang='lat' dir='ltr'>hoc</span> <span class='ocrx_word' id='word_1_246' title='bbox 497 3024 560 3089; x_wconf 90' lang='lat' dir='ltr'>est,</span> <span class='ocrx_word' id='word_1_247' title='bbox 587 3015 732 3098; x_wconf 86' lang='lat' dir='ltr'>praemiis</span> <span class='ocrx_word' id='word_1_248' title='bbox 765 3014 891 3078; x_wconf 87' lang='lat' dir='ltr'>sceleris</span> <span class='ocrx_word' id='word_1_249' title='bbox 923 3024 1062 3078; x_wconf 88' lang='lat' dir='ltr'>ornatus.</span> <span class='ocrx_word' id='word_1_250' title='bbox 1104 3013 1141 3074; x_wconf 94' lang='lat' dir='ltr'>ln</span> <span class='ocrx_word' id='word_1_251' title='bbox 1171 3010 1325 3074; x_wconf 87' lang='lat' dir='ltr'>eiusmodi</span> <span class='ocrx_word' id='word_1_252' title='bbox 1353 3013 1430 3086; x_wconf 90' lang='lat' dir='ltr'>vita,</span> <span class='ocrx_word' id='word_1_253' title='bbox 1459 3013 1597 3090; x_wconf 88' lang='lat' dir='ltr'>iudices,</span> <span class='ocrx_word' id='word_1_254' title='bbox 1625 3013 1659 3075; x_wconf 90' lang='lat' dir='ltr'>iu</span> <span class='ocrx_word' id='word_1_255' title='bbox 1685 3012 1773 3076; x_wconf 78' lang='lat' dir='ltr'>uisu</span> 
     </span>
     <span class='ocr_line' id='line_1_27' title="bbox 416 3101 1735 3192; baseline 0.001 -23"><span class='ocrx_word' id='word_1_256' title='bbox 416 3114 461 3169; x_wconf 92' lang='lat' dir='ltr'>tot</span> <span class='ocrx_word' id='word_1_257' title='bbox 483 3108 641 3191; x_wconf 88' lang='lat' dir='ltr'>tantisque</span> <span class='ocrx_word' id='word_1_258' title='bbox 662 3103 785 3191; x_wconf 78' lang='lat' dir='ltr'>flagitiis</span> <span class='ocrx_word' id='word_1_259' title='bbox 806 3108 868 3187; x_wconf 87' lang='lat' dir='ltr'>hoe</span> <span class='ocrx_word' id='word_1_260' title='bbox 890 3128 1018 3192; x_wconf 88' lang='lat' dir='ltr'>quoque</span> <span class='ocrx_word' id='word_1_261' title='bbox 1040 3101 1244 3179; x_wconf 87' lang='lat' dir='ltr'>maleficium,</span> <span class='ocrx_word' id='word_1_262' title='bbox 1274 3105 1314 3168; x_wconf 89' lang='lat' dir='ltr'>de</span> <span class='ocrx_word' id='word_1_263' title='bbox 1337 3127 1400 3190; x_wconf 92' lang='lat' dir='ltr'>quo</span> <span class='ocrx_word' id='word_1_264' title='bbox 1422 3106 1573 3170; x_wconf 92' lang='lat' dir='ltr'>iudicium</span> <span class='ocrx_word' id='word_1_265' title='bbox 1595 3117 1657 3183; x_wconf 90' lang='lat' dir='ltr'>est,</span> <span class='ocrx_word' id='word_1_266' title='bbox 1686 3127 1735 3170; x_wconf 89' lang='lat' dir='ltr'>rc·</span> 
     </span>
     <span class='ocr_line' id='line_1_28' title="bbox 415 3197 1737 3286; baseline 0 -22"><span class='ocrx_word' id='word_1_267' title='bbox 415 3202 551 3285; x_wconf 91' lang='lat' dir='ltr'>perietis.</span> <span class='ocrx_word' id='word_1_268' title='bbox 595 3197 666 3264; x_wconf 89' lang='lat' dir='ltr'>tt8.</span> <span class='ocrx_word' id='word_1_269' title='bbox 688 3203 810 3265; x_wconf 87' lang='lat' dir='ltr'>Etenim</span> <span class='ocrx_word' id='word_1_270' title='bbox 834 3223 986 3286; x_wconf 88' lang='lat' dir='ltr'>quaerere</span> <span class='ocrx_word' id='word_1_271' title='bbox 1008 3203 1050 3264; x_wconf 93' lang='lat' dir='ltr'>ita</span> <span class='ocrx_word' id='word_1_272' title='bbox 1073 3198 1214 3263; x_wconf 85' lang='lat' dir='ltr'>debetis:</span> <span class='ocrx_word' id='word_1_273' title='bbox 1235 3199 1290 3261; x_wconf 89' lang='lat' dir='ltr'>ubi</span> <span class='ocrx_word' id='word_1_274' title='bbox 1312 3200 1411 3263; x_wconf 91' lang='lat' dir='ltr'>multa</span> <span class='ocrx_word' id='word_1_275' title='bbox 1431 3220 1539 3276; x_wconf 90' lang='lat' dir='ltr'>avare,</span> <span class='ocrx_word' id='word_1_276' title='bbox 1562 3202 1659 3266; x_wconf 90' lang='lat' dir='ltr'>multa</span> <span class='ocrx_word' id='word_1_277' title='bbox 1681 3222 1737 3265; x_wconf 93' lang='lat' dir='ltr'>au·</span> 
     </span>
     <span class='ocr_line' id='line_1_29' title="bbox 417 3292 1737 3380; baseline 0 -22"><span class='ocrx_word' id='word_1_278' title='bbox 417 3294 539 3371; x_wconf 89' lang='lat' dir='ltr'>dacter,</span> <span class='ocrx_word' id='word_1_279' title='bbox 560 3295 658 3360; x_wconf 90' lang='lat' dir='ltr'>multa</span> <span class='ocrx_word' id='word_1_280' title='bbox 679 3297 837 3380; x_wconf 91' lang='lat' dir='ltr'>improbe,</span> <span class='ocrx_word' id='word_1_281' title='bbox 868 3297 966 3360; x_wconf 90' lang='lat' dir='ltr'>multa</span> <span class='ocrx_word' id='word_1_282' title='bbox 986 3292 1155 3378; x_wconf 89' lang='lat' dir='ltr'>perfidiose</span> <span class='ocrx_word' id='word_1_283' title='bbox 1176 3292 1258 3358; x_wconf 85' lang='lat' dir='ltr'>lacta</span> <span class='ocrx_word' id='word_1_284' title='bbox 1278 3293 1438 3370; x_wconf 90' lang='lat' dir='ltr'>videbitis,</span> <span class='ocrx_word' id='word_1_285' title='bbox 1466 3295 1510 3358; x_wconf 87' lang='lat' dir='ltr'>ibi</span> <span class='ocrx_word' id='word_1_286' title='bbox 1533 3295 1634 3358; x_wconf 88' lang='lat' dir='ltr'>scelus</span> <span class='ocrx_word' id='word_1_287' title='bbox 1658 3315 1737 3379; x_wconf 91' lang='lat' dir='ltr'>quo-</span> 
     </span>
     <span class='ocr_line' id='line_1_30' title="bbox 417 3387 1736 3474; baseline 0.001 -23"><span class='ocrx_word' id='word_1_288' title='bbox 417 3409 479 3473; x_wconf 90' lang='lat' dir='ltr'>que</span> <span class='ocrx_word' id='word_1_289' title='bbox 508 3389 606 3452; x_wconf 89' lang='lat' dir='ltr'>latere</span> <span class='ocrx_word' id='word_1_290' title='bbox 633 3390 714 3453; x_wconf 90' lang='lat' dir='ltr'>iuter</span> <span class='ocrx_word' id='word_1_291' title='bbox 738 3390 793 3454; x_wconf 90' lang='lat' dir='ltr'>illa</span> <span class='ocrx_word' id='word_1_292' title='bbox 820 3398 867 3453; x_wconf 91' lang='lat' dir='ltr'>tot</span> <span class='ocrx_word' id='word_1_293' title='bbox 887 3391 1004 3473; x_wconf 86' lang='lat' dir='ltr'>tlagitia</span> <span class='ocrx_word' id='word_1_294' title='bbox 1024 3396 1176 3474; x_wconf 91' lang='lat' dir='ltr'>putatote.</span> <span class='ocrx_word' id='word_1_295' title='bbox 1219 3388 1356 3451; x_wconf 89' lang='lat' dir='ltr'>Tametsi</span> <span class='ocrx_word' id='word_1_296' title='bbox 1376 3387 1438 3451; x_wconf 90' lang='lat' dir='ltr'>hoc</span> <span class='ocrx_word' id='word_1_297' title='bbox 1459 3388 1587 3472; x_wconf 89' lang='lat' dir='ltr'>quidem</span> <span class='ocrx_word' id='word_1_298' title='bbox 1609 3389 1736 3452; x_wconf 91' lang='lat' dir='ltr'>minime</span> 
     </span>
     <span class='ocr_line' id='line_1_31' title="bbox 416 3479 1773 3568; baseline 0.002 -24"><span class='ocrx_word' id='word_1_299' title='bbox 416 3484 508 3557; x_wconf 91' lang='lat' dir='ltr'>latet,</span> <span class='ocrx_word' id='word_1_300' title='bbox 531 3482 616 3568; x_wconf 92' lang='lat' dir='ltr'>quod</span> <span class='ocrx_word' id='word_1_301' title='bbox 638 3484 680 3546; x_wconf 91' lang='lat' dir='ltr'>ita</span> <span class='ocrx_word' id='word_1_302' title='bbox 702 3491 881 3568; x_wconf 90' lang='lat' dir='ltr'>promptum</span> <span class='ocrx_word' id='word_1_303' title='bbox 904 3493 935 3547; x_wconf 88' lang='lat' dir='ltr'>ct</span> <span class='ocrx_word' id='word_1_304' title='bbox 956 3482 1152 3566; x_wconf 92' lang='lat' dir='ltr'>propositum</span> <span class='ocrx_word' id='word_1_305' title='bbox 1175 3487 1239 3555; x_wconf 90' lang='lat' dir='ltr'>est,</span> <span class='ocrx_word' id='word_1_306' title='bbox 1268 3490 1303 3547; x_wconf 91' lang='lat' dir='ltr'>ut</span> <span class='ocrx_word' id='word_1_307' title='bbox 1332 3501 1398 3544; x_wconf 91' lang='lat' dir='ltr'>nou</span> <span class='ocrx_word' id='word_1_308' title='bbox 1419 3501 1460 3544; x_wconf 81' lang='lat' dir='ltr'>ex</span> <span class='ocrx_word' id='word_1_309' title='bbox 1481 3481 1543 3546; x_wconf 92' lang='lat' dir='ltr'>illis</span> <span class='ocrx_word' id='word_1_310' title='bbox 1565 3479 1773 3558; x_wconf 86' lang='lat' dir='ltr'>maleficiis,ao</span> 
     </span>
     <span class='ocr_line' id='line_1_32' title="bbox 416 3574 1736 3661; baseline -0.001 -21"><span class='ocrx_word' id='word_1_311' title='bbox 416 3596 498 3661; x_wconf 89' lang='lat' dir='ltr'>quae</span> <span class='ocrx_word' id='word_1_312' title='bbox 519 3579 553 3641; x_wconf 91' lang='lat' dir='ltr'>in</span> <span class='ocrx_word' id='word_1_313' title='bbox 573 3577 627 3641; x_wconf 93' lang='lat' dir='ltr'>illo</span> <span class='ocrx_word' id='word_1_314' title='bbox 649 3586 792 3642; x_wconf 90' lang='lat' dir='ltr'>constant</span> <span class='ocrx_word' id='word_1_315' title='bbox 807 3597 893 3654; x_wconf 88' lang='lat' dir='ltr'>esse,</span> <span class='ocrx_word' id='word_1_316' title='bbox 915 3578 977 3641; x_wconf 92' lang='lat' dir='ltr'>hoc</span> <span class='ocrx_word' id='word_1_317' title='bbox 990 3576 1199 3659; x_wconf 76' lang='lat' dir='ltr'>intelligatur,</span> <span class='ocrx_word' id='word_1_318' title='bbox 1221 3596 1331 3639; x_wconf 88' lang='lat' dir='ltr'>verum</span> <span class='ocrx_word' id='word_1_319' title='bbox 1346 3596 1387 3640; x_wconf 85' lang='lat' dir='ltr'>ox</span> <span class='ocrx_word' id='word_1_320' title='bbox 1400 3575 1462 3641; x_wconf 89' lang='lat' dir='ltr'>hoc</span> <span class='ocrx_word' id='word_1_321' title='bbox 1476 3577 1585 3653; x_wconf 87' lang='lat' dir='ltr'>etiam,</span> <span class='ocrx_word' id='word_1_322' title='bbox 1607 3574 1736 3660; x_wconf 89' lang='lat' dir='ltr'>siquod</span> 
     </span>
    </p>
   </div>
   <div class='ocr_carea' id='block_1_3' title="bbox 416 3876 1741 5370">
    <p class='ocr_par' dir='ltr' id='par_1_4' title="bbox 416 3876 1741 5370">
     <span class='ocr_line' id='line_1_33' title="bbox 416 3876 1738 3942; baseline 0.002 -14"><span class='ocrx_word' id='word_1_323' title='bbox 416 3880 508 3928; x_wconf 86' lang='lat' dir='ltr'>contre</span> <span class='ocrx_word' id='word_1_324' title='bbox 526 3877 630 3929; x_wconf 88' lang='lat' dir='ltr'>dicente</span> <span class='ocrx_word' id='word_1_325' title='bbox 648 3879 726 3930; x_wconf 81' lang='lat' dir='ltr'>ltavio</span> <span class='ocrx_word' id='word_1_326' title='bbox 743 3879 774 3928; x_wconf 89' lang='lat' dir='ltr'>ll.</span> <span class='ocrx_word' id='word_1_327' title='bbox 793 3892 819 3942; x_wconf 90' lang='lat' dir='ltr'>p.</span> <span class='ocrx_word' id='word_1_328' title='bbox 839 3877 906 3938; x_wconf 62' lang='lat' dir='ltr'>tlt,</span> <span class='ocrx_word' id='word_1_329' title='bbox 926 3876 998 3941; x_wconf 83' lang='lat' dir='ltr'>quod</span> <span class='ocrx_word' id='word_1_330' title='bbox 1014 3876 1119 3928; x_wconf 89' lang='lat' dir='ltr'>adiecto</span> <span class='ocrx_word' id='word_1_331' title='bbox 1136 3877 1242 3928; x_wconf 90' lang='lat' dir='ltr'>nomine</span> <span class='ocrx_word' id='word_1_332' title='bbox 1257 3876 1353 3928; x_wconf 89' lang='lat' dir='ltr'>invidia</span> <span class='ocrx_word' id='word_1_333' title='bbox 1370 3877 1408 3927; x_wconf 91' lang='lat' dir='ltr'>rei</span> <span class='ocrx_word' id='word_1_334' title='bbox 1420 3878 1510 3941; x_wconf 79' lang='lat' dir='ltr'>augeri</span> <span class='ocrx_word' id='word_1_335' title='bbox 1522 3876 1657 3940; x_wconf 89' lang='lat' dir='ltr'>videatur,</span> <span class='ocrx_word' id='word_1_336' title='bbox 1675 3891 1738 3930; x_wconf 91' lang='lat' dir='ltr'>cum</span> 
     </span>
     <span class='ocr_line' id='line_1_34' title="bbox 417 3951 1738 4018; baseline 0.001 -14"><span class='ocrx_word' id='word_1_337' title='bbox 417 3966 450 4004; x_wconf 88' lang='lat' dir='ltr'>ne</span> <span class='ocrx_word' id='word_1_338' title='bbox 469 3955 583 4005; x_wconf 88' lang='lat' dir='ltr'>nominis</span> <span class='ocrx_word' id='word_1_339' title='bbox 600 3953 709 4018; x_wconf 89' lang='lat' dir='ltr'>quidem</span> <span class='ocrx_word' id='word_1_340' title='bbox 726 3954 913 4004; x_wconf 88' lang='lat' dir='ltr'>commuuione</span> <span class='ocrx_word' id='word_1_341' title='bbox 930 3953 958 4003; x_wconf 85' lang='lat' dir='ltr'>T.</span> <span class='ocrx_word' id='word_1_342' title='bbox 977 3954 1087 4004; x_wconf 80' lang='lat' dir='ltr'>Roscius</span> <span class='ocrx_word' id='word_1_343' title='bbox 1105 3956 1254 4003; x_wconf 91' lang='lat' dir='ltr'>commotus</span> <span class='ocrx_word' id='word_1_344' title='bbox 1271 3954 1313 4004; x_wconf 86' lang='lat' dir='ltr'>sit.</span> <span class='ocrx_word' id='word_1_345' title='bbox 1340 3951 1481 4014; x_wconf 70' lang='lat' dir='ltr'>audirem,</span> <span class='ocrx_word' id='word_1_346' title='bbox 1499 3954 1548 4004; x_wconf 87' lang='lat' dir='ltr'>uisi</span> <span class='ocrx_word' id='word_1_347' title='bbox 1566 3967 1628 4004; x_wconf 82' lang='lat' dir='ltr'>mox</span> <span class='ocrx_word' id='word_1_348' title='bbox 1639 3967 1738 4018; x_wconf 88' lang='lat' dir='ltr'>seque·</span> 
     </span>
     <span class='ocr_line' id='line_1_35' title="bbox 416 4026 1738 4096; baseline 0.004 -16"><span class='ocrx_word' id='word_1_349' title='bbox 416 4033 490 4080; x_wconf 85' lang='lat' dir='ltr'>retur</span> <span class='ocrx_word' id='word_1_350' title='bbox 509 4029 533 4079; x_wconf 83' lang='grc' dir='ltr'>Τ.</span> <span class='ocrx_word' id='word_1_351' title='bbox 553 4029 653 4079; x_wconf 64' lang='lat' dir='ltr'>nocero</span> <span class='ocrx_word' id='word_1_352' title='bbox 669 4031 697 4079; x_wconf 89' lang='lat' dir='ltr'>et</span> <span class='ocrx_word' id='word_1_353' title='bbox 714 4041 876 4093; x_wconf 88' lang='lat' dir='ltr'>praenomen</span> <span class='ocrx_word' id='word_1_354' title='bbox 894 4026 1011 4079; x_wconf 88' lang='lat' dir='ltr'>abesset.</span> <span class='ocrx_word' id='word_1_355' title='bbox 1038 4028 1076 4091; x_wconf 80' lang='lat' dir='ltr'>tlu</span> <span class='ocrx_word' id='word_1_356' title='bbox 1093 4030 1113 4078; x_wconf 92' lang='lat' dir='ltr'>G</span> <span class='ocrx_word' id='word_1_357' title='bbox 1130 4041 1173 4078; x_wconf 91' lang='lat' dir='ltr'>vv.</span> <span class='ocrx_word' id='word_1_358' title='bbox 1186 4028 1271 4078; x_wconf 78' lang='lat' dir='ltr'>ltoscto</span> <span class='ocrx_word' id='word_1_359' title='bbox 1281 4041 1368 4092; x_wconf 89' lang='lat' dir='ltr'>usque</span> <span class='ocrx_word' id='word_1_360' title='bbox 1380 4027 1414 4079; x_wconf 87' lang='lat' dir='ltr'>ad</span> <span class='ocrx_word' id='word_1_361' title='bbox 1425 4041 1497 4079; x_wconf 74' lang='lat' dir='ltr'>eaeo</span> <span class='ocrx_word' id='word_1_362' title='bbox 1510 4029 1535 4078; x_wconf 79' lang='lat' dir='ltr'>l.</span> <span class='ocrx_word' id='word_1_363' title='bbox 1549 4033 1648 4084; x_wconf 90' lang='lat' dir='ltr'>omissa</span> <span class='ocrx_word' id='word_1_364' title='bbox 1658 4037 1738 4096; x_wconf 82' lang='lat' dir='ltr'>suut.)</span> 
     </span>
     <span class='ocr_line' id='line_1_36' title="bbox 419 4102 1740 4171; baseline 0.006 -19"><span class='ocrx_word' id='word_1_365' title='bbox 419 4128 446 4139; x_wconf 89' lang='lat'><em>—</em></span> <span class='ocrx_word' id='word_1_366' title='bbox 462 4103 570 4165; x_wconf 84' lang='lat' dir='ltr'>paulum</span> <span class='ocrx_word' id='word_1_367' title='bbox 587 4105 671 4154; x_wconf 90' lang='lat' dir='ltr'>Gac:</span> <span class='ocrx_word' id='word_1_368' title='bbox 688 4104 820 4165; x_wconf 70' lang='lat' dir='ltr'>pestutum</span> <span class='ocrx_word' id='word_1_369' title='bbox 836 4105 895 4155; x_wconf 79' lang='lat' dir='ltr'>Mv.</span> <span class='ocrx_word' id='word_1_370' title='bbox 909 4129 938 4140; x_wconf 90' lang='lat'>·-</span> <span class='ocrx_word' id='word_1_371' title='bbox 958 4104 982 4153; x_wconf 89' lang='lat' dir='ltr'>t.</span> <span class='ocrx_word' id='word_1_372' title='bbox 1001 4105 1057 4167; x_wconf 78' lang='lat' dir='ltr'>ipsa</span> <span class='ocrx_word' id='word_1_373' title='bbox 1068 4105 1098 4153; x_wconf 88' lang='lat' dir='ltr'>G.</span> <span class='ocrx_word' id='word_1_374' title='bbox 1113 4129 1139 4137; x_wconf 97' lang='lat'><em>-</em></span> <span class='ocrx_word' id='word_1_375' title='bbox 1159 4103 1183 4152; x_wconf 76' lang='lat'>2.</span> <span class='ocrx_word' id='word_1_376' title='bbox 1202 4102 1315 4165; x_wconf 76' lang='lat' dir='ltr'>depectus</span> <span class='ocrx_word' id='word_1_377' title='bbox 1328 4105 1398 4156; x_wconf 82' lang='lat' dir='ltr'>ott:</span> <span class='ocrx_word' id='word_1_378' title='bbox 1416 4104 1603 4166; x_wconf 61' lang='lat' dir='ltr'>deprecatum,</span> <span class='ocrx_word' id='word_1_379' title='bbox 1622 4108 1740 4171; x_wconf 79' lang='lat' dir='ltr'>depactus</span> 
     </span>
     <span class='ocr_line' id='line_1_37' title="bbox 417 4177 1738 4244; baseline 0.005 -17"><span class='ocrx_word' id='word_1_380' title='bbox 417 4177 502 4240; x_wconf 80' lang='lat' dir='ltr'>0ac;</span> <span class='ocrx_word' id='word_1_381' title='bbox 519 4192 546 4228; x_wconf 92' lang='lat' dir='ltr'>v.</span> <span class='ocrx_word' id='word_1_382' title='bbox 566 4177 600 4228; x_wconf 90' lang='lat' dir='ltr'>ad</span> <span class='ocrx_word' id='word_1_383' title='bbox 616 4177 640 4242; x_wconf 67' lang='lat' dir='ltr'>g.</span> <span class='ocrx_word' id='word_1_384' title='bbox 660 4178 715 4229; x_wconf 80' lang='lat' dir='ltr'>tto.</span> <span class='ocrx_word' id='word_1_385' title='bbox 745 4205 773 4215; x_wconf 98' lang='lat'>-</span> <span class='ocrx_word' id='word_1_386' title='bbox 799 4179 841 4244; x_wconf 80' lang='lat' dir='ltr'>cst]</span> <span class='ocrx_word' id='word_1_387' title='bbox 867 4182 901 4228; x_wconf 77' lang='lat' dir='ltr'>cat</span> <span class='ocrx_word' id='word_1_388' title='bbox 922 4183 945 4228; x_wconf 89' lang='lat' dir='ltr'>et</span> <span class='ocrx_word' id='word_1_389' title='bbox 966 4190 989 4227; x_wconf 91' lang='lat' dir='ltr'>o.</span> <span class='ocrx_word' id='word_1_390' title='bbox 1011 4206 1038 4215; x_wconf 92' lang='lat'><em>-</em></span> <span class='ocrx_word' id='word_1_391' title='bbox 1061 4179 1172 4228; x_wconf 74' lang='lat' dir='ltr'>cumton</span> <span class='ocrx_word' id='word_1_392' title='bbox 1194 4190 1247 4227; x_wconf 91' lang='lat' dir='ltr'>om.</span> <span class='ocrx_word' id='word_1_393' title='bbox 1267 4178 1378 4229; x_wconf 83' lang='lat' dir='ltr'>Gflsa.</span> <span class='ocrx_word' id='word_1_394' title='bbox 1399 4204 1426 4214; x_wconf 92' lang='lat'><em>-</em></span> <span class='ocrx_word' id='word_1_395' title='bbox 1445 4178 1470 4230; x_wconf 80' lang='lat' dir='ltr'>l.</span> <span class='ocrx_word' id='word_1_396' title='bbox 1488 4184 1570 4230; x_wconf 71' lang='lat' dir='ltr'>coma</span> <span class='ocrx_word' id='word_1_397' title='bbox 1586 4194 1640 4232; x_wconf 92' lang='lat' dir='ltr'>om.</span> <span class='ocrx_word' id='word_1_398' title='bbox 1659 4185 1688 4233; x_wconf 88' lang='lat' dir='ltr'>G.</span> <span class='ocrx_word' id='word_1_399' title='bbox 1710 4212 1738 4221; x_wconf 88' lang='lat'><em>-</em></span> 
     </span>
     <span class='ocr_line' id='line_1_38' title="bbox 417 4251 1741 4318; baseline 0.005 -16"><span class='ocrx_word' id='word_1_400' title='bbox 417 4253 477 4303; x_wconf 81' lang='lat' dir='ltr'>mat.</span> <span class='ocrx_word' id='word_1_401' title='bbox 495 4253 592 4303; x_wconf 69' lang='lat' dir='ltr'>uadum</span> <span class='ocrx_word' id='word_1_402' title='bbox 607 4254 669 4318; x_wconf 65' lang='lat' dir='ltr'>papi</span> <span class='ocrx_word' id='word_1_403' title='bbox 685 4253 727 4304; x_wconf 86' lang='lat' dir='ltr'>M:</span> <span class='ocrx_word' id='word_1_404' title='bbox 744 4254 806 4318; x_wconf 64' lang='lat' dir='ltr'>popl</span> <span class='ocrx_word' id='word_1_405' title='bbox 822 4267 856 4304; x_wconf 88' lang='lat' dir='ltr'>m.</span> <span class='ocrx_word' id='word_1_406' title='bbox 874 4252 935 4303; x_wconf 79' lang='lat' dir='ltr'>nott.</span> <span class='ocrx_word' id='word_1_407' title='bbox 954 4252 1067 4313; x_wconf 86' lang='lat' dir='ltr'>Ovac;</span> <span class='ocrx_word' id='word_1_408' title='bbox 1084 4266 1138 4303; x_wconf 93' lang='lat' dir='ltr'>om.</span> <span class='ocrx_word' id='word_1_409' title='bbox 1154 4254 1217 4316; x_wconf 58' lang='grc' dir='ltr'>βπερὶ</span> <span class='ocrx_word' id='word_1_410' title='bbox 1233 4255 1262 4302; x_wconf 93' lang='lat' dir='ltr'>G.</span> <span class='ocrx_word' id='word_1_411' title='bbox 1277 4279 1304 4287; x_wconf 94' lang='lat'><em>-</em></span> <span class='ocrx_word' id='word_1_412' title='bbox 1323 4254 1348 4303; x_wconf 76' lang='lat'>5.</span> <span class='ocrx_word' id='word_1_413' title='bbox 1367 4251 1420 4317; x_wconf 82' lang='lat' dir='ltr'>tate]</span> <span class='ocrx_word' id='word_1_414' title='bbox 1436 4253 1488 4316; x_wconf 77' lang='lat' dir='ltr'>tpo</span> <span class='ocrx_word' id='word_1_415' title='bbox 1502 4254 1552 4306; x_wconf 68' lang='lat' dir='ltr'>lli.</span> <span class='ocrx_word' id='word_1_416' title='bbox 1574 4281 1602 4291; x_wconf 89' lang='lat'>—</span> <span class='ocrx_word' id='word_1_417' title='bbox 1621 4258 1741 4308; x_wconf 80' lang='lat' dir='ltr'>contami·</span> 
     </span>
     <span class='ocr_line' id='line_1_39' title="bbox 417 4327 1741 4393; baseline 0.002 -14"><span class='ocrx_word' id='word_1_418' title='bbox 417 4329 561 4379; x_wconf 71' lang='lat' dir='ltr'>naoera‘tG.</span> <span class='ocrx_word' id='word_1_419' title='bbox 583 4354 609 4362; x_wconf 97' lang='lat'><em>-</em></span> <span class='ocrx_word' id='word_1_420' title='bbox 630 4327 654 4378; x_wconf 84' lang='grc'>6.</span> <span class='ocrx_word' id='word_1_421' title='bbox 672 4333 825 4391; x_wconf 73' lang='lat' dir='ltr'>esthscev.</span> <span class='ocrx_word' id='word_1_422' title='bbox 845 4356 872 4366; x_wconf 92' lang='lat'>-</span> <span class='ocrx_word' id='word_1_423' title='bbox 898 4327 1246 4393; x_wconf 65' lang='lat' dir='ltr'>taepototldcpatotlll.</span> <span class='ocrx_word' id='word_1_424' title='bbox 1266 4355 1293 4364; x_wconf 93' lang='lat'><em>-</em></span> <span class='ocrx_word' id='word_1_425' title='bbox 1317 4328 1342 4379; x_wconf 91' lang='lat'>8.</span> <span class='ocrx_word' id='word_1_426' title='bbox 1360 4328 1473 4390; x_wconf 80' lang='lat' dir='ltr'>qoiom.</span> <span class='ocrx_word' id='word_1_427' title='bbox 1492 4341 1518 4379; x_wconf 94' lang='lat' dir='ltr'>v.</span> <span class='ocrx_word' id='word_1_428' title='bbox 1539 4355 1565 4367; x_wconf 95' lang='lat'>-</span> <span class='ocrx_word' id='word_1_429' title='bbox 1585 4330 1741 4393; x_wconf 52' lang='lat' dir='ltr'>operum</span> 
     </span>
     <span class='ocr_line' id='line_1_40' title="bbox 416 4401 1738 4471; baseline 0.003 -17"><span class='ocrx_word' id='word_1_430' title='bbox 416 4403 499 4468; x_wconf 68' lang='lat' dir='ltr'>fideus]</span> <span class='ocrx_word' id='word_1_431' title='bbox 517 4401 587 4454; x_wconf 88' lang='lat' dir='ltr'>male</span> <span class='ocrx_word' id='word_1_432' title='bbox 605 4402 713 4467; x_wconf 83' lang='lat' dir='ltr'>quidem</span> <span class='ocrx_word' id='word_1_433' title='bbox 726 4417 773 4466; x_wconf 83' lang='lat' dir='ltr'>per</span> <span class='ocrx_word' id='word_1_434' title='bbox 788 4405 841 4454; x_wconf 78' lang='lat' dir='ltr'>ctus</span> <span class='ocrx_word' id='word_1_435' title='bbox 856 4403 972 4467; x_wconf 60' lang='lat' dir='ltr'>tramea</span> <span class='ocrx_word' id='word_1_436' title='bbox 988 4401 1031 4453; x_wconf 89' lang='lat' dir='ltr'>vel</span> <span class='ocrx_word' id='word_1_437' title='bbox 1044 4416 1092 4464; x_wconf 81' lang='lat' dir='ltr'>per</span> <span class='ocrx_word' id='word_1_438' title='bbox 1108 4404 1161 4451; x_wconf 68' lang='lat' dir='ltr'>dus</span> <span class='ocrx_word' id='word_1_439' title='bbox 1173 4403 1318 4467; x_wconf 60' lang='lat' dir='ltr'>perfidiam</span> <span class='ocrx_word' id='word_1_440' title='bbox 1336 4417 1362 4454; x_wconf 89' lang='lat' dir='ltr'>v.</span> <span class='ocrx_word' id='word_1_441' title='bbox 1381 4403 1474 4454; x_wconf 86' lang='lat' dir='ltr'>Heudii</span> <span class='ocrx_word' id='word_1_442' title='bbox 1493 4404 1561 4454; x_wconf 80' lang='lat' dir='ltr'>Tura.</span> <span class='ocrx_word' id='word_1_443' title='bbox 1580 4407 1622 4456; x_wconf 85' lang='lat' dir='ltr'>tv.</span> <span class='ocrx_word' id='word_1_444' title='bbox 1641 4420 1667 4471; x_wconf 89' lang='lat' dir='ltr'>p.</span> <span class='ocrx_word' id='word_1_445' title='bbox 1680 4405 1738 4458; x_wconf 80' lang='lat' dir='ltr'>tto.</span> 
     </span>
     <span class='ocr_line' id='line_1_41' title="bbox 420 4476 1738 4543; baseline 0.002 -14"><span class='ocrx_word' id='word_1_446' title='bbox 420 4481 447 4529; x_wconf 92' lang='lat' dir='ltr'>et</span> <span class='ocrx_word' id='word_1_447' title='bbox 462 4478 605 4543; x_wconf 82' lang='lat' dir='ltr'>Nipperdei</span> <span class='ocrx_word' id='word_1_448' title='bbox 624 4478 732 4540; x_wconf 73' lang='grc' dir='ltr'><strong>οιιαθεῖῖ.</strong></span> <span class='ocrx_word' id='word_1_449' title='bbox 752 4478 853 4529; x_wconf 80' lang='lat' dir='ltr'>Cacsar.</span> <span class='ocrx_word' id='word_1_450' title='bbox 872 4491 898 4542; x_wconf 93' lang='lat' dir='ltr'>p.</span> <span class='ocrx_word' id='word_1_451' title='bbox 918 4477 974 4528; x_wconf 72' lang='lat'>⁴23.</span> <span class='ocrx_word' id='word_1_452' title='bbox 995 4503 1023 4514; x_wconf 95' lang='lat'>-</span> <span class='ocrx_word' id='word_1_453' title='bbox 1042 4476 1158 4541; x_wconf 82' lang='lat' dir='ltr'>laeditur]</span> <span class='ocrx_word' id='word_1_454' title='bbox 1176 4478 1274 4527; x_wconf 72' lang='lat' dir='ltr'>doddw</span> <span class='ocrx_word' id='word_1_455' title='bbox 1285 4478 1313 4530; x_wconf 89' lang='lat' dir='ltr'>C.</span> <span class='ocrx_word' id='word_1_456' title='bbox 1329 4505 1356 4514; x_wconf 91' lang='lat'>—</span> <span class='ocrx_word' id='word_1_457' title='bbox 1375 4484 1450 4541; x_wconf 75' lang='lat' dir='ltr'>atquo</span> <span class='ocrx_word' id='word_1_458' title='bbox 1463 4480 1559 4530; x_wconf 85' lang='lat' dir='ltr'>Gllv:</span> <span class='ocrx_word' id='word_1_459' title='bbox 1579 4481 1650 4541; x_wconf 70' lang='lat' dir='ltr'>atqu</span> <span class='ocrx_word' id='word_1_460' title='bbox 1660 4480 1738 4531; x_wconf 92' lang='lat' dir='ltr'>codd.</span> 
     </span>
     <span class='ocr_line' id='line_1_42' title="bbox 419 4550 1741 4620; baseline 0.001 -16"><span class='ocrx_word' id='word_1_461' title='bbox 419 4551 474 4604; x_wconf 89' lang='lat' dir='ltr'>rell.</span> <span class='ocrx_word' id='word_1_462' title='bbox 493 4554 560 4616; x_wconf 87' lang='lat' dir='ltr'>uoti,</span> <span class='ocrx_word' id='word_1_463' title='bbox 579 4555 658 4605; x_wconf 92' lang='lat' dir='ltr'>Oac.</span> <span class='ocrx_word' id='word_1_464' title='bbox 684 4555 742 4604; x_wconf 86' lang='lat' dir='ltr'>Nou</span> <span class='ocrx_word' id='word_1_465' title='bbox 759 4554 902 4605; x_wconf 88' lang='lat' dir='ltr'>assumitur</span> <span class='ocrx_word' id='word_1_466' title='bbox 918 4552 945 4602; x_wconf 92' lang='lat' dir='ltr'>h.</span> <span class='ocrx_word' id='word_1_467' title='bbox 964 4551 981 4602; x_wconf 90' lang='lat' dir='ltr'>l.</span> <span class='ocrx_word' id='word_1_468' title='bbox 1000 4550 1176 4603; x_wconf 84' lang='lat' dir='ltr'>conclusionis</span> <span class='ocrx_word' id='word_1_469' title='bbox 1196 4555 1339 4617; x_wconf 89' lang='lat' dir='ltr'>propositio</span> <span class='ocrx_word' id='word_1_470' title='bbox 1356 4555 1457 4614; x_wconf 88' lang='lat' dir='ltr'>minor,</span> <span class='ocrx_word' id='word_1_471' title='bbox 1479 4554 1528 4605; x_wconf 88' lang='lat' dir='ltr'>sed</span> <span class='ocrx_word' id='word_1_472' title='bbox 1545 4569 1644 4606; x_wconf 92' lang='lat' dir='ltr'>novum</span> <span class='ocrx_word' id='word_1_473' title='bbox 1661 4569 1741 4620; x_wconf 83' lang='lat' dir='ltr'>argu·</span> 
     </span>
     <span class='ocr_line' id='line_1_43' title="bbox 419 4627 1738 4693; baseline 0.002 -15"><span class='ocrx_word' id='word_1_474' title='bbox 419 4633 540 4679; x_wconf 87' lang='lat' dir='ltr'>mentum</span> <span class='ocrx_word' id='word_1_475' title='bbox 559 4628 725 4688; x_wconf 87' lang='lat' dir='ltr'>adnectitur;</span> <span class='ocrx_word' id='word_1_476' title='bbox 750 4642 776 4678; x_wconf 91' lang='lat' dir='ltr'>v.</span> <span class='ocrx_word' id='word_1_477' title='bbox 794 4627 979 4690; x_wconf 79' lang='lat' dir='ltr'>Wesenbergii</span> <span class='ocrx_word' id='word_1_478' title='bbox 1001 4627 1141 4677; x_wconf 77' lang='lat' dir='ltr'>Emeudott.</span> <span class='ocrx_word' id='word_1_479' title='bbox 1168 4627 1262 4677; x_wconf 69' lang='lat' dir='ltr'>luserat.</span> <span class='ocrx_word' id='word_1_480' title='bbox 1281 4629 1312 4678; x_wconf 92' lang='lat' dir='ltr'>ll.</span> <span class='ocrx_word' id='word_1_481' title='bbox 1338 4641 1365 4693; x_wconf 83' lang='lat' dir='ltr'>p.</span> <span class='ocrx_word' id='word_1_482' title='bbox 1384 4627 1424 4679; x_wconf 81' lang='lat' dir='ltr'>tt.</span> <span class='ocrx_word' id='word_1_483' title='bbox 1445 4652 1472 4663; x_wconf 92' lang='lat'><em>-</em></span> <span class='ocrx_word' id='word_1_484' title='bbox 1495 4629 1536 4680; x_wconf 88' lang='lat' dir='ltr'>tt.</span> <span class='ocrx_word' id='word_1_485' title='bbox 1554 4630 1643 4679; x_wconf 75' lang='lat' dir='ltr'>intumi</span> <span class='ocrx_word' id='word_1_486' title='bbox 1660 4632 1689 4680; x_wconf 87' lang='lat' dir='ltr'>G.</span> <span class='ocrx_word' id='word_1_487' title='bbox 1710 4655 1738 4666; x_wconf 96' lang='lat'><em>-</em></span> 
     </span>
     <span class='ocr_line' id='line_1_44' title="bbox 422 4702 1739 4767; baseline 0.002 -15"><span class='ocrx_word' id='word_1_488' title='bbox 422 4702 460 4752; x_wconf 81' lang='lat' dir='ltr'>ta.</span> <span class='ocrx_word' id='word_1_489' title='bbox 478 4703 572 4752; x_wconf 83' lang='lat' dir='ltr'>socium</span> <span class='ocrx_word' id='word_1_490' title='bbox 587 4704 704 4764; x_wconf 82' lang='lat' dir='ltr'>Gilva,</span> <span class='ocrx_word' id='word_1_491' title='bbox 723 4705 812 4765; x_wconf 76' lang='lat' dir='ltr'>Parc,</span> <span class='ocrx_word' id='word_1_492' title='bbox 830 4705 846 4752; x_wconf 78' lang='lat'><strong>5</strong></span> <span class='ocrx_word' id='word_1_493' title='bbox 863 4704 941 4754; x_wconf 64' lang='lat' dir='ltr'>oxu:</span> <span class='ocrx_word' id='word_1_494' title='bbox 959 4702 1053 4751; x_wconf 81' lang='lat' dir='ltr'>socium</span> <span class='ocrx_word' id='word_1_495' title='bbox 1067 4715 1127 4752; x_wconf 85' lang='lat' dir='ltr'>vcro</span> <span class='ocrx_word' id='word_1_496' title='bbox 1144 4703 1196 4753; x_wconf 87' lang='lat' dir='ltr'>Oc.</span> <span class='ocrx_word' id='word_1_497' title='bbox 1216 4729 1244 4740; x_wconf 91' lang='lat'><em>-</em></span> <span class='ocrx_word' id='word_1_498' title='bbox 1268 4704 1307 4753; x_wconf 85' lang='lat' dir='ltr'>ts.</span> <span class='ocrx_word' id='word_1_499' title='bbox 1323 4703 1380 4767; x_wconf 70' lang='lat' dir='ltr'>flori</span> <span class='ocrx_word' id='word_1_500' title='bbox 1396 4704 1514 4763; x_wconf 71' lang='lat' dir='ltr'>ilczv.</span> <span class='ocrx_word' id='word_1_501' title='bbox 1535 4731 1562 4742; x_wconf 92' lang='lat'><em>-</em></span> <span class='ocrx_word' id='word_1_502' title='bbox 1581 4718 1668 4755; x_wconf 75' lang='lat' dir='ltr'>oecon</span> <span class='ocrx_word' id='word_1_503' title='bbox 1684 4718 1739 4755; x_wconf 92' lang='lat' dir='ltr'>om.</span> 
     </span>
     <span class='ocr_line' id='line_1_45' title="bbox 421 4777 1740 4844; baseline 0.002 -17"><span class='ocrx_word' id='word_1_504' title='bbox 421 4777 567 4841; x_wconf 70' lang='lat' dir='ltr'>Glisma.</span> <span class='ocrx_word' id='word_1_505' title='bbox 588 4804 616 4815; x_wconf 92' lang='lat'><em>-</em></span> <span class='ocrx_word' id='word_1_506' title='bbox 635 4778 812 4829; x_wconf 68' lang='lat' dir='ltr'>amatissime</span> <span class='ocrx_word' id='word_1_507' title='bbox 829 4779 948 4829; x_wconf 79' lang='lat' dir='ltr'>Gllac:</span> <span class='ocrx_word' id='word_1_508' title='bbox 964 4778 1113 4842; x_wconf 76' lang='lat' dir='ltr'>{or-tissimus</span> <span class='ocrx_word' id='word_1_509' title='bbox 1128 4778 1181 4827; x_wconf 87' lang='lat' dir='ltr'>Tv.</span> <span class='ocrx_word' id='word_1_510' title='bbox 1197 4805 1224 4814; x_wconf 91' lang='lat'>-</span> <span class='ocrx_word' id='word_1_511' title='bbox 1244 4779 1284 4828; x_wconf 80' lang='lat' dir='ltr'>tt.</span> <span class='ocrx_word' id='word_1_512' title='bbox 1302 4777 1378 4841; x_wconf 72' lang='lat' dir='ltr'>officit</span> <span class='ocrx_word' id='word_1_513' title='bbox 1392 4781 1570 4829; x_wconf 71' lang='lat' dir='ltr'>mandatorum</span> <span class='ocrx_word' id='word_1_514' title='bbox 1586 4793 1659 4844; x_wconf 88' lang='lat' dir='ltr'>susp.</span> <span class='ocrx_word' id='word_1_515' title='bbox 1678 4779 1696 4833; x_wconf 65' lang='grc' dir='ltr'>ἓ</span> <span class='ocrx_word' id='word_1_516' title='bbox 1713 4781 1740 4830; x_wconf 93' lang='lat' dir='ltr'>in</span> 
     </span>
     <span class='ocr_line' id='line_1_46' title="bbox 421 4852 1740 4917; baseline 0.002 -15"><span class='ocrx_word' id='word_1_517' title='bbox 421 4864 502 4917; x_wconf 79' lang='lat' dir='ltr'>marg.</span> <span class='ocrx_word' id='word_1_518' title='bbox 523 4878 549 4890; x_wconf 95' lang='lat'>-</span> <span class='ocrx_word' id='word_1_519' title='bbox 571 4852 611 4903; x_wconf 79' lang='grc'>48.</span> <span class='ocrx_word' id='word_1_520' title='bbox 631 4853 716 4904; x_wconf 79' lang='lat' dir='ltr'>omnio</span> <span class='ocrx_word' id='word_1_521' title='bbox 731 4866 757 4904; x_wconf 91' lang='lat' dir='ltr'>v.</span> <span class='ocrx_word' id='word_1_522' title='bbox 778 4881 805 4890; x_wconf 95' lang='lat'>-</span> <span class='ocrx_word' id='word_1_523' title='bbox 824 4853 865 4904; x_wconf 81' lang='lat' dir='ltr'>to.</span> <span class='ocrx_word' id='word_1_524' title='bbox 879 4852 1023 4917; x_wconf 73' lang='lat' dir='ltr'>potuerunt]</span> <span class='ocrx_word' id='word_1_525' title='bbox 1041 4853 1100 4904; x_wconf 85' lang='lat' dir='ltr'>tort.</span> <span class='ocrx_word' id='word_1_526' title='bbox 1115 4854 1250 4916; x_wconf 70' lang='lat' dir='ltr'>potuerint.</span> <span class='ocrx_word' id='word_1_527' title='bbox 1271 4880 1298 4889; x_wconf 97' lang='lat'>-</span> <span class='ocrx_word' id='word_1_528' title='bbox 1322 4853 1364 4903; x_wconf 73' lang='lat'>2⁰.</span> <span class='ocrx_word' id='word_1_529' title='bbox 1380 4866 1446 4903; x_wconf 77' lang='lat' dir='ltr'>ocus</span> <span class='ocrx_word' id='word_1_530' title='bbox 1461 4868 1487 4905; x_wconf 92' lang='lat' dir='ltr'>v.</span> <span class='ocrx_word' id='word_1_531' title='bbox 1508 4879 1535 4890; x_wconf 98' lang='lat'>-</span> <span class='ocrx_word' id='word_1_532' title='bbox 1560 4853 1598 4903; x_wconf 81' lang='lat' dir='ltr'>tta</span> <span class='ocrx_word' id='word_1_533' title='bbox 1613 4867 1680 4903; x_wconf 79' lang='lat' dir='ltr'>nuuc</span> <span class='ocrx_word' id='word_1_534' title='bbox 1694 4854 1740 4904; x_wconf 79' lang='lat' dir='ltr'>lo-</span> 
     </span>
     <span class='ocr_line' id='line_1_47' title="bbox 420 4927 1737 4992; baseline 0.003 -15"><span class='ocrx_word' id='word_1_535' title='bbox 420 4927 496 4978; x_wconf 78' lang='lat' dir='ltr'>mioes</span> <span class='ocrx_word' id='word_1_536' title='bbox 513 4929 542 4978; x_wconf 92' lang='lat' dir='ltr'>G.</span> <span class='ocrx_word' id='word_1_537' title='bbox 563 4951 590 4964; x_wconf 90' lang='lat'>-</span> <span class='ocrx_word' id='word_1_538' title='bbox 609 4928 650 4979; x_wconf 62' lang='grc' dir='ltr'>Ἠ.</span> <span class='ocrx_word' id='word_1_539' title='bbox 667 4929 739 4979; x_wconf 77' lang='lat' dir='ltr'>initio</span> <span class='ocrx_word' id='word_1_540' title='bbox 759 4940 813 4979; x_wconf 91' lang='lat' dir='ltr'>om.</span> <span class='ocrx_word' id='word_1_541' title='bbox 831 4930 861 4978; x_wconf 93' lang='lat' dir='ltr'>G.</span> <span class='ocrx_word' id='word_1_542' title='bbox 882 4955 910 4965; x_wconf 90' lang='lat'>-</span> <span class='ocrx_word' id='word_1_543' title='bbox 931 4927 1043 4992; x_wconf 67' lang='lat' dir='ltr'>metopo</span> <span class='ocrx_word' id='word_1_544' title='bbox 1061 4928 1090 4977; x_wconf 91' lang='lat' dir='ltr'>G.</span> <span class='ocrx_word' id='word_1_545' title='bbox 1111 4952 1138 4964; x_wconf 95' lang='lat'><em>-</em></span> <span class='ocrx_word' id='word_1_546' title='bbox 1163 4927 1204 4978; x_wconf 75' lang='lat'>23.</span> <span class='ocrx_word' id='word_1_547' title='bbox 1222 4927 1492 4978; x_wconf 73' lang='lat' dir='ltr'>odocrmrits--cmn</span> <span class='ocrx_word' id='word_1_548' title='bbox 1512 4929 1572 4992; x_wconf 79' lang='lat' dir='ltr'>ipsis</span> <span class='ocrx_word' id='word_1_549' title='bbox 1587 4942 1641 4980; x_wconf 90' lang='lat' dir='ltr'>om.</span> <span class='ocrx_word' id='word_1_550' title='bbox 1661 4932 1690 4981; x_wconf 88' lang='lat' dir='ltr'>G.</span> <span class='ocrx_word' id='word_1_551' title='bbox 1711 4958 1737 4967; x_wconf 93' lang='lat'><em>-</em></span> 
     </span>
     <span class='ocr_line' id='line_1_48' title="bbox 421 4999 1741 5072; baseline 0.004 -21"><span class='ocrx_word' id='word_1_552' title='bbox 421 4999 882 5054; x_wconf 76' lang='lat' dir='ltr'>tt.c0tuac:coccat11sv.-</span> <span class='ocrx_word' id='word_1_553' title='bbox 901 5004 979 5054; x_wconf 83' lang='lat' dir='ltr'>ettam</span> <span class='ocrx_word' id='word_1_554' title='bbox 994 5005 1047 5054; x_wconf 82' lang='lat' dir='ltr'>tam</span> <span class='ocrx_word' id='word_1_555' title='bbox 1063 5016 1108 5054; x_wconf 80' lang='lat' dir='ltr'>nos</span> <span class='ocrx_word' id='word_1_556' title='bbox 1121 5011 1158 5070; x_wconf 84' lang='grc' dir='ltr'>ψ.</span> <span class='ocrx_word' id='word_1_557' title='bbox 1173 5028 1199 5040; x_wconf 92' lang='grc'><strong>-</strong></span> <span class='ocrx_word' id='word_1_558' title='bbox 1220 5003 1260 5054; x_wconf 77' lang='lat'>25.</span> <span class='ocrx_word' id='word_1_559' title='bbox 1274 5007 1379 5054; x_wconf 71' lang='lat' dir='ltr'>oruotm</span> <span class='ocrx_word' id='word_1_560' title='bbox 1394 5004 1527 5054; x_wconf 73' lang='grc' dir='ltr'><strong>ωθῖθνῖεν.</strong></span> <span class='ocrx_word' id='word_1_561' title='bbox 1542 5031 1570 5039; x_wconf 93' lang='grc'>-</span> <span class='ocrx_word' id='word_1_562' title='bbox 1588 5005 1628 5055; x_wconf 80' lang='lat'>27.</span> <span class='ocrx_word' id='word_1_563' title='bbox 1641 5006 1741 5072; x_wconf 71' lang='lat' dir='ltr'>susim]</span> 
     </span>
     <span class='ocr_line' id='line_1_49' title="bbox 423 5077 1741 5141; baseline 0.005 -15"><span class='ocrx_word' id='word_1_564' title='bbox 423 5082 445 5126; x_wconf 84' lang='lat' dir='ltr'>ct</span> <span class='ocrx_word' id='word_1_565' title='bbox 459 5088 485 5128; x_wconf 84' lang='lat' dir='ltr'>v.</span> <span class='ocrx_word' id='word_1_566' title='bbox 506 5103 533 5113; x_wconf 89' lang='lat'><em>-</em></span> <span class='ocrx_word' id='word_1_567' title='bbox 552 5079 683 5128; x_wconf 72' lang='grc' dir='ltr'>αυάαθῖῖθν</span> <span class='ocrx_word' id='word_1_568' title='bbox 699 5077 727 5127; x_wconf 89' lang='lat' dir='ltr'>L.</span> <span class='ocrx_word' id='word_1_569' title='bbox 748 5104 775 5115; x_wconf 96' lang='lat'><em>-</em></span> <span class='ocrx_word' id='word_1_570' title='bbox 793 5079 834 5129; x_wconf 72' lang='lat'>²8.</span> <span class='ocrx_word' id='word_1_571' title='bbox 852 5078 964 5130; x_wconf 71' lang='lat' dir='ltr'>uuum</span> <span class='ocrx_word' id='word_1_572' title='bbox 981 5079 1139 5141; x_wconf 78' lang='lat' dir='ltr'>GMCHx,</span> <span class='ocrx_word' id='word_1_573' title='bbox 1167 5081 1252 5141; x_wconf 72' lang='lat' dir='ltr'>Peru,</span> <span class='ocrx_word' id='word_1_574' title='bbox 1269 5092 1328 5129; x_wconf 91' lang='lat' dir='ltr'>va:</span> <span class='ocrx_word' id='word_1_575' title='bbox 1350 5079 1437 5130; x_wconf 79' lang='lat' dir='ltr'>videtis</span> <span class='ocrx_word' id='word_1_576' title='bbox 1453 5080 1506 5130; x_wconf 90' lang='lat' dir='ltr'>Oc.</span> <span class='ocrx_word' id='word_1_577' title='bbox 1527 5105 1554 5115; x_wconf 93' lang='lat'><em>-</em></span> <span class='ocrx_word' id='word_1_578' title='bbox 1572 5077 1607 5127; x_wconf 75' lang='lat' dir='ltr'>ov</span> <span class='ocrx_word' id='word_1_579' title='bbox 1622 5080 1649 5129; x_wconf 84' lang='lat' dir='ltr'>td</span> <span class='ocrx_word' id='word_1_580' title='bbox 1663 5081 1741 5132; x_wconf 80' lang='lat' dir='ltr'>scetus</span> 
     </span>
     <span class='ocr_line' id='line_1_50' title="bbox 424 5153 1741 5217; baseline 0.005 -14"><span class='ocrx_word' id='word_1_581' title='bbox 424 5162 517 5214; x_wconf 70' lang='lat' dir='ltr'>moereo</span> <span class='ocrx_word' id='word_1_582' title='bbox 539 5153 607 5203; x_wconf 89' lang='lat' dir='ltr'>coni.</span> <span class='ocrx_word' id='word_1_583' title='bbox 625 5154 733 5205; x_wconf 85' lang='lat' dir='ltr'>Ursinus</span> <span class='ocrx_word' id='word_1_584' title='bbox 756 5156 783 5204; x_wconf 90' lang='lat' dir='ltr'>et</span> <span class='ocrx_word' id='word_1_585' title='bbox 804 5154 930 5206; x_wconf 84' lang='lat' dir='ltr'>Graevius</span> <span class='ocrx_word' id='word_1_586' title='bbox 951 5155 1053 5206; x_wconf 88' lang='lat' dir='ltr'>vitiose.</span> <span class='ocrx_word' id='word_1_587' title='bbox 1074 5182 1102 5192; x_wconf 90' lang='lat'>-</span> <span class='ocrx_word' id='word_1_588' title='bbox 1128 5155 1169 5206; x_wconf 75' lang='lat'>29.</span> <span class='ocrx_word' id='word_1_589' title='bbox 1191 5155 1236 5204; x_wconf 75' lang='lat' dir='ltr'>itta</span> <span class='ocrx_word' id='word_1_590' title='bbox 1253 5156 1281 5206; x_wconf 90' lang='lat' dir='ltr'>G.</span> <span class='ocrx_word' id='word_1_591' title='bbox 1303 5181 1330 5191; x_wconf 93' lang='lat'><em>-</em></span> <span class='ocrx_word' id='word_1_592' title='bbox 1355 5154 1591 5217; x_wconf 55' lang='lat' dir='ltr'>quidcuomdlt.</span> <span class='ocrx_word' id='word_1_593' title='bbox 1612 5156 1699 5207; x_wconf 85' lang='lat' dir='ltr'>-ao</span> <span class='ocrx_word' id='word_1_594' title='bbox 1718 5163 1741 5209; x_wconf 82' lang='lat' dir='ltr'>et</span> 
     </span>
     <span class='ocr_line' id='line_1_51' title="bbox 424 5226 1738 5295; baseline 0.007 -21"><span class='ocrx_word' id='word_1_595' title='bbox 424 5235 475 5275; x_wconf 92' lang='lat' dir='ltr'>om.</span> <span class='ocrx_word' id='word_1_596' title='bbox 494 5226 528 5287; x_wconf 86' lang='lat' dir='ltr'>G;</span> <span class='ocrx_word' id='word_1_597' title='bbox 547 5241 578 5277; x_wconf 84' lang='lat' dir='ltr'>ac</span> <span class='ocrx_word' id='word_1_598' title='bbox 593 5241 619 5278; x_wconf 89' lang='lat' dir='ltr'>v.</span> <span class='ocrx_word' id='word_1_599' title='bbox 640 5255 667 5265; x_wconf 91' lang='lat'><em>—</em></span> <span class='ocrx_word' id='word_1_600' title='bbox 687 5226 728 5278; x_wconf 82' lang='grc'>34.</span> <span class='ocrx_word' id='word_1_601' title='bbox 746 5233 858 5279; x_wconf 72' lang='lat' dir='ltr'>cuntant</span> <span class='ocrx_word' id='word_1_602' title='bbox 874 5231 1022 5289; x_wconf 77' lang='lat' dir='ltr'>Gllxac:</span> <span class='ocrx_word' id='word_1_603' title='bbox 1041 5235 1137 5280; x_wconf 78' lang='lat' dir='ltr'>constat</span> <span class='ocrx_word' id='word_1_604' title='bbox 1154 5230 1211 5295; x_wconf 85' lang='lat' dir='ltr'>ov,</span> <span class='ocrx_word' id='word_1_605' title='bbox 1231 5229 1310 5283; x_wconf 92' lang='lat' dir='ltr'>codd.</span> <span class='ocrx_word' id='word_1_606' title='bbox 1328 5227 1436 5294; x_wconf 84' lang='lat' dir='ltr'>reliqui,</span> <span class='ocrx_word' id='word_1_607' title='bbox 1454 5230 1484 5279; x_wconf 90' lang='lat' dir='ltr'>ut</span> <span class='ocrx_word' id='word_1_608' title='bbox 1500 5226 1613 5279; x_wconf 88' lang='lat' dir='ltr'>videtur.</span> <span class='ocrx_word' id='word_1_609' title='bbox 1641 5230 1681 5282; x_wconf 80' lang='lat' dir='ltr'>ct.</span> <span class='ocrx_word' id='word_1_610' title='bbox 1699 5245 1738 5284; x_wconf 89' lang='lat' dir='ltr'>or.</span> 
     </span>
     <span class='ocr_line' id='line_1_52' title="bbox 422 5299 1155 5370; baseline 0.005 -17"><span class='ocrx_word' id='word_1_611' title='bbox 422 5311 447 5364; x_wconf 85' lang='lat' dir='ltr'>p.</span> <span class='ocrx_word' id='word_1_612' title='bbox 466 5299 568 5354; x_wconf 77' lang='lat' dir='ltr'>Cluent.</span> <span class='ocrx_word' id='word_1_613' title='bbox 587 5300 611 5368; x_wconf 69' lang='lat' dir='ltr'>fi.</span> <span class='ocrx_word' id='word_1_614' title='bbox 629 5300 688 5356; x_wconf 83' lang='lat' dir='ltr'>tot.</span> <span class='ocrx_word' id='word_1_615' title='bbox 706 5316 734 5370; x_wconf 86' lang='lat' dir='ltr'>p.</span> <span class='ocrx_word' id='word_1_616' title='bbox 752 5302 833 5357; x_wconf 91' lang='lat' dir='ltr'>domo</span> <span class='ocrx_word' id='word_1_617' title='bbox 850 5303 875 5369; x_wconf 67' lang='grc' dir='ltr'>ἓ.</span> <span class='ocrx_word' id='word_1_618' title='bbox 894 5302 951 5357; x_wconf 78' lang='lat' dir='ltr'>tao.</span> <span class='ocrx_word' id='word_1_619' title='bbox 972 5331 1000 5343; x_wconf 83' lang='lat'>-</span> <span class='ocrx_word' id='word_1_620' title='bbox 1016 5304 1039 5356; x_wconf 84' lang='lat' dir='ltr'>at</span> <span class='ocrx_word' id='word_1_621' title='bbox 1055 5306 1115 5369; x_wconf 79' lang='lat' dir='ltr'>qaid</span> <span class='ocrx_word' id='word_1_622' title='bbox 1130 5318 1155 5357; x_wconf 91' lang='lat' dir='ltr'>a.</span> 
     </span>
    </p>
   </div>
   <div class='ocr_carea' id='block_1_4' title="bbox 0 0 2204 6100">
    <p class='ocr_par' dir='ltr' id='par_1_5' title="bbox 0 0 2204 6100">
     <span class='ocr_line' id='line_1_53' title="bbox 0 0 2204 6100; baseline 0 0"><span class='ocrx_word' id='word_1_623' title='bbox 0 0 2204 6100; x_wconf 95' lang='lat' dir='ltr'> </span> 
     </span>
    </p>
   </div>
  </div>
 </body>
</html>
