4367 6109
456 567 497 636 36
748 569 898 638 ORATIO
920 569 998 637 PRO
1022 571 1112 640 SEX.
1132 569 1280 637 Roscio
1301 571 1483 637 AhlElilNO

455 738 585 824 gerendi
611 744 799 822 potestatem
827 740 914 804 solus
941 739 1071 815 haheat,
1100 763 1170 804 cum
1192 761 1302 805 omnes
1324 742 1357 804 in
1378 762 1476 803 unum
1498 745 1658 824 spectent,
1685 759 1770 803 unus

456 835 562 898 omnia
587 832 754 917 gubernet,
783 854 853 897 cum
883 842 930 898 tot
952 837 1111 920 tantisque
1134 836 1268 918 negotiis
1291 836 1446 898 distentus
1469 836 1524 909 sit,
1556 841 1591 897 ut
1612 834 1770 916 respirare

453 927 551 990 libere
573 947 637 991 non
651 927 766 1010 possit,
788 927 815 989 si
830 927 952 1011 aliquid
966 948 1031 992 non
1046 929 1289 1003 animadvertat,
1313 949 1384 991 cum
1399 928 1584 1012 praesertim
1599 936 1662 991 tam
1677 929 1770 992 multi

453 1020 692 1104 occupationem
715 1021 783 1084 eius
805 1021 973 1084 observent
994 1029 1182 1105 tempusque
1197 1029 1409 1104 aucupentur,
1431 1027 1482 1095 ut,
1505 1021 1697 1105 simulatque
1715 1021 1770 1084 ille

429 1114 647 1197 edespexerit,
669 1114 791 1199 aliquid
812 1114 1032 1180 huiuscemodi
1055 1117 1234 1180 moliantur.
1276 1116 1347 1178 Huc
1370 1114 1509 1188 accedit,
1533 1115 1635 1198 quod,
1659 1135 1770 1198 qnam-

451 1207 499 1270 vis
520 1207 574 1271 ille
595 1207 674 1271 felix
694 1208 751 1283 sit,
774 1208 857 1272 sicut
878 1218 940 1284 est,
963 1217 1067 1273 temen
1092 1206 1148 1294 [in]
1172 1217 1260 1272 tanta
1280 1208 1431 1273 felicitate
1453 1229 1546 1271 nemo
1568 1216 1769 1290 potestesse,

451 1302 485 1364 in
506 1322 620 1386 magna
639 1301 760 1366 familia
782 1304 837 1386 qui
859 1305 1018 1367 neminem
1040 1323 1143 1387 neque
1166 1323 1291 1365 servum
1307 1322 1412 1385 neque
1427 1302 1575 1365 libertum
1590 1302 1769 1385 improbum

449 1394 574 1459 habeat.
609 1392 660 1458 23.
682 1396 806 1460 Interea
820 1397 880 1460 istc
897 1399 932 1460 T.
946 1399 1095 1473 Roscius,
1118 1398 1166 1460 vir
1181 1397 1337 1479 optimus,
1359 1403 1545 1478 procurator
1561 1395 1770 1478 Chrysogoni,

449 1489 608 1554 Ameriam
629 1490 733 1566 venit,
762 1491 796 1553 in
816 1492 947 1575 praedia
967 1493 1061 1555 huius
1083 1491 1220 1565 invadit,
1251 1491 1337 1553 hunc
1358 1491 1523 1565 miserum,
1554 1489 1642 1552 luctu
1664 1490 1770 1573 perdi-

413 1592 441 1641 ⁴⁰
450 1592 532 1660 tum,
564 1583 620 1668 qui
646 1585 788 1647 nondum
818 1586 912 1648 ctiam
944 1587 1051 1649 omnia
1070 1592 1203 1668 patemo
1224 1583 1328 1646 funeri
1350 1583 1433 1647 iusta
1455 1583 1617 1657 solvisset,
1648 1584 1770 1646 nudum

450 1679 536 1742 eiicit
563 1679 658 1742 domo
686 1686 782 1762 atque
811 1678 891 1742 iocis
920 1681 1030 1764 patriis
1052 1679 1164 1761 disque
1187 1677 1353 1760 penatibus
1375 1677 1598 1760 praecipitem,
1628 1676 1769 1751 iudices,

449 1773 611 1847 exturbat,
633 1772 701 1856 ipse
723 1773 937 1855 amplissimae
958 1773 1114 1857 pecuniae
1136 1769 1170 1835 fit
1191 1772 1349 1833 dominus.
1388 1771 1451 1846 Qui
1473 1771 1507 1832 in
1528 1789 1587 1832 sua
1607 1789 1642 1832 re
1655 1767 1771 1834 luisset

449 1867 688 1951 egentissimus,
710 1873 793 1940 erat,
814 1873 851 1928 nt
872 1862 920 1940 fit,
943 1865 1084 1930 insolens
1106 1867 1139 1928 in
1162 1865 1273 1928 aliena.
1300 1865 1401 1928 Multa
1415 1865 1520 1948 palam
1535 1865 1663 1926 domum
1678 1883 1769 1927 suam

448 1960 626 2035 auferebat,
647 1960 740 2043 plura
761 1961 841 2023 olam
863 1961 903 2023 de
925 1961 1030 2024 medio
1052 1961 1250 2034 removebat3
1272 1980 1338 2022 non
1359 1979 1460 2042 pauca
1482 1959 1548 2022 suis
1569 1959 1768 2021 adiutoribus

412 2053 534 2136 tilarge
556 2055 720 2138 siluaeque
742 2054 894 2129 donabat,
923 2055 1047 2138 reliqua
1068 2055 1240 2119 constituta
1260 2054 1408 2118 auctione
1430 2052 1594 2117 vendebat.
1637 2052 1694 2115 ix.
1716 2049 1767 2115 ii.

449 2146 543 2224 Quod
563 2147 721 2212 Amerinis
742 2168 843 2233 usque
866 2169 904 2212 eo
926 2149 1029 2211 visum
1051 2156 1101 2210 est
1121 2148 1300 2230 indignum,
1322 2155 1359 2209 ut
1379 2147 1456 2210 urbe
1479 2154 1546 2210 tota
1559 2146 1652 2208 fletus
1668 2147 1767 2229 gemi-

412 2289 413 2293 ,
446 2247 563 2326 tueque
584 2238 683 2306 beret.
718 2241 843 2306 Etenim
872 2241 972 2307 multa
1003 2240 1192 2305 simulante
1215 2241 1325 2305 oculos
1348 2242 1568 2305 versabantur:
1600 2261 1686 2304 mors
1707 2241 1766 2305 hc-

447 2335 541 2399 minis
555 2335 786 2411 florentissimi,
809 2337 883 2399 Sex.
897 2328 1015 2410 Roscii,
1037 2336 1269 2411 crudelissima,
1291 2332 1348 2398 iilii
1362 2346 1468 2400 autem
1483 2337 1552 2400 eius
1573 2343 1696 2418 egestas
1718 2337 1769 2398 in-

447 2428 649 2511 dignissima,
671 2429 723 2493 cui
745 2431 784 2494 de
806 2436 894 2493 tanto
916 2429 1108 2513 patrimonio
1131 2431 1248 2513 praedo
1270 2430 1330 2493 iste
1353 2429 1491 2494 nefarius
1505 2450 1546 2493 ne
1561 2429 1622 2492 iter
1636 2430 1766 2513 quidem

410 2524 488 2586 uad
510 2524 712 2606 sepulchrum
725 2524 863 2607 patrium
878 2523 1073 2607 reliquisset,
1095 2526 1251 2589 bonorum
1266 2525 1385 2607 emptio
1400 2525 1572 2607 flagitiosa,
1594 2523 1766 2606 possessio,

446 2617 546 2693 iuria,
568 2619 713 2703 rapinae,
736 2619 934 2682 donationes.
963 2621 1062 2681 Nemo
1085 2626 1161 2694 erat,
1184 2620 1240 2702 qui
1261 2640 1326 2681 non
1340 2619 1448 2682 ardere
1462 2620 1517 2681 illa
1536 2617 1644 2681 omnia
1658 2616 1767 2680 mallet

448 2734 542 2797 quam
563 2714 670 2778 videre
691 2715 724 2776 in
740 2714 813 2776 Sex.
828 2712 951 2787 Roscii,
972 2713 1032 2775 viri
1048 2713 1160 2795 optimi
1175 2721 1270 2796 atque
1284 2713 1518 2785 honestissimi,
1540 2712 1634 2775 bonis
1648 2712 1768 2775 iactan-

448 2813 511 2869 tem
532 2826 567 2870 se
581 2827 619 2869 ac
633 2806 847 2870 dominantem
863 2807 898 2868 T.
914 2806 1074 2868 Roscium.
1108 2803 1159 2868 25.
1180 2808 1292 2891 ltaque
1308 2808 1513 2870 decurionum
1528 2807 1690 2869 decretum
1705 2814 1767 2870 sta·

447 2900 505 2962 tim
520 2896 570 2975 iit,
592 2907 629 2964 ut
644 2901 752 2963 decem
767 2900 861 2983 primi
876 2899 1118 2983 proficiscantur
1139 2901 1179 2963 ad
1194 2902 1229 2963 L.
1246 2902 1365 2965 Sullam
1380 2902 1581 2983 doceantque
1597 2921 1687 2976 enm,
1711 2902 1766 2984 qui

410 2993 496 3056 sevir
524 2994 597 3057 Ser.
619 2995 752 3059 Roscius
783 2993 896 3067 luerit,
930 3001 1165 3075 conquerantur
1192 2996 1231 3057 de
1258 2996 1391 3057 istorum
1420 2994 1540 3058 scelere
1562 3003 1594 3058 et
1623 2995 1765 3068 iniuriis,

447 3094 553 3162 orent,
574 3096 611 3151 ut
632 3095 663 3151 ct
685 3087 772 3149 iliius
793 3087 910 3149 mortui
931 3085 1047 3149 samam
1069 3096 1102 3150 et
1122 3086 1178 3151 filii
1201 3090 1378 3153 innocentis
1399 3090 1543 3152 fortunas
1564 3096 1765 3153 conservatas

446 3180 534 3245 velit.
568 3184 673 3265 Atque
694 3181 799 3264 ipsum
822 3181 997 3256 decretum,
1026 3201 1165 3263 quaeso,
1193 3184 1384 3265 cognoscite.
1419 3184 1595 3247 Dncssrun
1616 3203 1766 3246 neccaro·

445 3292 520 3337 nusi.
557 3275 666 3358 Legati
688 3275 722 3337 in
744 3282 846 3339 castra
867 3276 1007 3339 veniunt.
1042 3276 1249 3359 Intelligitur,
1280 3277 1420 3351 iudices,
1442 3278 1475 3340 id
1497 3277 1584 3361 quod
1606 3278 1669 3341 iem
1691 3283 1764 3342 ante

447 3366 531 3443 diri,
553 3368 753 3451 imprudente
775 3370 810 3432 L.
827 3370 915 3433 Sulla
937 3370 1057 3433 scelera
1070 3370 1149 3433 haec
1164 3380 1196 3434 et
1209 3368 1328 3454 flagitia
1342 3368 1419 3435 lieri.
1451 3373 1530 3433 Nam
1545 3370 1651 3433 statim
1667 3370 1766 3454 Chry·

511 3545 535 3593 1.
554 3543 626 3608 uem]
649 3543 714 3594 sotus
730 3546 780 3595 111.
801 3572 828 3581 -
847 3545 871 3597 t.
889 3548 925 3613 ut]
944 3552 967 3598 et
984 3550 1012 3598 G.
1028 3576 1055 3585 -
1074 3551 1098 3598 5.
1117 3550 1253 3611 respecerii
1269 3550 1325 3610 111,
1349 3548 1408 3599 cod.
1428 3550 1499 3598 lann.
1519 3546 1602 3611 (omui
1620 3552 1697 3608 utque
1716 3546 1766 3597 clio

445 3619 582 3680 respexerit
598 3618 666 3669 coni.
685 3620 714 3670 11.
732 3620 930 3684 Boemoraeus.)
949 3649 977 3658 -
995 3623 1134 3674 huiusmodi
1152 3638 1177 3675 v.
1198 3651 1225 3661 -
1247 3624 1504 3674 moliantur··sicut
1519 3626 1554 3673 est
1570 3634 1624 3673 om.
1642 3624 1673 3673 G.
1693 3648 1722 3660 -
1740 3623 1764 3673 b.

445 3690 516 3756 eae]
528 3696 556 3741 ut
567 3693 594 3742 L.
610 3716 637 3727 -
657 3693 684 3742 ie
696 3691 839 3744 delendum
851 3708 910 3746 esse
923 3696 1015 3747 Lamb.
1029 3699 1171 3762 perspexit.
1187 3726 1214 3735 ·-
1233 3698 1313 3763 taeta]
1325 3700 1374 3749 isio
1385 3701 1445 3761 Lag.
1459 3700 1483 3748 i.
1498 3724 1525 3734 -
1543 3709 1606 3758 esse,
1624 3696 1765 3762 iemcpnol

446 3767 485 3817 sic
500 3767 603 3830 primus
619 3767 680 3817 Ern.
699 3768 866 3831 interpunxit.
882 3794 910 3806 -
929 3769 953 3819 1.
973 3772 1015 3833 qui
1033 3785 1086 3822 om.
1100 3775 1135 3830 G;
1154 3774 1214 3835 quie
1230 3772 1335 3837 thagg.
1349 3800 1378 3810 -
1396 3786 1492 3823 secem
1508 3772 1569 3837 Lag.
1582 3772 1624 3824 11.
1639 3798 1667 3809 -
1685 3786 1765 3835 eoque

446 3853 500 3891 om.
525 3841 585 3905 Lag.
603 3843 644 3892 26.
666 3868 693 3878 -
717 3843 821 3894 libonem
839 3846 889 3904 111,
907 3859 935 3904 χ.
955 3872 983 3881 -
1006 3846 1029 3895 8.
1048 3847 1092 3895 iste
1110 3860 1163 3897 om.
1182 3849 1210 3898 T.
1231 3874 1258 3882 -
1282 3848 1317 3911 1.]
1337 3848 1371 3897 ri.
1389 3849 1439 3907 hil,
1458 3846 1530 3909 quod
1547 3847 1639 3898 vitium
1656 3848 1764 3913 saepius

446 3913 535 3965 habet.
556 3942 583 3952 -
602 3916 626 3966 9.
644 3916 743 3966 huiusce
759 3918 820 3980 Lag.
839 3917 878 3968 13.
900 3944 926 3954 -
943 3920 1068 3980 perditum
1084 3922 1148 3969 Gc:
1171 3923 1297 3983 preditum
1313 3923 1405 3985 Μχψ
1417 3934 1460 3972 ac
1477 3925 1504 3971 ct
1520 3921 1620 3985 aliquot
1634 3922 1714 3986 Lagg.
1736 3950 1763 3959 -

447 3990 487 4040 io.
505 3990 590 4040 omnio
606 4003 658 4042 om.
678 4004 771 4042 ccum
788 3990 887 4055 aliquot
903 3993 981 4043 codd.
1000 3998 1029 4044 ut
1046 3995 1164 4056 videtur,
1182 3996 1208 4045 id
1225 3995 1297 4059 quod
1312 4009 1397 4046 unum
1406 4009 1499 4047 verum
1517 4010 1578 4048 esse
1589 3996 1764 4048 Buechnerus

446 4061 560 4127 probare
577 4068 687 4115 conatus
699 4068 754 4126 est;
773 4069 800 4116 at
811 4068 898 4118 firmat
908 4071 994 4120 omnic
1005 4072 1084 4120 etiam
1096 4069 1181 4120 schol.
1196 4072 1291 4121 Lucani
1304 4071 1345 4120 111.
1356 4071 1397 4121 61.
1411 4083 1437 4135 p.
1451 4072 1499 4122 686
1511 4070 1601 4134 weh,
1618 4072 1665 4137 qui
1676 4074 1766 4124 nmen

446 4137 521 4187 etiem
532 4150 584 4214 om.
604 4138 642 4190 Ci.
655 4140 699 4190 Os.
715 4167 742 4179 -·
762 4142 802 4191 11.
815 4143 884 4192 eiecit
898 4145 952 4194 Gli
961 4157 975 4193 a
985 4158 1015 4204 c,
1033 4144 1123 4196 loix.
1138 4148 1165 4193 ei
1175 4144 1273 4208 aliquot
1284 4146 1361 4209 Lagg.
1375 4146 1470 4208 [ortum
1482 4160 1514 4196 ex
1525 4149 1616 4198 vetere
1633 4146 1765 4212 scriptura

446 4212 502 4261 eicit
517 4226 598 4277 prave
610 4217 718 4275 memte,
737 4218 767 4266 ut
776 4217 891 4267 vicissim
905 4217 928 4281 Β.
942 4219 982 4269 39.
999 4220 1045 4270 Ox.
1059 4220 1079 4269 C
1091 4218 1163 4269 obicit
1180 4218 1261 4270 habet
1277 4234 1324 4284 pro
1337 4220 1438 4280 obiecit).
1454 4244 1480 4256 -
1495 4221 1560 4271 eiicit
1570 4221 1601 4272 de
1611 4221 1684 4273 domo
1694 4235 1721 4274 v.
1735 4249 1763 4259 -

446 4285 540 4347 diisque
556 4288 576 4337 G
588 4287 613 4339 11
624 4301 639 4337 v
651 4302 666 4337 a
678 4301 701 4339 c.
722 4317 749 4326 —
766 4292 927 4354 praecipitem
943 4294 1034 4344 iudices
1044 4295 1095 4344 liv
1107 4305 1138 4342 c:
1157 4293 1258 4345 addunt
1267 4295 1327 4345 Sec.
1340 4293 1381 4344 vel
1398 4294 1502 4344 &maen
1517 4297 1579 4347 ante
1595 4296 1648 4347 iud.
1661 4295 1677 4349 l
1688 4298 1763 4361 011„

446 4359 551 4426 lLagg.
565 4365 592 4413 et
607 4376 632 4424 a,
651 4366 725 4417 cuius
742 4366 947 4432 interpolationis
964 4372 1037 4433 origo
1049 4383 1081 4420 ex
1093 4371 1115 4419 G
1125 4374 1246 4433 apparet,
1264 4370 1309 4434 qui
1326 4369 1422 4419 habet:
1438 4370 1765 4432 praecipitemiuiieeesea

446 4436 539 4487 turbet.
559 4438 597 4488 ei.
610 4438 634 4502 ἓ.
648 4439 672 4490 8.
684 4466 713 4477 -
732 4442 772 4492 13.
785 4444 812 4491 ie
822 4443 931 4494 decan
942 4458 969 4508 c,
987 4448 1064 4495 Anus.
1077 4446 1156 4496 illese.
1168 4458 1194 4509 p.
1207 4444 1250 4495 iti
1266 4443 1351 4494 Lind.:
1370 4445 1396 4493 ie
1406 4444 1515 4494 alenam
1527 4444 1620 4508 Gllv,
1639 4446 1763 4499 eon.-

445 4510 473 4559 io
488 4511 588 4560 mmo
603 4514 633 4562 G.
654 4540 681 4548 —
705 4514 744 4566 ii.
763 4517 881 4580 efferebat
897 4519 946 4569 nii.
968 4546 995 4555 -
1015 4520 1054 4569 lb.
1073 4522 1148 4582 effuse
1162 4525 1219 4570 suet
1235 4518 1344 4569 dmmbat
1359 4522 1388 4568 G.
1410 4546 1436 4554 —
1462 4520 1501 4569 ti.
1518 4521 1605 4583 fierem
1621 4522 1651 4573 G.
1672 4546 1700 4557 -
1719 4521 1761 4572 io.

446 4584 535 4647 emptio
553 4588 691 4651 nequicie,
708 4592 836 4656 possessio]
858 4595 948 4656 ereptio
966 4596 1109 4659 flagitiose,
1129 4596 1255 4661 flagitiose
1267 4594 1385 4656 possessio
1402 4594 1576 4644 Memmianus
1596 4594 1718 4646 Lambini
1738 4596 1765 4646 ot

446 4658 556 4710 tortasse
579 4659 784 4729 aliquotiens.
806 4668 841 4726 O;
863 4670 953 4731 emptio
968 4671 1109 4734 flagitiosa,
1130 4670 1256 4720 malitiose
1269 4682 1335 4731 poss.
1353 4670 1421 4718 coni.
1443 4667 1623 4720 Buechnerus.
1650 4668 1764 4730 Quidem

447 4734 535 4798 (ctiam
547 4735 570 4797 a)
588 4734 749 4801 distinguere
761 4740 924 4793 maluerunt:
943 4743 1063 4796 bonorum
1073 4748 1174 4809 emptio,
1191 4745 1318 4810 flcpitioso
1330 4757 1412 4807 poes.;
1430 4745 1458 4792 at
1468 4757 1492 4793 v.
1506 4742 1583 4794 orell.
1597 4745 1628 4808 (2)
1640 4745 1668 4796 et
1683 4745 1761 4810 impr.

446 4807 544 4862 Oscnh.
563 4822 590 4875 p.
609 4809 641 4860 111
657 4824 716 4877 sqq.
737 4840 764 4849 -
786 4815 827 4866 11.
845 4817 990 4869 mactiones
1006 4833 1058 4871 om.
1077 4821 1135 4871 iis.
1156 4848 1184 4857 -
1206 4821 1296 4870 erdem
1311 4820 1357 4868 iiic
1372 4819 1457 4868 onmis
1472 4819 1624 4871 Rufinianus
1642 4818 1676 4883 (fl.
1695 4819 1761 4882 ibi:

446 4896 500 4934 om.
518 4883 563 4933 iiic
580 4883 658 4935 codd.
676 4885 784 4938 Tulliani
801 4892 873 4942 eto.
901 4894 1014 4945 «Rursus
1031 4908 1064 4945 er
1080 4895 1226 4959 archetypo
1247 4893 1325 4944 codd.
1343 4896 1495 4945 nostrorum
1512 4894 1609 4946 excidit
1624 4901 1700 4959 prom
1718 4905 1764 4943 ne·

446 4960 606 5023 cessarium,
630 4972 683 5025 quo
705 4962 803 5013 omisso
819 4963 974 5029 ambiguum
991 4967 1032 5029 iit,
1053 4971 1142 5021 utrum
1159 4969 1210 5019 hcc
1226 4968 1315 5032 ipsum
1331 4966 1420 5018 dicere
1439 4967 1566 5021 voluerit:
1592 4968 1682 5019 erdem
1698 4968 1763 5019 bono

444 5033 473 5084 S.
490 5034 585 5096 liescii,
603 5046 637 5085 en
654 5034 733 5086 nimia
744 5036 908 5101 hyperbole:
927 5042 1011 5090 omnic
1026 5045 1124 5094 misceri
1139 5050 1213 5107 atque
1225 5042 1396 5106 perturbari.-
1409 5045 1453 5094 0a.
1466 5045 1491 5096 2.
1507 5072 1534 5082 -
1552 5044 1594 5097 ii.
1606 5044 1679 5095 Secti
1690 5045 1719 5095 G.
1732 5069 1759 5079 -

445 5107 486 5159 2³.
504 5108 537 5174 se]
560 5122 612 5161 sese
625 5110 687 5172 Lag.
707 5110 747 5160 io.
767 5135 796 5147 -
814 5112 854 5164 ii.
873 5114 979 5178 Seiam]
997 5117 1036 5168 sic
1052 5117 1078 5168 b.
1097 5117 1114 5168 l.
1133 5120 1198 5169 Glll
1220 5120 1247 5168 et
1263 5117 1340 5183 paulo
1355 5118 1463 5171 inlerius
1479 5120 1559 5172 Sulla.
1579 5144 1608 5158 -
1626 5120 1667 5172 ii.
1684 5123 1714 5171 ut
1729 5116 1760 5183 et]

445 5185 634 5243 11111111.-
657 5185 699 5236 27.
721 5185 845 5237 metum
864 5189 1025 5240 decurionum
1047 5204 1100 5243 om.
1120 5193 1155 5254 C;
1181 5194 1304 5243 bereum
1323 5193 1384 5243 decii
1400 5196 1429 5244 G.
1449 5221 1477 5231 —
1494 5194 1536 5245 28.
1554 5193 1581 5245 ie
1596 5194 1662 5258 quoi
1677 5205 1709 5248 c:
1733 5196 1762 5247 tii

446 5258 513 5319 qued
528 5258 678 5319 Gellii,
695 5259 734 5311 oei
749 5261 815 5324 quod
829 5275 863 5325 χ;
882 5264 948 5327 quod
964 5265 1022 5318 Ale.
1050 5266 1089 5319 ci.
1106 5280 1134 5333 p.
1151 5268 1225 5323 Font.
1243 5267 1268 5331 ἓ.
1287 5266 1336 5321 ti:
1352 5268 1380 5321 ii
1395 5269 1461 5333 quod
1475 5268 1531 5322 eici
1545 5272 1630 5325 com.
