4367 6109
757 566 1108 635 cmxuv-xnv.
1133 519 1409 653 44444444.
1694 573 1735 638 os

422 736 495 800 Sex.
518 737 625 802 Roscii
644 736 764 802 mederi
784 738 930 814 debeam,
951 739 1114 805 reduviam
1136 761 1252 804 curem.
1287 739 1357 802 Non
1379 738 1463 803 enim
1483 739 1604 804 laborat
1618 740 1658 804 de
1679 763 1735 825 pe-

422 831 534 908 cunia,
563 852 628 896 non
655 833 751 896 ullius
778 835 932 897 rationem
960 835 1009 897 sui
1030 834 1185 897 commodi
1207 834 1312 897 ducit:
1340 833 1434 898 focile
1456 841 1624 918 egestatem
1646 857 1734 900 suam

422 945 457 989 sc
483 926 621 990 laturum
650 935 754 1009 putat,
787 929 815 991 si
840 928 900 992 bac
928 928 1057 1011 indigna
1086 928 1266 1011 suspicione
1289 936 1320 992 44
1341 924 1412 992 ficto
1434 928 1564 992 crimine
1585 928 1734 995 liberatus

422 1020 472 1082 sit.
516 1015 587 1082 ⁴29.
609 1021 726 1084 Verum
748 1041 867 1106 quaeso
889 1041 908 1085 a
929 1022 1031 1095 vobis,
1053 1021 1189 1095 iudices,
1210 1029 1246 1085 ut
1266 1020 1345 1085 hoec
1366 1041 1481 1106 paucq,
1503 1042 1585 1107 quae
1606 1033 1734 1099 restant,

421 1111 467 1175 ita
486 1113 638 1188 audistis,
660 1122 697 1179 ut
716 1116 829 1198 partim
850 1135 902 1178 me
924 1115 1026 1178 dicere
1048 1135 1106 1198 pro
1127 1134 1177 1177 me
1198 1115 1267 1197 ipso
1288 1117 1421 1198 putetis,
1447 1118 1559 1199 partim
1580 1138 1638 1201 pro
1661 1120 1734 1183 Sex.
1755 1138 1771 1185 4

421 1207 545 1271 lloscio.
589 1209 679 1284 Quae
701 1210 786 1272 enim
808 1210 967 1293 mihiipsi
988 1208 1119 1291 indigna
1141 1217 1172 1270 et
1192 1208 1401 1272 intolerabilia
1422 1210 1567 1274 videntur
1588 1230 1734 1294 quaeque

420 1300 462 1363 ad
483 1321 609 1376 omnes,
630 1303 692 1366 nisi
714 1303 933 1386 providemus,
956 1303 1089 1367 arbitror
1109 1303 1284 1385 pertinere,
1307 1322 1345 1366 ea
1363 1322 1421 1386 pro
1435 1323 1486 1366 mc
1500 1304 1570 1387 ipso
1585 1324 1626 1367 ex
1639 1305 1735 1368 animi

420 1393 485 1457 mei
506 1415 602 1459 sensu
623 1416 660 1460 ac
682 1397 791 1461 dolore
813 1399 1003 1481 pronuntio:
1035 1416 1117 1480 quae
1139 1397 1179 1461 ad
1200 1395 1294 1458 buius
1314 1396 1397 1459 ritae
1418 1416 1525 1460 casum
1547 1417 1735 1483 causamque

420 1490 614 1571 pertineant,
646 1498 678 1554 et
705 1490 784 1576 quid
811 1490 863 1554 hio
888 1511 947 1574 pro
976 1511 1010 1554 se
1041 1490 1105 1553 dici
1127 1490 1203 1553 velit
1224 1496 1255 1552 et
1276 1509 1340 1574 qua
1361 1489 1547 1553 condicione
1569 1500 1735 1556 contentus

421 1581 479 1657 sit,
501 1585 564 1647 iam
586 1585 619 1646 in
642 1591 782 1649 extrema
803 1585 943 1648 oratioue
964 1591 1087 1659 nostra,
1109 1583 1249 1659 iudices,
1271 1583 1415 1647 audietis.
1457 1585 1552 1647 XLV.
1575 1581 1646 1649 430.
1667 1587 1734 1670 Ego
1744 1608 1771 1655 to

419 1672 499 1738 baec
525 1697 545 1742 a
574 1677 777 1762 Chrysogono
806 1698 877 1742 mea
904 1685 1016 1763 sponte
1046 1685 1167 1741 remoto
1190 1677 1263 1740 Seu.
1285 1677 1399 1741 Roscio
1421 1696 1559 1761 quaero:
1588 1681 1735 1763 primum,

421 1787 519 1853 quare
541 1772 619 1846 civis
642 1773 752 1857 optimi
772 1773 857 1836 bona
878 1774 1049 1848 venierint3
1072 1770 1203 1846 deinde,
1226 1791 1325 1856 quare
1347 1771 1483 1835 bominis
1505 1772 1590 1847 eius,
1613 1773 1668 1856 qui
1685 1792 1736 1837 44·

419 1882 476 1946 quc
490 1867 681 1949 proscriptos
701 1886 806 1950 neque
828 1865 913 1949 apud
934 1865 1131 1931 adversarios
1150 1867 1274 1930 occisus
1288 1875 1351 1943 est,
1373 1867 1459 1930 bona
1470 1867 1642 1944 venierint,
1664 1890 1735 1933 cum

419 1957 454 2020 in
476 1977 532 2023 eos
553 1959 640 2024 solos
661 1961 715 2024 lex
736 1960 852 2044 scripta
873 1960 929 2037 sit3
952 1960 1081 2038 deinde,
1105 1981 1202 2046 quare
1224 1962 1387 2046 aliquanto
1408 1968 1481 2044 post
1500 1980 1569 2024 eam
1585 1961 1668 2025 diem
1683 1983 1736 2026 ve·
1790 1964 1793 1975 '

419 2051 554 2129 nierint,
577 2074 659 2139 quae
681 2054 749 2119 dies
771 2057 805 2118 in
826 2055 896 2137 lege
917 2051 1082 2137 praefinito
1103 2063 1166 2132 est;
1196 2054 1329 2131 deinde,
1351 2075 1407 2118 cur
1427 2055 1549 2118 tantulo
1570 2055 1735 2118 venierint
1744 2076 1772 2123 44

421 2145 512 2222 Quae
534 2151 641 2212 omnia
662 2150 707 2224 si,
728 2146 996 2234 quemadmodum
1019 2149 1122 2212 solent
1142 2147 1246 2213 liberti
1268 2168 1405 2233 nequam
1428 2156 1459 2212 et
1472 2148 1607 2231 improbi
1621 2149 1735 2226 iacere,

419 2240 455 2304 in
475 2247 644 2325 patronum
665 2264 758 2306 suum
779 2242 916 2306 voluerit
937 2242 1096 2318 conferre,
1125 2242 1205 2307 nibil
1234 2245 1342 2327 egerit.
1384 2245 1483 2308 Nemo
1506 2250 1554 2306 est
1574 2245 1658 2307 enim
1681 2246 1736 2329 qui

418 2335 554 2410 nesciat,
576 2345 706 2420 propter
725 2335 974 2419 magnitudinem
994 2355 1100 2398 rerum
1121 2336 1220 2400 multa
1240 2337 1371 2414 multos,
1400 2337 1515 2421 partim
1537 2337 1736 2422 imprudente

418 2427 455 2491 L.
477 2428 580 2505 Sulla,
601 2430 807 2494 commisisse.
843 2424 914 2491 t3i.
936 2429 1042 2493 Placet
1062 2429 1157 2512 igitur
1170 2430 1203 2492 in
1218 2429 1268 2494 his
1282 2432 1376 2495 rebus
1389 2430 1511 2515 aliquid
1526 2431 1737 2515 imprudentia

419 2526 604 2608 praeteriri?
624 2527 696 2588 Non
709 2526 823 2609 placet,
831 2524 962 2598 iudices,
977 2523 1033 2586 sed
1046 2544 1177 2588 necesse
1189 2531 1246 2586 est.
1267 2525 1390 2588 Etenim
1407 2526 1434 2587 si
1444 2524 1588 2609 Iuppiter
1598 2526 1773 2609 optimusto

418 2619 592 2694 maximus,
614 2619 703 2681 cuius
724 2625 803 2681 nutu
825 2625 856 2681 44
875 2617 1002 2681 arbitrio
1019 2618 1151 2693 caelum,
1172 2626 1256 2682 terra
1276 2619 1437 2703 mariaque
1459 2626 1620 2702 reguntur,
1641 2641 1736 2704 saepe

418 2715 520 2776 ventis
548 2711 834 2776 vehementioribus
861 2719 915 2774 aut
936 2711 1148 2776 immoderatis
1169 2714 1407 2796 tempestatibus
1429 2721 1483 2776 aut
1510 2713 1608 2777 nimio
1631 2713 1736 2778 calore

420 2814 475 2870 aut
494 2806 685 2870 intolerabili
707 2805 823 2889 frigore
844 2804 1024 2868 hominibus
1046 2805 1170 2881 nocuit,
1192 2808 1286 2870 urbes
1308 2807 1441 2882 delevit,
1463 2805 1569 2890 fruges
1589 2808 1737 2893 perdidit,

421 2920 555 2984 quorum
576 2900 657 2963 nibil
677 2899 811 2983 pernicii
834 2918 930 2963 causa
951 2898 1059 2962 divino
1081 2901 1231 2977 consilio,
1253 2901 1310 2965 sed
1330 2901 1362 2964 ri
1384 2901 1456 2984 ipsa
1477 2909 1509 2964 et
1522 2903 1736 2986 magnitudine

420 3011 525 3056 rerum
545 2992 662 3058 factum
684 3002 848 3077 putamus,
877 3001 910 3056 at
930 2999 1039 3056 contra
1060 2994 1240 3070 commoda,
1266 2995 1381 3079 quibus
1402 2994 1537 3070 utimur,
1559 2994 1774 3079 lucemque,ss

422 3106 484 3170 qna
503 3085 654 3163 fruimur,
677 3087 903 3171 spiritumque,
926 3106 1020 3171 quem
1043 3086 1205 3164 ducimus,
1235 3088 1274 3152 ab
1297 3109 1336 3152 eo
1357 3088 1449 3151 nobis
1472 3087 1539 3150 dari
1562 3098 1656 3172 atque
1678 3089 1737 3152 im·

419 3181 528 3263 pertiri
550 3181 715 3245 videmus:
737 3180 815 3265 quid
836 3181 986 3244 miramur
1006 3181 1041 3243 L.
1060 3181 1197 3257 Sullam,
1217 3201 1291 3245 cum
1313 3182 1400 3245 solus
1421 3201 1488 3245 rem
1509 3181 1666 3264 publicam
1688 3202 1738 3246 re·

420 3280 508 3356 geret
528 3275 700 3361 orbemque
722 3284 875 3340 terrarum
890 3275 1079 3358 gubernaret
1091 3275 1282 3359 imperiique
1297 3275 1509 3350 maiestatem,
1532 3295 1627 3358 quam
1642 3276 1737 3339 armis

419 3375 596 3454 receperat,
618 3369 740 3454 legibus
763 3365 978 3445 confirmaret,
1000 3369 1108 3453 aliqua
1128 3367 1377 3440 animadvertere
1400 3386 1465 3432 non
1485 3368 1654 3452 potuisset
1675 3369 1737 3432 nisi

482 3627 507 3681 4.
524 3629 656 3681 4444444444
672 3629 728 3691 itt,
750 3628 822 3690 sch..
841 3630 900 3680 Par.
918 3626 954 3691 4.,
974 3641 1006 3680 c:
1033 3626 1098 3678 redii
1113 3626 1182 3676 44444
1198 3625 1286 3685 Gld23
1311 3626 1435 3678 rediviam
1450 3628 1510 3689 bo,
1536 3628 1613 3681 codd.
1631 3631 1736 3683 4444444.

417 3703 456 3767 int
471 3704 544 3770 opud
554 3705 661 3756 Festum
678 3716 704 3768 p.
717 3704 775 3755 404.
793 3701 880 3756 444444.
898 3716 950 3754 vox
967 3701 1114 3766 scribitur),
1131 3715 1186 3752 reio
1201 3701 1314 3751 4444444
1330 3702 1383 3752 lv.
1400 3728 1428 3738 -
1445 3716 1530 3755 4444444
1545 3705 1662 3757 livac:
1680 3720 1739 3758 4444

417 3779 453 3840 o,
473 3779 595 3842 worn,
620 3792 698 3830 44444
718 3779 772 3839 εχ.
793 3803 821 3815 -
839 3778 864 3828 8.
881 3778 930 3841 ipsi
951 3791 1004 3829 om.
1024 3780 1078 3828 Gv.
1098 3802 1127 3814 -
1146 3778 1171 3826 ’4.
1194 3777 1274 3826 444444
1298 3776 1410 3828 Gllac.
1430 3780 1689 3842 -prootdeoemou
1709 3809 1737 3819 -

415 3852 441 3904 ’4.
458 3865 493 3905 ero
508 3855 588 3905 444444
604 3854 647 3905 ed.
665 3855 763 3906 444444.
776 3852 862 3904 told:
881 3856 905 3902 ct
921 3853 1000 3903 444444
1016 3853 1223 3915 4444χψν44,
1241 3852 1325 3912 Part..
1348 3851 1441 3904 Franc.
1461 3879 1489 3889 -
1511 3854 1536 3905 8.
1555 3855 1594 3921 oc]
1619 3861 1644 3907 et
1659 3859 1689 3909 G.
1709 3886 1737 3897 -

415 3941 505 3981 4444444
520 3929 680 3995 costumque]
699 3930 830 3981 4444444444
851 3941 985 3991 caecisque
1001 3928 1023 3977 (t
1043 3925 1085 3990 (cl.
1104 3939 1159 3976 ver.
1180 3923 1240 3977 lect.
1259 3925 1294 3976 ad
1311 3938 1351 3976 or.
1369 3940 1396 3993 p.
1414 3927 1482 3979 sest.
1500 3927 1525 3992 5.
1544 3928 1609 3993 44.);
1635 3945 1741 3982 comam
1807 3938 1818 3957 ·

417 4006 487 4057 coni.
506 4004 609 4057 liuhnlt.
627 4004 662 4055 sd
678 4004 755 4056 444444.
774 4006 878 4070 Lupum
894 4005 915 4055 1.
933 4004 984 4065 444,
1008 4002 1050 4053 cul
1066 4014 1153 4052 444444
1169 4014 1202 4052 ex
1218 4014 1273 4051 vor.
1292 3999 1354 4052 lect.
1373 4002 1511 4067 irrepsisse
1528 4005 1646 4070 videtur,
1667 4008 1740 4072 qnod

415 4078 494 4132 valde
519 4078 658 4146 probabile
681 4082 731 4131 est.
752 4107 779 4117 -
807 4080 846 4130 to.
865 4078 926 4144 4444]
944 4091 975 4128 oo
990 4079 1019 4128 1..
1040 4104 1067 4113 -
1093 4083 1182 4128 444444
1203 4079 1316 4129 oratione
1332 4079 1362 4129 G.
1382 4105 1410 4116 -
1436 4079 1476 4130 tt.
1494 4079 1563 4146 4444]
1581 4082 1646 4132 44444
1661 4095 1689 4141 χ.
1710 4109 1738 4119 -

413 4156 545 4219 primii.
566 4181 594 4191 -
616 4155 658 4207 44.
681 4154 817 4206 4444444.
836 4156 865 4204 G.
885 4178 913 4190 -
940 4153 1249 4215 tumescerem&
1274 4153 1430 4204 4444444444.
1450 4155 1515 4214 CT3
1540 4155 1741 4206 deinds--oe-

416 4231 511 4282 44444444
526 4241 580 4282 om.
599 4228 677 4290 oud,
694 4244 723 4290 χ.
743 4255 771 4265 -
789 4241 868 4292 occos
879 4229 1035 4292 proscriptos
1051 4229 1231 4280 llotomonus:
1254 4240 1308 4279 om.
1331 4226 1409 4279 codd.
1428 4241 1531 4280 omnes.
1552 4253 1580 4265 -
1599 4229 1639 4281 43.
1657 4230 1741 4281 44444-

416 4310 479 4356 nott
494 4304 558 4366 bie,
576 4306 630 4355 om.
649 4306 679 4355 (4.
699 4331 727 4341 -
745 4306 908 4354 covaa:
932 4304 1099 4366 4444444844.
1124 4304 1225 4368 (sedin
1240 4304 1283 4354 442
1299 4303 1419 4366 montoso
1435 4316 1493 4368 sup.
1511 4302 1567 4368 lin.)
1586 4331 1613 4340 —
1632 4306 1672 4356 45.
1690 4305 1742 4354 dios

416 4379 468 4446 4444
485 4392 535 4432 ac.
554 4406 583 4417 -
601 4379 687 4430 deindo
702 4378 757 4444 444]
776 4378 834 4429 4444.
852 4378 957 4440 44444444
972 4391 1026 4428 cor.
1046 4404 1074 4413 -
1098 4379 1139 4430 ti.
1157 4379 1224 4429 44444
1240 4390 1294 4429 om.
1314 4379 1407 4429 Franc.
1427 4405 1454 4415 -
1472 4379 1514 4430 48.
1530 4381 1627 4442 partim
1641 4381 1741 4442 444444·

416 4455 488 4506 444444
504 4454 630 4507 codices:
645 4455 744 4518 partim
759 4454 902 4504 condicente
914 4453 1012 4516 partim
1026 4452 1181 4516 4444444444
1198 4466 1237 4504 44
1254 4453 1315 4516 (non
1331 4453 1396 4504 item
1412 4452 1450 4517 v),
1473 4455 1546 4517 quod
1568 4453 1742 4520 supplemen-

416 4531 475 4582 tum
491 4529 584 4582 nescio
600 4529 676 4581 cuins
692 4528 808 4580 editores
818 4541 889 4579 rece.
903 4526 1073 4593 erpulemnt;
1091 4526 1256 4594 probabilius
1268 4530 1309 4579 est
1322 4528 1532 4592 llodvigianum:
1546 4530 1644 4593 partim
1654 4529 1741 4591 444444,

413 4605 513 4669 partim
527 4606 618 4668 mm
637 4606 728 4656 contra
745 4605 805 4655 (444.
824 4604 893 4655 coni.
907 4604 1030 4666 4444444444
1041 4604 1067 4667 (i.
1081 4616 1106 4654 e.
1119 4617 1168 4656 sna
1178 4601 1282 4669 sponte)
1293 4604 1459 4666 topadium
1477 4604 1574 4655 liovius
1586 4605 1624 4668 (11.
1636 4617 1664 4669 p.
1675 4603 1740 4665 toi:

413 4693 461 4745 per
476 4693 504 4733 44
518 4681 594 4744 itm.
619 4679 669 4731 Vix
693 4678 792 4732 suldcit
816 4677 1020 4743 Freudenbergii
1045 4692 1073 4744 p.
1090 4680 1123 4729 lii
1139 4692 1181 4744 sq.
1199 4679 1379 4742 interpretatio
1396 4675 1533 4742 vulgatae:
1559 4679 1640 4729 444444
1653 4677 1743 4727 modos

416 4755 579 4818 4444444444,
592 4759 694 4818 portori
710 4766 795 4804 444444
811 4754 1008 4816 4444444441..
1026 4754 1111 4814 84444,
1130 4753 1202 4819 quod
1219 4754 1242 4804 si
1259 4753 1314 4803 Cic.
1333 4751 1453 4815 dixisset,
1471 4752 1608 4804 dictomris
1624 4752 1741 4802 animum

417 4829 595 4883 vehementer
609 4827 743 4882 violasset.
762 4853 792 4866 -
810 4827 851 4879 49.
870 4828 958 4891 444444
973 4829 1023 4879 ut.
1046 4854 1074 4865 -
1091 4829 1132 4880 20.
1148 4827 1285 4891 4444444444·
1299 4840 1350 4878 non
1362 4826 1445 4891 pioect
1460 4839 1515 4879 om.
1534 4841 1560 4878 4.
1579 4853 1607 4863 -
1625 4825 1666 4877 st.
1681 4839 1743 4888 444-

418 4906 479 4957 44444
493 4919 511 4959 4
526 4916 590 4959 com
607 4902 687 4956 (444444
706 4904 744 4968 (rt.
762 4905 793 4954 Α.
806 4904 849 4954 lx.
868 4901 918 4966 il.)
936 4907 964 4954 44
979 4902 1062 4953 Nonio
1075 4903 1110 4968 (p.
1122 4901 1171 4954 488
1182 4903 1274 4967 llere.)
1288 4918 1295 4953 ε
1307 4905 1418 4968 posticio
1433 4906 1519 4966 (444,
1537 4905 1622 4965 Patr,
1639 4901 1741 4963 tour

417 4981 523 5046 44444444
539 4980 582 5044 lit
596 4979 726 5045 4444444444
740 4975 820 5040 Pell,
834 4977 956 5041 44444444
972 4977 1078 5037 44444.;
1093 4979 1217 5040 mittes
1233 4979 1367 5032 Charisius
1378 4993 1405 5046 p.
1418 4979 1451 5031 88
1463 4978 1539 5031 Lind.
1554 5005 1582 5015 -
1595 4977 1740 5041 44444444.

421 5055 520 5110 4444444
535 5055 554 5108 l.
572 5067 597 5109 4.
616 5079 644 5092 -
662 5053 704 5106 84.
721 5054 817 5118 [octor
833 5065 886 5104 om.
905 5054 935 5103 (t.
956 5078 984 5089 -
1001 5053 1131 5103 44444444
1146 5054 1238 5106 blec:
1255 5055 1389 5106 4444444444
1404 5056 1466 5117 (iv,
1483 5054 1575 5104 5011.
1595 5079 1622 5089 -
1640 5052 1743 5115 44444·

421 5126 1205 5196 ΜΜοῑΜωᾳυθηᾳω6;φ4ή4444444444.
1225 5130 1464 5194 -444444444444
1484 5127 1742 5188 -44444444444

419 5203 487 5272 m]
504 5203 579 5258 addit
593 5204 655 5258 844.
672 5205 773 5256 iudico.
793 5231 821 5241 -
839 5203 880 5255 29.
896 5201 1033 5267 receperat]
1048 5202 1207 5266 reciperarat
1222 5203 1418 5257 commendavit
1433 5200 1526 5253 bamb.
1539 5213 1573 5252 ex
1583 5199 1617 5252 44.
1631 5200 1742 5270 (ceddi)

423 5279 451 5331 in
465 5279 645 5334 4444444444.
664 5306 692 5320 -
710 5279 803 5348 4444444
818 5280 885 5335 lic:
902 5292 961 5333 4444
975 5277 1068 5344 4444444
1083 5278 1211 5347 Geso,
1228 5280 1338 5343 samec
1355 5276 1492 5344 4444444444
1506 5277 1615 5339 4444.

464 5370 635 5428 docebit
1513 5369 1534 5435 5
