4367 6109
441 586 503 652 tid
856 579 1007 644 ORATIO
1028 580 1107 643 PRO
1131 578 1165 642 C.
1186 577 1350 641 RABIRIO

443 758 601 822 amicitiae
628 760 783 824 vetustas,
817 771 886 813 cum
909 749 1043 831 dignitas
1064 748 1219 821 hominis,
1249 767 1320 809 cum
1341 747 1421 808 ratio
1443 743 1679 817 humanitatis,
1714 764 1789 806 cum

445 871 533 915 meae
562 850 644 912 vitae
673 852 826 929 perpetua
854 845 1047 906 consuetudo
1076 844 1116 905 ad
1147 842 1180 905 C.
1203 840 1361 902 Rabirium
1385 836 1627 902 defendendum
1654 843 1707 900 est
1729 836 1787 899 ad·

444 946 581 1016 hortata,
604 950 668 1004 tum
690 959 780 1012 vero,
803 946 838 999 ut
859 938 893 999 id
915 937 1143 1000 studiosissime
1165 934 1316 1006 iacerem,
1338 932 1424 995 salus
1445 931 1492 993 rei
1508 930 1685 1014 publicae,
1708 952 1787 994 con-

446 1037 549 1100 sulare
572 1033 726 1105 officinm,
759 1031 939 1094 consulatus
972 1029 1111 1113 deniquo
1139 1031 1207 1111 ipse
1235 1026 1312 1091 mihi
1334 1045 1398 1087 una
1419 1045 1438 1087 a
1459 1024 1552 1087 vobis
1575 1043 1654 1086 cunr
1680 1024 1786 1089 salute

422 1130 491 1193 orei
513 1128 660 1211 publicae
682 1124 918 1188 commendatus
947 1124 1058 1205 coligit.
1104 1125 1174 1185 Non
1197 1122 1281 1184 enim
1304 1120 1337 1182 C.
1353 1118 1512 1181 Rabirium
1537 1116 1638 1200 culpa
1661 1117 1785 1193 delicti,

446 1244 508 1286 non
530 1221 650 1284 invidia
678 1220 777 1291 vitae,
805 1237 870 1279 non
892 1217 1030 1300 denique
1052 1225 1174 1280 veteres
1197 1216 1297 1279 iustae
1321 1231 1497 1295 gravesque
1519 1211 1715 1275 inimicitiae
1740 1213 1786 1275 ci·

445 1316 529 1380 vium
558 1315 589 1376 in
621 1312 790 1375 discrimen
819 1310 930 1391 capitis
958 1317 1167 1383 vocaverunt,
1197 1307 1252 1371 sed
1275 1315 1309 1370 ut
1334 1305 1412 1368 iilud
1435 1324 1593 1367 summurn
1618 1305 1784 1367 auxilium

446 1408 617 1471 maiestatis
646 1413 751 1488 atque,
771 1404 915 1485 imperii,
944 1403 1030 1486 quod
1052 1403 1144 1466 nobis
1166 1423 1185 1464 a
1206 1401 1378 1464 maioribus
1401 1408 1449 1462 est
1470 1398 1639 1471 traditum,
1676 1397 1719 1459 de
1750 1418 1785 1460 re

445 1502 571 1586 publica
599 1500 780 1571 tolleretur,
810 1506 845 1560 ut
874 1497 951 1559 nihil
981 1498 1113 1580 posthac
1134 1496 1306 1559 auctoritas
1328 1503 1470 1570 senatus,
1501 1497 1581 1562 nihii
1606 1492 1785 1556 consulare

410 1595 628 1679 coimperium,
650 1592 729 1655 nihii
751 1591 918 1654 consensio
940 1591 1095 1653 bonorum
1119 1598 1230 1653 contre
1250 1595 1371 1670 pestem
1393 1608 1429 1650 ac
1450 1591 1626 1669 perniciem
1641 1585 1786 1649 civitatis

445 1690 580 1763 valeret,
602 1686 719 1750 idcirco
743 1685 774 1746 in
796 1685 847 1747 his
869 1687 963 1747 rebus
987 1686 1165 1748 evertendis
1187 1685 1281 1746 unius
1303 1681 1441 1744 hominis
1457 1691 1620 1759 senectus,
1644 1678 1787 1744 infirmi-

445 1791 492 1846 tas
514 1781 715 1861 solitudoque
737 1786 853 1842 tentata
877 1786 933 1841 est.
976 1775 1006 1839 3.
1028 1777 1132 1853 Quam
1154 1779 1298 1849 obrem,
1320 1775 1347 1838 si
1363 1782 1410 1837 est
1424 1775 1500 1838 boni
1516 1777 1682 1853 consulis,
1708 1796 1787 1840 cum

447 1881 559 1938 cuncta
585 1872 702 1935 auxilia
730 1874 775 1935 rei
801 1872 946 1954 publicae
976 1871 1157 1935 labefactari
1180 1869 1380 1952 convellique
1410 1870 1529 1946 videat,
1565 1870 1654 1934 serre
1686 1892 1787 1956 opem

446 1968 582 2050 patriae,
616 1985 798 2028 succurrere
831 1964 924 2027 saluti
960 1964 1159 2049 fortunisque
1188 1963 1422 2035 communibus,
1457 1964 1628 2048 implorare
1659 1966 1787 2028 civium

411 2058 557 2132 totidem,
590 2079 678 2121 suam
709 2060 843 2122 salntem
872 2059 1080 2140 posteriorem
1109 2059 1210 2121 salute
1239 2057 1397 2118 communi
1428 2056 1564 2120 ducere:
1599 2065 1654 2122 est
1685 2060 1787 2121 etiam

445 2153 599 2215 bonorum
621 2158 654 2213 et
674 2151 801 2215 fortium
824 2152 953 2224 civium,
976 2152 1087 2236 quales
1102 2172 1159 2216 vos
1182 2150 1329 2213 omnibus
1350 2150 1395 2213 rei
1416 2150 1557 2233 publicae
1573 2152 1787 2236 temporibus

446 2245 627 2318 exstitistis,
648 2246 858 2308 intercludere
881 2265 990 2308 omnes
1013 2245 1206 2308 seditionum
1221 2245 1306 2317 vias,
1330 2244 1452 2306 munire
1475 2246 1636 2327 praesidia
1652 2245 1703 2308 rei
1723 2267 1788 2328 pu-

446 2338 565 2412 blicae,
588 2360 743 2402 summum
767 2339 799 2400 in
822 2339 1004 2401 consulibus
1025 2339 1208 2421 imperium,
1236 2358 1390 2400 summum
1412 2339 1444 2399 in
1469 2347 1581 2402 senatu
1603 2339 1787 2402 consilium

447 2438 574 2513 putare,
597 2451 635 2493 ea
656 2432 710 2515 qui
732 2439 858 2495 secutus
880 2432 937 2506 sit,
959 2431 1052 2494 lande
1075 2432 1182 2514 potius
1204 2430 1377 2493 ethonore
1400 2452 1494 2515 quam
1516 2452 1623 2514 poena
1649 2440 1683 2496 et
1705 2453 1788 2516 sup-

409 2525 543 2608 sopiicio
565 2524 695 2606 dignum
718 2525 869 2588 iudicare.
913 2521 943 2586 i.
967 2525 1069 2601 Quam
1092 2527 1132 2587 ob
1154 2545 1219 2586 rem
1238 2525 1327 2587 labor
1341 2526 1373 2587 in
1387 2525 1448 2588 hoc
1463 2525 1671 2589 defendendo
1688 2546 1787 2608 prae·

447 2619 541 2699 cipue
569 2637 658 2680 meus
687 2626 751 2693 est,
781 2620 918 2682 studium
941 2640 1015 2683 vero
1038 2619 1246 2682 conservandi
1268 2618 1403 2682 hominis
1426 2640 1592 2682 commune
1614 2619 1701 2682 mihi
1725 2640 1788 2683 vo·

446 2712 569 2773 hiscum
597 2731 667 2774 esse
696 2713 831 2775 debebit.
875 2714 914 2774 ll.
943 2714 995 2776 Sic
1024 2714 1109 2775 enim
1138 2712 1317 2775 existimare
1340 2711 1477 2787 debetis,
1509 2713 1672 2789 Quirites,
1707 2722 1788 2796 post

447 2806 611 2868 hominum
640 2808 821 2869 memoriam
852 2827 918 2869 rem
945 2807 1064 2869 nullam
1092 2808 1257 2879 maiorem,
1288 2806 1386 2886 magis
1415 2807 1645 2889 periculosam,
1677 2810 1786 2890 magis

448 2899 487 2961 ab
516 2898 661 2961 omnibus
689 2899 779 2963 robis
806 2899 1050 2982 providendam,
1079 2919 1185 2983 neque
1209 2919 1227 2961 a
1250 2897 1375 2961 tribuno
1398 2900 1440 2983 pi.
1462 2907 1648 2983 susceptam
1672 2920 1786 2985 neque

411 3008 468 3056 aaa
491 2992 620 3055 consule
643 2991 806 3055 defensam
827 3013 931 3077 neque
953 2992 993 3055 ad
1013 2994 1168 3075 populum
1190 2994 1364 3055 Romanurn
1387 3012 1457 3055 esse
1479 2993 1627 3055 delatam.
1664 2994 1787 3077 Agitur

449 3085 533 3147 enim
564 3085 644 3149 nihil
674 3084 760 3149 aliud
782 3085 814 3148 in
837 3087 896 3149 hac
918 3105 1027 3160 cansa,
1057 3087 1213 3162 Quirites,
1241 3086 1303 3148 nisi
1325 3093 1360 3147 ut
1380 3087 1501 3150 nulium
1523 3088 1563 3149 sit
1584 3088 1726 3169 posthac
1750 3090 1785 3152 in

447 3198 481 3240 re
503 3179 628 3262 publica
648 3180 810 3264 publicum
832 3181 1016 3254 consilinm,
1048 3181 1137 3243 nulia
1157 3181 1312 3242 bonorum
1337 3182 1501 3244 consensio
1523 3188 1636 3245 contra
1658 3183 1786 3267 impro-

446 3272 559 3335 borum
586 3273 726 3337 furorem
755 3281 787 3336 et
816 3274 995 3349 audaciam,
1025 3274 1148 3336 nulium
1170 3274 1320 3337 extremis
1342 3274 1551 3356 reipublicae
1574 3277 1786 3358 temporibus

447 3366 624 3450 perfugium
647 3376 678 3429 et
697 3367 889 3449 praesidium
911 3368 1031 3430 salutis.
1074 3366 1103 3427 5.
1128 3369 1215 3443 Quae
1238 3389 1308 3430 cum
1330 3370 1373 3431 ita
1394 3369 1473 3442 sint,
1506 3368 1665 3451 primum,
1692 3372 1784 3454 quod

409 3459 480 3523 oin
503 3467 589 3522 tanta
611 3459 812 3523 dimicatione
835 3462 961 3545 capitis,
983 3461 1084 3524 famae
1106 3461 1365 3545 fortunarumque
1384 3462 1524 3524 omnium
1546 3458 1615 3523 fieri
1641 3484 1785 3529 necesse

512 3768 536 3814 t.
554 3777 610 3813 eum
627 3766 695 3828 dipsa.
712 3765 829 3826 bominis,
848 3780 938 3816 cumr.
951 3768 1127 3828 hamanitatis,
1144 3780 1280 3817 minmeae
1297 3766 1536 3830 Sudeghiimn
1554 3768 1708 3821 et30xx.:
1727 3778 1786 3824 tum

446 3842 512 3904 dign.
531 3841 555 3889 ir.
574 3841 779 3890 lemniscatas.
798 3846 851 3890 tam
866 3854 936 3891 meae
952 3841 1041 3893 bcik
1058 3847 1085 3893 et
1102 3846 1129 3892 0.
1144 3872 1170 3880 -
1189 3844 1213 3892 ³.
1231 3844 1333 3893 hortata
1349 3843 1444 3892 TL.-
1463 3841 1523 3906 tuor]
1541 3847 1568 3891 at
1585 3841 1628 3891 ab
1641 3844 1783 3898 cdehk.

448 3940 475 3949 -
494 3913 518 3963 i.
536 3928 588 3962 una
605 3928 622 3962 u
637 3913 705 3963 vobis
716 3913 838 3964 Orellins:
857 3929 911 3964 aaa
925 3916 1049 3967 vobiscum
1066 3918 1157 3975 codd,
1178 3919 1239 3977 to;
1258 3918 1303 3966 uni
1319 3931 1336 3965 o
1352 3917 1420 3967 cobis
1436 3917 1588 3967 Torrentius
1605 3917 1632 3966 iu
1653 3924 1784 3984 margine

446 3988 488 4038 ed.
507 3987 578 4048 nid,
604 3988 637 4038 ci.
657 4002 736 4053 supra
758 4002 817 4053 pag.
837 3991 893 4039 sot.
919 4017 945 4027 -
969 3994 993 4041 o.
1011 3994 1077 4042 oilae
1093 3994 1229 4056 Selgia:
1251 3994 1365 4053 vitaeque
1380 3990 1422 4041 vei
1444 3994 1510 4040 citae
1527 4004 1592 4053 quae
1608 3990 1670 4042 reii.
1692 3996 1785 4059 Lago-

445 4064 597 4113 marsiuiani
623 4065 649 4113 et
670 4064 771 4113 Oxonn.
800 4064 865 4113 iiiuc
882 4067 1070 4128 posteritasque
1088 4067 1206 4117 additum
1230 4071 1270 4116 est
1290 4068 1430 4128 turpitudo,
1457 4065 1628 4129 quodetiam
1648 4069 1677 4118 in
1696 4072 1782 4135 Lagg.

445 4136 578 4201 plerisque
596 4138 699 4187 exstare
717 4137 834 4197 videtur,
859 4137 952 4187 saitem
975 4141 1000 4188 in
1023 4140 1084 4191 solis
1102 4140 1170 4192 hcn
1188 4143 1283 4192 deesse
1300 4141 1419 4191 traditur.
1451 4143 1518 4202 noua
1535 4142 1621 4202 arguit
1638 4146 1783 4197 excidisse

444 4211 603 4263 vocabulum
621 4210 739 4275 aliquod,
758 4226 790 4261 ac
801 4212 952 4276 suppletum
965 4216 1006 4263 esi
1018 4215 1043 4263 in
1053 4214 1144 4264 Aldina
1158 4219 1271 4278 uitaeque
1281 4218 1417 4278 turpitudo.
1436 4213 1522 4265 hialim
1532 4216 1650 4278 uitaeque
1661 4223 1782 4283 offensio,

445 4288 515 4351 quod
533 4299 592 4335 voc.
611 4285 672 4336 aiibi
689 4300 714 4336 v.
727 4288 822 4336 inuidia
840 4288 919 4350 iungit
932 4288 1052 4337 Cicero.»
1070 4290 1114 4338 On.
1128 4292 1151 4339 2.
1179 4291 1341 4355 Reiiquimus
1358 4291 1589 4351 iectionemnitae,
1607 4289 1717 4357 aliquot
1728 4297 1784 4348 sai·

445 4364 499 4411 tem
518 4358 595 4409 codd.
615 4362 752 4420 testatam,
772 4375 833 4411 cunr
851 4375 960 4426 prorsus
978 4364 1107 4413 incertum
1125 4367 1159 4414 sit
1176 4367 1238 4429 quid
1256 4367 1338 4424 desit,
1358 4380 1418 4416 nam
1436 4366 1523 4429 potest
1535 4366 1616 4416 etiem
1628 4371 1781 4434 genitivus,

445 4433 515 4485 reiut
526 4448 625 4484 moram
636 4434 810 4485 intercidisse.
830 4436 919 4499 (odae,
940 4438 1046 4499 Quirites
1057 4438 1189 4501 Klotzius.)
1204 4469 1231 4477 —
1243 4442 1334 4490 ciuium
1346 4442 1399 4503 Sg:
1420 4445 1517 4489 tontum
1532 4437 1627 4503 reliqui
1646 4442 1732 4509 Lagg.
1750 4478 1780 4486 -

443 4513 467 4562 8.
487 4511 553 4560 vobis
570 4508 662 4560 Siiki
673 4524 698 4560 n.
714 4536 741 4545 -
755 4511 795 4560 to.
812 4513 943 4573 pernitiem
959 4514 1036 4576 Lagg.
1050 4518 1157 4576 praeter
1174 4513 1217 4565 in.
1231 4542 1258 4550 —
1272 4518 1314 4566 ti.
1327 4529 1368 4564 vv.
1382 4517 1409 4563 ιἰι
1424 4516 1461 4563 bis
1476 4514 1548 4564 rebus
1563 4521 1710 4571 metiendis
1728 4536 1782 4588 pm

443 4584 522 4649 gloss.
536 4583 786 4643 habuitErnestius3
804 4586 852 4637 sed
870 4587 1043 4651 permultum,
1063 4591 1091 4637 ut
1107 4590 1143 4638 ait
1155 4588 1277 4651 Oreiiius,
1295 4590 1329 4639 ad
1346 4591 1508 4640 accusatoris
1524 4589 1652 4643 invidiam
1671 4609 1782 4661 augon.

444 4661 506 4710 dam
523 4659 674 4717 conterunt;
693 4659 730 4708 uit
747 4661 816 4709 enim
834 4665 935 4710 orator:
960 4662 1071 4721 idcirco,
1091 4676 1152 4713 cum
1170 4665 1196 4714 id
1213 4668 1306 4728 egetur
1322 4670 1351 4715 ut
1367 4666 1417 4715 hae
1434 4678 1478 4714 res
1495 4668 1651 4717 evertantur
1670 4675 1726 4723 etc.
1748 4701 1778 4712 -

444 4735 482 4784 ts.
502 4733 606 4784 solitudo
622 4746 647 4796 g.
668 4759 695 4768 -
714 4737 834 4795 temptata
851 4738 876 4786 S.
897 4762 924 4772 -
944 4736 983 4785 sa.
1002 4739 1079 4798 reip.
1099 4739 1198 4787 eremita
1214 4741 1238 4789 ir.
1259 4766 1286 4774 -
1307 4742 1345 4789 ts.
1365 4741 1488 4790 commum
1504 4740 1583 4790 salute
1599 4742 1730 4799 abcdi.
1747 4775 1778 4787 -

444 4810 483 4859 tt.
503 4810 647 4859 omnisSei
664 4808 741 4871 lagg.
760 4812 867 4873 practer
883 4812 931 4859 uk.
954 4838 979 4845 -
998 4813 1168 4861 seditiosorum
1185 4813 1235 4863 ch.
1256 4841 1282 4849 —
1303 4816 1342 4865 i8.
1367 4828 1490 4864 summum
1512 4828 1561 4864 esse
1581 4818 1609 4865 in
1629 4823 1781 4876 consulibus

444 4885 470 4932 t.
493 4910 518 4918 -
538 4886 578 4933 so.
597 4884 708 4933 iudicare
723 4884 875 4934 Turnebus:
901 4886 1009 4933 iudicari
1026 4887 1104 4936 codd.
1119 4914 1145 4922 -
1165 4890 1205 4937 22.
1225 4888 1306 4937 debuit
1322 4887 1337 4938 i
1354 4891 1454 4939 Oxonn.
1479 4888 1569 4949 [babet
1585 4892 1602 4940 S
1620 4893 1730 4961 debebit)
1747 4926 1776 4935 —

442 4959 483 5007 23.
502 4958 597 5006 nudam
607 4972 661 5007 rem
677 4959 705 5007 L.
718 4984 745 4993 -
760 4957 801 5007 st.
819 4959 886 5007 vobis
902 4971 955 5007 om.
969 4960 996 5007 T.
1012 4987 1038 4994 —
1053 4962 1093 5009 25.
1107 4978 1123 5010 a
1132 4962 1224 5023 papirio
1235 4977 1257 5011 r.
1271 4965 1301 5021 S,
1320 4965 1458 5012 itomanam
1470 4976 1522 5012 osu.
1536 4963 1547 5013 i
1553 4964 1570 5012 i.
1586 4991 1614 5000 —
1628 4968 1673 5018 26.
1687 4972 1717 5021 in
1728 4974 1780 5025 tac

442 5046 519 5081 cassa
530 5033 591 5081 nihii
601 5033 672 5082 oitud
681 5033 699 5083 b
709 5032 751 5083 oi.
763 5058 788 5070 -
803 5034 851 5081 obi
861 5034 970 5096 scripsi:
986 5047 1038 5084 om.
1052 5038 1083 5096 S,
1102 5038 1202 5086 Oxonn.
1216 5040 1243 5087 ei
1253 5039 1331 5100 Lagg.
1345 5042 1451 5100 praeter
1462 5052 1476 5086 a
1486 5038 1503 5087 b
1513 5052 1527 5087 e
1537 5039 1558 5098 i,
1577 5040 1604 5090 in
1617 5043 1723 5104 quibus
1736 5054 1781 5102 est

443 5121 531 5169 quone,
557 5110 585 5157 nt
602 5110 626 5157 in
645 5109 717 5159 odiit.
739 5135 763 5145 -
788 5109 828 5157 29.
847 5110 907 5171 post
922 5108 1009 5158 salutis
1025 5113 1065 5159 est
1082 5112 1107 5160 in
1124 5113 1204 5175 Sgh:
1224 5113 1254 5160 ii.
1272 5113 1287 5159 i.
1309 5126 1332 5160 c.
1351 5112 1441 5173 tropat,
1465 5114 1495 5161 ut
1512 5113 1576 5163 item
1593 5115 1664 5166 inira
1685 5121 1713 5184 5.
1733 5125 1776 5175 aa,

444 5185 503 5245 post
518 5196 635 5245 oppresso
651 5189 721 5243 suot;
748 5184 810 5234 hinc
827 5184 852 5233 in
870 5182 925 5233 aiiis
943 5183 1021 5234 codd.
1041 5185 1138 5235 tectum
1156 5189 1197 5236 est
1213 5188 1252 5247 ii„
1271 5189 1298 5235 ut
1317 5188 1342 5235 in
1360 5186 1451 5247 abur,
1479 5189 1505 5237 in
1522 5187 1579 5239 aliis
1594 5192 1634 5251 P..
1652 5197 1686 5246 ut
1704 5199 1733 5249 in
1750 5202 1778 5264 k,

444 5270 512 5320 quae
529 5258 627 5307 menda
646 5258 761 5311 editores
777 5260 883 5310 veteres
900 5260 1033 5323 corrigere
1050 5274 1192 5325 perperam
1210 5262 1296 5313 conati
1313 5266 1384 5313 sunt.
1404 5289 1431 5298 —
1450 5264 1524 5330 qaod]
1543 5279 1592 5328 qao
1609 5268 1637 5318 S.
