4367 6109
805 563 877 657 cis.
899 590 1092 657 vii-viii.
1117 587 1174 674 33.
1195 584 1340 655 ii-aa
1685 590 1727 657 aa

413 764 598 839 libertinus,
620 763 718 828 cliens
740 769 771 825 et
791 761 957 825 familiaris
979 762 1070 825 istius
1092 761 1154 824 'liti
1176 760 1299 835 lloseii;
1323 768 1356 822 et
1375 760 1500 825 nuntiat
1518 761 1647 825 domum
1661 783 1727 827 666

412 856 488 932 tilii,
517 857 574 920 sed
603 857 664 919 Titi
688 856 865 939 Capitonis,
895 855 1032 918 inimici:
1066 863 1113 929 et,
1146 875 1217 918 cum
1245 861 1320 939 post
1340 853 1449 919 horam
1469 856 1603 940 primam
1625 860 1727 922 noctis

413 952 540 1015 occisus
562 957 662 1023 esset,
684 950 786 1033 primo
808 948 949 1012 diluculo
970 951 1101 1013 nuntius
1121 950 1174 1012 hie
1192 951 1350 1013 Ameriam
1372 951 1467 1014 venit
1502 952 1619 1015 Decem
1639 952 1727 1015 horis

412 1043 578 1111 nocturnis
600 1063 657 1106 sex
679 1051 711 1106 et
729 1042 962 1127 quinquaginta
975 1043 1061 1106 milia
1076 1064 1227 1128 passuum
1243 1044 1329 1107 cisiis
1342 1044 1531 1127 pervolavit,
1552 1065 1618 1110 non
1632 1048 1727 1110 modo

412 1149 449 1202 ut
470 1143 655 1221 exoptatum
678 1137 807 1199 inimico
829 1136 975 1199 nuntium
996 1137 1117 1220 primus
1139 1138 1280 1211 afferret,
1310 1137 1482 1201 sedetiam
1503 1159 1647 1205 cruorem
1668 1143 1728 1205 ini·
1750 1154 1766 1198 s

413 1234 489 1297 miei
521 1250 616 1316 quam
645 1231 898 1294 recentissimum
926 1229 1088 1313 telumque
1121 1231 1218 1314 paulo
1246 1237 1319 1294 ante
1348 1250 1365 1293 e
1393 1251 1526 1315 corpore
1554 1243 1728 1299 extractum

414 1327 605 1392 ostenderet.
647 1323 700 1388 20.
723 1325 925 1402 Quadriduo,
948 1344 1012 1409 quo
1034 1324 1114 1387 haec
1135 1333 1223 1408 gesta
1244 1331 1334 1397 sunt,
1357 1343 1407 1386 res
1428 1326 1470 1388 ad
1491 1324 1729 1411 Chrysogonum

413 1423 450 1486 in
471 1430 574 1486 castra
594 1421 629 1483 L.
646 1419 753 1483 Sullae
775 1419 954 1482 Volaterras
976 1417 1131 1492 desertum
1154 1418 1336 1501 magnitudo
1359 1419 1513 1501 pecuniae
1535 1420 1729 1486 demonstra·

413 1525 482 1592 tur;
503 1517 630 1579 bouitas
651 1513 853 1598 praediorum
874 1544 915 1557 -
933 1531 1006 1573 nam
1020 1511 1137 1573 landos
1152 1511 1261 1574 decem
1277 1517 1309 1574 et
1323 1517 1388 1574 tres
1401 1511 1544 1595 reliquit,
1567 1516 1622 1598 qui
1638 1515 1731 1578 Tibe-

414 1611 473 1674 rim
500 1611 567 1675 iere
593 1629 704 1672 omnes
731 1614 866 1690 5663665
885 1639 941 1680 -,
969 1605 1063 1668 huius
1093 1605 1202 1686 inopia
1231 1612 1263 1667 et
1291 1603 1430 1668 solitudo
1453 1616 1767 1683 commemoraturus

414 1706 649 1778 demonstrant,
672 1723 743 1766 cum
765 1708 853 1784 pater
873 1699 1006 1763 huiusce
1029 1699 1102 1761 Sex.
1117 1698 1268 1773 Roscius,
1289 1699 1385 1762 homo
1407 1707 1472 1762 tam
1493 1700 1677 1784 splendidus
1699 1708 1732 1764 et

415 1799 589 1881 gratimus,
617 1796 705 1859 nullo
727 1795 856 1876 negotio
878 1794 920 1856 sit
942 1793 1081 1865 occisus,
1110 1791 1260 1874 perfacile
1281 1792 1367 1854 hunc
1387 1791 1549 1857 hominem
1571 1795 1729 1858 incautum

415 1901 447 1956 et
467 1892 622 1955 msticum
644 1898 677 1952 et
696 1891 814 1952 Romae
835 1888 979 1970 ignotum
1002 1886 1040 1949 de
1062 1886 1167 1949 medio
1190 1884 1259 1948 tolli
1282 1905 1386 1968 posse.
1414 1888 1462 1950 Ad
1485 1906 1554 1951 eam
1576 1908 1642 1952 rem
1657 1909 1732 1973 ope-

415 2005 482 2048 ram
504 2004 593 2049 suam
615 1982 814 2067 pollicentur.
857 1984 903 2044 Ne
925 1980 1043 2044 diutius
1066 1989 1209 2054 teneam,
1231 1979 1367 2054 iudices,
1390 1982 1525 2046 societas
1547 1983 1659 2046 coitur.

499 2079 582 2142 Vlll.
603 2073 655 2141 25.
687 2077 764 2139 Cum
789 2075 878 2139 nulla
907 2076 970 2138 iam
992 2073 1237 2157 proscriptionis
1259 2075 1378 2138 mentio
1399 2072 1504 2150 tieret,
1534 2096 1606 2140 eum
1627 2077 1769 2152 etiamst

417 2176 472 2260 qui
499 2181 594 2237 antea
622 2177 812 2244 metuerant,
841 2170 981 2233 redirent
1007 2188 1045 2232 ac
1066 2169 1129 2231 iam
1151 2167 1317 2232 defunctos
1339 2187 1409 2232 sese
1429 2170 1582 2254 periculis
1603 2170 1733 2234 arbitra·

415 2276 541 2342 rentur,
569 2285 686 2330 nomen
713 2263 847 2327 refertur
871 2264 905 2326 in
933 2262 1056 2326 tabulas
1086 2262 1175 2326 Sexti
1197 2262 1321 2336 lloscii,
1348 2262 1486 2327 hominis
1508 2264 1730 2329 studiosissimi

415 2359 607 2436 nobilitatis;
629 2377 778 2441 manceps
799 2355 834 2420 tit
856 2355 1096 2440 Chrysogonum
1118 2358 1180 2420 tria
1199 2356 1330 2440 praedia
1350 2356 1400 2420 vel
1422 2356 1620 2423 nobilissima
1642 2359 1734 2443 Capi-

415 2456 484 2520 toni
506 2453 635 2538 propria
656 2453 839 2526 traduntur,
862 2470 945 2534 quae
966 2451 1061 2514 hodie
1082 2450 1243 2534 possidet;
1265 2451 1298 2513 in
1312 2450 1452 2535 reliquas
1467 2472 1577 2518 omnes
1591 2454 1733 2518 fortuma

416 2550 477 2613 iste
499 2549 589 2611 Titus
609 2546 744 2610 Roscius
763 2545 892 2609 nomine
915 2544 1128 2628 Chrysogoni,
1150 2544 1417 2640 quemadmodum
1437 2546 1506 2630 ipse
1521 2548 1613 2624 dicit,
1634 2549 1771 2633 impe-so

415 2651 483 2708 tum
510 2642 595 2705 iacit.
633 2641 720 2704 llaec
745 2641 830 2703 bona
851 2647 998 2703 emuntur
1019 2640 1143 2703 duobus
1165 2638 1293 2702 milibus
1314 2660 1488 2704 nummum.
1518 2642 1603 2706 llaec
1617 2643 1733 2717 omnia,

416 2736 559 2811 iudices,
580 2735 780 2818 imprudente
802 2734 837 2796 L.
853 2733 941 2796 Sulla
961 2732 1044 2797 iacta
1066 2752 1137 2797 esse
1158 2741 1245 2798 certo
1267 2734 1345 2797 scio.
1380 2732 1432 2798 22.
1453 2738 1562 2819 Neque
1577 2737 1661 2800 enim
1676 2737 1734 2799 mi·

417 2849 504 2904 riam,
527 2848 599 2892 eum
622 2830 736 2892 eodem
757 2836 898 2910 tempore
920 2836 951 2890 ei
973 2848 1022 2903 ea,
1052 2846 1134 2912 qnae
1156 2829 1326 2911 praeterita
1347 2837 1436 2904 sunt,
1458 2838 1490 2893 et
1511 2849 1562 2905 ea,
1585 2851 1667 2916 quae
1688 2831 1735 2895 vi-

417 2925 533 2988 dentur
553 2923 689 2996 instare,
711 2928 892 3005 praeparet,
915 2942 986 2985 cum
1008 2928 1039 2983 et
1060 2921 1149 3004 pacis
1171 2921 1410 2986 constituendae
1431 2923 1586 2988 rationem
1608 2933 1640 2989 et
1658 2925 1733 2988 belli

481 3119 506 3170 2.
528 3116 769 3181 caprenciis·
794 3121 817 3166 65
838 3129 891 3167 om.
909 3129 934 3166 v.
955 3142 983 3152 -
1008 3115 1032 3165 3.
1051 3115 1151 3166 65556656
1168 3118 1201 3175 (ὶς
1226 3116 1324 3167 6566656
1340 3117 1390 3168 lli.
1411 3141 1439 3154 -
1459 3116 1483 3168 5.
1502 3118 1568 3168 detis
1583 3119 1655 3181 Sch.,
1673 3133 1731 3170 ac:

416 3195 485 3246 cissis
499 3193 556 3245 655
564 3206 592 3254 v,
611 3191 626 3243 6
643 3192 706 3243 Oxx.
724 3195 752 3242 et
769 3193 845 3256 lagg.
861 3196 968 3257 praeter
978 3192 1031 3253 26.,
1050 3192 1096 3255 qui
1112 3192 1178 3242 oiseii
1194 3190 1284 3242 habet.
1304 3220 1333 3230 -
1349 3192 1444 3244 6656655
1453 3207 1479 3243 v.
1494 3218 1520 3230 -
1541 3196 1565 3245 5.
1584 3196 1692 3259 adimet
1703 3198 1732 3246 G.

420 3297 447 3307 ·-
465 3269 490 3320 6.
508 3272 643 3320 extructius
658 3268 708 3319 555.
729 3293 756 3303 -
779 3268 803 3317 i.
822 3268 963 3329 quadriduo
980 3269 1016 3318 G:
1042 3267 1177 3329 putrium
1193 3265 1279 3330 vulgo.
1300 3294 1327 3302 -
1346 3268 1370 3318 8.
1391 3269 1534 3320 Volaterras
1549 3268 1643 3319 codd:
1665 3270 1735 3320 Votu-

418 3349 522 3395 terrnec
537 3341 709 3394 Buechnerus
726 3355 758 3392 ex
775 3339 878 3401 Schol.;
897 3344 923 3391 at
940 3354 1001 3392 cum
1017 3339 1139 3391 Scholion
1157 3341 1195 3391 sio
1212 3341 1333 3406 incipiat:
1353 3361 1366 3388 ι
1376 3341 1549 3408 Volaterrano]
1565 3341 1734 3395 Volaterrana

418 3421 509 3471 divitus
525 3422 604 3479 cet»,
623 3417 720 3467 erroris
736 3417 810 3479 origo
828 3416 965 3466 manifesta
977 3418 1026 3467 est.
1042 3441 1070 3450 -
1088 3415 1129 3465 53.
1142 3415 1296 3465 etreuticum
1307 3429 1322 3466 6
1334 3418 1361 3466 65
1371 3415 1470 3480 aliquot
1480 3413 1556 3479 Pell,
1569 3420 1599 3468 ot
1609 3420 1735 3471 Gruterus

418 3493 547 3544 affirmat:
574 3498 598 3544 et
613 3492 734 3541 muricum
750 3495 773 3541 et
788 3503 849 3540 rure
864 3504 896 3548 v,
924 3495 947 3540 et
963 3503 1024 3540 rure
1040 3502 1099 3548 ax3
1125 3493 1149 3538 et
1166 3502 1211 3539 riu
1227 3489 1304 3540 codd.
1324 3492 1377 3540 mei
1394 3493 1421 3540 et
1437 3491 1515 3555 5633.
1536 3520 1563 3529 -
1582 3492 1622 3544 55.
1641 3498 1736 3545 uncum

419 3567 496 3620 6666.
520 3568 575 3620 noti
598 3579 708 3618 omnes:
733 3579 777 3616 eor
794 3571 889 3617 teneam
905 3579 922 3614 v
934 3566 977 3616 cL
989 3566 1024 3624 03
1048 3563 1080 3615 ci.
1100 3564 1186 3615 55666.
1206 3566 1301 3630 0pusc.
1319 3566 1339 3616 1.
1365 3578 1391 3630 p.
1411 3566 1468 3615 559.
1493 3592 1520 3600 -
1547 3568 1646 3632 sopitur
1659 3583 1685 3619 v.
1707 3599 1733 3607 -

419 3644 459 3694 55.
476 3656 534 3694 666
548 3641 621 3693 nutu
636 3642 689 3691 ism
704 3667 719 3679 -
735 3667 749 3678 -
763 3641 841 3706 flou]
859 3642 898 3692 sic
914 3642 1007 3706 scripsi
1024 3654 1057 3691 ex
1074 3640 1193 3693 charisio
1209 3653 1235 3705 p.
1254 3642 1309 3692 556.
1330 3640 1414 3702 ilud,
1433 3641 1460 3690 56
1477 3653 1531 3706 quo
1548 3646 1589 3694 est
1600 3644 1737 3695 66666556

418 3718 494 3769 diue
505 3729 605 3781 proter.
623 3717 769 3767 6666666556
784 3719 867 3781 fleret,
886 3719 913 3768 et
929 3729 961 3767 er
978 3715 1106 3766 Diomede
1124 3727 1150 3779 p.
1169 3714 1217 3766 385
1234 3718 1273 3775 P..
1290 3717 1316 3766 in
1334 3728 1387 3779 quo
1404 3717 1464 3767 est:
1482 3729 1540 3767 6665
1554 3719 1625 3768 uultu
1638 3733 1734 3783 proter⁸

417 3793 509 3845 6666556
524 3791 560 3856 t,
577 3804 635 3842 esen
650 3792 814 3854 tmsproecr.
832 3792 923 3842 6666556
938 3791 1044 3854 eutius.
1064 3789 1143 3841 codd.
1162 3791 1286 3842 orationis
1304 3793 1331 3841 et
1347 3791 1376 3841 0.
1398 3817 1425 3828 -
1444 3804 1501 3841 eren
1518 3793 1595 3843 655666
1611 3789 1735 3858 tinxi,

418 3868 478 3919 Per.
496 3867 532 3929 5.,
549 3867 611 3932 563.
629 3866 671 3918 26.
690 3869 718 3917 65
733 3880 780 3918 sex
797 3865 853 3929 elii,
871 3866 1019 3917 Charisius:
1036 3878 1094 3915 eren
1109 3867 1186 3916 etiem
1196 3878 1278 3915 omme
1287 3863 1444 3926 Diomedem
1462 3871 1486 3917 et
1501 3880 1559 3918 uun
1570 3870 1646 3919 655666
1657 3871 1736 3930 066,

419 3940 497 3994 6666.
515 3938 567 3992 6555.
587 3968 615 3979 -
635 3941 675 3993 56.
692 3945 844 4003 maworn,
861 3941 972 3990 redirent
987 3939 1065 3991 codd.
1079 3943 1106 3991 et
1117 3939 1277 3991 Diomedes:
1292 3942 1428 4005 proscripti
1444 3947 1529 4004 uem,
1547 3944 1657 3994 ederent
1668 3943 1737 3994 Cha-

419 4016 506 4069 risius.
526 4042 555 4057 -
579 4017 706 4082 deductos
725 4030 751 4069 se
766 4016 825 4067 cod.
844 4018 913 4067 5566.
932 4014 1067 4066 Diomedis
1083 4027 1155 4066 saec.
1174 4016 1231 4075 iii,
1253 4028 1303 4065 sese
1319 4016 1445 4080 66566566
1461 4017 1547 4068 Diom.
1565 4017 1687 4069 Patrobii.
1708 4046 1736 4055 -

419 4092 460 4142 i'l.
476 4104 567 4143 666666
580 4092 691 4155 resertw
704 4091 732 4140 iu
748 4090 846 4141 5656566
861 4090 932 4141 Senti
948 4089 1037 4152 5566656)
1055 4090 1139 4150 55666,
1158 4102 1227 4153 quae
1244 4088 1341 4141 desunt
1356 4093 1383 4141 in
1399 4091 1477 4143 codd.
1491 4092 1614 4144 omuibus
1628 4106 1661 4144 er
1672 4093 1740 4144 Che-

419 4165 482 4217 risio
498 4168 527 4219 et
542 4166 671 4219 Diomede
697 4167 731 4229 (in
753 4167 828 4218 cuius
845 4165 905 4216 cod.
924 4164 992 4216 5566.
1011 4167 1038 4214 65
1054 4165 1112 4214 Par.
1131 4163 1203 4215 5595.
1222 4164 1313 4215 utatis
1328 4167 1456 4231 scriptum
1473 4166 1522 4230 est)
1542 4167 1683 4229 Graevius,
1709 4171 1739 4218 65

420 4242 473 4292 iem
489 4241 653 4295 Hotomanus
670 4243 696 4292 in
713 4240 860 4293 Observatt.
879 4242 926 4302 ix,
944 4253 968 4291 c.
988 4241 1028 4290 55.
1048 4241 1074 4289 65
1090 4240 1192 4304 lipsius
1209 4241 1236 4291 io
1256 4240 1353 4291 Verior.
1372 4242 1419 4301 ill,
1438 4253 1461 4290 c.
1474 4239 1498 4290 6.
1517 4240 1666 4303 voluerant,
1683 4243 1739 4307 pri-

420 4328 481 4368 mus
497 4317 615 4370 inseruit.
643 4318 678 4369 «E
695 4317 773 4368 codd.
793 4316 917 4368 omnibus
934 4328 966 4366 ee
983 4314 1113 4366 excidisse
1131 4315 1228 4366 mirum
1244 4328 1297 4366 666
1315 4318 1369 4377 665,
1388 4328 1449 4365 cum
1466 4328 1560 4367 omues
1575 4329 1629 4366 uno
1646 4328 1678 4367 ex
1695 4329 1740 4366 ar-

421 4393 537 4459 chetypo
554 4392 663 4447 deducti
678 4396 743 4447 sint:
760 4407 856 4446 verum
873 4407 936 4446 cum
952 4393 1001 4458 ipsi
1018 4390 1137 4443 latinitati
1154 4394 1285 4456 repugnet
1300 4389 1413 4442 lormuls
1423 4391 1563 4454 manopera
1573 4392 1740 4458 iomioiettui

420 4480 469 4532 pro
481 4469 648 4532 poesim
663 4470 729 4531 eius,
747 4483 779 4521 ea
796 4482 905 4534 prorsus
922 4468 1073 4520 necessaria
1090 4479 1151 4518 esse
1170 4469 1307 4530 apparet·
1325 4465 1416 4516 oseem
1429 4466 1470 4529 (2).
1493 4467 1640 4517 5565666666
1651 4469 1739 4518 tamen

421 4540 493 4594 eliud
509 4545 649 4609 praeterea
666 4544 762 4596 deesse
779 4546 866 4596 usum
884 4547 925 4595 est
940 4545 966 4594 in
983 4542 1052 4593 hanc
1069 4542 1125 4593 iere
1136 4543 1312 4593 sententiam:
1330 4541 1395 4592 5666
1411 4543 1463 4592 eiue
1475 4541 1678 4605 6666566666,
1695 4543 1741 4593 56-

420 4618 496 4668 seteis
512 4621 564 4671 eet.
585 4646 612 4655 -
632 4619 672 4670 53.
688 4619 803 4684 proprio]
824 4620 941 4682 praemis
957 4617 1016 4668 cod.
1035 4619 1107 4668 lanu.
1129 4644 1156 4652 —
1175 4618 1330 4668 cumulis.
1352 4643 1377 4655 -
1397 4617 1438 4666 20.
1456 4630 1522 4667 uon.
1540 4616 1625 4679 05636.
1644 4618 1740 4667 «Latini

423 4694 555 4745 sermome
575 4706 640 4746 usus
658 4693 790 4760 postulat:
813 4695 964 4760 0563663665
986 4694 1110 4743 noune.»
1135 4694 1226 4743 Gsmr.
1238 4692 1263 4740 2.
1284 4717 1311 4727 -
1330 4691 1395 4739 dizit
1410 4691 1439 4739 6.
1460 4717 1488 4728 -·
1505 4691 1546 4740 25.
1565 4690 1630 4740 tenu
1646 4689 1739 4741 codd:

422 4766 488 4818 5666
504 4770 620 4834 66663566
634 4769 676 4820 lis
691 4768 752 4821 edd.
771 4768 841 4833 vulg.
861 4773 889 4821 et
905 4771 938 4832 0;
957 4769 1021 4821 5666
1037 4770 1081 4821 ix
1093 4769 1135 4820 HS
1150 4781 1173 4819 c.
1200 4769 1282 4818 Deest
1297 4765 1463 4830 smapolis
1478 4767 1559 4817 etiam
1575 4766 1602 4816 iu
1618 4762 1741 4814 omnihus

424 4843 500 4907 lagg.
522 4866 551 4881 -
570 4842 665 4895 666566
679 4845 782 4910 iladvig
800 4847 903 4911 (Opusc.
920 4846 940 4896 1.
958 4859 985 4910 p.
1000 4845 1080 4908 mss:
1099 4843 1266 4895 sestertiorum
1282 4841 1376 4893 666566
1386 4839 1465 4892 codd.
1484 4841 1546 4905 (om.
1560 4841 1641 4891 Oxou.
1653 4839 1742 4889 ’55666

424 4918 489 4970 5666
503 4945 520 4959 ·
534 4946 551 4960 -
566 4931 709 4983 emenus,
733 4919 805 4985 quod
827 4921 871 4971 Or.
890 4920 915 4971 2.
937 4919 1042 4971 videtur
1060 4918 1188 4985 probari.)
1215 4944 1242 4953 -
1267 4917 1308 4967 22.
1332 4921 1399 4968 certo
1421 4916 1447 4967 55
1467 4918 1495 4965 65
1510 4915 1571 4978 Lag.
1589 4914 1613 4964 3.
1634 4910 1692 4978 (soli
1709 4925 1742 4963 ex

425 4995 516 5060 66556),
536 5007 578 5047 66
593 4997 629 5047 L:
647 4999 713 5047 certe
729 4993 806 5047 6666.
825 4994 927 5059 reliqui.
941 5018 968 5032 -
986 4995 1028 5046 23.
1046 5000 1070 5046 65
1085 4995 1146 5045 6656
1163 5006 1194 5045 ea
1210 5004 1263 5043 om.
1282 4993 1343 5055 Lag.
1356 4992 1397 5043 26.
1418 5016 1445 5026 -
1461 4989 1601 5053 praeterito
1615 4986 1680 5052 aeut]
1697 4986 1744 5037 ad-

427 5069 499 5123 ditl.
518 5076 634 5135 reperet,
658 5071 730 5137 quod
748 5083 778 5124 se
799 5084 832 5123 ex
854 5083 907 5122 666
931 5069 998 5122 libro
1016 5083 1066 5121 ms.
1083 5068 1161 5133 56636
1178 5068 1278 5134 optimo
1294 5066 1441 5118 6665565666
1458 5065 1581 5121 testatum
1608 5062 1743 5112 Emestius

428 5145 517 5195 antem
533 5151 603 5197 treet
619 5145 719 5198 addere
736 5145 838 5210 maluit,
861 5147 978 5211 itemque
1001 5145 1096 5196 5566566
1112 5145 1174 5195 Ver.
1193 5143 1276 5194 Lectt.
1293 5143 1325 5193 11.
1342 5155 1369 5207 p.
1388 5141 1432 5201 56,
1457 5140 1502 5205 qul
1516 5142 1586 5189 curet
1607 5140 1669 5202 post
1684 5143 1745 5188 tem·

425 5230 487 5280 pore
500 5219 620 5272 inseruit.
634 5246 663 5258 -
681 5219 723 5272 25.
740 5221 835 5272 tortere
850 5233 903 5271 om.
917 5220 978 5284 Lag.
991 5219 1032 5270 26.
1047 5245 1075 5256 -
1089 5221 1261 5284 praem
1270 5217 1321 5281 555,
1337 5229 1364 5270 v.
1376 5215 1537 5282 (prexwettt
1547 5211 1616 5265 coni.
1628 5213 1743 5277 556661.)

427 5294 1047 5364 -petittttmtliettdeG.-betiigeraudilli.
