4367 6109
450 586 512 654 l28
816 591 859 656 Ili
879 589 1044 657 VERREM
1065 589 1188 655 ACTIO
1211 589 1394 655 SECUNDA

450 781 523 825 nem
551 760 667 844 posuit.
710 759 762 823 Sic
792 760 884 823 etiam
910 759 1043 825 fortunis
1065 761 1229 824 bominum
1250 760 1440 824 abutebatur
1461 761 1501 824 ad
1523 767 1681 825 nocturna
1701 766 1779 824 vota

452 855 660 942 cupiditatum
682 873 819 917 suarum.
862 856 925 916 LV.
948 850 1018 917 ll3.
1041 857 1120 918 Nam
1142 854 1220 938 quid
1243 873 1300 936 ego
1324 855 1363 918 de
1386 856 1499 919 ceteris
1521 855 1637 919 cirium
1661 857 1780 920 Roma·

449 967 563 1014 norum
592 948 757 1030 suppliciis
785 948 966 1031 singillatim
999 948 1103 1031 potius
1126 968 1221 1033 quam
1244 950 1417 1032 generatim
1440 957 1535 1033 atque
1556 951 1707 1014 universe
1730 950 1780 1012 lo-

451 1044 551 1127 quar?
586 1042 698 1104 Carcer
718 1041 788 1115 ille,
818 1043 873 1126 qui
903 1049 950 1105 est
981 1042 1238 1106 acrudelissimo
1260 1050 1394 1127 tyranno
1416 1044 1569 1127 Dionysio
1589 1043 1694 1107 iactus
1718 1044 1780 1126 Sy·

427 1136 588 1209 tracusis,
617 1154 700 1218 quae
721 1135 891 1199 lautumiae
912 1143 1078 1210 vocantur,
1108 1135 1141 1198 in
1169 1136 1262 1200 istius
1283 1136 1417 1219 imperio
1440 1135 1635 1201 domicilium
1657 1137 1778 1201 civium

449 1233 660 1296 Romanorum
688 1230 758 1293 luit.
800 1231 841 1294 Ut
867 1232 1003 1315 quisque
1033 1231 1126 1294 istius
1148 1231 1286 1293 animum
1309 1237 1365 1292 aut
1386 1231 1496 1293 oculos
1518 1231 1709 1306 offenderat,
1743 1234 1777 1294 in

450 1325 616 1389 lautumias
648 1325 752 1388 statim
791 1324 1025 1388 coniiciebatur.
1076 1325 1242 1406 Indignum
1271 1323 1333 1386 boc
1361 1323 1454 1387 video
1484 1324 1586 1389 videri
1616 1326 1777 1402 omnibns,

449 1418 588 1491 iudices,
619 1426 651 1482 et
678 1419 710 1482 id
739 1421 801 1482 iam
830 1420 934 1502 priore
956 1419 1095 1492 actione,
1128 1438 1199 1480 cum
1222 1418 1300 1480 baec
1322 1425 1417 1481 testes
1441 1417 1598 1495 dicerent,
1619 1420 1777 1483 intellexi.

449 1513 589 1575 Retineri
610 1513 695 1574 enim
716 1512 834 1595 putetis
857 1519 1002 1594 oportere
1024 1513 1092 1574 iura
1114 1511 1266 1574 libertatis
1287 1531 1353 1575 non
1369 1513 1463 1575 modo
1485 1513 1555 1588 bic,
1577 1514 1631 1579 ubi
1654 1514 1776 1578 tribuni

413 1605 551 1692 replebis
574 1613 660 1679 sunt,
683 1606 736 1668 ubi
759 1607 855 1668 ceteri
878 1605 1092 1687 magistratus,
1122 1605 1177 1667 ubi
1200 1604 1302 1666 iorum
1324 1606 1455 1688 plenum
1478 1606 1687 1683 iudiciorum,
1720 1609 1778 1672 ubi

450 1708 577 1764 senatus
604 1700 790 1773 auotoritas,
822 1698 877 1760 ubi
907 1699 1099 1761 existimatio
1126 1699 1236 1782 populi
1267 1700 1400 1763 Romani
1430 1708 1460 1762 et
1487 1699 1683 1784 frequentia,
1719 1701 1778 1766 sed

448 1794 641 1876 ubicumque
674 1801 826 1856 terrarum
857 1797 889 1854 et
917 1793 1055 1874 gentium
1083 1793 1234 1856 violatum
1263 1794 1315 1854 ius
1345 1792 1461 1855 civium
1487 1795 1700 1858 Romanorum
1725 1798 1777 1872 sit,

450 1889 586 1952 statuitis
602 1888 633 1950 id
649 1889 806 1971 pertinere
820 1885 860 1948 ad
876 1906 1074 1949 communem
1090 1906 1217 1949 causam
1231 1887 1385 1949 libertatis
1401 1894 1434 1949 et
1447 1887 1618 1970 dignitatis.
1649 1885 1723 1952 tlt.
1738 1892 1777 1954 ln

450 1990 652 2045 externorum
682 1981 845 2045 bominum
869 1977 1079 2043 maleficorum
1103 1980 1409 2064 sceleratorumque,
1440 1982 1473 2044 in
1495 1983 1692 2064 praedonum
1716 1983 1778 2047 bo-

413 2076 608 2158 tostiumque
637 2075 796 2139 custodias
825 2082 860 2137 tu
893 2081 1013 2136 tantum
1043 2095 1206 2137 numerum
1234 2075 1349 2137 civium
1377 2076 1588 2138 Romanorum
1610 2077 1777 2141 includere

449 2189 546 2233 ausus
568 2173 623 2232 esl
645 2172 864 2253 Numquamne
888 2169 944 2232 tibi
960 2168 1087 2243 iudicii,
1110 2187 1281 2252 numquam
1297 2169 1468 2242 contionis,
1489 2188 1663 2253 numquam
1677 2171 1778 2234 buius

450 2272 555 2328 tantm
576 2263 790 2347 frequentiae,
818 2282 900 2346 quae
923 2282 1007 2325 nunc
1029 2271 1060 2325 te
1082 2262 1188 2325 animo
1209 2263 1407 2346 iniquissimo
1429 2262 1704 2347 infestissimoque
1727 2264 1779 2327 in-

449 2366 570 2433 tuetur,
592 2359 678 2420 venit
701 2359 733 2419 in
756 2359 913 2420 mentem?
936 2376 1109 2440 numquam
1128 2357 1184 2420 tibi
1199 2356 1308 2439 populi
1324 2356 1457 2418 Romani
1473 2356 1611 2419 absentis
1626 2357 1778 2439 dignitas,

449 2472 621 2536 numquam
655 2453 777 2533 species
798 2452 868 2533 ipsa
888 2448 1022 2513 huiusce
1045 2442 1255 2514 multitudinis
1278 2452 1311 2513 in
1334 2450 1435 2513 oculis
1457 2452 1628 2533 animoque
1650 2459 1780 2514 versata

412 2550 521 2613 nostr
544 2563 715 2628 numquam
738 2551 768 2607 te
791 2546 823 2607 in
845 2544 958 2607 borum
980 2552 1183 2626 conspectum
1204 2543 1398 2617 rediturum,
1420 2563 1593 2627 numquam
1613 2545 1648 2607 in
1671 2544 1780 2607 ionem

449 2640 560 2725 populi
582 2639 712 2701 Romani
727 2645 912 2712 venturum,
935 2657 1107 2721 numquam
1130 2639 1188 2701 sub
1211 2638 1315 2720 legum
1337 2644 1370 2699 et
1383 2637 1573 2700 iudiciorum
1585 2644 1779 2720 potestatem

449 2753 595 2800 casurum
618 2751 688 2795 esse
709 2732 855 2795 duxisti?

533 2828 611 2889 LVl.
634 2821 704 2888 tt5.
726 2828 767 2889 At
788 2845 870 2910 quae
893 2833 960 2889 erat
980 2828 1041 2889 ista
1062 2825 1162 2889 libido
1179 2824 1371 2888 crudelitatis
1387 2825 1606 2888 exercendae?
1629 2845 1714 2909 quae
1728 2833 1780 2890 tot

449 2921 602 2986 scelerum
617 2920 888 3003 suscipiendorum
904 2922 1019 2983 causat
1042 2919 1151 2993 Nulla,
1172 2918 1304 2993 indices,
1325 2925 1451 3001 practer
1469 2919 1641 3001 praedandi
1658 2939 1778 2983 noram

411 3015 702 3099 absingularemqne
730 3013 893 3076 rationem.
941 3015 1019 3074 Nam
1047 3020 1082 3074 ut
1108 3014 1172 3087 illi,
1203 3032 1284 3096 quos
1313 3031 1332 3075 a
1359 3013 1461 3094 potitis
1492 3013 1687 3095 accepimus,
1717 3015 1777 3097 qni

450 3111 539 3173 sinus
562 3109 718 3193 quosdam
739 3106 902 3169 obsedisse
925 3108 1095 3170 maritimos
1114 3115 1168 3169 aut
1183 3106 1290 3190 aliqua
1305 3107 1519 3189 promontoria
1534 3113 1590 3169 aut
1602 3115 1778 3191 praerupta

450 3224 527 3268 saxa
548 3203 688 3266 tenuisse
710 3200 874 3273 dicuntur,
903 3208 938 3262 ut
960 3221 1030 3276 eos,
1064 3202 1119 3283 qui
1142 3208 1249 3263 essent
1269 3200 1393 3283 appulsi
1415 3200 1567 3282 navigiis,
1596 3198 1777 3264 interficere

450 3302 595 3381 possent:
625 3296 669 3359 sia
697 3297 757 3358 iste
786 3296 818 3356 in
841 3295 949 3358 omnia
976 3295 1075 3358 maria
1095 3294 1229 3357 infestus
1252 3314 1293 3356 ex
1315 3294 1458 3356 omnibus
1481 3294 1607 3356 Siciliae
1630 3295 1777 3377 partibus

450 3390 642 3453 imminebat.
678 3388 904 3472 Quaecumque
923 3388 1012 3452 navis
1028 3407 1068 3450 ex
1081 3389 1173 3462 Asia,
1197 3407 1276 3470 quae
1292 3407 1332 3450 ex
1348 3388 1452 3470 Syria,
1476 3406 1557 3469 quae
1572 3390 1666 3472 Tyro,
1690 3408 1777 3472 quae

412 3505 441 3552 eo
449 3484 641 3549 Alexandria
661 3489 805 3555 venerat,
837 3483 940 3545 statim
964 3482 1057 3544 certis
1080 3482 1236 3543 indicibus
1259 3489 1290 3543 et
1311 3480 1494 3544 custodibus
1516 3481 1697 3545 tenebatur:
1718 3502 1777 3545 ve-

450 3587 550 3644 ctores
573 3597 682 3640 omnes
704 3576 738 3638 in
760 3577 929 3639 lautumias
952 3575 1212 3640 coniiciebantur:
1242 3595 1338 3637 onera
1368 3583 1464 3658 atquc
1486 3594 1604 3640 merces
1627 3578 1659 3640 in
1682 3596 1777 3660 prae-

450 3674 563 3737 toriam
586 3672 713 3734 domum
736 3669 972 3733 deferebantur:
994 3670 1178 3732 versabatur
1198 3671 1230 3731 in
1246 3669 1355 3731 Sicilia
1377 3669 1471 3751 longo
1494 3669 1660 3734 intervallo
1682 3670 1775 3745 alter,

450 3787 514 3829 non
535 3765 706 3848 Dionysius
727 3764 781 3826 ille
802 3784 861 3826 nec
882 3765 1038 3837 Phalaris,
1063 3762 1147 3843 (tulit
1168 3763 1252 3825 enim
1273 3762 1329 3825 illa
1348 3763 1507 3846 qnondam
1531 3763 1633 3825 insula
1656 3763 1775 3826 multos

451 3868 483 3923 et
504 3859 646 3923 crudeles
670 3854 844 3941 tyrannos.)
868 3858 922 3920 sed
947 3858 1106 3941 quoddam
1127 3876 1244 3919 novum
1266 3866 1441 3919 monstrum
1464 3876 1505 3918 ex
1518 3864 1623 3919 vetere
1644 3857 1700 3919 illa
1714 3857 1776 3919 im-

413 3956 614 4028 atmanitate,
637 3973 720 4038 quae
743 3952 775 4014 in
797 3953 898 4015 isdem
920 3951 999 4014 locis
1021 3957 1143 4015 versata
1165 3970 1233 4013 esse
1248 3949 1371 4013 dicitur.
1407 3944 1478 4011 tto.
1499 3952 1568 4013 Non
1591 3950 1676 4012 enim
1692 3949 1775 4015 Cha-

516 4178 540 4228 4.
559 4190 590 4226 uc
605 4180 670 4226 noct.
688 4176 722 4234 li;
745 4178 870 4223 noctnma
891 4187 944 4224 om.
969 4175 1046 4238 lagg.
1065 4173 1130 4224 dett.
1152 4200 1179 4211 -
1205 4174 1230 4223 4.
1249 4187 1309 4223 nam
1325 4173 1393 4235 quod
1407 4173 1437 4223 a.
1457 4200 1484 4208 -
1508 4174 1601 4223 4444444444
1616 4185 1670 4224 om.
1689 4172 1773 4233 dett.;

451 4255 590 4307 ciuitatium
605 4254 634 4303 ll.
651 4279 671 4287 -
697 4252 721 4302 3.
739 4251 856 4314 supplicis
872 4252 901 4300 lt.
916 4277 943 4286 -
962 4251 986 4299 5.
1005 4249 1143 4300 iaudemias
1154 4250 1183 4300 44,
1197 4274 1224 4283 -
1244 4249 1268 4299 7.
1286 4247 1436 4298 coiciebatur
1446 4247 1528 4311 egra
1546 4246 1685 4298 coenum
1700 4249 1730 4299 li.
1744 4272 1772 4284 -

449 4332 580 4394 indipuum
595 4328 660 4378 enim
674 4327 719 4376 boo
735 4327 781 4376 443.
802 4354 829 4362 -
847 4325 871 4376 3.
888 4326 970 4388 priori
986 4324 1063 4388 4349.
1083 4350 1113 4361 -
1132 4324 1156 4374 9.
1174 4325 1281 4374 retinere
1297 4323 1373 4387 4344.
1395 4351 1422 4359 -
1441 4325 1536 4386 putasti
1552 4325 1584 4382 113
1599 4323 1708 4384 putastis
1724 4323 1773 4374 G3.

453 4434 480 4444 -
500 4406 540 4456 to.
558 4408 615 4454 sunt
631 4415 684 4452 om.
704 4402 781 4466 4343.
802 4427 829 4436 -
844 4401 946 4463 penum
961 4401 1045 4464 sorum
1062 4398 1126 4449 dett.
1145 4399 1175 4448 0.
1195 4427 1222 4434 -
1242 4400 1282 4449 44.
1300 4399 1331 4448 sit
1348 4397 1442 4448 codd:
1467 4403 1502 4447 est
1518 4395 1603 4461 Halm,
1622 4411 1691 4462 quae
1708 4410 1775 4462 pro-

450 4478 557 4541 babilis,
576 4477 625 4529 sed
642 4491 693 4527 non
711 4477 861 4527 necessaria
879 4476 1029 4526 coniectura
1047 4477 1097 4525 est.
1119 4500 1145 4511 ·-
1165 4474 1204 4524 43.
1223 4473 1338 4539 statuitis]
1356 4474 1426 4522 statis
1437 4474 1456 4523 R
1467 4486 1508 4538 pr.
1521 4485 1575 4531 m.;
1593 4474 1773 4526 scitislicorr.

450 4557 474 4608 4.
493 4568 540 4614 m..
559 4552 724 4612 consciens,
743 4554 772 4601 ut
789 4554 829 4602 est
844 4552 871 4600 in
883 4549 933 4610 (43,
951 4550 1070 4599 statuistis
1086 4549 1166 4605 dett.;
1184 4549 1287 4613 uulgata
1306 4551 1347 4599 est
1363 4563 1377 4599 a
1396 4551 1477 4611 Naug.
1494 4576 1520 4584 -
1539 4553 1562 4597 et
1578 4548 1773 4612 dipnitatisom.

451 4632 467 4682 3
484 4632 561 4693 44433.
580 4629 645 4678 dett.
666 4655 692 4663 -
713 4626 752 4678 44.
770 4627 949 4690 maurinorum
965 4625 1016 4685 li3;
1034 4629 1058 4674 et
1073 4624 1243 4687 maleficorum
1259 4624 1323 4674 dett.
1336 4624 1366 4673 0.
1387 4650 1414 4658 -
1434 4623 1473 4671 46.
1492 4636 1553 4672 num
1564 4623 1653 4682 quidne
1664 4623 1773 4673 tibiind.

449 4706 571 4767 uunquid
588 4701 659 4753 G3l.
682 4730 709 4739 -
727 4702 887 4751 contentionis
902 4702 931 4750 R.
953 4725 979 4736 -
1000 4701 1039 4749 ll.
1059 4705 1081 4748 ta
1098 4700 1183 4748 animo
1200 4699 1249 4749 ua:
1275 4699 1359 4748 animo
1375 4703 1399 4747 te
1415 4697 1480 4747 dett.
1499 4698 1528 4747 0.
1549 4725 1576 4732 -
1595 4703 1677 4748 tuetur
1694 4699 1773 4761 4349.

452 4808 479 4816 -
499 4781 539 4830 49.
564 4779 619 4841 ipsu
635 4790 689 4827 om.
707 4777 784 4839 4349.
811 4805 838 4814 -
866 4777 965 4825 huiusce
986 4775 1023 4826 33
1035 4774 1115 4836 egee:
1142 4774 1308 4824 huiuscenodi
1327 4773 1391 4823 dett.
1411 4774 1439 4822 0.
1466 4801 1493 4808 *
1520 4772 1561 4822 44.
1580 4772 1673 4821 duoenti
1689 4772 1726 4821 aa
1738 4769 1774 4822 λι

448 4855 543 4916 putasti
559 4853 623 4903 dett.
643 4853 671 4902 0.
692 4878 719 4886 -
739 4852 779 4899 43.
798 4850 931 4900 cmdeiitas
947 4850 976 4898 u,
997 4876 1023 4884 —
1042 4851 1084 4900 45.
1103 4851 1216 4911 quiem.
1235 4849 1296 4898 edd.
1315 4850 1378 4898 vett.
1399 4847 1507 4912 (babent
1524 4861 1617 4897 omnes
1634 4848 1724 4911 legg.)
1745 4876 1773 4886 -

450 4929 491 4979 46.
510 4928 798 4977 sensus--mam'tumos
815 4927 843 4976 lt.
864 4951 891 4961 -
908 4927 1086 4987 promunturia
1103 4926 1210 4988 444343.
1230 4950 1257 4959 -
1279 4925 1320 4973 47.
1339 4937 1380 4974 eos
1396 4936 1448 4973 om.
1468 4925 1545 4986 lagg.
1563 4925 1670 4988 praeter
1685 4923 1727 4973 49.
1745 4951 1774 4960 -

451 5003 549 5065 adpulsi
564 5003 663 5065 accipis
679 5003 708 5051 li.
729 5027 756 5038 -
778 5001 924 5062 intercipere
941 5000 1032 5050 Lamb.
1054 5028 1080 5035 -
1105 5001 1146 5050 43.
1164 4999 1298 5049 inminebat
1316 5001 1344 5048 li.
1365 5027 1392 5034 —
1417 5013 1480 5060 quae
1497 5001 1557 5048 ante
1574 5012 1607 5047 cac
1623 4998 1701 5058 Suria
1717 5006 1772 5048 om.

452 5078 501 5138 443,
520 5077 598 5127 codd.
618 5075 709 5126 lamb.
730 5101 759 5113 -
778 5089 844 5137 quae
859 5089 891 5125 ec
910 5078 973 5138 Tyro
990 5077 1056 5139 Lgi'l
1074 5077 1111 5125 st.
1130 5076 1158 5125 L.
1179 5103 1206 5112 -
1233 5088 1297 5136 quae
1312 5087 1345 5123 aa:
1361 5074 1432 5123 4444.
1451 5075 1479 5123 ll.
1500 5099 1527 5108 -
1546 5073 1586 5122 30.
1604 5073 1725 5121 4444444444
1743 5075 1772 5123 ll.

453 5176 481 5188 -
501 5152 541 5202 34.
559 5151 717 5202 comebantur
733 5152 762 5202 a.
784 5179 811 5188 -
830 5151 869 5202 34,
889 5153 953 5201 aiter
970 5164 1022 5201 orn.
1042 5152 1122 5214 l.g29;
1140 5155 1223 5200 autem
1240 5150 1325 5209 Quint.
1344 5150 1408 5198 Vlll.
1422 5149 1445 5207 7,
1460 5150 1499 5197 64.
1518 5146 1582 5210 ibiq.
1595 5146 1728 5211 Spalding.
1744 5173 1773 5185 -

451 5227 493 5279 34.
511 5228 617 5278 uniens
634 5229 663 5278 ll.
683 5254 711 5266 -
730 5229 772 5278 sed
788 5229 913 5289 quondam
929 5229 957 5277 R.
978 5254 1005 5263 -
1023 5229 1100 5277 ueteri
1117 5226 1166 5282 634
1189 5231 1274 5276 eamn
1289 5224 1318 5274 li.
1338 5250 1365 5258 —
1385 5224 1425 5274 35.
1443 5224 1519 5273 isdem
1536 5223 1618 5286 tgna:
1643 5223 1773 5273 144εά444414

453 5301 503 5363 al.;
521 5303 606 5354 iisdem
623 5305 654 5356 Gt
671 5304 701 5358 0.
716 5331 744 5342 -
761 5309 862 5354 uersata
877 5303 936 5353 locis
953 5303 1083 5367 (emessa)
1101 5301 1188 5362 Quint.
1200 5298 1218 5351 l.
1230 5298 1248 5351 l.
1263 5323 1291 5336 -
1305 5295 1705 5363 04443Μ44044441.,4,34449.
