4367 6109
441 543 504 608 696
832 536 874 598 lli
895 536 931 598 L.
954 531 1175 599 CATILINAM
1197 533 1315 599 LIBER
1337 535 1391 599 111.

443 714 550 795 legum
579 728 653 771 aera
681 704 853 790 liquefacta
881 712 913 767 et
939 711 1042 767 tactus
1065 704 1159 767 etiam
1182 703 1253 777 ille,
1285 704 1342 787 qui
1370 704 1453 767 haue
1485 705 1598 769 urbem
1630 705 1793 781 condidit,

442 805 615 875 Romulus,
637 821 732 883 quem
752 800 931 861 inauratum
954 798 988 859 in
1012 796 1167 879 Capitolio
1190 817 1322 879 pervum
1343 804 1439 880 atque
1461 798 1654 873 lactentem,
1680 799 1792 863 ulteri-

443 901 504 962 bus
532 895 648 978 lupinis
676 892 866 965 inhiantem,
894 890 996 953 luisse
1025 891 1223 953 meministis.
1276 891 1347 965 Quo
1378 891 1505 974 quidem
1535 900 1685 976 tempore
1716 914 1789 957 cum

444 989 629 1071 haruspices
653 1007 694 1049 ex
717 993 784 1049 tota
804 986 931 1047 Etruria
953 984 1192 1058 convenissent,
1215 983 1328 1047 caedes
1349 993 1446 1069 atque
1462 986 1612 1051 incendia
1626 996 1662 1050 ct
1677 987 1788 1069 legum

422 1082 607 1148 sinteritum
630 1086 664 1141 et
684 1078 802 1141 bellum
824 1078 917 1141 civile
945 1098 981 1140 ac
1011 1078 1222 1140 domesticum
1252 1087 1284 1141 et
1305 1080 1401 1141 totius
1424 1079 1512 1142 urbis
1533 1089 1630 1163 atque
1655 1082 1787 1164 imperii

445 1194 593 1240 occasum
615 1172 870 1256 appropinquare
893 1172 1059 1245 dixerunt,
1081 1170 1144 1234 nisi
1166 1170 1198 1232 di
1214 1171 1407 1235 immortales
1422 1174 1506 1235 omni
1521 1174 1646 1237 ratione
1663 1175 1785 1256 placati

445 1290 503 1334 suo
525 1268 655 1331 numine
676 1285 774 1348 pmpe
794 1264 859 1328 iata
881 1265 949 1347 ipsa
970 1265 1144 1327 flexissent.
1173 1262 1223 1326 20.
1246 1265 1356 1350 ltaque
1377 1266 1503 1329 illorum
1524 1269 1693 1351 responsis
1715 1276 1784 1331 tum

446 1371 478 1426 et
499 1360 566 1423 ludi
586 1380 644 1442 per
665 1359 775 1421 decem
798 1358 865 1420 dies
886 1357 962 1419 facti
984 1365 1073 1431 suut,
1103 1378 1208 1439 neque
1235 1378 1286 1420 res
1312 1358 1394 1432 ulla,
1424 1379 1506 1443 quae
1534 1361 1574 1423 ad
1603 1360 1783 1444 placandos

446 1458 522 1518 deos
550 1453 738 1535 pertineret,
768 1452 988 1536 praetermissa
1011 1459 1075 1525 est;
1108 1451 1256 1534 idemque
1281 1452 1441 1514 iusserunt
1463 1453 1669 1516 simulacrum
1695 1455 1782 1518 lovis

409 1550 547 1613 sefacere
571 1548 671 1610 maius
694 1553 726 1608 el
746 1546 779 1607 in
802 1544 929 1608 excelso
952 1543 1110 1607 collocare
1133 1551 1165 1605 et
1186 1552 1310 1617 contra,
1340 1553 1435 1628 utque
1466 1554 1558 1608 antea
1580 1544 1708 1620 iuerat,
1740 1548 1783 1611 ad

446 1644 599 1705 orientem
628 1648 827 1701 convertere:
860 1658 896 1700 ac
926 1658 959 1700 se
989 1658 1117 1719 sperare
1151 1637 1315 1711 dixerunt,
1349 1639 1375 1700 si
1406 1638 1483 1702 illud
1512 1640 1656 1721 signum,
1691 1643 1782 1724 quod

447 1734 577 1806 videtis,
600 1731 676 1794 solis
699 1740 802 1793 ortum
825 1739 857 1794 et
876 1730 981 1794 forum
1004 1731 1189 1812 curiamque
1212 1731 1425 1813 conspiceret,
1446 1732 1515 1795 iore
1529 1741 1564 1795 ut
1578 1753 1617 1796 ea
1632 1735 1782 1810 consilia,

448 1846 530 1911 quae
553 1827 633 1888 olam
655 1834 763 1890 essent
783 1826 863 1888 inita
882 1834 990 1888 contm
1005 1824 1139 1887 sulutem
1153 1825 1241 1887 urbis
1255 1831 1352 1907 atque
1366 1825 1507 1907 imperii,
1530 1826 1781 1905 illustrarentur,

445 1930 481 1984 ut
502 1940 521 1981 a
542 1926 654 1981 senatu
677 1918 862 2001 populoque
889 1921 1031 1980 Romano
1059 1917 1195 2001 perspici
1225 1926 1364 1999 possent.
1406 1920 1512 2001 Atque
1542 1918 1621 1982 illud
1650 1923 1781 2005 signum

409 2011 666 2076 recollocandum
687 2011 835 2073 consules
855 2011 903 2074 illi
924 2012 1124 2084 locaverunt,
1153 2011 1209 2072 sed
1237 2018 1323 2073 4444444
1346 2011 1406 2073 suit
1431 2013 1537 2093 operis
1565 2015 1716 2089 tarditas,
1745 2024 1783 2079 ut

446 2126 550 2188 neque
573 2104 787 2188 superioribus
809 2104 991 2168 consulibus
1012 2124 1117 2188 neque
1146 2104 1238 2165 uobis
1260 2113 1332 2167 ante
1359 2104 1548 2168 hodiernum
1570 2106 1655 2168 diem
1679 2110 1783 2172 collo-

447 2206 580 2261 caretur.
624 2199 679 2259 lx.
702 2193 753 2259 24.
776 2197 835 2260 Η40
858 2198 930 2281 quis
952 2205 1059 2279 potest
1078 2218 1147 2260 esse
1163 2206 1225 2259 tam
1241 2217 1369 2260 aversus
1383 2218 1402 2260 a
1417 2218 1511 2272 vero,
1533 2207 1597 2261 tam
1612 2221 1782 2286 praeceps,

446 2301 511 2355 tum
533 2300 638 2354 mente
660 2299 785 2375 ceptus,
810 2293 865 2375 qui
888 2299 982 2373 neget
1001 2292 1080 2353 haec
1101 2291 1223 2364 omnia,
1254 2311 1334 2373 quae
1357 2290 1516 2365 videmus,
1541 2294 1782 2379 praecipueque

444 2386 527 2448 huno
549 2384 659 2448 urbem
683 2385 813 2447 deorum
835 2385 1058 2448 immortalium
1073 2391 1152 2446 nutu
1167 2404 1203 2446 ac
1217 2391 1373 2466 potestate
1387 2384 1623 2447 administrari?
1650 2388 1781 2452 Etenim

409 2497 518 2543 mcum
541 2488 624 2541 esset
645 2478 689 2540 ita
710 2497 917 2560 responsum,
940 2478 1069 2552 caedes,
1091 2477 1257 2553 incendia,
1279 2478 1441 2540 interitum
1462 2479 1675 2561 reipublicae
1693 2502 1783 2545 com·

446 2572 566 2655 parari,
589 2580 621 2634 et
642 2590 679 2634 ea
701 2592 757 2655 per
778 2572 879 2646 cives,
909 2592 989 2656 quae
1012 2578 1077 2634 tum
1099 2578 1227 2655 propter
1249 2570 1496 2653 magnitudinem
1519 2572 1675 2637 scelerum
1700 2597 1783 2640 non-

512 2836 536 2883 4.
555 2833 644 2897 lepum]
661 2846 750 2897 repsere
766 2833 1039 2898 Ccdmprtuwx,
1058 2832 1127 2883 40144
1140 2832 1353 2896 444444-444004.
1372 2836 1396 2881 et
1412 2833 1578 2882 tuctusetium
1594 2833 1725 2899 ube-ig.
1739 2836 1781 2888 46.

446 2910 478 2958 50
497 2908 568 2970 (item
586 2908 608 2968 i,
627 2906 675 2956 sed
693 2908 749 2956 siue
767 2907 812 2970 eti:
832 2908 916 2969 tiques.
934 2912 958 2956 et
974 2913 1054 2957 tectus
1070 2913 1105 2957 est
1121 2909 1197 2957 etiam
1215 2906 1293 2966 Cdr,
1312 2909 1356 2969 Lg.
1375 2907 1415 2957 53.
1435 2908 1466 2956 57
1490 2907 1546 2967 (sed
1564 2907 1581 2956 d
1598 2921 1655 2958 om.
1673 2913 1780 2974 ammi:

448 2984 531 3045 tiques.
550 2985 632 3030 tuctus
646 2984 682 3031 est
697 2982 772 3030 044004
788 2994 802 3030 44
820 2983 846 3030 et
862 2982 908 3042 Lg.
927 2981 952 3030 7.
973 2982 1012 3031 46.
1031 2981 1077 3041 43;
1096 2983 1179 3044 tiques.
1198 2987 1294 3032 suntet
1310 2987 1390 3031 400404
1407 2983 1482 3031 etium
1497 2983 1557 3042 Bc;
1576 2983 1663 3046 liques.
1681 2991 1743 3035 40444
1760 2995 1782 3037 et

447 3063 527 3108 tectus
542 3062 578 3106 est
593 3057 668 3106 etium
684 3069 698 3105 z
716 3058 743 3104 et
760 3057 805 3117 Lg.
825 3056 849 3104 9.
868 3056 915 3114 644;
934 3056 1068 3119 liquefacto
1085 3061 1165 3105 tuctus
1182 3061 1216 3107 est
1232 3058 1308 3107 etiem
1324 3057 1372 3105 RL
1382 3057 1411 3105 0.
1428 3080 1455 3091 -
1469 3058 1510 3106 ille
1526 3071 1579 3107 om.
1598 3072 1612 3105 z
1631 3062 1659 3108 ei
1676 3062 1724 3123 Lg.
1739 3063 1780 3113 46.

449 3160 476 3169 *
500 3132 524 3181 i.
548 3131 677 3179 immolem
693 3144 747 3180 om.
768 3144 793 3189 r;
820 3129 1214 3194 iactantemiiabilqstux,
1238 3133 1283 3193 Lg.
1302 3132 1326 3182 4.
1344 3132 1385 3179 46.
1404 3130 1444 3181 ll.
1474 3131 1574 3182 Eadem
1597 3136 1639 3183 cst
1662 3138 1782 3187 varietas

446 3207 517 3273 epud
534 3207 611 3255 irus.
629 3207 709 3256 Mese.
726 3218 753 3269 p.
772 3204 819 3255 434
837 3207 880 3264 4.,
902 3204 946 3255 ubi
965 3207 1023 3256 cod.
1043 3210 1072 3256 4.
1090 3208 1141 3257 liei
1157 3207 1303 3266 lactantem,
1327 3206 1460 3257 Gudianus
1480 3207 1609 3257 lucentem
1633 3207 1729 3259 habet.
1751 3238 1778 3246 —-

445 3282 470 3333 4.
489 3282 633 3342 0000444004
649 3280 757 3340 644444,
776 3279 791 3330 8
808 3279 850 3330 ulii
868 3282 961 3343 Lagg.;
980 3283 1108 3344 aruspices
1124 3279 1180 3331 rell.
1199 3282 1260 3330 mei.
1282 3308 1309 3316 -
1327 3287 1410 3330 cteta
1427 3296 1473 3343 gr.
1494 3309 1521 3318 -
1540 3284 1564 3332 5.
1584 3297 1615 3331 ac
1633 3286 1711 3333 totius
1729 3300 1780 3335 mr

446 3361 499 3416 tw;
518 3358 552 3406 od
567 3357 641 3405 totius
657 3357 672 3403 6
690 3358 767 3419 lagg.
787 3356 850 3406 dett.
872 3383 898 3391 -
918 3357 983 3405 orbis
1000 3370 1026 3420 p.
1048 3384 1073 3393 -
1095 3358 1117 3405 6.
1137 3358 1162 3404 di
1179 3369 1233 3406 om.
1252 3371 1272 3404 r.
1295 3384 1321 3392 -
1341 3358 1407 3405 omui
1424 3370 1477 3406 om.
1495 3371 1519 3419 g.
1535 3385 1562 3394 -
1582 3358 1606 3406 7.
1627 3359 1683 3407 iam
1697 3373 1780 3423 prope

446 3446 459 3481 z
478 3433 505 3480 04
521 3433 564 3493 Lg.
584 3429 624 3479 46.
645 3456 673 3465 -
691 3431 762 3491 suctu
778 3429 852 3480 beu.
878 3456 904 3464 —
927 3437 980 3481 tum
997 3431 1226 3480 Bubcdistuz
1244 3432 1289 3492 Lg.
1309 3432 1332 3479 7.
1351 3432 1375 3479 9.
1394 3432 1435 3479 46.
1454 3434 1494 3480 50.
1513 3433 1554 3481 57.
1573 3433 1619 3482 65:
1647 3438 1703 3482 tum
1721 3448 1777 3484 om.

446 3508 491 3568 Lg.
510 3505 550 3555 43.
569 3505 615 3563 53,
641 3509 700 3553 40440
717 3506 804 3554 4440.
825 3533 852 3540 -
870 3506 894 3556 8.
913 3512 936 3554 et
953 3518 1006 3555 om.
1026 3521 1039 3555 z
1057 3509 1084 3556 et
1101 3507 1144 3566 ug.
1165 3506 1188 3552 ll.
1207 3506 1248 3555 iti.
1270 3533 1296 3540 —
1318 3507 1463 3568 perdecem
1479 3506 1530 3555 dies
1550 3506 1778 3578 BCadiprtz‚

446 3583 460 3630 7
479 3580 519 3631 alii
539 3583 631 3643 Lugg.:
656 3594 702 3641 per
718 3582 769 3629 dies
785 3582 866 3631 decem
884 3580 975 3645 bcqs
992 3583 1037 3644 Lg.
1057 3581 1085 3637 73
1114 3581 1194 3628 44040444
1208 3595 1255 3642 per
1272 3581 1323 3629 dies
1339 3582 1424 3629 liLO.
1446 3607 1472 3615 —
1489 3581 1645 3642 placandum
1663 3583 1678 3631 7
1696 3584 1778 3647 legg.

446 3657 526 3717 dett,
546 3657 602 3706 LO.
623 3654 717 3718 (nullus
735 3669 766 3705 04
785 3657 869 3718 meis.)
899 3658 937 3706 Ci.
957 3658 1076 3719 Madvigii
1095 3656 1190 3719 Opusc.
1210 3658 1229 3703 i.
1249 3669 1274 3717 p.
1288 3656 1345 3705 384.
1366 3682 1393 3691 -
1413 3657 1437 3705 9.
1456 3657 1568 3718 ideoque
1584 3658 1650 3705 mei:
1670 3658 1780 3720 itemque

446 3745 486 3791 m;
510 3733 632 3792 iideruque
649 3732 706 3782 LO.
728 3756 755 3767 -
781 3733 820 3780 40.
839 3731 929 3797 [acme]
951 3734 1006 3785 lieri
1022 3733 1105 3793 qu,
1129 3731 1172 3792 Lg.
1192 3731 1215 3778 9.
1236 3729 1277 3779 46,
1296 3731 1336 3778 50.
1355 3731 1396 3778 57.
1415 3731 1460 3785 654
1480 3729 1560 3780 iidem
1579 3733 1696 3794 (praeter
1713 3736 1733 3784 B
1753 3738 1780 3784 et

447 3806 491 3868 Lg.
511 3807 550 3866 50)
574 3805 673 3855 habent
689 3806 786 3856 deinde
805 3809 884 3857 etiem
901 3808 1019 3857 collocari
1037 3810 1064 3855 et
1080 3807 1198 3855 converti.
1224 3831 1250 3838 —
1270 3805 1296 3851 40
1318 3806 1380 3854 celso
1397 3819 1437 3853 ux
1455 3804 1512 3855 soli.
1534 3833 1560 3841 -
1586 3807 1671 3858 tooure
1688 3823 1726 3858 m.
1749 3837 1775 3846 -

445 3883 469 3927 et
486 3891 573 3940 qux,
593 3882 624 3928 40
641 3880 682 3930 alii
701 3884 778 3945 lagg.
797 3881 861 3933 dett.
884 3910 910 3919 -
929 3889 1004 3932 oeteo
1020 3883 1173 3944 bciqstg
1190 3882 1234 3943 Lg.
1253 3880 1276 3929 3.
1296 3880 1320 3929 6.
1340 3882 1369 3927 e:
1388 3893 1441 3929 om.
1461 3894 1503 3938 m;
1526 3880 1658 3931 poterell.
1677 3885 1732 3933 mci
1752 3888 1779 3935 et

447 3954 540 4015 lagg„
566 3955 595 4002 ut
610 3954 729 4015 videtur,
753 3957 811 4005 LO.
833 3982 859 3992 -
886 3958 919 4005 od
936 3957 1101 4018 orientemque
1119 3956 1145 4005 d.
1170 3982 1196 3989 —
1221 3956 1261 4004 44.
1280 3969 1311 4003 00
1328 3969 1353 4004 se
1369 3957 1406 4004 ite
1422 3969 1524 4017 sperare
1545 3959 1604 4005 zet
1620 3958 1666 4019 Lg.
1685 3959 1709 4006 u.
1729 3960 1776 4014 65;

446 4027 610 4089 0044044404.
630 4031 693 4092 Bq,
718 4032 762 4092 Lg.
781 4029 821 4080 46.
843 4058 870 4066 -
889 4032 929 4080 ti.
949 4036 972 4080 et
988 4032 1071 4092 forum
1088 4044 1141 4081 om.
1160 4045 1182 4080 r.
1208 4057 1234 4063 -
1260 4030 1433 4080 comitiaom.
1453 4044 1488 4080 m.
1515 4058 1541 4065 —
1570 4030 1610 4079 43.
1629 4031 1704 4097 ctum]
1723 4034 1779 4081 ium

447 4114 525 4161 anag
545 4104 590 4164 Lg.
610 4104 650 4152 66.
669 4104 709 4153 447.
736 4131 762 4141 -
787 4105 887 4169 illustr]
912 4106 969 4155 icrt.
989 4107 1027 4155 440
1044 4108 1239 4155 illustrarentur.
1269 4107 1379 4156 Videtur
1395 4108 1445 4165 itu,
1472 4106 1545 4169 quod
1562 4106 1605 4154 hic
1621 4108 1776 4170 requiritur,

446 4185 505 4235 loco
522 4189 571 4226 suo
589 4180 690 4227 motum
709 4183 735 4229 et
752 4182 848 4244 partim
860 4184 921 4230 aute
939 4194 1040 4242 sperare
1051 4195 1075 4229 v.
1090 4183 1131 4236 44,
1150 4182 1245 4245 partim
1258 4183 1319 4231 aute
1331 4182 1501 4230 404400004οη4
1511 4195 1536 4228 v.
1551 4182 1581 4230 46
1599 4178 1664 4229 ialso
1676 4180 1778 4234 illatum

446 4266 516 4302 esse.
537 4278 563 4285 -
585 4252 624 4301 44.
640 4256 781 4316 populoque
797 4257 867 4306 44004.
887 4269 941 4304 om.
961 4268 986 4304 m
999 4257 1102 4317 qtux,
1121 4256 1135 4303 7
1154 4254 1291 4317 4144444444.
1311 4281 1337 4290 -
1355 4258 1491 4318 potuissent
1507 4269 1533 4304 u.
1555 4283 1581 4292 —
1600 4257 1700 4318 sipuum
1716 4260 1779 4309 illud

446 4327 477 4385 d;
496 4328 594 4389 sipuum
611 4341 665 4377 0444.
684 4331 728 4389 444.
748 4333 772 4380 4.
791 4333 815 4381 8.
834 4333 875 4380 it.
894 4330 942 4390 44,
968 4331 1024 4379 40.
1045 4355 1073 4366 -
1099 4331 1139 4378 46.
1157 4330 1328 4379 collocandum
1345 4330 1480 4394 ubcpst
1497 4331 1541 4392 Lg.
1560 4330 1599 4379 5⁰.
1619 4331 1650 4380 57
1674 4333 1733 4395 (sed
1751 4336 1777 4385 444
1821 4334 1839 4372 δ

447 4401 500 4451 duo
517 4402 545 4451 el
561 4416 590 4451 u:
609 4404 778 4469 0040004004
796 4408 833 4456 440
849 4406 1021 4455 collocandum
1037 4404 1122 4453 4440.
1144 4429 1170 4437 -
1190 4404 1333 4453 4000004044
1350 4404 1412 4454 iim
1422 4417 1491 4454 ru'x
1507 4402 1568 4453 soli:
1592 4406 1780 4459 coumaeeum

446 4474 603 4539 abcdps,
627 4478 701 4528 italii
724 4480 819 4544 Lagg.;
845 4486 984 4531 statuerumt
1005 4481 1127 4541 Bthu
1150 4480 1195 4540 444.
1214 4478 1229 4526 7
1247 4482 1273 4528 et
1290 4480 1324 4531 L:
1351 4480 1482 4528 uoluerunt
1501 4477 1543 4528 vel
1565 4488 1714 4532 censuerunt
1733 4485 1777 4535 vel

445 4552 564 4601 6444040444
581 4554 610 4602 li.
625 4579 652 4588 -
672 4553 713 4602 46.
732 4567 810 4615 aeque
826 4570 879 4619 sup.
899 4557 992 4606 0044404.
1011 4568 1089 4615 oeque
1104 4553 1174 4601 00444
1190 4566 1277 4613 acu,
1297 4555 1341 4615 Lg.
1355 4554 1378 4602 4.
1393 4554 1416 4603 6.
1430 4555 1454 4602 9.
1468 4553 1508 4603 te.
1521 4556 1562 4603 50.
1575 4556 1616 4605 57.
1630 4557 1678 4606 65:
1698 4574 1779 4621 neque

445 4625 513 4674 4404444
530 4640 558 4684 s;
576 4640 656 4689 oeque
671 4641 726 4690 sup.
739 4643 805 4679 eous.
819 4644 897 4693 reque
908 4631 1005 4680 euobis
1016 4631 1034 4679 Β
1045 4633 1069 4688 44
1087 4641 1165 4689 meque
1181 4643 1258 4691 neque
1275 4643 1292 4678 0
1309 4643 1362 4691 sup.
1376 4630 1515 4679 0004044404
1531 4629 1600 4678 004440
1615 4630 1649 4690 444
1668 4647 1749 4696 neque
1760 4651 1779 4685 u

445 4713 498 4760 sup.
512 4693 670 4762 comaeque
680 4717 698 4753 0
708 4704 808 4755 44044444
821 4708 849 4755 et
860 4706 921 4755 edd.
935 4708 1036 4756 vitiose.
1057 4704 1095 4755 Cf.
1110 4718 1136 4768 p.
1147 4705 1203 4753 695.
1213 4719 1239 4753 v.
1251 4705 1323 4754 47.-
1337 4706 1401 4754 diem
1413 4718 1466 4754 om.
1476 4717 1536 4753 44.-
1559 4706 1599 4754 47.
1619 4709 1663 4768 qui
1680 4707 1724 4759 ab
1735 4711 1742 4759 i
1752 4725 1775 4771 s,

448 4776 491 4837 Lg.
506 4774 529 4822 7.
543 4776 584 4825 50.
599 4778 638 4826 57.
648 4803 675 4812 -
695 4792 745 4828 esse
761 4779 905 4840 Bvadz,
923 4779 993 4829 tulii
1007 4782 1099 4842 Lupg,
1118 4778 1199 4827 Prisc.
1213 4777 1269 4828 Vol.
1283 4780 1314 4828 44.
1337 4794 1363 4844 p.
1377 4781 1437 4829 tiu:
1457 4793 1506 4829 esse
1519 4781 1625 4840 Quirites
1642 4783 1731 4835 4440.
1747 4814 1775 4822 -

446 4850 565 4898 adversm
582 4864 695 4913 amru,
720 4854 736 4901 9
752 4852 794 4902 ulii
811 4855 889 4916 4444444,
909 4856 1019 4915 (quosue
1034 4855 1114 4902 Prisc.
1134 4855 1161 4902 et
1177 4857 1253 4902 Arus.
1272 4867 1299 4918 p.
1317 4855 1385 4915 409.)
1409 4880 1438 4892 -
1454 4868 1575 4916 praeceps
1592 4856 1679 4917 frerore
1696 4859 1725 4908 L.
1747 4886 1774 4895 -

447 4923 486 4971 48.
505 4924 612 4974 uidimus
628 4928 686 4987 Bx;
713 4929 799 4978 uidetis
815 4941 867 4992 444,
892 4930 936 4990 Lg.
955 4928 996 4978 iti.
1015 4929 1055 4976 65.
1077 4955 1104 4963 -
1124 4929 1164 4977 49.
1183 4928 1269 4977 urbem
1286 4942 1339 4978 om.
1358 4943 1380 4978 r.
1402 4956 1428 4964 —
1447 4935 1523 4990 utque
1536 4934 1657 4991 potestate
1674 4930 1775 4995 lmxz,

446 4995 462 5043 8
479 4995 520 5045 ulii
538 4999 632 5061 lagg,
651 5000 707 5051 LO.
729 5030 756 5038 -
775 5004 815 5052 40.
833 5003 871 5051 ito
887 5005 945 5050 esset
962 5015 984 5050 r.
1006 5026 1033 5036 -
1052 5003 1151 5052 caedem
1168 5005 1195 5052 L.
1218 5031 1243 5040 -
1263 5006 1390 5054 interitum
1406 5004 1589 5068 ahcipqsz
1606 5007 1651 5070 Lg.
1671 5008 1713 5056 46.
1733 5008 1774 5059 46.

446 5070 486 5118 440.
506 5073 545 5120 447.
566 5073 598 5122 64
617 5077 643 5122 et
659 5075 683 5125 3.
702 5078 717 5126 6
735 5091 774 5141 pr.
794 5091 846 5128 m.:
866 5078 1041 5138 interitumque
1058 5080 1145 5127 4440.
1158 5105 1184 5112 -
1205 5079 1245 5127 ut.
1263 5079 1355 5139 peruri
1373 5079 1427 5127 Cu.
1449 5106 1475 5113 —
1493 5093 1539 5140 per·
1555 5081 1619 5131 cives
1636 5082 1777 5134 Bahcis

445 5145 546 5267 ῑςώιές.
570 5146 610 5195 64.
628 5148 673 5197 57:
697 5164 744 5212 per
760 5153 823 5203 cives
834 5152 945 5214 perditos
965 5153 1010 5215 Lg.
1029 5152 1069 5201 40.
1089 5152 1135 5210 46;
1160 5167 1206 5216 per
1222 5154 1319 5203 ciueso
1341 5154 1445 5218 perditis
1461 5155 1555 5205 ciuibus
1571 5156 1603 5212 ἀς
1630 5171 1648 5205 0
1670 5160 1777 5220 meleu

447 5217 494 5266 ctu·
556 5220 584 5268 u.
