4367 6109
467 563 531 633 208
834 571 876 635 ltt
896 570 1062 636 VERREM
1083 569 1208 639 ACTIO
1230 575 1415 641 SECUNDA

467 744 629 807 Postremo
650 740 705 804 illo
719 738 973 825 desperatissimo
994 741 1139 827 perfugio
1156 745 1203 807 uti
1223 751 1346 829 posset,
1369 765 1404 809 se
1422 743 1652 828 impnrdentem
1665 743 1789 818 fecisse,

468 837 664 900 existimasse
685 834 718 897 id
740 835 847 900 licere.
878 835 1076 921 Quamquam
1099 837 1178 900 haec
1198 839 1412 922 perditissima
1433 839 1576 902 defensio
1597 848 1660 914 est,
1682 847 1789 903 tamen

467 927 865 1086 diqupidlpppillnderetur.
907 930 1003 994 Tollit
1029 951 1071 995 ex
1097 931 1213 994 tabulis
1235 934 1285 1009 id,
1315 933 1507 1017 quoderat,
1537 931 1663 996 etfacit
1684 953 1789 997 coram

443 1041 742 1181 10886111111112.
771 1118 830 1182 llic
857 1118 980 1193 videte,
1014 1119 1048 1183 in
1077 1129 1156 1204 quot
1185 1142 1219 1184 se
1248 1121 1383 1205 laqueos
1404 1122 1558 1197 induerit,
1591 1141 1727 1205 quorum
1748 1142 1790 1184 ex

466 1211 554 1274 nullo
577 1231 611 1274 se
631 1231 782 1295 umquam
807 1212 964 1294 expediet.
1007 1214 1147 1278 Primum
1176 1215 1244 1297 ipse
1267 1217 1298 1277 in
1323 1216 1430 1278 Sicilia
1451 1236 1546 1299 saepe
1569 1225 1601 1279 et
1622 1215 1726 1299 palam
1750 1217 1789 1278 de

465 1304 536 1369 loeo
559 1306 723 1389 superiore
746 1305 869 1369 dixerat
891 1314 922 1369 et
949 1309 982 1370 in
1005 1328 1151 1372 sermone
1172 1309 1280 1372 multis
1302 1310 1534 1373 demonstrarat
1555 1310 1650 1373 licere
1671 1329 1789 1372 nomen

465 1400 606 1482 recipere
628 1400 784 1463 absentis:
812 1421 846 1464 se
869 1402 1016 1483 exemplo
1037 1401 1169 1477 fecisse,
1198 1403 1285 1485 quod
1312 1402 1451 1466 fecisset.
1493 1405 1674 1467 Haec·eum
1697 1404 1789 1466 dicti·

465 1503 549 1559 tasse
575 1494 681 1579 priore
710 1495 834 1557 actione
864 1501 896 1558 et
922 1495 994 1557 Sex.
1017 1496 1186 1578 Pompeius
1210 1496 1343 1559 Chlorus
1374 1497 1468 1570 dixit,
1499 1498 1537 1560 de
1560 1499 1650 1561 cuius
1671 1497 1788 1560 virtute

427 1596 556 1652 toantea
578 1589 836 1662 commemoravi,
859 1597 892 1652 et
916 1589 971 1652 Cn.
993 1589 1162 1673 Pompeius
1179 1589 1383 1664 Theodoms,
1404 1590 1500 1654 homo
1516 1597 1548 1653 et
1566 1591 1622 1655 Cn.
1636 1591 1788 1675 Pompeii,

464 1682 631 1747 clarissimi
658 1683 736 1757 viri,
765 1682 884 1747 iudicio
914 1683 1059 1767 plurimis
1091 1683 1302 1767 maximisque
1323 1683 1357 1746 in
1378 1684 1474 1747 rebus
1494 1684 1735 1768 probatissimus
1758 1689 1790 1746 et

464 1776 607 1840 omnium
630 1776 863 1840 existimatione
885 1777 1122 1852 ornatissimus,
1144 1785 1175 1841 et
1195 1777 1327 1840 Posides
1346 1779 1452 1842 Macro
1468 1778 1669 1854 Soluntinus,
1690 1778 1788 1842 homo

464 1890 587 1934 summa
614 1869 798 1945 nobilitate,
828 1871 1077 1944 existimatione,
1106 1872 1240 1935 vineto:
1267 1878 1300 1934 et
1328 1872 1387 1935 hac
1409 1873 1534 1935 actione
1557 1893 1652 1956 quam
1674 1872 1788 1935 voletis

464 1964 554 2027 multi
577 1962 701 2037 dicent,
725 1965 833 2047 etqui
856 1984 896 2028 ex
918 1965 979 2029 isto
1001 1965 1072 2048 ipso
1094 1957 1278 2039 audierunt,
1301 1965 1362 2028 riri
1383 1966 1524 2049 primarii
1539 1966 1640 2029 nostri
1656 1966 1788 2039 ordinis,

425 2064 455 2115 tt
464 2067 496 2122 et
517 2058 589 2132 alii,
612 2058 667 2141 qui
690 2056 916 2132 interfuerunt,
946 2079 1018 2122 cum
1039 2058 1178 2122 absentis
1199 2077 1315 2121 nomen
1337 2058 1541 2140 reciperetur.
1583 2061 1703 2124 Deinde
1725 2061 1788 2122 Ro·

463 2173 549 2228 mae,
579 2171 652 2215 cum
680 2172 731 2214 res
758 2160 842 2216 esset
862 2159 931 2215 acta
957 2154 992 2215 in
1019 2162 1146 2227 senatu,
1176 2171 1286 2216 omnes
1313 2153 1405 2217 istius
1427 2155 1538 2229 amici,
1565 2157 1599 2218 in
1620 2155 1670 2218 his
1692 2153 1787 2218 etiam

462 2254 559 2332 pater,
574 2248 640 2310 eius
661 2244 722 2309 hoc
745 2245 933 2309 defendebat
952 2246 1049 2309 licere
1070 2242 1158 2309 lieri:
1185 2266 1280 2329 saepe
1301 2266 1371 2310 esse
1393 2245 1528 2310 iactum:
1549 2248 1610 2312 iste
1632 2247 1719 2332 quod
1741 2245 1788 2309 ie·

462 2341 570 2415 cisset,
592 2339 727 2404 aliorum
750 2340 896 2423 exemplo
918 2340 1129 2425 institutoque
1149 2340 1272 2405 secisse.
1315 2337 1388 2404 103.
1409 2342 1493 2404 llicit
1514 2349 1678 2424 praeterea
1699 2339 1787 2404 testi-

462 2434 604 2497 monium
625 2439 692 2496 tota
714 2433 838 2507 Sicilia,
866 2453 948 2517 quae
974 2434 1008 2497 in
1030 2435 1249 2498 communibus
1271 2435 1438 2517 postulatis
1460 2435 1622 2499 civitatum
1644 2435 1787 2499 omnium

424 2527 646 2592 ”consulibus
668 2527 784 2601 edidit,
809 2547 939 2611 crogare
961 2535 1057 2612 atque
1080 2547 1170 2591 orare
1193 2537 1297 2611 patres
1317 2529 1529 2612 conscriptos,
1551 2534 1588 2591 ut
1601 2534 1785 2600 statuerent,

461 2642 502 2685 ne
530 2621 710 2686 absentiam
738 2622 868 2706 nomina
888 2622 1136 2705 reciperentur.»
1182 2620 1254 2696 Qua
1275 2621 1315 2686 de
1336 2644 1371 2685 re
1393 2623 1449 2686 Cn.
1471 2622 1657 2695 Lentulum,
1679 2628 1787 2703 patro·

461 2735 538 2778 num
560 2714 704 2787 Siciliae,
728 2714 936 2778 clarissimum
958 2716 1210 2789 adolescentem,
1234 2716 1340 2780 dicere
1362 2717 1515 2780 audistis:
1548 2716 1691 2789 Siculos,
1714 2735 1786 2778 eum

461 2828 496 2873 se
518 2829 660 2884 causam,
684 2809 847 2892 quaesibi
869 2810 901 2872 in
924 2816 1036 2873 senatu
1050 2829 1109 2892 pro
1124 2809 1176 2872 his
1190 2809 1312 2892 agenda
1327 2816 1428 2884 esset,
1451 2809 1617 2885 docerent,
1639 2810 1679 2873 de
1695 2810 1786 2872 Sthe-

461 2903 507 2966 nii
529 2903 708 2966 calamitate
730 2910 860 2986 questos
883 2922 953 2966 esse
967 2910 1162 2986 propterque
1177 2902 1259 2966 hane
1274 2904 1437 2978 iniuriam,
1461 2925 1542 2988 quae
1557 2903 1688 2967 Sthenio
1703 2902 1785 2967 lacta

423 3003 561 3071 nosset,
584 3016 639 3060 eos
661 2996 828 3071 statuisse,
858 3004 894 3059 ut
914 2996 992 3070 hoc,
1016 2996 1103 3080 quod
1126 2996 1213 3071 dico,
1235 2996 1462 3079 postularetur.
1504 2993 1575 3060 tot.
1599 2996 1689 3072 Quae
1711 3016 1783 3059 oum

459 3091 505 3154 ita
527 3096 646 3164 essent,
669 3097 798 3153 tantane
819 3089 959 3153 amentia
978 3089 1142 3173 praeditus
1163 3098 1260 3174 atque
1280 3091 1413 3154 audacia
1432 3090 1539 3165 fuisti,
1561 3097 1597 3154 ut
1618 3091 1652 3153 in
1667 3110 1702 3153 re
1721 3098 1784 3152 tam

460 3184 560 3259 clara,
582 3191 646 3267 tam
668 3190 796 3259 testata,
818 3190 882 3247 tam
904 3181 959 3247 abs
981 3192 1012 3247 te
1034 3184 1106 3266 ipso
1121 3184 1321 3267 pervulgata,
1343 3183 1468 3248 tabulas
1482 3185 1626 3267 publicas
1642 3204 1784 3248 eorrum-

457 3297 534 3362 pere
562 3278 717 3341 auderest
753 3277 795 3339 At
815 3276 1111 3360 quemadmodum
1132 3279 1325 3362 corrupisti?
1356 3281 1468 3342 Nonne
1489 3280 1551 3354 ita,
1578 3285 1616 3341 ut
1636 3278 1782 3342 omnibus

459 3372 552 3435 nobis
566 3371 743 3435 tacentibus
757 3372 847 3453 ipsae
861 3378 893 3435 te
906 3378 980 3435 tuae
995 3370 1120 3436 tabulae
1136 3372 1347 3437 condemnare
1361 3376 1516 3457 possenti
1539 3373 1635 3448 Cedo,
1651 3390 1781 3456 quaeso,

523 3634 548 3682 t.
566 3631 608 3682 illo
624 3637 707 3682 temen
722 3629 830 3695 digit
845 3645 922 3697 pm.
939 3660 965 3669 -
984 3632 1009 3681 2.
1027 3631 1061 3697 id]
1078 3631 1179 3684 loecV.
1195 3658 1222 3670 -
1242 3638 1277 3684 est
1294 3646 1347 3685 orn.
1361 3632 1429 3698 epta
1442 3647 1468 3698 p.
1482 3647 1518 3685 m.
1533 3658 1561 3671 -
1580 3638 1664 3684 meo
1679 3635 1780 3691 om.A;

457 3711 541 3759 menn
556 3713 585 3758 at
600 3706 698 3772 egeas
716 3707 750 3770 (ln
766 3706 818 3758 hoc
834 3712 918 3757 tomen
934 3719 1015 3771 sopra
1032 3712 1061 3757 at
1075 3709 1223 3773 scriptum).
1244 3736 1271 3746 -
1289 3708 1313 3759 3.
1332 3714 1356 3759 et
1371 3721 1425 3759 om.
1445 3706 1512 3772 rnre
1528 3721 1555 3773 p.
1568 3720 1605 3758 m.
1627 3706 1782 3770 asyndeton

457 3794 621 3848 quamquam
637 3784 664 3832 h.
682 3780 701 3833 l.
718 3785 791 3833 reete
808 3782 915 3833 detondi
932 3785 1034 3848 potest,
1054 3785 1145 3834 tamen
1162 3786 1273 3848 propter
1288 3781 1402 3834 similem
1419 3784 1519 3833 exitum
1534 3780 1656 3833 vocabuli
1672 3793 1783 3846 praece-

411 3908 415 3914 .
457 3857 545 3910 dentis
561 3863 585 3909 et
601 3859 627 3908 in
644 3858 744 3922 optimo
761 3858 867 3920 codice,
885 3860 915 3909 ut
931 3857 1007 3921 alibi,
1026 3857 1102 3910 tacite
1119 3859 1204 3910 omitti
1220 3859 1314 3923 potuit.
1342 3859 1434 3922 ltaque
1451 3858 1512 3910 ood.
1529 3859 1589 3909 Vat.
1606 3855 1782 3920 reliquorum-

457 3944 510 3998 que
528 3933 646 3982 omnium
663 3933 846 3984 auctoritatem
862 3933 889 3983 h.
907 3930 925 3982 l.
944 3931 1085 3985 maluimus
1102 3934 1187 3997 sequi.
1208 3959 1236 3968 -
1254 3933 1279 3986 l.
1297 3946 1348 3984 esse
1363 3934 1472 3984 Motum
1489 3932 1556 3997 Lali
1572 3946 1600 3998 p.
1618 3945 1655 3984 m.
1673 3932 1711 3980 V:
1737 3932 1782 3981 de-

456 4004 535 4059 tetnn
551 4021 601 4058 esse
617 4007 664 4058 dtt.
684 4008 721 4068 ῦς
739 4021 826 4058 eorem
842 4006 953 4057 omntdm
969 4021 1018 4058 esse
1033 4009 1083 4059 AB
1102 4010 1164 4072 (om.
1183 4007 1308 4071 delatum.
1329 4036 1357 4045 -
1379 4010 1404 4059 5.
1423 4008 1489 4072 quot]
1507 4009 1573 4072 qnod
1588 4008 1620 4058 V.
1640 4035 1667 4045 -
1686 4020 1711 4057 se
1727 4006 1779 4068 loq.

456 4080 525 4148 Lm
537 4081 592 4134 eV:
610 4083 661 4145 lep.
680 4097 706 4135 se
722 4086 767 4135 ott.
783 4111 810 4122 -·
829 4084 853 4135 6.
867 4084 978 4146 expediet
993 4084 1029 4134 V:
1048 4084 1128 4134 videri
1143 4084 1270 4147 expediret
1285 4083 1401 4146 egeam
1419 4085 1546 4147 aepedtret
1560 4085 1605 4134 ott.
1618 4084 1648 4133 0.
1665 4109 1689 4121 -
1709 4095 1782 4144 saepe

454 4161 543 4223 potem
559 4158 628 4223 1.ng
643 4173 670 4224 p.
689 4172 727 4212 m.
747 4187 775 4199 -
797 4161 821 4210 ’1.
838 4160 924 4210 modis
943 4159 1007 4208 iden
1028 4159 1091 4208 dem
1110 4158 1141 4208 V.
1161 4183 1189 4195 -
1212 4158 1235 4208 8.
1261 4157 1373 4220 eoenspto
1388 4158 1525 4208 multone»
1539 4158 1623 4219 sectus
1638 4158 1668 4208 V.
1695 4157 1782 4208 Habet

455 4235 509 4286 hoc
524 4234 735 4285 additamentum
752 4233 1011 4285 commendationem
1028 4233 1162 4297 quandam
1180 4232 1254 4293 inde,
1273 4233 1344 4296 quod
1362 4233 1427 4283 lnlra
1444 4232 1554 4298 iegitur:
1576 4247 1648 4297 saepe
1664 4246 1724 4285 esse
1742 4233 1782 4284 ta-

457 4313 542 4372 ctum,
569 4310 678 4360 ctionem
699 4307 821 4374 exemplo
844 4309 947 4360 iecisse.
982 4309 1034 4360 Sed
1060 4321 1122 4358 eum
1142 4307 1176 4358 ad
1193 4310 1353 4359 sententiam
1370 4322 1423 4359 non
1440 4309 1531 4372 utique
1549 4309 1583 4359 sit
1599 4309 1780 4359 necessarium

457 4384 499 4450 (ct.
518 4383 553 4435 ad
570 4386 640 4435 Fam.
659 4384 701 4434 1V.
720 4383 744 4445 3,
763 4386 787 4433 t.
812 4385 904 4446 «Quod
923 4384 1036 4447 exempto
1051 4384 1093 4446 tte,
1115 4383 1143 4431 id
1163 4383 1219 4433 inre
1232 4384 1289 4447 pert
1302 4384 1417 4446 potent»)
1441 4387 1468 4434 et
1484 4382 1559 4435 lacile
1577 4383 1611 4434 ab
1629 4384 1781 4448 interpretis

456 4470 539 4510 manu
554 4459 687 4524 proticisci
704 4459 828 4523 potuerit,
846 4458 961 4523 reliquos
978 4469 1072 4509 omnes
1085 4457 1192 4508 codices
1208 4459 1292 4509 secuti
1309 4471 1412 4510 sumus.
1423 4487 1449 4496 -
1463 4461 1529 4520 quod
1539 4457 1653 4524 tgtsv:
1672 4458 1699 4508 td
1715 4459 1781 4520 qood

456 4536 502 4585 ott.
520 4535 550 4585 0.
571 4561 598 4570 -
622 4534 663 4585 to.
687 4535 960 4585 commemoravit-CN.
977 4534 1098 4596 Ponpeins
1113 4533 1143 4583 V.
1169 4559 1196 4568 -
1223 4533 1295 4583 torno
1311 4539 1335 4584 et
1352 4533 1497 4597 Lgttvcp:
1525 4547 1578 4584 om.
1597 4538 1620 4584 et
1636 4535 1682 4583 ott.
1699 4534 1730 4585 0.
1751 4559 1779 4569 -

455 4610 546 4672 Ponpci
561 4609 593 4658 V.
614 4636 642 4646 -
666 4609 706 4658 tr.
730 4609 838 4658 Possidet
854 4607 1058 4673 pleriq.'codd.;
1083 4607 1205 4657 Possidias
1220 4607 1251 4657 V.
1272 4635 1299 4644 -
1324 4610 1411 4659 Macro
1428 4608 1573 4671 egaeav=
1598 4610 1672 4660 llaco
1688 4609 1727 4666 A,
1752 4608 1780 4656 in

455 4697 532 4748 apros
548 4681 616 4747 Lgta
627 4695 654 4747 p.
667 4695 719 4740 m.;
737 4684 821 4733 llctro
832 4683 894 4732 0.-
908 4683 1052 4733 Soluntinus
1063 4682 1131 4745 Lffttl
1140 4685 1159 4732 Α
1169 4683 1189 4731 Β
1201 4680 1260 4732 coll.
1272 4683 1315 4733 111.
1329 4683 1353 4746 5.
1364 4683 1432 4733 ⁴⁰33
1450 4683 1577 4733 Sotats'm
1587 4684 1622 4740 νς
1640 4683 1781 4734 snenttm

454 4761 502 4812 ott.
515 4760 545 4809 O.
561 4785 588 4795 -
607 4758 647 4809 ta.
665 4758 756 4808 nnete
771 4757 943 4807 omottsrimns
959 4762 982 4807 et
997 4756 1107 4820 vtgta.
1123 4784 1150 4793 -
1170 4755 1210 4808 ll.
1228 4757 1281 4821 ipso
1298 4770 1350 4807 om.
1364 4758 1394 4807 V.
1409 4781 1436 4793 -
1456 4759 1590 4808 andnamt
1600 4758 1637 4807 V:
1655 4757 1781 4808 eandm

455 4831 512 4886 rell.
525 4835 590 4885 0.-
604 4834 644 4884 to.
656 4831 758 4896 fseenmt
774 4830 933 4896 instar:
952 4832 1108 4895 interfuerint
1119 4832 1165 4881 ctt.
1179 4831 1209 4883 Ο.
1223 4857 1250 4866 -
1266 4831 1418 4894 primortV.
1433 4857 1461 4866 -
1475 4832 1516 4882 to.
1528 4832 1564 4882 ott
1574 4832 1606 4882 V.
1621 4859 1648 4869 -
1669 4833 1708 4884 16.
1721 4837 1781 4882 octo

453 4922 496 4960 res
510 4915 570 4960 esset
585 4908 667 4974 Lglt,
685 4909 715 4958 ut
730 4907 849 4968 videtur;
867 4920 924 4957 eren
939 4905 999 4957 lsoee
1016 4920 1047 4956 ec
1059 4945 1065 4956 .
1078 4943 1084 4956 .
1098 4943 1104 4956 .
1117 4906 1140 4955 V
1151 4907 1198 4969 (sie
1214 4904 1357 4968 desinens).
1373 4933 1400 4942 -
1420 4908 1459 4956 tr.
1473 4907 1633 4971 desmmbont
1647 4920 1721 4972 susp.
1734 4907 1778 4957 0r.

454 4984 514 5035 Non
529 4983 613 5047 male;
631 4982 713 5035 habet
730 4984 819 5033 tamen
836 4982 959 5033 codicum
977 4983 1124 5047 scriptura,
1142 4994 1196 5045 quo
1213 4980 1377 5032 detondetur.
1394 5008 1420 5018 -
1437 4983 1482 5032 iste
1499 4984 1565 5045 qnod
1580 4981 1648 5047 egla
1660 4996 1687 5048 p.
1700 4994 1736 5032 m.
1750 4982 1777 5031 F:

454 5059 530 5110 utun
552 5062 618 5123 qnod
634 5061 679 5111 ctt.
698 5059 728 5109 0.
749 5083 776 5095 -
801 5058 842 5110 23.
860 5058 906 5108 ster
923 5059 950 5108 tn
966 5071 986 5108 s.
1001 5071 1030 5121 p.
1047 5059 1071 5110 t.
1090 5057 1124 5110 l:
1147 5071 1174 5121 p.
1192 5057 1217 5107 n.
1235 5069 1256 5107 s.
1273 5058 1300 5106 tn
1316 5070 1337 5106 s.
1356 5056 1404 5107 dtt.
1417 5058 1446 5106 0.
1465 5056 1552 5108 llelim
1570 5061 1660 5108 tammr
1676 5069 1725 5122 pro
1742 5056 1780 5105 tis

454 5133 573 5186 scribere
594 5135 633 5186 tis.
655 5161 682 5171 -
705 5134 746 5185 25.
765 5134 810 5184 ltoc
826 5133 856 5196 l,
872 5135 911 5184 N:
935 5147 989 5186 om.
1007 5136 1052 5184 ctt.
1079 5161 1106 5171 -
1131 5133 1173 5183 27.
1194 5131 1344 5195 pnnntpote
1360 5131 1438 5197 vulgo
1454 5132 1516 5184 inde
1534 5146 1550 5183 u
1566 5133 1682 5183 Victorio
1699 5130 1776 5196 prob.

454 5209 540 5261 ltadv.
559 5209 594 5261 ad
611 5211 664 5262 Vin.
683 5223 710 5275 p.
728 5208 801 5261 tola
814 5210 978 5275 prnnotpota
994 5209 1079 5273 lgm
1101 5213 1244 5272 pernapoto
1259 5209 1304 5260 ctt.
1325 5234 1353 5243 -
1371 5208 1413 5258 29.
1431 5213 1454 5258 te
1470 5207 1586 5272 Lglic:
1610 5220 1664 5259 om.
1681 5205 1776 5272 pleriq.

455 5283 549 5348 codd,
567 5283 610 5336 alil
627 5288 742 5350 transp:
753 5289 784 5338 te
795 5290 903 5351 possent.
918 5311 946 5322 -
964 5286 1022 5338 cedo
1032 5283 1167 5349 mesura
1183 5297 1190 5333 τ
1208 5295 1314 5347 quaeso,
1331 5284 1385 5335 eod
1398 5284 1533 5348 &writer
1547 5283 1618 5349 (om.
1632 5283 1698 5346 cedo)
1715 5284 1762 5333 ott.
