4367 6109
755 603 823 666 444.
844 601 883 665 V.
906 598 978 666 Car.
1000 600 1160 664 Ll-BII.
1188 596 1244 683 §§.
1267 595 1457 664 tau-tau.
1696 586 1757 654 445

441 767 513 835 itit.
535 770 615 834 llicu
636 779 799 854 praeterea
820 770 894 834 illos
915 771 1002 854 ipsos
1024 772 1164 855 reliquos
1185 778 1295 834 nautas
1317 770 1399 833 lame
1413 777 1508 853 atque
1529 767 1636 850 iuopia
1652 783 1760 830 rerum

440 865 580 930 omnium
604 864 763 928 coniectos
782 864 882 927 fuisse
897 884 934 928 ao
952 864 1109 947 perditos:
1132 863 1203 927 dico
1218 871 1272 928 aut
1286 884 1395 928 omues
1410 872 1498 926 extra
1512 862 1636 945 cuipam
1650 860 1760 933 luisse,

439 965 510 1032 aut,
532 957 560 1021 si
581 959 638 1022 uni
661 958 861 1021 attribuenda
883 959 977 1041 culpa
1000 959 1058 1034 sit,
1086 960 1119 1021 in
1142 978 1180 1021 eo
1202 958 1368 1020 maximam
1390 957 1504 1030 tuisse,
1533 956 1587 1040 qui
1609 953 1759 1037 optimam

438 1071 569 1126 narem,
599 1051 752 1134 plurimos
773 1059 886 1115 nautas
908 1051 1055 1127 haberet,
1081 1072 1237 1114 summum
1259 1051 1426 1133 imperium
1449 1050 1618 1122 obtineret,
1640 1054 1708 1120 aut,
1732 1045 1758 1108 si

439 1164 548 1210 omues
569 1145 603 1209 in
625 1145 721 1228 culpa
741 1145 875 1220 suerint,
898 1165 963 1209 uon
977 1147 1155 1230 oportuisse
1172 1144 1372 1207 Cleomenem
1387 1143 1534 1207 constitui
1551 1149 1783 1226 spectatorems

438 1240 565 1303 illorum
588 1239 698 1302 mortis
720 1246 817 1323 atque
839 1241 1016 1303 cruciatus:
1047 1239 1117 1301 dico
1141 1240 1234 1302 etiam
1257 1239 1289 1299 in
1312 1240 1382 1321 ipso
1405 1237 1560 1322 supplicio
1583 1233 1760 1298 mercedem

437 1333 651 1407 lacrimarum,
684 1333 860 1397 mercedem
881 1332 1022 1395 vulneris
1044 1339 1140 1414 atque
1162 1331 1290 1414 plagae,
1313 1332 1490 1395 mercedem
1511 1330 1631 1394 funeris
1653 1349 1689 1393 ao
1711 1344 1762 1390 se-

437 1428 584 1510 pulturae
607 1427 755 1490 constitui
776 1425 866 1489 nefas
880 1425 989 1489 fuisse.
1022 1419 1093 1486 435.
1110 1424 1309 1509 Quapropter
1323 1424 1348 1486 si
1365 1424 1441 1487 mihi
1456 1424 1647 1507 respondere
1662 1423 1763 1495 voles,

437 1521 515 1584 haec
538 1522 649 1585 dicito:
672 1520 804 1583 classem
827 1521 1011 1583 instructam
1033 1526 1130 1602 atque
1152 1526 1292 1582 ornatam
1308 1519 1422 1593 tuisse,
1444 1518 1566 1582 nullum
1581 1535 1762 1601 propugna-

437 1624 539 1678 torem
560 1614 696 1687 afuisse,
730 1614 852 1677 nullum
874 1633 1007 1676 vacuum
1030 1621 1163 1677 tractum
1186 1632 1255 1675 esse
1277 1633 1413 1685 remum,
1435 1633 1500 1674 rem
1528 1611 1760 1676 frumentariam
1770 1618 1800 1668 44

439 1729 508 1772 esse
530 1709 780 1792 suppeditatum,
811 1708 935 1770 mentiri
963 1707 1150 1780 navarchus,
1172 1707 1296 1769 mentiri
1319 1714 1448 1769 tottam
1470 1726 1581 1789 graves
1604 1707 1762 1776 civitates,

438 1803 564 1866 mentiri
588 1804 683 1866 stiam
705 1803 845 1865 Siciliam
868 1810 985 1877 totam:
1008 1802 1167 1885 proditum
1189 1820 1259 1864 esse
1280 1808 1312 1863 te
1334 1820 1352 1862 a
1375 1800 1558 1873 Cleomene,
1582 1801 1635 1883 qui
1658 1818 1692 1860 se
1714 1795 1764 1859 di-

438 1897 520 1960 xerit
542 1898 645 1958 exisse
667 1896 701 1958 in
723 1902 858 1970 terram,
880 1903 915 1959 ut
937 1896 1084 1979 Pachyno
1104 1895 1273 1958 deduceret
1287 1894 1419 1968 milites:
1441 1894 1579 1956 animum
1595 1892 1675 1965 illis,
1698 1910 1761 1952 uon
1802 1928 1806 1936 ·

438 1991 546 2074 copias
575 1989 729 2066 defuisse3
761 1990 961 2053 Cleomenem
990 1989 1140 2053 acerrime
1172 1997 1362 2072 pugnantem
1393 1988 1431 2050 ab
1460 1989 1498 2050 iis
1527 1987 1670 2050 relictum
1692 2004 1762 2048 esse

437 2091 532 2168 atque
554 2085 729 2160 desertum;
754 2104 917 2146 nummum
940 2082 980 2145 ob
1003 2082 1196 2166 sepulturam
1218 2082 1325 2145 datum
1342 2082 1472 2144 nemini.
1505 2080 1594 2156 Quae
1617 2083 1643 2144 si
1666 2082 1800 2158 dicento

437 2177 605 2253 tenebere:
628 2178 677 2241 sin
700 2178 762 2241 alia
783 2177 887 2251 dices,
911 2197 963 2250 ea,
993 2195 1076 2261 quae
1098 2196 1117 2238 a
1138 2195 1188 2238 me
1210 2176 1404 2250 dictasunt,
1430 2195 1494 2237 non
1516 2175 1678 2239 reiutabis.

522 2271 588 2333 LII.
611 2267 683 2332 436.
704 2272 764 2334 Hic
786 2279 820 2335 tu
843 2273 939 2335 etiam
962 2270 1065 2333 dicere
1086 2270 1232 2333 audebis:
1260 2271 1343 2331 ctist
1365 2270 1397 2331 iu
1419 2270 1575 2333 iudicibus
1597 2270 1651 2332 ille
1673 2269 1765 2332 iami-

441 2365 526 2428 liaris
557 2383 663 2438 meus,
694 2373 741 2429 est
761 2372 915 2448 paternus
944 2365 1063 2428 amicus
1084 2364 1173 2428 ille.»
1217 2365 1305 2438 Non,
1333 2363 1525 2447 utquisque
1547 2363 1682 2426 maxime
1704 2367 1763 2436 est,

438 2459 568 2543 quicum
594 2458 652 2521 tibi
681 2459 801 2542 aliquid
831 2459 889 2533 sit,
919 2459 964 2521 ita
991 2465 1022 2520 to
1050 2458 1082 2521 iu
1109 2457 1349 2521 huiuscemodi
1383 2457 1514 2519 crimine
1537 2457 1672 2520 maxime
1694 2457 1762 2519 eius

440 2555 564 2638 pudeti
582 2585 624 2599 -
645 2553 798 2616 Paternus
820 2553 940 2615 amicus
963 2559 1020 2614 est.
1037 2584 1079 2598 -
1100 2552 1173 2633 Ipse
1194 2558 1284 2634 pater
1304 2551 1330 2613 si
1352 2550 1521 2624 iudicaret,
1542 2570 1601 2633 per
1613 2551 1690 2613 deos
1705 2550 1800 2612 imm

440 2646 607 2710 mortalesi
631 2646 708 2730 quid
730 2645 834 2708 iacere
856 2649 986 2728 posset?
1017 2646 1096 2708 Cum
1118 2644 1174 2707 tibi
1196 2645 1275 2708 haec
1297 2645 1433 2708 diceret:
1459 2647 1525 2706 «Tu
1547 2645 1580 2706 in
1602 2643 1764 2728 provincia

444 2740 554 2823 populi
576 2740 728 2814 Romani,
752 2760 822 2802 cum
846 2739 903 2801 tibi
925 2739 1118 2802 maritimum
1139 2738 1256 2801 bellum
1278 2746 1363 2802 esset
1377 2737 1675 2813 administrandum,
1697 2739 1763 2800 lla-

440 2833 582 2896 mertinis
604 2853 645 2895 ex
665 2832 794 2896 foedere
816 2852 910 2918 quam
934 2834 1085 2896 deberent
1107 2853 1219 2896 nauem
1246 2853 1304 2914 per
1323 2831 1494 2895 triennium
1516 2832 1678 2895 remisisti:
1705 2830 1764 2895 tihi

437 2927 522 3010 apud
544 2928 675 2991 eosdem
697 2928 819 3009 priuata
840 2928 930 2990 navis
952 2927 1098 2990 oneraria
1120 2927 1255 2990 maxima
1278 2926 1403 3009 publice
1426 2932 1474 2987 est
1495 2925 1671 2989 aedificata:
1694 2934 1762 2989 tua

407 3070 411 3076 .
439 3020 620 3084 civitatibus
642 3023 794 3103 pecunias
817 3022 927 3085 classis
949 3022 1076 3084 nomine
1099 3022 1248 3104 coegisti:
1272 3029 1305 3082 tu
1326 3021 1428 3102 pretio
1450 3020 1584 3102 remiges
1600 3019 1801 3082 dimisistim

440 3121 492 3188 tu,
514 3115 604 3179 navis
627 3135 698 3178 cum
722 3123 805 3178 esset
827 3116 866 3178 ab
882 3123 1049 3200 quaestore
1072 3122 1106 3177 et
1126 3115 1165 3178 ab
1187 3114 1291 3197 legato
1315 3120 1406 3196 capta
1427 3112 1639 3198 praedonum,
1661 3112 1764 3175 archi-

436 3208 568 3291 piratam
598 3207 638 3271 ab
668 3209 767 3272 oculis
796 3211 936 3272 omnium
959 3210 1134 3272 removisti:
1166 3215 1217 3281 tu,
1248 3211 1304 3292 qui
1326 3208 1410 3269 cives
1432 3207 1565 3269 Romani
1587 3225 1656 3269 esse
1678 3205 1763 3268 dice-

436 3311 563 3377 rentur,
587 3303 642 3386 qui
664 3323 684 3365 a
705 3303 812 3366 multis
839 3309 1119 3385 cognoscerentur,
1142 3302 1245 3365 securi
1267 3301 1360 3364 ferire
1381 3301 1534 3383 potuisti:
1556 3307 1589 3362 tu
1605 3308 1690 3361 tuam
1706 3298 1763 3360 do·

438 3417 522 3459 mum
555 3396 670 3479 piratas
705 3397 881 3471 abducere,
914 3402 949 3459 iu
981 3396 1015 3458 in
1044 3395 1197 3459 iudicium
1226 3395 1447 3477 archipiratam
1471 3394 1564 3455 domo
1586 3390 1762 3475 producere

502 3638 528 3688 4.
543 3638 670 3702 perdicto:
685 3639 716 3687 V.
738 3666 765 3674 -
784 3638 863 3688 omui:
878 3639 907 3689 44.
929 3663 956 3674 -
975 3637 999 3688 3.
1017 3636 1182 3688 4404044444
1199 3635 1266 3690 444’;
1286 3633 1407 3684 4444404444
1423 3635 1455 3684 st
1471 3635 1497 3684 4.
1511 3659 1539 3670 -
1558 3632 1582 3684 4.
1601 3634 1720 3693 4444444444
1729 3632 1761 3694 V,

438 3713 468 3762 ut
483 3712 526 3763 Br.
546 3711 659 3763 videtur.
680 3739 704 3748 ω
726 3714 750 3763 0.
767 3712 901 3776 [44444444
919 3711 994 3774 ttici:
1011 3713 1115 3775 44444444
1131 3713 1208 3775 lagg.
1225 3739 1250 3747 -
1271 3709 1411 3760 Cteorneueu
1429 3709 1490 3758 ltV.
1506 3733 1532 3745 -
1553 3708 1577 3757 6.
1595 3708 1661 3757 444444
1676 3706 1763 3757 morti:

438 3787 508 3837 4404
524 3785 571 3837 Ld.
593 3812 619 3823 -
639 3789 695 3837 dico
710 3789 797 3837 estium
812 3787 843 3836 V.
864 3814 891 3823 -
909 3787 963 3849 ipso
979 3788 1015 3837 443
1027 3786 1059 3838 l:
1077 3790 1120 3839 itte
1136 3789 1201 3839 dett.
1220 3789 1249 3836 0.
1269 3787 1305 3849 tin
1322 3787 1345 3835 V
1361 3784 1456 3835 vocab.
1476 3785 1600 3846 evanuit.)
1618 3810 1643 3820 -
1664 3783 1688 3834 4.
1706 3782 1763 3833 444-

438 3864 505 3913 uoria
515 3864 544 3913 44.
559 3889 586 3898 -
605 3864 630 3913 8.
649 3863 774 3912 constituit
785 3863 816 3912 V.
832 3889 859 3898 ω
879 3862 902 3912 0.
921 3863 966 3913 loc
982 3864 1059 3926 ugia.
1075 3892 1102 3900 -·
1122 3865 1162 3915 40.
1181 3863 1273 3926 osuiu:
1284 3863 1303 3911 44
1316 3859 1331 3911 4
1349 3861 1426 3911 codd.
1441 3860 1548 3911 Lamo:
1566 3860 1641 3922 [44444
1652 3858 1673 3906 V
1686 3859 1761 3921 ttici:

438 3937 544 4001 40444444
565 3937 602 3988 (43
613 3938 648 3996 0;
674 3938 783 4001 44444444
803 3936 871 4001 Lgtl
882 3936 927 3996 29:
955 3939 1054 4000 44144444
1075 3939 1140 3990 dett.
1162 3965 1189 3974 -
1215 3942 1323 3987 tructtam
1339 3949 1388 3986 esse
1404 3949 1500 3986 44444444
1517 3935 1553 3984 443
1571 3937 1647 3998 lagg.
1667 3934 1761 3997 (liadv.

438 4025 464 4077 P·
479 4011 559 4074 md:
577 4024 674 4062 400040
691 4024 744 4061 0¹⁰·
757 4012 794 4070 Vi
813 4014 952 4060 truurtrom
966 4011 1055 4073 444444,
1073 4014 1163 4076 remipi
1179 4013 1215 4062 St
1229 4012 1258 4061 0.
1274 4038 1300 4047 —
1319 4011 1360 4060 44.
1378 4023 1428 4061 οπο
1444 4010 1522 4059 autito
1538 4011 1720 4073 suppeditatum
1729 4009 1761 4061 V.

440 4115 467 4126 -
486 4091 590 4138 tottam
607 4085 685 4138 aaa:
704 4086 829 4144 totomV3
848 4091 883 4135 tot
899 4091 922 4135 ο4
939 4091 992 4136 tota
1008 4087 1119 4150 Lgaots
1132 4089 1165 4145 0;
1184 4093 1207 4137 ot
1223 4086 1349 4148 4444444444.
1363 4086 1405 4147 tot)
1423 4082 1479 4134 rell.
1494 4085 1571 4148 Lagg.
1586 4112 1613 4121 -
1632 4085 1672 4134 44.
1685 4088 1763 4135 tom

437 4174 491 4213 om.
509 4161 539 4212 V.
560 4189 587 4199 -
607 4174 657 4212 saro
674 4167 696 4212 4ο
710 4161 734 4209 V
751 4162 779 4211 et
794 4158 932 4224 ptertquo:
958 4173 1008 4210 orso
1024 4161 1074 4221 443;
1101 4167 1124 4212 4ο
1140 4174 1189 4212 osso
1205 4162 1234 4212 0.
1257 4187 1280 4198 -
1302 4160 1343 4210 43.
1361 4161 1468 4211 Partim
1483 4160 1520 4219 V:
1536 4159 1666 4220 04444444
1683 4160 1713 4210 44.
1733 4185 1760 4195 -

438 4237 478 4288 44.
497 4250 642 4288 oomruruo
658 4237 720 4288 RV.
741 4264 768 4272 -
792 4236 825 4285 40
845 4236 876 4285 iia
892 4235 915 4284 V
932 4235 1008 4299 (liuiz
1034 4236 1066 4286 40
1086 4237 1201 4301 4444444.
1220 4249 1271 4294 444.;
1298 4235 1330 4285 40
1350 4234 1414 4285 hisco
1430 4234 1516 4298 agam
1542 4234 1761 4294 ottisltcorr„

437 4310 494 4373 alil,
512 4313 543 4363 0.
562 4338 591 4350 -
611 4313 650 4363 40.
669 4324 701 4362 so
717 4324 771 4362 om.
790 4309 854 4361 dett.
874 4310 903 4362 0.
924 4335 950 4346 -
976 4311 1045 4362 dicto
1060 4314 1109 4362 4444
1124 4311 1156 4361 V.
1175 4311 1236 4373 4444.)
1260 4337 1287 4347 -
1310 4324 1361 4359 noo
1377 4322 1431 4360 om.
1451 4309 1481 4358 V.
1502 4310 1562 4372 (444.)
1581 4332 1609 4344 -
1635 4309 1675 4359 aa.
1694 4309 1763 4371 44444-
1846 4343 1850 4357 .

437 4402 514 4451 quum
530 4388 554 4437 V
570 4390 597 4438 ot
613 4388 691 4452 4349.
710 4415 737 4424 -
758 4387 798 4437 49.
816 4401 922 4451 quotam
939 4387 982 4438 4404
998 4387 1088 4449 otiquit
1101 4387 1124 4437 V
1141 4385 1237 4448 (44444444
1254 4385 1334 4434 etiam
1346 4385 1384 4446 44).
1400 4411 1427 4420 -
1446 4388 1470 4433 4ο
1486 4384 1513 4432 io
1528 4383 1552 4432 a.
1571 4384 1674 4433 44444044
1689 4396 1761 4434 mou.

436 4465 489 4513 44444
504 4463 541 4514 aa
551 4463 606 4514 VC
624 4461 680 4526 tsed
697 4463 815 4512 4444444444
832 4462 884 4524 03,
903 4475 965 4513 uum
983 4460 1064 4512 habet
1081 4463 1100 4511 44
1117 4473 1158 4525 pr.
1172 4473 1209 4510 m.
1222 4460 1397 4520 4444444444οε
1417 4459 1443 4506 ia
1460 4471 1513 4507 om.
1528 4457 1607 4517 dett.;
1626 4459 1662 4508 tui
1677 4459 1702 4526 4.
1715 4458 1765 4509 ori·

436 4539 511 4588 44444444
520 4539 632 4588 moceria
642 4538 805 4589 oumVictor.
820 4538 849 4587 0.
862 4537 900 4588 Cl.
911 4535 997 4588 lladv.
1008 4550 1035 4602 p.
1045 4537 1101 4587 444.
1111 4537 1186 4587 -40,
1199 4536 1251 4597 ipse
1259 4534 1342 4598 pater]
1355 4533 1388 4584 cl.
1399 4534 1486 4593 Quint.
1500 4533 1541 4582 44.
1556 4534 1580 4592 4,
1593 4533 1617 4582 3.
1627 4534 1764 4583 -inmor-

438 4613 495 4663 44444
505 4615 525 4664 44
537 4614 567 4663 V.
579 4640 606 4649 -
617 4614 658 4663 44.
667 4618 748 4675 posset
759 4611 837 4663 codd.
851 4615 957 4676 praeter
967 4612 998 4673 V,
1009 4613 1035 4662 iu
1047 4624 1101 4675 quo
1113 4614 1155 4661 est
1164 4612 1302 4662 POSSETS
1313 4612 1385 4672 [Bt-lt
1396 4623 1479 4672 possa:
1489 4608 1523 4659 do
1535 4610 1640 4660 Hotom.
1653 4611 1721 4660 ooui.
1731 4611 1761 4661 0.

435 4698 544 4760 [Ructat
560 4696 594 4747 ct.
608 4709 634 4761 p.
645 4696 702 4748 446.
712 4711 738 4747 v.
748 4697 800 4759 40]
813 4699 846 4747 a:
859 4695 892 4747 ci.
903 4696 989 4747 Madv.
1004 4709 1030 4761 p.
1043 4697 1109 4757 444,
1126 4697 1170 4760 qut
1186 4699 1257 4746 recta
1268 4681 1360 4746 'iocum
1374 4694 1499 4745 distinxit.
1511 4720 1537 4732 -
1549 4694 1661 4744 44444404
1673 4695 1764 4744 duent

438 4773 520 4836 l329;
538 4774 629 4823 444ονο4
645 4774 689 4823 4404
705 4774 764 4823 hooc
781 4772 826 4822 G3.
855 4772 894 4822 Ci.
914 4771 999 4822 lttadv.
1018 4771 1064 4835 Op.
1084 4771 1103 4819 l.
1122 4785 1148 4835 p.
1167 4771 1224 4820 307.
1245 4799 1271 4808 -
1291 4777 1318 4820 tu
1335 4772 1371 4834 in]
1389 4776 1442 4820 tum
1458 4771 1486 4818 44.
1502 4795 1528 4804 -
1548 4770 1588 4818 44.
1604 4782 1664 4830 pop.
1683 4766 1763 4829 444444]

436 4849 464 4899 P.
477 4849 506 4898 44.
525 4849 560 4908 V;
578 4850 626 4899 Pit.
644 4849 673 4897 44.
698 4849 726 4898 ln
744 4848 779 4898 03
798 4850 838 4898 est
852 4853 969 4909 praetor,
987 4848 1014 4896 in
1031 4846 1109 4896 codd.
1124 4845 1215 4896 444444).
1235 4847 1262 4895 et
1277 4846 1343 4896 dett.
1357 4847 1445 4910 populi
1462 4846 1530 4894 444444.
1546 4848 1664 4906 praetor,
1683 4844 1710 4891 et
1726 4840 1764 4891 sic

440 4923 470 4973 0.
492 4950 519 4960 -
538 4924 822 4973 mediocriculum·
841 4921 881 4973 44.
897 4923 1019 4984 4444444444
1036 4919 1100 4970 dett.
1114 4922 1143 4970 0.
1158 4945 1185 4956 -
1204 4921 1245 4970 40.
1264 4921 1385 4973 44444444
1402 4933 1438 4971 m.
1452 4932 1506 4970 seo.
1521 4945 1548 4955 -
1568 4917 1609 4966 46.
1627 4915 1766 4964 4444444444

439 4997 459 5045 0
477 4999 569 5047 contra
587 4996 665 5049 codd.
681 5024 708 5033 -
723 4995 755 5045 40
771 5000 866 5057 quaest.
885 5001 908 5045 ot
924 4995 956 5044 40
973 4995 1018 5059 teg.
1032 4996 1065 5044 a:
1085 4995 1118 5042 40
1134 4995 1180 5058 teg.
1194 5000 1217 5043 ο4
1233 5002 1327 5059 uuest.
1341 4996 1389 5054 G3;
1407 5010 1426 5063 4
1443 4999 1536 5057 quaed.
1554 4997 1577 5041 ο4
1593 5005 1610 5040 4
1624 4990 1670 5053 teg.
1683 4989 1762 5052 Lg29;

438 5086 456 5121 o
473 5079 569 5135 444444.
589 5079 611 5124 ot
628 5073 659 5122 40
676 5073 722 5136 teg.
747 5070 811 5122 dett.
830 5072 858 5122 0.
881 5095 906 5107 —
935 5071 975 5121 44.
995 5071 1111 5132 picotum
1132 5070 1168 5118 04
1186 5070 1232 5120 id.
1258 5070 1313 5131 tsed
1335 5072 1361 5121 in
1383 5072 1433 5121 hoc
1455 5071 1496 5119 cst
1516 5077 1631 5116 vacuum
1648 5064 1763 5126 spatium

438 5149 498 5197 anto
516 5148 542 5198 44.
561 5152 598 5210 v.)
624 5174 651 5183 -
677 5147 709 5197 40
730 5148 840 5196 mnium
861 5147 937 5197 444444
960 5145 1024 5195 dett.
1050 5145 1078 5194 0.
1099 5170 1127 5179 -
1145 5146 1185 5194 40.
1209 5147 1332 5196 addicere
1354 5146 1399 5196 (33.
1420 5172 1447 5182 -
1466 5150 1493 5194 to
1514 5144 1541 5191 44
1558 5139 1639 5204 44404
1663 5143 1690 5187 ta
1706 5148 1760 5187 om.

438 5222 515 5274 codd.
534 5221 591 5274 rell.
611 5225 639 5274 et
656 5223 733 5281 edd,
759 5227 787 5272 tu
802 5222 829 5270 io
845 5222 964 5272 iudicium
975 5232 1100 5270 --444444
1119 5233 1144 5269 e:
1160 5233 1213 5270 om.
1232 5221 1276 5271 443.
1295 5221 1332 5284 [to
1347 5233 1396 5272 uus
1413 5218 1588 5278 restituimus,
1614 5225 1676 5264 oum
1693 5211 1763 5263 desit

438 5294 515 5350 tectio
532 5297 602 5364 apud
620 5296 734 5364 Zumpt]
753 5323 782 5337 -·
800 5299 873 5349 domo
888 5309 943 5349 om.
960 5296 1038 5365 igit.
