4367 6109
455 555 519 624 iet
826 556 869 621 lit
889 556 1056 623 VERREM
1075 555 1198 624 ACTIO
1221 555 1404 624 SECUNDA

455 726 602 795 Panormi
623 724 852 810 negotiaretur,
881 745 922 789 er
944 746 1008 810 quo
1027 725 1107 790 haec
1127 727 1241 792 Verres
1262 727 1344 792 seire
1364 731 1484 810 posset.
1524 724 1609 789 'lum
1627 724 1711 790 iste:
1741 740 1777 787 se

456 820 648 905 comperisse
667 839 739 883 eum
760 818 945 902 speculandi
965 839 1061 885 eausa
1082 820 1116 883 in
1131 819 1270 884 Siciliam
1290 839 1309 883 a
1331 819 1462 884 ducibus
1481 817 1693 904 fugitivom
1706 834 1777 881 erse

455 917 604 992 missum3
625 912 716 979 cuius
737 914 782 978 rei
803 932 908 997 neque
930 912 1028 977 index
1049 933 1156 998 neque
1176 915 1344 998 uestigium
1365 912 1496 998 aliquod
1513 933 1621 998 neque
1634 911 1778 995 smpicIo

456 1010 603 1094 cuiquem
630 1012 715 1072 esset
741 1006 818 1071 ulle.
866 1008 987 1072 Deinde
1017 1008 1107 1072 iubet
1136 1007 1279 1093 undique
1309 1007 1469 1073 hominem
1497 1005 1777 1072 uehementissime

431 1101 623 1167 everberari.
655 1096 727 1165 tii.
750 1100 945 1165 (laedebatur
957 1102 1053 1186 virgis
1073 1103 1107 1165 iu
1128 1103 1233 1166 medio
1247 1101 1316 1166 loro
1330 1103 1494 1167 Messenae
1508 1100 1589 1166 ciris
1601 1102 1777 1177 Romanu,

453 1195 590 1270 iudIoes,
619 1215 690 1260 cum
715 1195 835 1259 interea
862 1194 970 1259 nullus
998 1197 1150 1279 gemitus,
1178 1196 1266 1261 nulle
1293 1216 1356 1261 ror
1376 1196 1439 1259 ma
1457 1195 1544 1260 illius
1564 1193 1674 1260 miseri
1693 1192 1778 1257 inter

454 1286 597 1352 dolorem
618 1289 833 1372 crepitumque
855 1287 1020 1372 plagarum
1033 1289 1229 1365 audiebatur,
1250 1289 1311 1353 nisi
1325 1290 1420 1353 haec:
1441 1290 1517 1353 04040
1528 1292 1688 1354 Item
1699 1307 1777 1357 Μ.

453 1381 522 1446 liae
543 1401 577 1447 se
600 1382 897 1447 commemoratione
918 1382 1052 1447 ciuitatis
1080 1383 1186 1448 omnia
1206 1384 1337 1447 verbera
1357 1383 1565 1467 depulsurum
1585 1383 1777 1448 cruuntur·-

453 1496 515 1560 que
537 1496 558 1541 e
578 1497 711 1561 corpore
733 1475 928 1541 deiecturum
949 1477 1165 1541 arbitrabatur.
1207 1477 1238 1540 ls
1259 1496 1325 1540 nnn
1345 1476 1442 1541 modo
1462 1476 1524 1542 hoc
1543 1497 1610 1542 non
1630 1474 1776 1561 periodi,

414 1578 490 1637 itui
508 1571 666 1656 virgarum
686 1572 750 1636 vim
771 1571 1004 1655 deprecaretur,
1025 1572 1082 1635 sed
1104 1593 1175 1636 eum
1195 1569 1377 1654 imploraret
1396 1571 1522 1656 saepius
1540 1576 1777 1656 mrpuretqm

451 1686 571 1732 nomen
584 1667 727 1740 civitatis,
747 1685 837 1740 crux,
857 1683 946 1740 crux,
967 1666 1107 1749 inquam,
1128 1663 1246 1728 infelici
1262 1671 1294 1727 et
1306 1685 1506 1741 eemmnoso,
1528 1667 1586 1751 qui
1598 1683 1777 1750 numqua·

451 1762 544 1825 istem
566 1767 687 1845 pestem
701 1759 840 1842 ¹viderat,
861 1758 1108 1843 comparabatur.
1150 1757 1263 1821 LXIII.
1285 1753 1356 1822 463.
1379 1758 1406 1822 0
1428 1779 1544 1824 nomen
1566 1757 1662 1824 60100
1681 1757 1777 1822 liber·

451 1856 541 1920 infici
562 1875 583 1919 o
603 1854 654 1918 ius
677 1852 827 1917 eximium
847 1859 974 1917 nostroe
987 1851 1135 1917 civitatis!
1159 1846 1178 1915 0
1192 1853 1246 1916 lex
1259 1853 1371 1916 Porcia
1384 1852 1535 1938 legesque
1549 1850 1776 1939 Semproni-el

452 1970 472 2014 o
493 1950 630 2034 graviter
649 1946 829 2011 desiderate
849 1946 1071 2031 utaliquando
1092 1945 1217 2009 reddita
1236 1946 1325 2030 plebi
1345 1946 1504 2011 Romanae
1526 1947 1698 2011 tribunicia
1717 1963 1777 2030 po·

414 2043 566 2109 lltostos!
594 2042 715 2106 Hucine
736 2040 864 2104 tandem
886 2041 992 2105 omniu
1012 2040 1200 2115 reciderunt,
1221 2047 1257 2104 ut
1277 2040 1355 2104 ciris
1375 2041 1534 2105 Romanus
1554 2041 1590 2104 in
1609 2038 1778 2126 provincie

451 2137 562 2222 populi
586 2134 735 2210 Romani,
763 2133 798 2196 in
827 2133 947 2218 oppido
975 2132 1227 2209 foederatorum,
1253 2134 1293 2197 ab
1320 2154 1377 2209 eo,
1404 2134 1460 2219 qui
1486 2131 1642 2198 beneficio
1663 2132 1778 2219 populi

449 2231 581 2297 Romani
600 2229 702 2296 fasces
728 2233 761 2291 et
789 2246 919 2291 secures
945 2227 1090 2302 heberet,
1118 2228 1273 2311 deligatus
1294 2230 1328 2294 in
1349 2228 1419 2293 foro
1440 2228 1538 2312 virgis
1566 2227 1778 2293 caederetur?

451 2322 558 2401 Quint
590 2345 663 2388 cum
684 2323 773 2405 ignes
795 2321 1028 2404 candentesque
1048 2322 1184 2385 leminea
1205 2323 1365 2405 ceterique
1387 2323 1542 2385 nunciatus
1563 2320 1779 2388 admoveberi-

449 2424 517 2494 tur,
544 2416 625 2483 site
646 2415 731 2480 illius
751 2415 864 2479 acerba
884 2415 1063 2498 imploratio
1085 2423 1119 2479 et
1138 2436 1204 2480 ror
1226 2415 1417 2480 miserabilis
1437 2434 1503 2480 non
1524 2415 1708 2490 inhibebat,
1736 2432 1778 2478 ne
1841 2442 1843 2447 ⁴

412 2511 566 2577 accirium
588 2508 717 2596 quidem
736 2509 962 2584 Romanorum,
990 2509 1047 2594 qui
1073 2517 1141 2573 tum
1168 2510 1312 2587 aderaut,
1344 2512 1421 2574 tlctu
1441 2517 1474 2574 et
1494 2510 1611 2594 gemitu
1636 2508 1778 2574 maximo

451 2604 711 2670 commonstraret
753 2603 790 2666 In
811 2622 936 2666 crucem
957 2607 993 2666 tu
1014 2623 1108 2688 egere
1130 2624 1224 2670 eunus
1246 2625 1282 2670 es
1303 2624 1514 2691 quemquem,
1536 2605 1591 2688 qui
1613 2622 1649 2668 se
1671 2601 1778 2667 civem

449 2701 625 2764 Romanum
647 2718 717 2763 esse
739 2697 879 2762 diceret?
910 2697 1004 2761 Nolui
1025 2704 1090 2762 tam
1111 2699 1314 2764 vehementer
1334 2719 1427 2783 agere
1447 2698 1510 2762 hoe
1523 2697 1626 2782 prima
1639 2696 1779 2771 notione,

448 2792 586 2868 iudices,
615 2793 719 2868 nolni3
752 2791 876 2856 vidistis
897 2790 999 2867 enirn,
1027 2798 1063 2855 ut
1083 2793 1180 2856 animi
1208 2792 1418 2858 multitudinis
1438 2794 1472 2857 in
1492 2793 1589 2857 istum
1611 2790 1726 2855 dolore
1747 2794 1781 2855 et

450 2887 524 2950 odio
545 2892 579 2951 et
598 2886 773 2950 communis
794 2885 925 2970 periculi
952 2892 1039 2948 metu
1068 2887 1314 2951 concitarentur:
1342 2887 1437 2951 statui
1461 2891 1587 2970 egomet
1606 2882 1688 2948 milri
1710 2890 1778 2948 tum

412 2978 579 3044 atmodum
601 2985 634 3043 ct
653 2979 790 3043 orationi
810 2999 900 3044 meae
922 2985 954 3042 et
976 2979 1009 3042 C.
1023 2981 1211 3054 Numitorio,
1234 2982 1335 3066 equiti
1351 2983 1503 3056 Romano,
1524 2982 1628 3064 primo
1641 2978 1779 3053 homini,

449 3075 522 3139 testi
543 3093 632 3149 meo,
661 3078 694 3137 et
715 3072 934 3148 Glabrionem,
963 3071 997 3135 id
1019 3072 1104 3157 quod
1135 3075 1368 3157 sapientissime
1389 3075 1481 3150 iecit,
1510 3072 1617 3138 facere
1638 3072 1779 3137 laetatura

449 3189 529 3244 sum,
549 3174 585 3232 ut
605 3170 736 3250 repente
757 3167 925 3232 consilium
945 3167 979 3231 iu
1001 3168 1108 3231 medio
1129 3168 1309 3233 testimonio
1332 3169 1510 3233 dimitteret.
1543 3166 1672 3233 Etenim
1686 3183 1781 3231 rere-

448 3262 556 3340 batur,
581 3281 623 3327 ne
650 3260 790 3344 populus
817 3260 977 3324 Romanus
1006 3260 1046 3324 ab
1073 3261 1136 3326 isto
1157 3281 1211 3325 eas
1232 3277 1352 3345 poenas
1373 3263 1407 3326 ri
1427 3263 1581 3345 repetisse
1600 3260 1779 3335 rideretur,

448 3376 528 3441 ques
548 3358 667 3424 veritus
689 3361 790 3430 esset,
817 3374 858 3418 ne
880 3356 940 3418 iste
968 3355 1093 3438 legibus
1114 3375 1152 3419 eo
1173 3362 1278 3419 restro
1299 3357 1418 3420 iudicio
1439 3375 1504 3419 non
1526 3361 1612 3418 esset
1631 3354 1782 3438 persolu-

409 3456 549 3517 soturns.
593 3443 666 3512 l6l.
693 3450 801 3524 Nunc,
830 3450 979 3533 quoniam
1009 3450 1208 3533 exploratum
1238 3455 1286 3513 est
1307 3449 1469 3525 omnibus,
1499 3467 1562 3534 quo
1585 3448 1658 3512 loeo
1681 3464 1781 3514 causa

515 3731 540 3780 2.
558 3728 705 3792 comesos
725 3727 762 3781 443
788 3728 870 3792 igit:
897 3729 1044 3792 0004000000
1064 3730 1103 3781 ott
1125 3731 1190 3782 dett.
1208 3731 1238 3783 0.
1258 3755 1285 3766 -
1304 3743 1322 3779 0
1337 3730 1394 3780 duc.
1412 3728 1463 3780 iii:
1488 3728 1521 3779 00
1536 3730 1593 3781 dioc.
1611 3730 1678 3782 dett.
1697 3733 1727 3784 0.
1748 3756 1778 3769 -

450 3805 475 3856 3.
493 3805 661 3871 0004004430.
674 3819 711 3857 m.
727 3827 754 3840 -
767 3804 870 3867 000006
880 3816 934 3855 orn.
947 3805 1025 3869 4399.
1040 3833 1067 3843 -
1080 3805 1105 3857 4.
1123 3805 1188 3856 torn.
1204 3806 1305 3869 proripi
1319 3803 1570 3864 ementemque
1584 3803 1652 3856 cero.
1666 3805 1733 3858 dett
1747 3832 1777 3842 -

450 3881 475 3931 6.
494 3879 591 3932 cadet.
603 3880 782 3931 --llesicoce
798 3879 885 3940 Quint.
903 3879 947 3930 xi.
965 3878 991 3942 3,
1010 3879 1050 3932 90.
1071 3907 1099 3918 -
1118 3881 1142 3932 6.
1161 3881 1227 3931 iilius
1243 3879 1279 3932 443
1296 3878 1322 3941 l,
1340 3878 1404 3931 Geli.
1422 3878 1454 3929 ll.
1472 3879 1512 3929 3.;
1530 3877 1602 3930 istius
1616 3878 1683 3932 dett.
1702 3882 1732 3933 0.
1747 3907 1777 3917 -

450 3956 475 4006 i.
493 3957 668 4020 0003000340
685 3954 763 4007 codd.
781 3952 899 4005 nonnulli
914 3954 988 4006 Gellii
1005 3952 1063 4006 coll.
1081 3956 1158 4007 liert.
1176 3955 1241 4022 Cap.
1260 3967 1286 4019 p.
1299 3953 1356 4006 426.
1375 3952 1448 4018 quod
1463 3949 1536 4004 houd
1551 3953 1607 4004 seio
1623 3966 1659 4005 en
1675 3955 1779 4009 rectius

451 4031 493 4082 sit.
514 4059 542 4069 -
560 4032 607 4083 oio.
626 4033 696 4083 Rmn.
713 4031 777 4093 nem]
795 4029 828 4081 ci.
848 4030 935 4091 Quint.
954 4030 996 4081 lv.
1015 4031 1040 4091 9,
1058 4028 1099 4081 43.
1117 4030 1160 4081 IX.
1178 4029 1203 4093 4,
1222 4029 1279 4081 403,
1301 4029 1344 4080 XI.
1363 4030 1388 4092 4,
1405 4028 1447 4080 40.
1467 4056 1494 4066 -
1512 4029 1538 4081 3.
1555 4029 1612 4093 inc]
1628 4031 1659 4081 ln
1676 4030 1738 4083 cod
1757 4031 1781 4082 li

1707 4109 1720 4134 0
1754 4109 1767 4132 0

450 4143 479 4193 h.
497 4141 514 4194 l.
533 4142 616 4193 verbe
633 4142 690 4193 sine
706 4139 759 4191 ulla
775 4138 885 4192 lacunae
908 4141 1097 4205 signiticntione
1120 4142 1159 4194 sic
1179 4142 1377 4194 continuentur:
1405 4142 1453 4191 inc
1467 4155 1519 4192 coc
1534 4143 1568 4191 od
1582 4155 1625 4192 eoa
1639 4142 1684 4206 004
1699 4143 1727 4193 Ρ.
1745 4141 1778 4192 lt.

451 4219 524 4269 llaec
535 4216 631 4268 eedem
641 4214 745 4278 lacuna,
758 4227 827 4281 quae
836 4228 923 4280 nsque
932 4216 966 4267 ed
975 4216 1063 4281 §.tui
1076 4215 1173 4282 (piii,
1183 4216 1234 4280 43.)
1244 4217 1367 4281 pertinet,
1380 4219 1422 4267 est
1432 4213 1534 4267 40634.
1543 4217 1603 4267 -e
1612 4216 1778 4280 4014403399.

454 4319 481 4328 -
500 4293 541 4343 40.
557 4296 693 4355 comperet
714 4292 793 4356 lagg.
818 4303 921 4343 omnes.
942 4320 970 4328 —
993 4293 1033 4343 tt.
1056 4306 1123 4343 cruc
1143 4289 1228 4342 semel
1250 4290 1351 4341 habent
1372 4292 1450 4355 Lngg.
1470 4318 1499 4326 —
1517 4292 1559 4341 tn.
1578 4297 1671 4355 perum
1687 4291 1778 4356 1⁶8²⁹²

447 4372 594 4431 potestatem
615 4364 674 4417 rell.
691 4366 721 4416 0.
749 4365 783 4416 ct.
802 4366 864 4416 Bel.
888 4366 923 4417 ed
942 4368 1019 4431 legg.
1043 4380 1070 4432 p.
1090 4367 1147 4418 625.
1167 4394 1194 4402 —
1218 4367 1258 4417 43.
1280 4379 1295 4417 0
1316 4366 1380 4430 leoco
1394 4366 1498 4417 Porciae
1518 4366 1606 4426 Quint.
1624 4366 1666 4418 11.
1689 4367 1715 4429 t,
1734 4364 1778 4416 38.

450 4442 547 4508 (Portis
561 4442 651 4506 igno.)
670 4467 699 4478 ·-
717 4441 758 4492 43.
775 4442 853 4493 tuone
870 4443 947 4507 Lgii.
967 4469 996 4480 -
1014 4442 1075 4493 ioco
1090 4442 1177 4493 000040
1198 4440 1261 4492 Gell.
1279 4439 1297 4492 l.
1315 4439 1333 4492 l.
1354 4468 1382 4478 -
1399 4441 1554 4491 0000460400
1575 4438 1649 4492 Gellii
1666 4439 1727 4491 006.
1746 4439 1778 4491 c.

451 4530 485 4569 ex
502 4518 632 4583 apparatu
647 4516 755 4566 Hertzii
775 4543 804 4553 -
823 4518 864 4569 48.
882 4519 1059 4580 animosque
1075 4518 1145 4583 4329
1171 4515 1212 4580 (ct.
1231 4515 1293 4566 lior.
1312 4515 1358 4580 Ep.
1377 4516 1397 4565 Ι.
1420 4517 1461 4579 it,
1480 4515 1520 4568 36.
1544 4515 1579 4566 ad
1595 4515 1715 4567 Herenn.
1732 4515 1778 4567 Π.

452 4606 475 4645 0.
493 4592 535 4644 46.
553 4595 631 4657 Prop.
649 4592 692 4642 1v.
710 4592 735 4653 7,
754 4591 794 4644 43.
814 4593 934 4644 Terreni.
952 4593 987 4644 ed
1002 4591 1059 4644 Vel.
1077 4594 1145 4644 ilex.
1162 4592 1206 4642 vi.
1224 4591 1249 4651 a,
1268 4590 1316 4653 i.):
1341 4591 1505 4654 0060040000
1520 4590 1585 4642 dett.
1603 4587 1669 4642 6011.
1693 4587 1780 4655 [llolul

450 4667 594 4720 lectionem
609 4667 643 4717 ab
660 4664 773 4717 lordano
789 4669 927 4732 receptam
945 4668 1101 4729 immutare,
1126 4678 1290 4731 quemquem
1312 4667 1402 4716 nescio
1427 4680 1481 4730 quo
1502 4679 1595 4719 errure
1614 4664 1716 4717 tantum
1736 4664 1780 4717 est

450 4745 481 4793 ut
497 4743 633 4806 Zumptius
652 4741 830 4803 0000600ωο300
849 4742 876 4791 ln
893 4742 962 4805 3339
985 4744 1088 4807 exstare
1111 4742 1226 4803 dieerct;
1252 4753 1315 4792 nam
1336 4740 1412 4791 Nieb.
1436 4741 1545 4805 quidem
1565 4755 1599 4794 ex
1620 4738 1693 4793 nullo
1714 4738 1776 4792 006.

451 4819 560 4881 Legem.
578 4814 771 4867 adlectionem
792 4817 955 4880 0060040300
976 4816 1056 4868 uilem
1072 4819 1228 4870 vertentem
1250 4817 1404 4880 exscripsit,
1430 4817 1480 4868 sed
1500 4819 1602 4868 tantum
1622 4829 1657 4867 en
1678 4813 1780 4880 0443004

453 4891 514 4942 edd.
532 4891 595 4941 vett.
614 4890 708 4956 timu]
727 4917 755 4928 -
774 4892 814 4942 49.
833 4891 925 4943 acerba
940 4892 1007 4943 444400
1023 4894 1050 4954 S,
1069 4891 1143 4944 Gellii
1160 4890 1221 4945 edd.
1241 4893 1333 4942 contra
1351 4889 1430 4942 codd.
1443 4892 1549 4943 Hertzii.
1563 4918 1592 4929 —
1605 4905 1657 4942 noe
1672 4888 1780 4942 meat

453 4966 517 5018 6041.
537 4991 564 5002 -
583 4966 625 5017 ii.
642 4964 679 5030 to]
696 4969 767 5016 worn
782 4966 861 5030 4369.
875 4994 904 5004 -
916 4968 957 5018 tt.
976 4972 999 5017 et
1015 4973 1081 5020 orni.
1099 4968 1183 5033 igit:
1200 4970 1225 5018 et
1240 4978 1293 5017 om.
1311 4965 1368 5016 reli
1387 4968 1417 5017 0.
1434 4966 1513 5032 prob.
1530 4963 1708 5029 wesenberg.
1725 4962 1745 5016 l.
1757 4960 1776 5016 l.

452 5052 479 5105 p.
497 5043 538 5092 64.
557 5042 613 5091 not.
631 5041 656 5091 4.
676 5066 703 5076 -
718 5041 804 5103 prino
820 5039 917 5091 codd:
933 5041 1058 5104 primerio
1075 5042 1186 5106 ilervug.
1205 5043 1267 5094 lirn.
1287 5043 1325 5095 ci.
1344 5042 1379 5094 ed
1395 5044 1415 5094 l.
1434 5043 1460 5108 s.
1479 5045 1519 5095 67.
1538 5069 1568 5081 -
1585 5042 1628 5095 ei.
1645 5041 1778 5093 mun

450 5115 479 5164 ic
498 5115 578 5166 000640
594 5115 732 5167 nemenio
748 5115 925 5167 Hotomanus:
951 5117 1053 5168 00004440
1068 5118 1097 5167 io
1110 5118 1191 5169 040640
1212 5123 1295 5169 tenen
1311 5118 1390 5170 codd.
1409 5118 1440 5170 0.
1460 5144 1487 5156 -·
1508 5120 1551 5172 98.
1568 5129 1612 5170 m
1633 5129 1687 5167 om.
1705 5115 1777 5181 4314

450 5188 600 5316 {git-03⁰⁶
622 5202 655 5241 00
675 5189 760 5255 iguo:
786 5194 810 5243 et
830 5187 888 5244 rell.
910 5190 940 5244 0.
959 5217 988 5232 -
1006 5190 1047 5247 30.
1068 5193 1187 5259 quom
1207 5193 1278 5261 igis
1298 5193 1415 5247 vindob.
1437 5207 1479 5248 nr.
1497 5193 1556 5250 et:
1580 5192 1702 5259 30004004
1720 5189 1777 5243 in
