4367 6109
702 578 845 644 443441.
872 577 946 645 Cae.
967 578 1218 644 XXI-XXIII.
1243 575 1302 662 §S-
1322 574 1470 643 52-56.
1682 574 1744 643 2443

423 748 563 813 tionibus
584 748 679 813 edicti
700 768 819 832 poena,
840 768 904 812 non
919 750 1146 833 redemptionis
1161 750 1269 834 aliquo
1283 751 1352 813 iure
1366 748 1459 813 tollit
1496 747 1598 810 XXII.
1613 744 1665 811 55.
1679 748 1745 812 Xe·

422 843 516 907 nonis
538 843 701 919 Menaeni,
722 843 913 907 nobilissimi
933 843 1083 918 hominis,
1108 844 1219 908 uxoris
1241 842 1358 908 fundus
1380 850 1448 906 erat
1470 840 1585 905 colono
1606 841 1744 906 locatus:

424 936 573 1011 colonus,
596 937 683 1021 quod
705 937 952 1001 decumanorum
973 937 1105 1025 iniurias
1126 937 1209 1002 serre
1230 957 1296 1001 non
1316 945 1458 1021 poterat,
1481 956 1521 999 ox
1539 955 1615 1019 agro
1637 936 1746 1020 protu-

423 1036 520 1113 gerat
562 1031 678 1094 Verres
700 1031 733 1094 in
754 1031 921 1094 Xenonem
944 1031 1096 1093 iudicium
1118 1031 1212 1095 dabat
1236 1031 1317 1094 illud
1339 1052 1430 1095 suum
1453 1029 1684 1094 damnatorium
1705 1031 1745 1094 de

423 1125 568 1207 iugerum
587 1123 798 1208 professione.
841 1126 934 1188 Xeno
956 1125 997 1187 ad
1019 1144 1053 1187 se
1075 1125 1236 1207 pertinere
1258 1124 1411 1207 negabat:
1433 1122 1567 1188 fundum
1588 1124 1769 1187 elocatums

422 1237 492 1280 esse
522 1217 656 1281 dicebat.
698 1218 801 1280 Dabat
828 1218 888 1284 ista
914 1217 1087 1292 iodicium,
1122 1220 1147 1281 si
1176 1227 1302 1300 pareret
1322 1218 1431 1301 iugera
1453 1219 1522 1281 eius
1542 1218 1633 1281 fundi
1654 1217 1746 1301 plura

422 1331 511 1385 esse,
534 1332 628 1395 quam
651 1311 785 1375 colonus
807 1319 892 1378 esset
912 1311 1090 1395 professus,
1113 1320 1179 1374 tum
1201 1312 1247 1374 uti
1263 1312 1355 1374 Xeno
1370 1312 1582 1376 damnaretur.
1613 1310 1747 1375 Dicebat

423 1405 477 1468 ille
498 1425 564 1469 non
586 1405 681 1469 modo
704 1426 826 1469 senon
847 1426 970 1481 arasse,
992 1405 1025 1469 id
1048 1405 1136 1488 quod
1154 1405 1231 1468 satis
1247 1412 1332 1479 erat,
1354 1406 1409 1468 sed
1425 1425 1484 1468 nec
1499 1406 1662 1469 dominum
1676 1405 1745 1468 aius

423 1518 493 1562 esse
514 1497 606 1563 fundi
628 1519 688 1562 neo
709 1500 898 1563 locatorem:
926 1498 1036 1562 uxoris
1058 1518 1146 1562 osse:
1176 1519 1245 1561 eam
1270 1498 1372 1580 ipsam
1395 1519 1487 1561 suum
1508 1500 1670 1581 negotium
1692 1519 1747 1580 ge·

423 1612 509 1656 rere:
530 1593 632 1675 ipsam
653 1592 819 1657 locavisse.
862 1592 1059 1657 Deiendebat
1079 1593 1245 1655 Xenonem
1266 1591 1362 1654 homo
1385 1611 1508 1654 summo
1529 1592 1700 1674 splendore
1714 1600 1784 1655 etto

423 1706 547 1749 summa
566 1687 754 1750 auctoritate
776 1688 949 1770 praeditus,
971 1686 1012 1750 II.
1036 1686 1214 1749 Cossutius.
1258 1686 1321 1749 Iste
1342 1685 1443 1748 nihilo
1465 1685 1571 1748 minus
1592 1686 1745 1749 iudicium

348 1816 355 1830 ·
423 1779 484 1844 HS
505 1798 576 1841 4333
597 1779 702 1844 dabat.
737 1781 794 1845 Ille
815 1781 941 1845 tametsi
963 1788 1202 1862 recuperatores
1224 1779 1264 1843 da
1286 1779 1415 1842 cohorte
1435 1778 1594 1842 latronum
1616 1780 1676 1844 sibi
1691 1801 1747 1865 pa-

422 1874 485 1937 rari
501 1874 644 1949 videbat,
667 1881 772 1938 43444444
785 1874 937 1939 iudicium
952 1881 1156 1956 accepturum
1170 1893 1205 1937 se
1220 1892 1290 1937 esso
1304 1871 1440 1938 dicebat.
1463 1874 1543 1935 Tum
1558 1873 1617 1938 iste
1634 1894 1747 1958 magna

422 1988 500 2032 voce
522 1968 666 2032 Veneriis
687 1969 839 2051 imperat,
867 1975 903 2030 nt
924 1967 1017 2031 Xeno
1040 1966 1181 2042 audiret,
1211 1967 1287 2030 dum
1309 1987 1359 2030 res
1381 1966 1556 2042 iudicetur,
1585 1967 1748 2033 hominem

422 2070 457 2125 ut
478 2070 658 2136 asservent:
680 2081 752 2124 cum
774 2062 912 2125 iudicata
933 2062 990 2136 sit,
1012 2062 1053 2124 ad
1075 2081 1110 2124 se
1131 2069 1167 2124 ut
1185 2060 1362 2125 adducant:
1384 2068 1416 2123 et
1437 2059 1517 2123 illud
1539 2063 1634 2126 simul
1658 2063 1746 2138 dixit,
1756 2076 1785 2123 tt

422 2175 456 2219 sa
478 2175 543 2220 non
565 2164 677 2239 putare
698 2155 805 2229 illum,
827 2156 854 2219 si
876 2163 1007 2238 propter
1028 2155 1153 2220 divitias
1174 2175 1311 2239 poenm
1331 2155 1543 2219 damnationis
1566 2164 1748 2221 contemne·

420 2257 485 2325 ret,
508 2250 603 2313 otiam
624 2249 729 2330 virgas
751 2256 1015 2332 contempturum.
1045 2250 1114 2312 IIac
1134 2248 1190 2312 ille
1211 2250 1243 2313 vi
1264 2259 1296 2313 et
1310 2249 1372 2314 hoc
1393 2256 1481 2312 metu
1502 2249 1657 2313 adductus
1679 2257 1749 2314 tan·

421 2352 489 2407 tum
510 2342 693 2407 decumanis
716 2340 819 2418 dedit,
841 2350 995 2426 quantum
1016 2342 1077 2406 iste
1100 2343 1276 2425 imperavit.
1310 2344 1428 2406 XXIII.
1450 2342 1501 2406 56.
1523 2344 1748 2409 Polemarchus

421 2445 470 2501 est
490 2435 719 2519 Murgentinus,
742 2436 913 2499 virbonus
935 2444 1030 2521 atque
1044 2436 1210 2501 honestus.
1245 2439 1284 2501 Ei
1306 2458 1377 2500 oum
1400 2457 1458 2519 pro
1477 2437 1639 2519 iugeribus
1655 2438 1749 2523 quin-

423 2531 573 2613 quaginta
595 2529 758 2593 medimna
778 2549 850 2592 aocc
871 2530 1023 2594 decumae
1044 2531 1290 2613 imperarentur,
1312 2532 1399 2614 quod
1413 2530 1597 2606 recusabat,
1619 2531 1786 2595 domumto

422 2622 463 2687 ad
491 2625 587 2686 istum
608 2624 642 2686 in
663 2623 713 2687 ius
735 2624 869 2688 eductus
892 2631 941 2688 est
960 2632 1006 2698 et,
1037 2644 1110 2687 cum
1138 2626 1197 2688 ista
1219 2625 1314 2687 etiam
1336 2624 1481 2698 cubaret,
1511 2623 1545 2686 in
1567 2621 1749 2688 cubiculum

421 2716 620 2779 introductus
643 2724 709 2792 est,
731 2716 818 2802 quod
840 2716 903 2780 nisi
926 2717 1052 2783 mulieri
1073 2726 1106 2781 et
1127 2718 1301 2781 decumano
1316 2719 1444 2801 patebat
1464 2717 1519 2781 alii
1532 2716 1664 2780 nemini.
1699 2717 1747 2780 lbi

423 2830 495 2873 cum
516 2810 632 2893 pugnis
654 2816 687 2874 et
707 2810 847 2874 calcibus
868 2812 1014 2875 concisus
1036 2819 1137 2885 esset,
1165 2813 1222 2895 qui
1243 2831 1313 2873 socc
1334 2812 1501 2876 medimnis
1523 2811 1670 2876 decidere
1691 2831 1750 2875 no-

422 2901 551 2978 luisset,
579 2902 667 2965 mille
696 2903 852 2985 promisit.
894 2903 1068 2968 Eubulidas
1098 2913 1147 2968 est
1175 2905 1354 2989 Grosphus,
1383 2905 1625 2987 Centuripinus,
1651 2904 1748 2969 homo

487 3106 511 3156 t.
529 3105 597 3155 edito
611 3103 654 3156 vel
670 3106 751 3156 4444343
768 3106 829 3157 edd.
847 3108 912 3156 vett.
933 3133 961 3143 -
978 3107 1183 3159 nanentensi.
1203 3134 1231 3145 —
1248 3108 1274 3161 3,
1290 3109 1407 3159 umarus
1422 3108 1458 3158 V:
1481 3108 1581 3159 4443434
1597 3105 1679 3172 4343,
1696 3109 1750 3159 He·

420 3180 478 3230 3434
494 3176 550 3229 rell.
570 3179 599 3229 0.
623 3180 656 3230 ot.
675 3180 778 3245 Zumpt.
797 3180 831 3231 ad
848 3181 875 3230 h.
894 3179 911 3231 Ι.
931 3182 957 3231 et
974 3179 999 3245 4.
1019 3181 1075 3232 403.
1096 3208 1123 3218 -
1150 3183 1242 3246 433434
1253 3210 1289 3222 --
1300 3184 1397 3234 4443434
1413 3186 1489 3233 trus.
1508 3184 1542 3233 44.
1560 3195 1586 3246 p.
1603 3181 1661 3233 344.
1679 3183 1746 3235 Non.

421 3270 449 3321 p.
467 3253 523 3306 349.
544 3281 570 3290 -
599 3254 623 3306 3.
643 3254 742 3305 colonae
759 3268 812 3306 om.
832 3254 909 3319 4343.
934 3280 961 3292 ··
988 3257 1013 3305 5.
1031 3255 1099 3305 Xeno
1116 3255 1145 3319 4,
1164 3257 1236 3319 Vm,
1263 3257 1344 3309 Prisc.
1363 3258 1383 3306 I.
1402 3270 1429 3321 p.
1447 3256 1519 3306 3383
1546 3256 1630 3306 Xenon
1647 3255 1696 3307 dtt.
1717 3283 1746 3295 -

420 3332 526 3396 [tradam
546 3344 602 3381 rum
625 3331 656 3380 N.
686 3358 713 3367 -
738 3331 762 3380 6.
787 3330 895 3380 edicebat
911 3332 969 3381 ΑΒ.
990 3357 1018 3366 -
1042 3331 1086 3380 dot
1109 3331 1140 3381 V.
1161 3357 1188 3367 -
1208 3337 1312 3395 pareret
1334 3332 1429 3382 BNV:
1453 3330 1746 3394 parcimeniam.

422 3405 523 3458 fabric.
542 3404 576 3455 ad
592 3405 704 3454 Divinat.
723 3404 747 3468 fi.
765 3406 830 3467 idi:
853 3410 961 3467 pororet
980 3407 1014 3465 0;
1039 3410 1138 3468 poteret
1153 3405 1187 3456 aI.
1207 3433 1236 3444 -
1258 3407 1310 3457 4434
1325 3406 1404 3458 codd.
1423 3407 1489 3457 noti:
1514 3407 1633 3457 4444444334
1650 3406 1750 3472 aliquot

422 3480 483 3531 edd.
501 3481 567 3530 vett.
586 3505 613 3515 -
635 3479 713 3542 ptura
729 3493 779 3529 4444
796 3480 993 3542 4339444444
1018 3493 1068 3532 4444
1080 3482 1160 3544 pluro
1175 3481 1232 3533 rell.
1250 3484 1279 3533 0.
1300 3508 1328 3519 α
1350 3483 1375 3532 i.
1398 3482 1523 3545 professus
1539 3486 1599 3532 44444
1614 3485 1645 3534 N.
1665 3509 1693 3520 -
1711 3484 1749 3534 4444

421 3552 490 3619 4344
503 3554 534 3606 43
547 3554 627 3604 44444
644 3552 695 3604 al:
719 3558 748 3603 ut
764 3555 799 3616 V,
817 3555 886 3618 4339
903 3557 930 3605 et
945 3556 961 3604 5
979 3553 1029 3606 alii.
1050 3583 1077 3592 -
1105 3556 1130 3607 8.
1148 3570 1173 3607 44
1188 3571 1238 3607 non
1254 3571 1340 3608 343444
1357 3556 1458 3619 434344
1466 3555 1501 3605 V:
1519 3569 1570 3605 non
1585 3570 1611 3607 44
1627 3571 1653 3607 3.
1666 3559 1747 3623 4333.

421 3628 491 3687 4444.;
508 3642 560 3678 non
575 3641 616 3677 or.
628 3642 654 3679 44
665 3629 693 3679 0.
708 3655 735 3668 -
755 3633 837 3678 sotum
853 3634 908 3678 erat
919 3629 941 3678 V
953 3633 979 3678 ot
995 3631 1057 3693 Lag.
1071 3629 1117 3691 48;
1135 3636 1175 3681 434
1190 3637 1245 3681 erat
1257 3631 1338 3695 igit:
1357 3629 1399 3681 :iit
1415 3635 1471 3681 erat
1481 3628 1564 3693 43444ς
1582 3632 1644 3681 43444
1659 3635 1749 3683 44444444

422 3706 503 3755 etiam
514 3705 535 3754 N
547 3704 573 3754 in
585 3703 648 3753 edit.
662 3706 767 3769 Oporin.
781 3706 848 3756 teste
861 3707 948 3755 Garat.
962 3706 992 3756 It.
1005 3706 1081 3768 [34444
1095 3709 1122 3757 444
1133 3708 1194 3757 44444
1204 3713 1259 3758 erut
1270 3721 1302 3758 ex
1315 3705 1454 3757 Hotomani
1465 3706 1525 3756 cod.
1537 3705 1580 3757 vel
1592 3709 1660 3758 coni.
1673 3709 1750 3758 Iam·

422 3778 513 3830 binus:
531 3778 579 3828 sed
594 3778 685 3842 quidni
696 3778 986 3842 scribiturpoodsotum
1001 3786 1058 3831 erat
1069 3794 1132 3832 oum
1149 3783 1248 3846 optimo
1258 3783 1297 3831 v:
1314 3780 1448 3846 4444441-
1468 3782 1493 3831 9.
1504 3783 1595 3833 seori:
1605 3781 1674 3846 4343
1686 3783 1748 3833 NV:

421 3849 595 3903 3334334444.
609 3852 698 3917 [etiam
709 3854 799 3918 4339]
810 3882 837 3892 -
855 3855 911 3917 ipso
925 3856 954 3904 V.
970 3881 998 3891 -
1017 3857 1056 3907 44.
1074 3859 1112 3908 n.
1125 3858 1250 3908 Cossutius
1268 3857 1332 3907 NV:
1351 3858 1378 3906 43
1394 3870 1435 3906 434
1450 3858 1529 3906 :attae
1545 3855 1628 3920 4343ς
1646 3857 1682 3907 N.
1693 3856 1751 3908 Cor-

421 3930 495 3980 4444444
508 3929 538 3979 0.
556 3927 673 3979 Turbant
689 3930 760 3978 varia
778 3927 857 3980 codd.
869 3928 927 3980 rell.
939 3956 967 3967 -
979 3931 1114 3981 4444334334
1124 3932 1156 3991 4;
1173 3932 1333 3982 nihilominus
1348 3930 1425 3981 dobot
1441 3931 1536 3982 mediis
1547 3931 1653 3982 omissis
1669 3930 1748 3996 4343.

424 4032 451 4044 ··
465 4006 505 4055 43.
522 4004 573 4055 HS.
590 4006 647 4056 1333
665 4004 698 4053 V:
718 4017 772 4055 om.
790 4007 827 4063 N:
845 4005 895 4056 HS.
912 4006 1000 4056 LXXX
1014 4006 1076 4057 edd.
1096 4010 1156 4058 ante
1174 4006 1283 4066 hamb:
1299 4007 1351 4058 IIS.
1369 4006 1456 4058 LXXX
1472 4006 1579 4056 3444443434
1595 4007 1653 4058 40.
1681 4006 1750 4067 Quid

421 4083 447 4133 in
464 4082 525 4144 433.
546 4082 573 4132 44
589 4084 661 4132 Part.
674 4076 789 4142 legatur,
808 4093 841 4129 ex
851 4080 963 4144 Zumptii
981 4079 1151 4131 adnotatione
1167 4095 1220 4133 non
1236 4084 1301 4133 satis
1318 4081 1423 4145 intelllgi
1435 4083 1531 4146 potest.
1550 4080 1637 4145 [4433.
1650 4080 1751 4133 haberit

421 4156 470 4207 HS.
488 4155 576 4207 LXXX
589 4158 696 4220 praeter
711 4153 757 4215 ai,
775 4155 802 4204 in
820 4167 873 4218 quo
890 4156 994 4204 4344444434
1012 4154 1133 4206 additum
1151 4160 1206 4216 est:
1225 4156 1259 4207 de
1277 4155 1309 4208 43
1326 4170 1352 4207 4.
1370 4155 1470 4221 supra]
1490 4182 1518 4192 -
1537 4157 1577 4206 43.
1595 4168 1621 4205 44
1636 4161 1751 4219 acceptae·

420 4245 478 4281 44434
495 4231 526 4282 V.
547 4255 575 4268 -
593 4231 709 4280 34344343
725 4243 784 4280 uoce
800 4230 869 4293 4343
881 4232 911 4281 N.
931 4231 964 4281 ct.
979 4243 1027 4280 uos
1038 4230 1072 4281 ad
1085 4231 1190 4282 Caecin.
1203 4245 1229 4295 p.
1244 4231 1300 4283 449.
1315 4259 1343 4269 -
1357 4230 1397 4282 44.
1413 4233 1533 4282 Venerem
1543 4229 1621 4293 4343.
1636 4254 1663 4267 -
1682 4231 1751 4283 Xeno

421 4305 599 4370 43394344,
619 4307 700 4357 Prisc.
718 4307 738 4354 I.
758 4318 782 4370 p.
802 4305 875 4355 238.:
892 4305 977 4355 ,44343
994 4308 1040 4355 aut
1054 4307 1180 4356 Xenonem
1196 4306 1243 4357 dtt.
1260 4331 1286 4342 -
1306 4307 1400 4357 adesam
1415 4306 1446 4365 V:
1464 4306 1582 4356 audirent
1597 4305 1646 4357 dtt.
1667 4332 1694 4342 -
1713 4307 1752 4357 444-

421 4384 516 4432 4444433
532 4380 601 4446 4343
612 4396 653 4443 φτ
672 4381 828 4430 iudicaretur
839 4379 877 4430 eV
888 4379 944 4430 reli.
960 4406 987 4417 —
1007 4381 1047 4430 45.
1066 4386 1192 4431 marcent
1207 4380 1275 4443 4343
1285 4381 1354 4442 4φ;
1372 4386 1529 4431 3444333434
1545 4378 1601 4430 rell.
1621 4381 1752 4441 (4444343434

421 4458 551 4507 3444444434
567 4457 589 4505 V
606 4470 659 4507 om.
677 4455 724 4516 34).
743 4479 771 4491 -
798 4455 910 4504 iudicato
927 4453 1105 4517 tgiiiiVm:
1128 4455 1381 4508 :caementatam
1403 4457 1492 4519 [etiam
1510 4458 1572 4519 433.
1585 4456 1626 4517 39,
1645 4455 1679 4506 da
1697 4469 1750 4520 quo

422 4532 557 4596 Zumptius
574 4529 690 4594 erravit]
710 4557 738 4566 -
756 4530 791 4579 od
806 4542 832 4578 44
846 4535 874 4578 nt
890 4529 959 4592 4349
967 4527 1105 4591 isirin:
1129 4531 1164 4580 od
1179 4544 1205 4580 44
1221 4529 1277 4581 rell.
1295 4531 1372 4581 0.·-
1391 4530 1466 4581 simut
1480 4530 1518 4580 344
1535 4530 1565 4580 V.
1586 4557 1613 4566 -
1632 4531 1673 4580 46.
1687 4543 1752 4593 poe-

421 4607 515 4656 nomV
533 4608 560 4656 et
574 4605 604 4657 t:
622 4619 718 4668 poenos
734 4605 782 4655 dtt.
796 4606 825 4655 0.
840 4631 867 4641 -
887 4604 926 4655 44.
944 4610 1125 4655 contemtionem
1135 4606 1172 4654 V:
1189 4611 1344 4656 contemmre
1359 4603 1416 4655 rell.
1429 4605 1457 4654 Ο.
1474 4632 1501 4641 „
1519 4606 1654 4655 conducas:
1670 4604 1748 4668 4343.

424 4706 452 4717 ·-
471 4678 510 4730 43.
529 4681 673 4729 decumanis
688 4679 753 4729 dedit
769 4680 792 4727 V
809 4681 836 4728 et
851 4677 881 4728 I:
900 4679 965 4729 dedit
977 4692 1030 4729 om.
1044 4679 1091 4730 dtt.
1106 4682 1135 4741 0,
1154 4685 1182 4731 et
1197 4684 1258 4744 post
1273 4681 1407 4743 imperavit
1422 4678 1524 4729 addunt
1539 4678 1688 4728 nomivit-
1705 4679 1752 4730 4444

422 4767 475 4804 3444.
489 4753 566 4816 4339.
582 4781 609 4791 -
630 4755 670 4804 49.
689 4754 745 4804 444
761 4755 823 4817 (non
839 4759 874 4813 44,
894 4757 921 4802 444
934 4753 1015 4805 hahet
1025 4756 1131 4820 usim:
1150 4755 1172 4803 44
1188 4755 1266 4805 codd.
1279 4755 1336 4806 reli.
1355 4758 1383 4805 et
1400 4754 1461 4805 edd.
1480 4753 1589 4818 [Novam
1608 4752 1750 4806 lectionem

422 4840 472 4879 nos
487 4829 658 4894 recepimus]
673 4855 700 4865 -
718 4830 813 4893 toperi:
829 4830 847 4878 L
860 4832 951 4879 contra
964 4829 1042 4878 codd.
1061 4830 1103 4894 [cl.
1117 4831 1279 4881 Lachmann.
1292 4833 1318 4882 in
1329 4832 1395 4882 44444.
1409 4843 1477 4880 novo
1494 4829 1577 4879 4444444.
1596 4829 1638 4877 444.
1656 4841 1683 4892 p.
1702 4828 1751 4880 439

422 4903 493 4966 sqq.]
510 4929 537 4939 -
555 4904 596 4953 34).
613 4904 748 4953 medomno
758 4904 839 4967 4343ς
858 4905 997 4955 medimnos
1012 4905 1080 4956 4.-
1100 4906 1157 4956 4333
1166 4905 1196 4955 V.
1211 4933 1238 4943 -
1257 4907 1368 4956 34443434
1378 4904 1455 4969 4343.
1466 4930 1493 4940 -
1512 4904 1554 4953 at.
1568 4902 1749 4966 tectosages:

422 4977 540 5026 34434434
563 4980 655 5028 contra
678 4978 756 5029 codd.
780 4980 869 5040 (etiam
891 4980 922 5028 N.
940 4978 1003 5030 Pali.
1026 4982 1058 5041 cp)
1080 4982 1163 5043 Naug.
1184 5007 1211 5017 -
1232 4987 1255 5030 44
1271 4979 1543 5031 orm-introductu:
1558 4982 1593 5026 est
1609 4988 1662 5027 om.
1681 4976 1751 5040 4343

422 5051 464 5102 ia.
484 5079 511 5087 —
535 5053 577 5101 33.
595 5067 644 5115 quo
664 5055 741 5117 4339.
761 5080 789 5090 -
816 5055 909 5104 3434434
929 5055 975 5104 otii
991 5057 1063 5105 Grut.
1082 5059 1175 5106 contra
1192 5055 1270 5106 codd.
1294 5083 1322 5092 -
1348 5056 1389 5106 33.
1408 5054 1520 5105 43344434
1535 5051 1579 5103 ed.
1598 5053 1666 5102 lunt
1685 5054 1713 5102 et
1729 5052 1751 5102 V

424 5124 508 5188 (prob.
528 5127 547 5175 I.
566 5127 593 5177 I.
611 5129 725 5178 Gronov.
744 5128 778 5179 da
795 5131 855 5180 Poo.
875 5131 927 5179 vet.
946 5130 971 5191 3,
990 5131 1013 5180 t.
1033 5130 1066 5180 ci.
1085 5131 1105 5180 i.
1123 5130 1148 5192 fi.
1165 5131 1223 5180 433.
1245 5131 1336 5181 Iuvan.
1355 5131 1380 5189 6,
1398 5127 1456 5181 443.
1474 5126 1504 5187 3,
1522 5126 1605 5188 diod:
1628 5127 1753 5177 conscisse

424 5200 492 5263 4339
503 5202 568 5262 AB:
592 5205 727 5253 conmenta
749 5205 795 5254 FO
818 5207 845 5254 et
864 5203 943 5254 codd.
967 5204 1023 5255 rell.
1047 5231 1076 5241 -
1098 5205 1150 5267 pur]
1172 5205 1233 5267 34444
1252 5204 1285 5255 4.
1304 5232 1333 5243 -
1356 5204 1397 5255 34.
1415 5201 1551 5252 amolita:
1566 5202 1603 5251 V:
1625 5199 1752 5252 Fubiltdat

423 5276 502 5341 4339,
518 5277 674 5330 somnam
684 5279 766 5344 4343,
784 5279 917 5332 Eubulide:
926 5279 983 5331 rell.
995 5281 1024 5331 0.
1046 5307 1072 5318 -
1092 5280 1203 5344 4443434444
1217 5278 1319 5344 43434
1334 5276 1385 5339 44.;
1404 5276 1510 5329 &aaut
1525 5274 1603 5340 4339.
