4367 6109
449 557 513 627 438
822 560 866 627 ΙΝ
886 559 1055 627 VERREM
1075 558 1201 628 ACTIO
1224 560 1408 627 SECUNDA

450 731 597 795 omnibus
624 729 752 795 creditis
779 728 933 815 spoliare,
965 729 1163 815 relinquere,
1191 731 1344 815 prodere,
1374 750 1561 816 oppugnare
1588 751 1686 797 ausus
1715 734 1780 799 sit?

448 824 608 888 Pudorem
629 843 667 889 ae
687 822 875 908 pudicitiam
898 823 953 909 qui
977 825 1069 899 colit,
1092 832 1199 908 potest
1220 824 1327 890 animo
1350 845 1453 910 aequo
1476 826 1569 899 istius
1592 827 1779 911 quotidiana

448 917 613 993 adulteria,
635 917 845 981 meretriciam
868 918 1082 1001 disciplinam,
1105 918 1314 984 domesticum
1336 920 1531 985 lenocinium
1552 922 1683 987 videret
1715 921 1779 1000 Qui

447 1010 621 1094 religiones
643 1010 775 1075 deorum
797 1012 1024 1075 immortalium
1046 1013 1184 1077 retinere
1205 1014 1284 1088 vult,
1306 1014 1347 1088 ei,
1370 1014 1425 1097 qui
1447 1013 1522 1077 fana
1544 1015 1691 1098 spoliarit
1712 1034 1780 1079 om·

424 1103 511 1180 ania,
532 1103 587 1187 qui
610 1123 651 1166 ex
672 1104 856 1169 thensarum
879 1106 991 1170 orbitis
1012 1106 1158 1191 praedari
1180 1108 1347 1181 sitausus,
1370 1107 1520 1171 inimicus
1542 1128 1608 1173 non
1624 1129 1700 1174 esse
1722 1110 1778 1193 qui

446 1198 574 1281 potest?
600 1194 664 1271 Qui
685 1197 754 1261 iure
776 1219 881 1283 aequo
904 1219 1014 1265 omnes
1036 1208 1129 1285 putat
1150 1221 1220 1265 esse
1242 1209 1401 1284 oportere,
1422 1202 1451 1265 is
1473 1202 1531 1265 tihi
1554 1222 1619 1265 nou
1641 1201 1780 1266 infestis-

446 1293 547 1357 simus
570 1291 621 1365 sit,
644 1312 715 1355 cum
738 1294 857 1377 cogitet
878 1295 1064 1360 varietatem
1080 1294 1310 1380 libidinemque
1326 1296 1525 1359 decretorum
1540 1299 1690 1360 tuoruml
1716 1295 1780 1371 Qui

447 1386 607 1450 sociorum
630 1384 756 1449 iniuriis
778 1388 1080 1473 provinciarumque
1103 1389 1316 1452 incommodis
1339 1388 1456 1465 doleat,
1478 1389 1507 1453 is
1528 1388 1562 1452 in
1584 1397 1615 1453 te
1638 1409 1703 1453 non
1725 1409 1781 1453 ex·

446 1479 600 1564 pilatione
621 1479 727 1555 Asiae,
748 1481 920 1546 vexatione
933 1482 1150 1567 Pamphyliae,
1171 1484 1323 1567 squalore
1347 1490 1379 1546 et
1399 1483 1538 1547 lacrimis
1554 1482 1682 1547 Siciliae
1704 1501 1781 1546 con·

410 1574 582 1639 recitetur?
605 1573 669 1649 Qui
692 1573 810 1636 civium
824 1575 1041 1640 Romanorum
1063 1576 1135 1639 iura
1157 1596 1194 1639 ae
1215 1577 1396 1640 libertatem
1411 1584 1552 1640 sanctam
1565 1576 1652 1659 apud
1669 1596 1781 1639 omnes

446 1668 557 1732 baberi
579 1667 667 1744 velit,
689 1668 716 1732 is
738 1688 804 1731 non
827 1668 884 1732 tihi
906 1669 981 1755 plus
1004 1670 1101 1734 etiam
1123 1691 1220 1756 quam
1241 1670 1391 1734 inimicus
1406 1689 1476 1734 esse
1492 1668 1616 1743 debeat,
1638 1690 1711 1733 cum
1727 1676 1780 1734 tua

447 1760 588 1837 verbera,
611 1781 683 1824 eum
705 1782 843 1837 secures,
866 1784 939 1827 cum
961 1784 1071 1829 cruces
1093 1763 1135 1828 ad
1158 1764 1275 1828 civium
1290 1765 1506 1828 Romanorum
1521 1764 1678 1846 supplicia
1699 1762 1781 1827 fixas

446 1856 652 1919 recordetur?
696 1851 726 1919 7.
747 1857 798 1919 An
821 1857 848 1920 si
871 1878 935 1942 qua
963 1858 998 1921 in
1026 1877 1060 1921 re
1090 1865 1201 1922 coutm
1229 1878 1295 1920 rem
1318 1876 1419 1921 meam
1443 1855 1636 1921 decrevisset
1656 1856 1780 1941 aliquid

447 1949 579 2024 iniuria,
601 1949 671 2013 iure
693 1950 723 2013 ei
742 1970 793 2014 me
809 1951 974 2016 inimicum
989 1972 1059 2017 esse
1073 1951 1278 2015 arbitrarere:
1301 1972 1374 2014 cum
1388 1951 1497 2015 omnia
1510 1959 1622 2015 eontm
1637 1951 1780 2014 omniurn

410 2044 605 2111 tabonorum
619 2063 697 2119 rem,
719 2063 857 2122 causam,
872 2048 1039 2122 rationem,
1054 2045 1223 2109 utilitatem
1239 2044 1501 2129 voluntatemque
1515 2044 1637 2120 fecerit,
1651 2044 1781 2130 quaeris

447 2159 505 2204 cnr
525 2138 555 2201 ei
578 2139 637 2202 sim
659 2136 824 2215 inimicus,
847 2141 899 2204 cui
921 2139 1062 2224 populus
1083 2139 1245 2201 Romanus
1268 2138 1403 2202 infestus
1424 2142 1493 2203 est?
1515 2139 1572 2223 qui
1594 2140 1779 2223 praesertim

447 2233 520 2316 plus
543 2232 654 2304 eham,
683 2250 780 2314 quam
806 2252 882 2316 pars
909 2234 1010 2298 virilis
1040 2231 1199 2315 postulat,
1226 2251 1287 2313 pro
1317 2232 1481 2296 uoluntate
1510 2233 1623 2316 populi
1644 2233 1779 2296 Romani

447 2325 554 2390 oneris
575 2345 613 2388 ae
627 2324 767 2389 muueris
782 2327 947 2410 suscipere
963 2327 1118 2391 debeaml
1152 2326 1205 2388 lv.
1229 2325 1327 2401 Quid,
1348 2326 1414 2402 illa,
1437 2345 1519 2411 quae
1534 2326 1656 2392 leviora
1669 2328 1781 2391 riden-

446 2426 499 2482 tur
520 2437 607 2493 esse,
637 2437 701 2480 non
725 2419 865 2485 cuiusvis
896 2422 1037 2486 animum
1057 2425 1194 2505 possunt
1215 2423 1368 2483 movere‘l
1397 2421 1484 2505 quod
1505 2421 1546 2485 ad
1570 2428 1656 2487 tuam
1678 2421 1780 2505 ipsius

409 2512 619 2584 roamicitiam
640 2519 886 2599 ceterorumque
906 2515 1073 2579 bominum
1095 2532 1283 2597 magnorum
1299 2521 1396 2599 atque
1421 2513 1579 2578 nobilium
1603 2513 1780 2579 faciliorem

446 2608 568 2675 aditum
590 2607 682 2672 istius
704 2609 800 2674 hahet
820 2611 967 2696 nequitia
988 2619 1021 2674 et
1041 2609 1177 2675 andacia
1198 2627 1295 2694 quam
1316 2607 1508 2693 cuiusquam
1522 2615 1665 2673 nostrum
1680 2609 1781 2673 virtus

448 2709 481 2766 et
501 2701 687 2784 integritas?
732 2702 853 2768 Odistis
874 2704 1041 2769 hominum
1064 2723 1222 2768 novorum
1247 2701 1453 2777 industriam,
1482 2701 1648 2785 despicitis
1670 2721 1780 2768 eorum

445 2795 671 2880 frugalitatem,
693 2797 849 2880 pudorem
871 2799 1084 2874 contemnitis,
1107 2797 1272 2881 ingenium
1293 2814 1369 2859 vero
1387 2803 1419 2858 et
1433 2795 1582 2860 virtutem
1596 2796 1780 2878 depressam

448 2892 701 2977 exstinctamque
724 2893 858 2975 cupitis:
879 2894 1009 2957 Verrem
1024 2890 1147 2955 amatis.
1181 2886 1211 2952 8.
1233 2891 1281 2953 Ita
1302 2887 1419 2953 credo:
1441 2888 1469 2953 si
1484 2909 1550 2952 uon
1564 2890 1692 2965 virtute,
1714 2911 1780 2954 non

409 2983 614 3059 asindusarie,
636 3003 701 3048 non
724 2985 918 3062 innocentia,
940 3006 1006 3049 non
1026 2985 1161 3068 pudore,
1182 3002 1248 3048 non
1268 2982 1434 3065 pudicitia,
1456 2990 1490 3046 at
1503 3003 1661 3058 sermone,
1682 2993 1716 3047 at
1729 2984 1780 3047 lit·

448 3078 540 3152 teris,
567 3084 600 3141 at
618 3078 816 3144 humanitate
837 3081 907 3145 eius
929 3079 1143 3144 delectamini.
1184 3076 1272 3140 Nihil
1295 3097 1406 3141 eorum
1429 3086 1488 3153 est,
1509 3086 1684 3163 contraque
1706 3086 1781 3142 sunt

448 3170 556 3235 omnia
578 3191 650 3234 cum
672 3192 796 3237 summo
818 3173 975 3239 dedecore
997 3193 1035 3236 ac
1056 3171 1254 3255 turpitudine
1276 3178 1344 3235 tum
1365 3172 1519 3256 singulari
1534 3172 1669 3236 stultitia
1682 3179 1781 3257 atque

448 3264 679 3330 inhumanitate
702 3265 810 3331 oblita.
854 3269 938 3332 Huic
959 3266 1081 3331 homini
1100 3267 1128 3329 si
1144 3265 1235 3330 onius
1251 3261 1365 3330 domus
1379 3275 1475 3352 patet,
1497 3273 1604 3330 utrum
1619 3287 1657 3333 ea
1670 3274 1779 3351 patere

448 3380 489 3425 an
509 3360 599 3424 hiare
621 3380 659 3426 ac
680 3382 813 3443 poscere
835 3362 958 3447 aliquid
979 3360 1126 3427 videtur?
1162 3360 1257 3425 Hunc
1279 3362 1376 3426 vestri
1399 3361 1562 3438 ianitores,
1583 3361 1669 3424 hunc
1692 3358 1781 3423 eubi-

410 3453 561 3523 eoonlarii
585 3452 738 3537 diligunt:
766 3457 852 3522 huno
873 3456 979 3519 liberti
1000 3455 1117 3530 vestri,
1138 3453 1227 3518 hunc
1248 3455 1331 3519 servi
1353 3456 1554 3540 ancillaeque
1576 3459 1699 3518 amant:
1726 3451 1780 3515 hic

448 3569 522 3615 cum
542 3547 640 3622 venit,
662 3557 753 3614 extra
774 3550 919 3614 ordinem
940 3559 1088 3614 vocatur:
1109 3549 1163 3613 hic
1186 3551 1273 3615 solus
1294 3550 1524 3614 introducitur:
1547 3549 1661 3625 ceteri,
1683 3565 1780 3629 saepe

447 3642 655 3729 frugalissimi
682 3643 845 3720 homines,
874 3644 1098 3707 excluduntur.
1140 3645 1191 3708 Ex
1212 3663 1277 3728 quo
1306 3642 1445 3728 intelligi
1472 3650 1581 3727 potest
1607 3662 1663 3705 eos
1687 3640 1780 3704 robis

449 3758 520 3804 esse
543 3735 734 3814 carissimos,
756 3738 813 3821 qui
835 3739 880 3801 ita
900 3739 1048 3814 vixerint,
1069 3746 1107 3802 ut
1129 3739 1199 3802 sine
1221 3746 1327 3803 vestro
1349 3737 1510 3823 praesidio
1533 3735 1613 3800 salvi
1629 3753 1779 3798 essenon

448 3831 580 3917 possint
624 3826 654 3892 9.
683 3832 780 3908 Quid,
801 3832 863 3895 hoc
883 3832 1032 3916 cuiquam
1059 3832 1226 3896 ferendum
1248 3840 1341 3914 putas
1363 3851 1449 3906 esse,
1471 3851 1531 3894 nos
1553 3830 1598 3892 ita
1618 3828 1724 3892 vivere
1746 3827 1779 3889 in

411 3930 586 4014 ttpeeunia
606 3927 706 4000 tenui,
727 3932 764 3988 ut
784 3946 915 4008 prorsus
937 3925 1017 3988 nihil
1039 3927 1205 4010 acquirere
1219 3925 1365 4000 velimus,
1386 3931 1423 3988 ut
1437 3924 1624 4007 dignitatem
1637 3927 1780 3984 nostram

447 4024 627 4109 populique
649 4021 784 4084 Romani
805 4018 960 4084 beneficia
981 4039 1047 4081 non
1070 4020 1189 4103 copiis,
1211 4018 1267 4083 sed
1289 4019 1406 4082 virtute
1428 4023 1589 4081 tueamurz
1612 4018 1709 4080 istum
1731 4036 1781 4077 re-

448 4119 508 4184 bus
530 4117 679 4181 omnibus
700 4113 844 4199 undique
863 4113 981 4196 ereptis
994 4114 1126 4195 impune
1139 4112 1320 4176 eludentem
1335 4111 1554 4175 circumfluere
1568 4118 1665 4195 atque
1680 4109 1780 4172 abun

449 4210 546 4277 daret
568 4209 665 4274 huius
687 4215 819 4292 argento
841 4206 985 4270 dominia
1006 4213 1123 4282 vestra,
1143 4205 1240 4270 huius
1262 4205 1362 4289 signis
1385 4212 1416 4271 et
1431 4204 1548 4270 tabulis
1561 4204 1667 4269 forum
1681 4204 1780 4267 comi-

513 4518 538 4570 4.
557 4531 589 4569 ac
603 4515 752 4580 pudicitiam
768 4514 829 4577 ng.
848 4526 956 4576 omnes,
975 4514 995 4565 E
1007 4515 1042 4566 C:
1061 4519 1085 4566 et
1097 4514 1159 4578 pud
1177 4509 1235 4565 rell.
1253 4513 1283 4564 0.
1303 4539 1331 4549 -
1350 4511 1375 4565 l.
1393 4512 1497 4565 reuse
1514 4510 1616 4565 mavnlt
1632 4511 1777 4578 Zumptins.

451 4589 670 4657 -6.patetde
693 4589 964 4642 conlucendo-
993 4590 1034 4641 ll.
1052 4588 1139 4641 labere
1156 4590 1215 4642 uelit
1231 4588 1406 4653 bratella:
1432 4588 1521 4641 babere
1536 4589 1587 4639 volt
1603 4589 1669 4647 ΑΒ;
1694 4587 1781 4639 baberi

447 4669 499 4721 oolt
514 4668 599 4732 Lgu93
617 4665 704 4716 bobert
719 4663 773 4715 oete
789 4661 837 4713 dat.
859 4689 886 4698 -
907 4662 1000 4715 debebit
1015 4663 1083 4728 agla
1093 4664 1134 4717 48.
1154 4691 1183 4702 -
1208 4664 1249 4716 44.
1265 4665 1323 4729 flea
1339 4665 1368 4715 E.
1389 4691 1416 4700 -
1441 4663 1481 4714 43.
1505 4665 1649 4714 ὼονουίιωι
1665 4662 1778 4728 aglae:

448 4745 566 4795 alacrem
581 4739 639 4793 rell.
657 4740 686 4791 0.
708 4763 735 4777 -
755 4738 796 4790 tl.
813 4738 837 4788 et
852 4750 892 4789 me
908 4739 1034 4801 mena
1045 4739 1078 4790 E:
1097 4753 1137 4791 me
1151 4740 1175 4790 et
1191 4736 1247 4790 rell.
1267 4739 1297 4790 0.
1318 4765 1346 4777 -
1369 4739 1410 4792 44.
1428 4738 1583 4789 arbitrarere
1599 4739 1778 4789 Hotomanus:

448 4819 592 4870 mercarer
608 4814 687 4869 codd.
708 4840 736 4850 —-
763 4813 803 4864 46.
822 4818 858 4864 eat
879 4812 993 4877 aptas:
1020 4815 1051 4864 eit
1067 4812 1125 4865 rell.
1143 4814 1172 4865 0.
1192 4840 1221 4851 -
1246 4814 1299 4877 pol]
1316 4814 1357 4865 eal
1374 4826 1468 4865 omnes
1485 4814 1563 4877 legg.
1588 4839 1616 4848 -
1644 4813 1684 4864 49.
1702 4813 1781 4863 casote

449 4893 559 4958 agla-
572 4893 614 4944 2⁰.
626 4891 754 4942 minam
763 4902 914 4954 magnorum
928 4889 948 4940 E
957 4890 1008 4940 ΡΜ
1020 4888 1088 4954 egle
1106 4890 1181 4940 uera.
1195 4889 1260 4955 Cap.
1273 4900 1300 4953 p.
1313 4886 1371 4941 434.
1391 4888 1508 4952 (llopp.l:
1532 4887 1643 4938 amatam
1653 4889 1780 4938 mamraea

448 4967 506 5020 rell.
526 4995 555 5004 —
572 4968 614 5019 44.
632 4966 784 5016 indeletam
799 4962 943 5027 latuere:
961 4963 1100 5014 Macetae
1114 4960 1172 5014 rell.
1185 4962 1215 5014 0.
1230 4988 1258 4998 -
1276 4961 1318 5015 44.
1336 4963 1374 5014 tta
1389 4962 1463 5012 credo
1479 4972 1534 5012 om.
1548 4959 1625 5025 agla.
1640 4987 1668 4997 -
1685 4962 1728 5012 46.
1740 4973 1781 5012 eo·

448 5057 507 5096 nea
523 5041 770 5108 sperassem:
794 5040 884 5091 horrea
899 5037 956 5090 rell.
974 5039 1004 5089 0.
1024 5066 1052 5075 -
1069 5038 1112 5089 47.
1130 5035 1192 5103 tam]
1209 5050 1267 5088 aaa
1283 5036 1353 5103 4344
1370 5041 1397 5088 et
1412 5040 1428 5089 5
1445 5035 1496 5087 alll.
1518 5063 1545 5073 -
1563 5036 1605 5087 49.
1623 5037 1703 5088 aartrr'
1720 5036 1778 5102 (bie)

449 5117 519 5183 apsa
536 5130 563 5183 p.
582 5129 618 5167 m.
639 5142 666 5152 -
685 5115 727 5167 33.
743 5113 855 5165 cesena
871 5112 939 5178 agla
955 5125 984 5179 p.
1003 5123 1057 5163 m.:
1074 5112 1195 5163 munet
1209 5108 1267 5162 rell.
1286 5113 1315 5162 0.
1338 5139 1365 5148 -
1384 5109 1424 5161 34.
1441 5111 1576 5176 [modern
1592 5113 1653 5176 ng.
1672 5113 1780 5177 praeter

449 5196 461 5246 t
483 5195 512 5243 et
526 5192 567 5255 44,
585 5193 615 5242 Β.
635 5218 663 5227 -
682 5190 723 5242 38.
742 5186 1066 5241 memorarentur:
1090 5186 1203 5240 morea
1219 5185 1331 5253 (man
1347 5185 1432 5252 ηιμ.)
1449 5191 1537 5238 ocrea
1553 5184 1635 5251 Lgl23
1654 5186 1739 5238 mmor
1755 5198 1777 5238 s.

450 5266 538 5320 deneas
551 5271 648 5321 cemes
662 5264 720 5319 rell.
738 5264 772 5318 et.
789 5265 857 5318 Nan.
874 5276 902 5331 p.
919 5260 978 5317 484.
