4367 6109
471 550 513 621 io
869 559 1027 630 ORATIO
1042 562 1121 631 PRO
1143 564 1177 629 P.
1199 563 1392 642 QUINGTIO

469 727 565 791 rediit
586 729 767 805 Quinctius,
792 749 856 813 quo
878 731 930 795 die
954 734 1109 798 Romaiu
1132 734 1265 799 Galliam
1286 735 1447 820 proiectus
1470 739 1528 814 sit3
1550 738 1591 803 ad
1613 739 1790 824 ephemeri-

468 823 541 886 dem
555 823 737 887 revertitur:
759 824 920 889 invenitur
934 827 1001 891 dies
1017 829 1243 912 profectionis,
1266 831 1369 913 pridie
1384 832 1454 894 Kal.
1469 833 1666 900 Februarias.
1688 839 1789 901 Nonis

466 917 646 983 Februariis
667 918 693 981 si
715 919 833 983 Romae
855 919 930 995 fuit,
961 942 1076 987 causae
1097 924 1178 986 nibil
1200 926 1353 1001 dicimus,
1383 927 1461 1010 quin
1492 928 1549 991 tibi
1568 929 1788 996 'vadimonium

465 1013 656 1096 promiserit.
699 1010 750 1076 58.
774 1015 883 1090 Quint
914 1016 976 1080 hoo
998 1019 1135 1083 inveniri
1158 1020 1213 1103 qui
1235 1024 1366 1103 potest?
1409 1021 1573 1087 Proiectus
1596 1033 1644 1088 est
1666 1046 1731 1090 una
1752 1028 1787 1090 L.

441 1107 590 1181 odlbius,
611 1107 707 1171 homo
729 1129 802 1172 cum
823 1110 935 1193 primis
956 1111 1128 1191 honestus;
1163 1115 1246 1177 dicet
1267 1116 1494 1180 testimonium.
1527 1120 1691 1184 Prosecuti
1713 1129 1788 1184 sunt

463 1202 634 1266 familiares
656 1211 687 1265 et
700 1203 828 1267 Albium
852 1212 884 1269 et
898 1206 1101 1283 Quinctium3
1124 1207 1231 1271 dicent
1251 1209 1284 1272 bi
1308 1230 1438 1294 quoque
1461 1213 1688 1278 testimonium.
1722 1216 1786 1279 Lit-

463 1306 548 1361 terae
570 1299 603 1360 P.
620 1297 778 1374 Quinctii,
808 1308 904 1363 testes
928 1308 989 1376 tot,
1021 1301 1138 1385 quibus
1160 1302 1307 1367 omnibus
1330 1324 1425 1368 causa
1446 1306 1620 1371 iustissima
1643 1318 1708 1386 est,
1730 1332 1786 1373 our

462 1393 542 1455 scire
564 1393 743 1476 potuerint,
765 1394 870 1470 nulla,
893 1415 950 1458 cur
970 1397 1179 1471 mentiantur,
1202 1419 1274 1460 cum
1296 1399 1526 1481 adstipulatore
1550 1409 1606 1466 tuo
1623 1424 1785 1488 compara-

459 1486 589 1550 buntur.
622 1484 673 1550 59.
696 1489 736 1550 Et
755 1489 789 1551 in
810 1489 869 1552 bac
892 1490 1048 1553 eiusmodi
1072 1512 1167 1556 causa
1190 1494 1223 1555 P.
1240 1493 1408 1568 Quinctius
1431 1494 1588 1560 laborabit
1609 1507 1641 1562 et
1665 1500 1784 1562 diutius

424 1581 493 1645 scin
516 1589 604 1646 tanto
627 1589 712 1645 metu
734 1583 830 1645 miser
851 1584 1059 1668 periculoque
1081 1587 1284 1650 versabitur?
1307 1595 1338 1651 et
1354 1590 1574 1655 vehementius
1597 1608 1669 1656 eum
1685 1593 1785 1676 gratia

459 1679 631 1743 adversarii
653 1681 858 1763 perterrebit,
882 1701 976 1762 quam
999 1680 1077 1745 fides
1099 1683 1214 1745 iudicis
1235 1684 1473 1747 consolabitur?
1501 1687 1589 1749 Vixit
1603 1689 1688 1751 enim
1703 1707 1784 1752 sem-

459 1793 518 1856 per
538 1773 657 1838 inculte
679 1782 777 1860 atque
798 1774 946 1851 horride;
970 1785 1082 1840 natura
1104 1777 1187 1840 tristi
1208 1797 1245 1840 ac
1266 1778 1430 1841 recondita
1451 1777 1526 1856 fuit3
1549 1800 1615 1843 non
1637 1782 1677 1845 ad
1700 1782 1784 1845 sola-

459 1871 556 1944 rium,
579 1891 643 1936 non
666 1871 699 1933 in
722 1891 848 1954 campo,
871 1892 937 1934 non
958 1872 992 1933 in
1014 1871 1169 1934 conviviis
1190 1879 1334 1934 versatus
1356 1877 1419 1947 est3
1451 1873 1484 1934 id
1508 1875 1588 1956 egit,
1610 1882 1646 1938 ut
1665 1877 1783 1940 amieos

459 1966 674 2040 observantia,
697 1986 764 2029 rem
786 1966 981 2049 parsimonia
1002 1965 1169 2040 retineret3
1191 1967 1356 2049 antiquam
1377 1964 1473 2030 officii
1488 1970 1645 2032 rationem
1660 1971 1783 2047 dilexit,

420 2060 549 2124 iconius
571 2061 722 2144 splendor
744 2061 848 2124 omnis
868 2060 919 2122 his
941 2060 1083 2124 moribus
1105 2061 1272 2124 obsolevit.
1308 2062 1364 2136 At,
1387 2062 1414 2124 si
1436 2061 1469 2124 in
1486 2082 1581 2126 causa
1595 2064 1665 2146 pari
1681 2065 1783 2127 disce-

458 2154 532 2218 dere
560 2155 693 2220 inferior
721 2154 897 2230 videretur,
930 2163 1036 2218 tamen
1064 2163 1149 2218 esset
1178 2176 1243 2219 non
1272 2157 1474 2221 mediocriter
1501 2160 1781 2243 conquerendum:

456 2270 542 2313 nunc
575 2250 608 2312 in
637 2270 732 2315 causa
758 2250 923 2334 superiore
950 2269 990 2312 ne
1024 2257 1060 2313 ut
1086 2269 1145 2332 par
1172 2250 1301 2333 quidem
1330 2251 1372 2313 sit
1407 2253 1562 2334 postulat,
1597 2252 1780 2316 inferiorem

456 2364 526 2408 esse
548 2363 583 2408 se
604 2345 740 2428 patitur,
769 2345 935 2408 dumtaxat
961 2363 1064 2429 nsque
1093 2364 1147 2419 eo,
1177 2364 1218 2406 ne
1240 2364 1312 2406 oum
1334 2345 1443 2421 bonis,
1472 2347 1557 2410 fama
1577 2345 1780 2432 fortunisque

456 2440 603 2503 omnibus
625 2440 698 2504 Sex.
712 2440 823 2505 Naevii
845 2439 1010 2523 cupiditati
1033 2439 1275 2524 crudelitatique
1298 2438 1440 2502 dedatur.

417 2540 446 2591 to
517 2535 604 2599 XIX.
635 2534 685 2598 60.
714 2535 832 2610 Docui,
862 2529 949 2620 qnod
977 2533 1114 2616 primum
1135 2533 1298 2616 pollicitus
1319 2554 1404 2608 sum,
1440 2535 1474 2598 C.
1495 2536 1620 2620 Aquili,
1652 2557 1780 2602 causam

455 2632 601 2706 omnino,
624 2651 681 2694 cur
701 2631 890 2714 postularet,
912 2648 978 2693 non
999 2626 1115 2703 fuisse,
1146 2627 1233 2712 quod
1254 2646 1360 2711 neque
1382 2629 1517 2711 pecunia
1543 2632 1717 2696 debebatur
1738 2641 1778 2707 et,

455 2725 482 2789 si
505 2726 641 2790 maxime
663 2725 846 2799 deberetur,
868 2723 1073 2788 commissum
1096 2721 1176 2784 nihil
1199 2730 1296 2797 esset,
1326 2742 1424 2806 quare
1446 2723 1486 2787 ad
1508 2725 1600 2789 istam
1622 2727 1778 2791 rationem

451 2814 682 2905 perveniretur.
725 2818 862 2882 Attende
881 2839 983 2891 nunc,
1012 2837 1053 2880 ex
1075 2817 1179 2880 edicto
1202 2818 1359 2900 praetoris
1380 2818 1465 2882 bona
1486 2821 1519 2882 P.
1542 2819 1683 2897 Quinctii
1703 2840 1778 2904 pos·
1848 2873 1851 2879 .

453 2915 550 2978 sideri
579 2913 667 2977 nullo
695 2913 791 2976 modo
818 2912 973 2996 potuisse.
1016 2911 1129 2974 Tracta
1160 2911 1317 2974 edietum:
1347 2931 1402 2985 ovr
1427 2931 1657 2979 rnavnarrorus
1679 2933 1776 2980 carra

414 3012 443 3063 ²⁵
453 3027 632 3073 narramur.
659 3009 732 3073 Non
755 3007 851 3070 estis
873 3003 1059 3081 Quinctius,
1081 3005 1144 3067 nisi
1166 3005 1194 3067 si
1216 3004 1357 3080 latitant,
1382 3008 1437 3090 qui
1452 3007 1493 3070 ad
1507 3009 1669 3092 negotium
1683 3029 1777 3073 suurn

450 3105 562 3169 relicto
584 3110 789 3188 procuratore
810 3097 1064 3185 proficiscuntur.
1108 3120 1160 3164 cvr
1185 3120 1287 3163 urnas
1309 3120 1370 3163 uon
1391 3120 1556 3167 nxsranrr.
1587 3105 1635 3168 lle
1655 3103 1684 3168 is
1705 3104 1777 3190 qui·

451 3200 533 3265 dem.
569 3221 624 3275 ovs
644 3214 764 3263 nxsrnrt
787 3217 883 3262 cavea
905 3215 1008 3260 sonrsr
1028 3212 1195 3258 vnnrnnrr.
1241 3191 1322 3278 [Ilici
1343 3195 1405 3260 hoc
1427 3198 1466 3261 de
1487 3199 1522 3262 P.
1538 3197 1687 3276 Quinctio
1708 3219 1775 3264 non

514 3416 539 3466 2.
554 3413 637 3479 pridie
652 3413 720 3479 Καὶ]
738 3413 790 3464 Aut
806 3413 873 3462 haec
890 3413 936 3461 eut
952 3422 1020 3476 quae
1038 3422 1118 3476 supra
1136 3409 1160 3473 5.
1173 3408 1215 3478 24.
1227 3409 1327 3474 scripta
1343 3411 1417 3471 suot,
1435 3413 1560 3476 corrupta
1577 3423 1637 3464 esse
1647 3415 1772 3479 apparea

449 3493 521 3542 corta
539 3489 643 3542 medela
659 3488 779 3540 nondum
795 3489 901 3552 reperte
914 3489 963 3537 est.
979 3513 1006 3522 —
1025 3485 1157 3536 Februarii
1173 3486 1229 3543 elr;
1248 3485 1274 3535 ln
1286 3486 1381 3536 ceteris
1393 3488 1455 3537 sunt
1465 3485 1631 3553 compendia.
1645 3513 1674 3524 -
1692 3487 1717 3538 3.
1730 3487 1774 3538 Fe·

448 3566 558 3617 brueriis
575 3568 608 3616 G:
627 3564 760 3616 Febnserii
776 3564 832 3623 ek;
850 3564 876 3613 in
888 3563 985 3613 ceteris
996 3564 1058 3613 sunt
1068 3560 1235 3625 compendia.
1251 3588 1278 3597 -
1297 3562 1321 3612 5.
1334 3575 1392 3611 caan
1400 3561 1498 3626 primis]
1510 3562 1537 3611 io
1550 3562 1640 3625 prbr&
1649 3560 1731 3616 VLQ.
1743 3589 1770 3598 -

448 3643 507 3693 dicit
523 3638 793 3704 abcdlghiklm,
816 3638 877 3689 dicti
898 3651 925 3688 n.
946 3664 973 3675 -
993 3638 1100 3701 profecti
1120 3634 1433 3699 Babcdlssbiklmb
1455 3635 1558 3698 etti,
1578 3636 1694 3688 mitio.
1711 3635 1770 3701 (rel.

445 3718 584 3781 prosecuti,
602 3715 644 3766 vel
662 3716 705 3766 dic
721 3714 784 3765 Atbii
800 3719 823 3764 et
840 3714 959 3777 Quintiis
977 3725 1030 3776 mg.
1050 3712 1077 3776 t.)
1098 3739 1125 3748 -
1144 3712 1169 3761 6.
1186 3712 1249 3776 (om.
1267 3711 1331 3761 Attii
1348 3717 1371 3761 et
1388 3713 1482 3775 Qoioiii
1498 3725 1525 3774 a,
1551 3712 1612 3776 som.
1631 3715 1654 3761 et
1669 3709 1733 3761 Attii
1749 3715 1772 3762 ct

449 3793 542 3857 Quintii
558 3791 674 3842 Bblkn
692 3788 818 3843 etant.
839 3814 866 3826 ··
886 3790 921 3838 bii
938 3787 1051 3850 odigl,
1078 3787 1097 3836 ii
1113 3786 1176 3836 km.
1197 3813 1224 3822 -
1242 3786 1267 3836 8.
1285 3787 1507 3848 corparcoontor.
1525 3787 1558 3836 Et
1574 3784 1654 3839 Abi:
1672 3798 1772 3848 compo·

446 3866 593 3920 retertur?
608 3867 641 3918 Et
657 3867 686 3916 0.
702 3892 729 3900 —
748 3864 773 3914 9.
791 3865 823 3914 lit
839 3877 893 3913 orn.
910 3863 937 3912 k.
958 3889 985 3898 —
1005 3862 1045 3912 io.
1063 3861 1128 3926 mim]
1145 3861 1239 3911 ciimlr.
1254 3887 1281 3896 α
1300 3861 1394 3926 metm]
1411 3875 1490 3911 como
1502 3875 1525 3912 e.
1541 3888 1568 3897 -
1587 3860 1628 3910 ⁴2.
1640 3859 1680 3924 oc]
1697 3865 1772 3923 etque

446 3942 479 3996 el
497 3946 524 3995 et
535 3947 564 3995 Α.
580 3970 607 3979 -
627 3943 667 3993 ib.
681 3940 768 4005 omui]
781 3939 892 3989 omnibus
903 3940 953 3988 Ga.
969 3964 996 3972 -
1016 3937 1055 3986 it.
1070 3935 1220 4000 inferiorem]
1238 3936 1355 3998 inferiore
1366 3949 1391 3986 e.
1407 3963 1432 3974 -
1454 3937 1493 3987 48.
1508 3948 1594 3987 eciem
1606 3934 1768 3998 petitorio:

445 4021 608 4084 esrepaiiior
625 4013 939 4079 Gebcdetghilmn
956 4014 983 4063 et
999 4014 1033 4074 Α,
1052 4024 1077 4061 ie
1093 4025 1142 4062 esre
1155 4011 1254 4074 potitor
1269 4012 1363 4062 iretL.
1379 4038 1406 4048 -
1425 4012 1467 4062 ai.
1486 4011 1627 4074 dometur]
1643 4010 1772 4062 deberetur

446 4085 1316 4155 1..-22.macliGabcdegiklmnettt.—23.exomk.
1336 4085 1586 4151 Ct.adp.ii.v.5.
1601 4111 1629 4124 -
1646 4088 1771 4150 possidere

445 4171 497 4226 blb
508 4169 675 4235 cdetghil
691 4172 718 4220 et
729 4171 748 4220 Α
760 4166 813 4220 ci.
829 4193 857 4203 -
873 4164 915 4216 ai.
930 4166 1020 4215 Tracta
1031 4162 1123 4214 Aldina
1135 4163 1163 4212 et
1174 4161 1360 4211 Cratandrina:
1379 4165 1472 4211 tractat
1488 4161 1534 4210 Bt}
1544 4161 1564 4210 lt
1573 4162 1598 4212 ll
1610 4163 1637 4212 et
1650 4163 1707 4224 VA,
1725 4164 1771 4214 tio-

444 4251 496 4302 cito
516 4249 600 4302 L80.
632 4246 670 4298 Cl.
688 4243 793 4296 Tuscul.
812 4242 836 4303 4,
854 4240 895 4302 ai,
914 4240 953 4291 53.
975 4267 1002 4274 -
1021 4242 1063 4290 25.
1081 4239 1165 4288 latitat
1181 4238 1259 4297 Bin,
1287 4249 1339 4287 om.
1366 4234 1669 4299 Gilabcdetgklm
1694 4239 1722 4288 et
1736 4240 1767 4298 Α,

444 4329 552 4378 latuerit
569 4340 621 4390 mg.
641 4323 657 4374 i.
681 4321 799 4386 (latitabit
819 4319 866 4370 Th.
884 4318 1033 4370 Mommsen
1056 4316 1170 4365 Zeitrcir.
1188 4313 1207 4377 s.
1225 4312 1405 4363 amaccora.
1425 4309 1497 4362 4845.
1517 4323 1544 4375 p.
1563 4311 1636 4361 ⁴092.
1664 4311 1766 4363 Sedet.

445 4400 469 4467 3.
487 4403 538 4466 86.)
559 4430 586 4440 ·-
605 4401 652 4451 nisi
668 4399 769 4448 latitent
784 4397 833 4447 Me
852 4397 879 4445 et
895 4393 954 4452 Li,
972 4392 1020 4442 cisi
1036 4392 1055 4441 ii
1071 4391 1172 4441 imbuat
1188 4388 1273 4439 codex
1290 4388 1350 4438 Car.
1368 4386 1506 4451 Stephani,
1530 4385 1579 4434 cici
1595 4387 1616 4436 ri
1632 4386 1769 4438 ictitoroat

444 4482 480 4541 Α,
498 4477 547 4528 nisi
562 4477 583 4527 ri
599 4475 708 4525 lotiterii
724 4469 824 4531 Galrl,
842 4470 890 4520 cisi
906 4468 1014 4519 totiterit
1030 4480 1065 4518 m.
1087 4492 1115 4503 -
1134 4467 1175 4516 26.
1190 4463 1392 4528 proficiscuntur]
1405 4461 1574 4524 proficiscitur
1590 4462 1623 4522 G,
1642 4462 1769 4524 prosector

442 4558 478 4604 ert
494 4554 519 4603 k.
535 4579 562 4588 -
580 4551 622 4601 27.
637 4561 764 4600 vnarsnrr.
782 4546 918 4598 Diciiioc·
929 4571 944 4581 -
955 4554 1079 4594 -rusnrn
1099 4543 1152 4603 Quo
1164 4541 1216 4591 cet.
1230 4541 1258 4589 L:
1276 4538 1384 4588 verterit.
1404 4538 1458 4599 Quo
1469 4539 1519 4586 cet.
1535 4534 1639 4597 (mediis
1651 4537 1765 4600 omissis)

442 4640 504 4680 cum
523 4626 596 4678 libris
613 4625 680 4676 notis
697 4621 821 4673 omnibus
837 4618 922 4674 Aio.
950 4620 1113 4669 Hotomanus
1131 4629 1179 4666 «ex
1195 4613 1262 4665 libro
1275 4613 1453 4677 manuscripto
1465 4611 1637 4676 perantiquo»
1650 4613 1767 4676 scripse·

441 4706 498 4755 ret:
516 4703 626 4753 verterd.
644 4700 702 4751 Dici
717 4698 744 4748 id
759 4712 810 4747 oon
823 4701 910 4759 potest.
939 4697 987 4759 Qur
1002 4705 1097 4745 ussus
1113 4703 1209 4743 rumoso
1225 4702 1354 4741 ascensos
1370 4702 1421 4739 ros
1435 4699 1536 4737 rosan.
1561 4686 1599 4736 Ne
1614 4687 1641 4735 id
1657 4687 1764 4748 quiden.

442 4780 496 4844 Quo
513 4780 564 4830 cet.
590 4775 749 4828 Lambinus:
769 4772 953 4823 «Restituimus
970 4771 996 4819 in
1013 4768 1199 4832 manuscriptis
1216 4768 1335 4831 reperta,
1355 4776 1443 4827 neque
1460 4765 1548 4813 tamen
1566 4763 1715 4826 reperimus
1732 4777 1763 4813 ee

442 4854 576 4906 Ciceronis
592 4849 689 4912 verba,
709 4862 777 4913 quae
795 4849 907 4900 testatur
923 4847 1088 4897 Hotomanus
1105 4856 1134 4894 se
1151 4855 1203 4892 une
1221 4853 1284 4893 oum
1300 4838 1390 4890 verbis
1408 4838 1486 4889 edicti
1503 4837 1650 4901 reperisse,
1673 4850 1705 4887 ne
1719 4837 1765 4887 boc

441 4932 552 4992 pudeo,
571 4941 659 4992 neque
675 4939 740 4978 vero
757 4926 820 4976 sunt
835 4922 1012 4974 necessarie·
1038 4919 1112 4971 Falso
1129 4919 1207 4983 igitur
1222 4916 1307 4968 simile
1324 4915 1546 4974 additamentum,
1564 4913 1602 4964 Ne
1617 4913 1639 4963 is
1655 4913 1762 4976 quidem

440 5005 569 5057 Lemblno
578 5003 703 5056 tribuitur
713 5001 740 5053 in
757 5014 810 5064 mg.
820 4999 847 5055 t.
866 4998 931 5050 Vide
944 4996 1051 5049 omnino
1063 4991 1194 5044 Kellerum
1211 5006 1237 5057 p.
1251 4990 1283 5043 44
1294 5003 1353 5056 sqq.
1371 4990 1399 5042 oi
1414 5001 1475 5053 sqq.
1493 4989 1521 5040 et
1537 5000 1552 5038 e
1570 4989 1700 5039 contrario
1714 4987 1761 5038 ΤΙι.

440 5081 588 5132 Mommsen
604 5078 622 5130 l.
641 5078 684 5140 d.‚
711 5077 756 5142 qui
773 5076 844 5127 omni
861 5072 1046 5139 supplemento
1063 5071 1163 5121 reiecto
1179 5067 1269 5119 locum
1284 5077 1380 5118 canere
1397 5066 1508 5115 conatur
1523 5063 1562 5113 sic
1579 5062 1762 5127 distinguendo

440 5156 469 5205 et
478 5155 636 5206 scribendo:
657 5163 786 5204 rsarsarr.
806 5150 860 5213 Quo
871 5145 1002 5211 tempore?
1015 5173 1042 5183 -
1060 5145 1198 5196 Existimas
1209 5142 1357 5205 oportuisse,
1374 5141 1469 5202 Naevi,
1486 5139 1609 5188 comum
1621 5137 1763 5223 Quinotimp

439 5229 543 5293 defendi.
568 5230 600 5281 At
615 5226 759 5294 quomodo?
784 5226 858 5286 Tum,
876 5236 934 5274 com
946 5221 1105 5286 postulabas,
1122 5225 1150 5270 oi
1166 5219 1231 5270 bono
1243 5217 1392 5281 possideret,
1410 5228 1480 5267 uario
1496 5213 1586 5276 adsuit
1606 5212 1644 5264 ct.
1662 5212 1686 5262 i.
1705 5212 1762 5262 Frer

438 5302 523 5357 Piitot.
532 5302 710 5358 Scimeideaoia.
719 5301 762 5355 vt.
771 5313 800 5369 p.
809 5298 858 5353 324
868 5311 929 5365 sqq.
942 5295 1059 5353 Eaedem
1069 5295 1173 5361 quaen.
1184 5292 1202 5347 l.
1211 5291 1325 5359 negandi
1333 5289 1461 5346 iormnlee
1469 5290 1587 5354 suntpro
1595 5285 1677 5339 Tullio
1686 5283 1760 5350 §.la
