4367 6109
671 594 740 659 un.
760 593 799 659 v.
822 589 897 658 cu.
918 588 1185 656 xxm-xxv.
1211 585 1268 673 33.
1289 583 1436 652 44.-44.
1655 582 1718 653 aas

397 764 518 847 pretio:
539 764 723 846 cognoscite
743 782 828 826 nuno
850 781 965 826 novam
990 760 1165 845 praedandi
1186 758 1342 823 rationem
1363 757 1484 821 abhoc
1505 757 1642 840 primum
1664 777 1721 822 ex·

397 860 576 940 cogitatam.
617 857 732 922 lllllll.
763 857 928 939 Sumptum
961 875 1088 918 omnem
1120 855 1153 918 in
1188 854 1321 918 classem
1351 851 1528 928 frumento,
1560 853 1720 937 stipendio

398 951 577 1035 ceterisque
597 952 693 1015 robus
715 971 774 1015 suo
796 969 943 1035 quaeque
965 949 1124 1013 navarcho
1146 948 1256 1013 civitas
1283 967 1408 1030 semper
1430 947 1504 1009 dare
1526 945 1659 1011 solebat.
1691 949 1721 1013 ls

398 1065 522 1130 aequo,
543 1053 579 1108 ut
600 1052 801 1109 accusaretur
820 1064 840 1107 a
862 1044 986 1118 nautis,
1009 1043 1206 1106 committere
1228 1042 1382 1116 audebat,
1404 1047 1436 1103 et
1456 1041 1578 1104 civibus
1593 1043 1658 1106 suis
1673 1064 1723 1107 ra·

399 1139 502 1203 tiones
523 1140 605 1204 t'errc
628 1140 762 1203 debebat
784 1147 816 1202 et
837 1139 870 1200 in
892 1136 948 1199 illo
970 1137 1056 1200 omni
1071 1136 1201 1219 negotio
1216 1154 1281 1198 non
1296 1134 1391 1197 modo
1406 1134 1533 1210 labore,
1556 1137 1612 1200 sed
1627 1138 1745 1201 etiamn

398 1234 541 1316 periculo
563 1251 623 1298 suo
637 1234 830 1296 versabatur.
859 1231 935 1294 Erat
957 1230 1033 1304 boc,
1055 1238 1093 1293 ut
1107 1229 1196 1303 dico,
1218 1228 1393 1291 factitatum
1408 1249 1533 1312 semper
1546 1250 1605 1295 neo
1620 1233 1723 1296 solnm

398 1330 432 1391 in
456 1329 579 1403 Sicilia,
610 1327 722 1390 sedin
745 1326 891 1390 omnibus
913 1325 1103 1409 provinciis,
1132 1323 1227 1386 etiam
1249 1323 1282 1384 in
1304 1321 1463 1385 sociorum
1486 1330 1518 1386 et
1538 1326 1723 1392 Latinorum

399 1421 557 1503 stipendio
584 1441 621 1484 ac
648 1428 776 1503 sumpto
808 1429 890 1494 tum,
918 1439 990 1482 cum
1012 1417 1141 1482 illorum
1163 1415 1291 1479 auxiliis
1313 1416 1361 1478 uti
1382 1416 1572 1482 solebamus.
1610 1421 1723 1487 Verres

398 1524 472 1600 post
500 1515 667 1598 imperium
696 1515 901 1577 constitutum
930 1511 1051 1597 primus
1078 1511 1264 1593 imperavit,
1296 1517 1332 1572 ut
1361 1529 1398 1574 ea
1424 1513 1559 1594 pecunia
1581 1516 1724 1580 omnisa

399 1609 579 1672 civitatibus
601 1610 662 1672 sibi
682 1606 961 1682 annumeraretur,
985 1613 1020 1670 ut
1041 1607 1068 1669 is
1091 1625 1162 1668 eam
1176 1603 1344 1687 pecuniam
1358 1610 1522 1679 tractaret,
1544 1626 1640 1691 quem
1655 1610 1724 1693 ipse
1734 1621 1763 1671 44

398 1702 613 1786 praefecisset.
655 1698 707 1764 64.
732 1703 790 1766 Cui
813 1709 920 1785 potest
941 1721 1011 1764 esso
1027 1699 1177 1775 dubium,
1199 1719 1295 1784 quam
1310 1699 1431 1762 obrem
1448 1707 1480 1762 et
1493 1701 1634 1766 omnium
1649 1724 1726 1768 oon·

400 1798 600 1860 suetudinem
633 1804 772 1860 veteram
804 1797 925 1879 primus
960 1795 1136 1858 immutaris
1170 1801 1203 1857 et
1228 1801 1348 1857 tanum
1375 1793 1545 1857 utilitatem
1567 1814 1625 1877 per
1645 1798 1726 1861 alios

400 1889 583 1953 tractandae
604 1891 761 1973 pecuniae
783 1889 962 1973 neglexeris
980 1897 1012 1952 et
1034 1896 1151 1952 tantam
1167 1885 1384 1952 difficultatem
1400 1907 1471 1950 cum
1487 1888 1638 1965 crimine,
1660 1911 1728 1955 mo·

400 1984 525 2047 testium
547 2004 619 2047 oum
642 1984 824 2068 suspicione
846 1984 1049 2066 susceperis?
1075 1981 1198 2045 Deinde
1220 1981 1274 2044 alii
1299 1980 1449 2065 quaestus
1464 1981 1674 2046 instituuntur
1687 2006 1728 2049 ex

400 2096 463 2141 uno
492 2097 607 2160 genero
629 2079 734 2142 navali
755 2079 861 2142 videte
884 2098 979 2161 quam
1002 2076 1113 2139 multia
1142 2075 1287 2158 accipere
1308 2096 1328 2139 a
1349 2076 1530 2138 civitatibus
1550 2078 1727 2159 pecuniam,
1738 2093 1767 2142 44

400 2191 442 2234 ne
470 2180 595 2234 nautas·
611 2171 738 2246 darent,
771 2172 874 2254 pretio
903 2178 990 2234 certo
1013 2173 1127 2233 missos
1154 2168 1258 2233 lacere
1280 2177 1410 2244 nautes,
1444 2169 1614 2233 missorum
1635 2190 1729 2235 omne

402 2263 597 2348 stipendium
619 2263 751 2339 lucrari,
782 2264 933 2348 reliquis,
960 2265 1047 2347 quod
1069 2263 1216 2337 deberet,
1237 2282 1302 2325 non
1325 2263 1410 2325 dare.
1453 2263 1540 2326 llaec
1560 2266 1668 2329 omnia
1688 2286 1730 2331 cx

402 2358 565 2423 civitatum
586 2359 778 2422 testimoniis
801 2359 993 2442 cognoscite.
1015 2359 1126 2422 Recita
1146 2357 1328 2421 testimonia
1351 2357 1522 2420 civitatum.
1554 2358 1655 2422 XXV.
1677 2357 1729 2423 62.

402 2452 549 2517 llnncinc
570 2452 750 2516 bominem!
772 2453 907 2516 hancine
929 2452 1174 2535 impudentiam,
1195 2450 1334 2513 iudicest
1355 2451 1437 2514 bano
1451 2450 1632 2515 audaciam!
1654 2453 1732 2516 ciri·

402 2546 519 2609 tatibus
540 2566 600 2631 pro
625 2566 758 2610 numero
773 2546 910 2610 militum
923 2546 1131 2629 pecuniarum
1146 2563 1285 2608 summas
1301 2544 1496 2608 describeret
1517 2553 1639 2609 certum
1659 2561 1768 2630 pre-at

402 2641 499 2715 tium,
522 2658 676 2705 sescenos
698 2660 861 2716 nummos,
882 2647 1051 2704 nautarum
1072 2639 1236 2703 missionis
1258 2639 1468 2703 constituerat
1495 2659 1577 2722 quos
1598 2641 1655 2724 qui
1677 2640 1732 2706 de·

403 2733 507 2808 derat,
542 2741 753 2798 commeatum
782 2735 880 2798 totius
910 2734 1040 2797 aestatis
1069 2731 1258 2806 abstulerat,
1292 2732 1370 2807 iste,
1403 2732 1490 2818 quod
1521 2734 1591 2797 eius
1615 2743 1731 2799 nautam

402 2827 531 2891 nominc
560 2849 617 2912 pro
649 2828 810 2912 stipendio
838 2827 1062 2912 frumentoque
1083 2833 1263 2910 acceperat,
1287 2825 1483 2890 lucrabatur:
1513 2827 1559 2890 ita
1579 2835 1731 2910 quaestus

404 2919 522 3004 duplex
543 2922 639 2987 unius
660 2922 820 2986 missionis
841 2917 945 2984 fiebat.
988 2918 1093 3004 Atque
1115 2920 1193 2984 baec
1214 2920 1310 2983 bomo
1330 2920 1565 2984 amentissimus
1586 2921 1619 2983 in
1642 2929 1731 2987 tanto

402 3014 599 3098 praedonum
627 3018 749 3101 impetu
778 3022 931 3098 tantoque
952 3015 1093 3099 periculo
1114 3013 1299 3098 provincias
1320 3015 1367 3078 sio
1388 3014 1494 3098 palam
1514 3013 1664 3092 iaciebat,
1695 3024 1770 3082 atas

404 3116 437 3173 et
457 3108 520 3192 ipsi
540 3112 719 3193 praedones
741 3110 860 3173 scirent
881 3118 914 3172 et
934 3118 1001 3173 tota
1022 3108 1186 3192 provincia
1208 3108 1298 3171 testis
1320 3116 1414 3172 esset.

488 3199 540 3266 63.
563 3205 641 3269 Cum
662 3211 802 3288 proptor
816 3205 908 3268 istius
930 3203 1013 3266 banc
1025 3203 1190 3266 arantium
1212 3201 1342 3265 nominc
1363 3202 1473 3267 classis
1494 3209 1580 3267 esset
1600 3205 1633 3268 in
1652 3205 1733 3271 Sici·

403 3297 463 3373 lia,
495 3318 530 3362 re
559 3299 689 3382 quidem
718 3317 794 3362 vera
815 3316 913 3361 naves
939 3297 1066 3371 inanes,
1101 3314 1184 3381 quaa
1205 3296 1354 3381 praedam
1375 3299 1531 3380 praetori,
1563 3318 1628 3363 non
1650 3319 1732 3386 quas

404 3393 619 3476 pmedonibus
648 3399 768 3456 metum
797 3393 963 3455 afferrent:
995 3397 1117 3465 umen,
1150 3410 1221 3453 cum
1250 3392 1284 3453 P.
1307 3389 1472 3455 Caesetius
1498 3398 1531 3455 et
1557 3394 1591 3455 P.
1613 3394 1733 3460 Tadius

407 3486 515 3551 decem
544 3487 678 3551 naribus
704 3486 771 3549 suis
793 3484 976 3568 semiplenis
998 3485 1202 3567 navigarent,
1232 3503 1346 3547 navem
1368 3484 1528 3570 quandam
1549 3486 1772 3569 piratarum,ao

405 3580 523 3666 praeda
543 3580 709 3654 4444444444,
731 3598 795 3641 non
812 3585 979 3662 ceperunt,
1001 3577 1058 3641 sed
1072 3578 1289 3653 abduxerunt,
1312 3597 1410 3642 onere
1425 3598 1484 3643 sno
1500 3578 1595 3662 plano
1610 3588 1732 3665 captam

406 3682 504 3759 atquc
525 3675 717 3758 depressam.
759 3675 836 3737 Erat
857 3692 896 3736 ea
916 3673 1006 3735 naris
1037 3671 1133 3754 plena
1153 3672 1329 3736 iuventutis
1349 3671 1611 3749 formosissimae,
1639 3674 1735 3759 plana

406 3769 529 3852 4434444
551 3768 625 3832 iacti
646 3774 743 3852 atquo
765 3768 897 3851 signati,
925 3766 1024 3830 multa
1055 3786 1128 3829 cum
1151 3765 1291 3849 4444434444
1311 3772 1410 3830 veste.
1452 3767 1539 3832 llaec
1560 3788 1625 3832 una
1644 3769 1735 3834 uaris

473 4018 498 4069 3.
516 4031 561 4068 auo
577 4030 689 4081 qumque
704 4030 764 4067 4444.
783 4012 860 4068 nat:
880 4029 940 4066 444.
958 4029 1004 4066 aaa
1020 4028 1133 4080 44444444
1148 4015 1213 4067 4444.
1231 4016 1261 4066 0.
1280 4041 1308 4053 -
1326 4014 1352 4067 4.
1369 4016 1495 4067 4444444444
1508 4017 1605 4081 assam
1620 4018 1685 4071 dett.
1703 4021 1734 4072 0.

410 4093 614 4143 -444444444ε
639 4097 732 4143 nour.
751 4090 882 4156 034433.
901 4093 930 4142 0.
951 4115 978 4129 -
1006 4092 1030 4142 d.
1051 4104 1168 4142 44444444
1189 4089 1379 4142 4444444444-
1405 4091 1737 4146 444444444444444444444444

409 4166 443 4218 44
460 4167 522 4218 lirn.
540 4167 611 4220 cont.
629 4168 659 4219 0.
686 4171 719 4218 at
735 4167 768 4219 ct.
787 4167 872 4218 lladv.
890 4180 918 4232 p.
937 4168 995 4219 444.
1015 4192 1043 4205 -
1062 4169 1104 4218 40.
1122 4167 1225 4216 44444444.
1247 4165 1276 4215 44.
1291 4190 1318 4201 -
1338 4164 1379 4215 43.
1397 4170 1420 4216 44
1435 4178 1493 4216 caua
1508 4171 1607 4218 4444444444
1622 4169 1736 4234 dimasto

408 4243 513 4293 4444444444
528 4241 573 4293 443.
594 4266 622 4279 -
639 4240 766 4292 malacim
781 4242 847 4292 dett
867 4267 894 4278 -
918 4241 958 4294 44.
976 4243 1111 4306 4444444444
1127 4242 1156 4292 44.
1176 4266 1203 4277 -
1228 4241 1270 4291 tt.
1285 4240 1407 4302 3444444444
1421 4240 1487 4291 dett.
1506 4243 1535 4294 0.
1556 4269 1583 4281 -
1609 4244 1649 4297 ts.
1668 4246 1738 4296 44444-

408 4319 495 4367 444444
510 4316 589 4379 44444]
605 4317 771 4366 ostimentum
787 4316 823 4366 443
840 4317 904 4378 (om.
921 4317 1013 4378 44444.);
1032 4322 1085 4367 4444.
1103 4315 1339 4379 outtembourg.
1358 4315 1402 4380 [44
1413 4315 1511 4380 quibus
1521 4319 1549 4368 z.
1561 4317 1640 4383 tacet]
1657 4333 1739 4385 prae·

408 4394 452 4443 ter
466 4391 499 4442 44
516 4394 544 4442 ct
554 4390 595 4442 ta.
614 4390 701 4442 tiabat
716 4389 814 4442 deiude
826 4392 863 4441 0:
883 4390 1096 4455 [TESTIMONIA.
1114 4390 1310 4455 emtarum,
1328 4403 1410 4455 quem
1427 4390 1534 4443 titulum
1550 4394 1579 4446 4.
1592 4394 1735 4448 adiecerat.

410 4491 439 4504 -
459 4466 500 4516 49.
517 4465 662 4515 4444444444.
681 4465 794 4530 bariae]
812 4466 851 4516 sto
868 4466 937 4516 4404
954 4464 1011 4517 elii:
1029 4467 1187 4517 4444444444.
1205 4467 1324 4518 taccias
1340 4467 1512 4530 0.-tapsd.
1531 4470 1560 4520 n.
1579 4495 1607 4508 -
1625 4472 1738 4525 44444449

409 4538 442 4590 λε
460 4541 580 4591 hanccine
596 4539 661 4591 dett.
679 4540 710 4591 0.
730 4566 757 4578 -
781 4541 913 4591 4444444444
929 4541 958 4591 44.
979 4568 1008 4580 -
1030 4542 1071 4593 40.
1089 4547 1157 4592 carto
1170 4543 1252 4604 pratto
1269 4540 1334 4593 4444.
1355 4568 1381 4581 -
1405 4542 1538 4594 4444444444
1553 4546 1574 4596 lt
1591 4557 1632 4611 pr.
1650 4558 1687 4598 m.
1707 4572 1736 4585 -

409 4617 452 4668 st.
469 4619 596 4665 amantea
613 4613 739 4678 434449ε
756 4628 866 4665 amaros
881 4616 915 4674 44;
933 4621 1091 4667 mosmos
1108 4618 1161 4678 04,
1179 4615 1221 4667 alii
1238 4617 1316 4680 4433.
1331 4641 1358 4652 -
1376 4617 1501 4668 4444444444
1516 4618 1536 4668 44
1553 4631 1594 4683 pr.
1607 4632 1659 4670 m.:
1676 4620 1739 4670 44444-

409 4692 489 4741 as'oaaa
504 4689 525 4741 14
542 4701 612 4740 corr.
630 4692 658 4740 et
674 4689 723 4749 G³;
745 4691 861 4741 4444444444
877 4689 955 4749 dett,
981 4692 1093 4741 4444444444
1115 4691 1149 4743 44
1166 4693 1236 4743 coni.
1255 4693 1358 4743 ltotom.
1377 4693 1407 4744 0.
1432 4694 1458 4743 st
1475 4695 1587 4744 Grutero
1604 4695 1672 4746 ttdes
1687 4696 1739 4746 ba·

411 4764 512 4826 banda,
530 4766 557 4815 in
574 4766 595 4816 C
611 4765 721 4815 4444444444·
737 4763 841 4829 legitur.
861 4792 888 4801 -
911 4766 952 4815 44.
971 4771 1135 4817 commentam
1156 4767 1239 4831 43494
1266 4773 1406 4817 cosmato
1427 4765 1484 4818 rell.
1502 4768 1598 4831 4433.;
1621 4782 1679 4818 cum
1693 4782 1739 4820 co-

410 4845 520 4891 44444444
536 4842 571 4900 lt,·
586 4854 645 4891 444444
660 4845 800 4891 commta
815 4840 861 4890 (33.
876 4866 903 4876 -
919 4840 1004 4903 potior
1019 4842 1109 4892 4444444
1125 4843 1203 4906 4433.
1217 4866 1246 4879 -
1265 4842 1319 4892 44444
1332 4847 1429 4893 matos
1439 4842 1489 4902 444,
1507 4843 1524 4892 4
1540 4841 1620 4893 oodd.
1632 4843 1737 4906 lamb„

411 4915 495 4979 Lm:
513 4921 537 4966 44
552 4921 647 4967 mutos
662 4914 742 4976 dett.;
759 4916 813 4967 44444
828 4928 883 4967 om.
902 4916 975 4980 044).
996 4943 1024 4954 -
1042 4917 1084 4968 49.
1102 4919 1141 4967 tta
1157 4914 1235 4968 nat:
1258 4917 1344 4979 4444444
1359 4916 1424 4969 dett.
1442 4916 1489 4981 [444
1504 4917 1585 4968 ctiam
1600 4919 1692 4982 4433,
1709 4921 1740 4971 ut

411 4991 535 5057 videtum]
543 5018 571 5028 -
581 4992 623 5046 44.
634 4993 759 5043 4444444444
768 4992 814 5044 lta:
826 4993 942 5043 4444444444
951 4991 1017 5043 4444.
1027 4992 1056 5043 0.
1070 4993 1204 5055 (4444444444
1214 4993 1235 5043 lt
1246 4994 1272 5043 4.
1285 5004 1400 5044 mcorr.
1409 4992 1557 5056 444444.)-
1568 4994 1609 5045 aa.
1622 4999 1741 5059 4444449444

413 5068 451 5118 Gi
467 5066 514 5118 44.
533 5067 629 5131 44334
657 5071 726 5117 tauto
742 5067 795 5126 Gt;
821 5071 891 5117 4444444
914 5065 987 5127 4444;
1013 5072 1083 5118 tento
1100 5081 1118 5117 o
1134 5069 1155 5120 44
1174 5067 1216 5133 [aa
1233 5068 1355 5134 tanloch
1380 5070 1408 5118 444
1428 5072 1499 5118 tosto
1519 5067 1588 5118 cont.
1606 5065 1689 5120 [lou.
1707 5095 1736 5108 -

412 5141 454 5193 44.
472 5142 539 5192 acac
555 5141 634 5193 codd.
652 5143 721 5193 uoti:
738 5141 803 5192 144444
818 5146 916 5192 mom
931 5140 1024 5205 vulgo,
1043 5142 1072 5193 0.
1093 5170 1121 5180 ·-
1139 5143 1180 5194 48.
1198 5143 1286 5193 44444444
1301 5155 1354 5195 om.
1373 5143 1451 5207 4349.
1465 5167 1493 5179 -
1510 5141 1553 5192 49.
1570 5141 1699 5205 4444444444
1707 5144 1737 5196 44.

414 5241 443 5253 -·
461 5216 504 5267 30.
520 5218 573 5267 suta
588 5217 639 5268 aa:
657 5217 696 5268 ltta
711 5217 777 5268 4444,
790 5218 820 5269 0.
840 5241 868 5254 -
885 5216 927 5268 44.
945 5218 1107 5267 444444444444
1122 5216 1159 5268 ua
1170 5216 1239 5281 4344
1250 5216 1292 5269 49.
1310 5217 1350 5270 ct.
1362 5217 1397 5269 44
1412 5216 1456 5268 44.
1468 5215 1493 5281 5.
1505 5216 1546 5267 44.
1560 5217 1627 5269 Noa.
1639 5231 1667 5284 p.
1678 5219 1737 5272 444.

416 5316 444 5330 ·-
463 5289 772 5344 tatucnmosaud.
791 5291 1173 5359 -344444444444434444444,
1191 5291 1257 5345 acac
