4367 6109
963 607 1198 696 secr-so.
1676 605 1732 678 000

416 773 1737 818 ἃξὶέἥὲἣὶξῆΰὲἤ

417 870 1735 914 ἶῇἔῆἤῆἥῆἦῆἕέΰ

416 952 468 1019 52.
491 956 525 1020 Si
548 955 621 1040 quis
641 955 744 1021 iurem
767 958 934 1035 occiderit,
957 961 1073 1025 iniuria
1095 960 1256 1025 occiderit.
1291 961 1393 1037 Quam
1416 961 1457 1024 ob
1478 962 1567 1024 remi
1590 961 1673 1038 Quia
1687 962 1736 1026 ius

417 1051 625 1114 constitutum
657 1052 781 1116 nullum
814 1061 871 1117 est.
904 1053 1013 1129 Quid?
1048 1057 1074 1119 si
1105 1077 1139 1119 se
1168 1055 1233 1119 telo
1269 1054 1469 1119 defenderit?
1509 1056 1579 1120 Non
1609 1054 1755 1122 iniuria.¹

417 1144 503 1222 Quid
524 1146 593 1210 itai
623 1145 708 1222 Quia
729 1149 935 1212 constitutum
956 1156 1014 1212 est.
1083 1145 1104 1183 *
1189 1146 1209 1184 ³*
1295 1145 1314 1183 *
1400 1148 1420 1184 ³*
1506 1149 1525 1183 ³*
1611 1150 1631 1186 *
1717 1151 1773 1206 *t

418 1246 436 1282 *
530 1245 551 1284 ἦ
645 1248 663 1285 ἦ
757 1251 776 1286 ic
867 1250 886 1286 ἢ
981 1252 1000 1287 'k
1086 1250 1106 1286 'k
1192 1252 1211 1287 *lt
1297 1253 1316 1288 ἦ
1402 1253 1423 1289 ἢ
1459 1305 1465 1325 s
1507 1255 1526 1291 ἥ
1611 1255 1632 1290 ἕ
1716 1255 1736 1292 ff

416 1331 467 1398 53.
489 1342 596 1398 tamen
617 1356 727 1400 verum
749 1335 868 1401 factum
890 1345 990 1414 esset,
1019 1346 1124 1401 tamen
1146 1338 1179 1402 in
1202 1359 1240 1402 eo
1262 1338 1333 1424 ipso
1355 1338 1444 1415 loco,
1467 1341 1523 1424 qui
1546 1349 1618 1407 tuus
1641 1348 1735 1416 esset,

416 1448 482 1493 non
503 1430 600 1493 modo
621 1450 730 1495 servos
751 1432 793 1494 Μ.
815 1432 911 1495 Tullii
933 1431 1079 1496 occidere
1100 1433 1169 1496 iure
1190 1453 1256 1496 non
1278 1434 1428 1517 potuisti,
1458 1455 1569 1501 verum
1590 1437 1685 1500 etiam
1707 1434 1736 1498 si

415 1531 534 1588 tectum
555 1524 618 1588 lroe
638 1526 792 1590 insciente
813 1534 869 1591 aut
889 1527 1031 1610 pervim
1052 1527 1223 1593 demolitus
1245 1547 1346 1602 esses,
1370 1527 1458 1611 quod
1478 1527 1531 1592 hic
1551 1530 1585 1592 in
1606 1538 1661 1593 tuo
1683 1549 1751 1593 ae··

416 1615 576 1683 dilicasset
605 1625 636 1682 et
663 1640 757 1684 sunm
785 1642 855 1685 esse
882 1620 1080 1697 defenderet,
1109 1620 1143 1683 id
1163 1621 1195 1684 vi
1216 1627 1272 1684 ant
1292 1622 1373 1684 clam
1394 1620 1511 1685 iactum
1532 1623 1771 1687 iudicaretur.⁴⁰

416 1715 465 1776 Tu
488 1714 558 1796 ipse
580 1714 643 1776 iam
664 1721 784 1790 statue,
807 1735 901 1800 00οω
922 1736 1032 1778 verum
1054 1715 1110 1790 sit,
1143 1736 1214 1778 cum
1236 1734 1354 1798 paucas
1375 1716 1497 1799 tegulas
1518 1716 1655 1782 deiicere
1676 1718 1736 1780 im·

414 1827 503 1891 pune
524 1807 644 1871 familia
664 1816 721 1873 tua
741 1829 806 1874 non
829 1811 985 1894 potuerit,
1007 1810 1175 1872 maximam
1198 1807 1327 1873 caedem
1348 1809 1417 1873 sine
1431 1808 1543 1875 fraude
1557 1811 1661 1876 iacere
1677 1832 1736 1896 po·

414 1902 526 1966 tuisse.
565 1902 634 1985 Ego
659 1903 729 1985 ipsc
757 1912 841 1967 tecto
872 1903 927 1966 illo
949 1904 1127 1967 disturbato
1150 1904 1177 1967 si
1196 1903 1294 1967 hodie
1314 1903 1490 1987 postulem,
1519 1907 1607 1990 qnod
1627 1906 1658 1968 vi
1680 1913 1737 1970 aut

416 1995 497 2060 clam
518 1995 637 2060 sactum
658 1997 716 2072 sit,
737 2005 772 2060 tu
786 2007 842 2061 aut
859 2018 917 2081 per
930 1998 1082 2061 arbitrum
1098 1998 1245 2060 restituas
1260 2005 1315 2060 aut
1328 1998 1502 2079 sponsione
1516 1998 1736 2063 condemneris

414 2111 547 2156 neccsse
569 2082 638 2155 est'
665 2093 755 2154 Nunc
776 2091 838 2156 hoc
862 2091 1012 2176 probabis
1032 2090 1109 2153 viris
1131 2090 1263 2164 talibus,
1294 2111 1367 2154 cum
1387 2089 1567 2156 aedilicium
1588 2101 1643 2157 tuo
1664 2093 1772 2158 iureil

415 2185 595 2250 disturbare
616 2204 681 2248 non
701 2188 861 2269 potueris,
883 2185 971 2271 quod
993 2193 1092 2259 esset,
1115 2184 1383 2270 quemadmodum
1398 2193 1433 2249 tu
1448 2188 1514 2264 vis,
1535 2189 1656 2263 intuo,
1676 2188 1735 2253 lio-

415 2279 533 2355 mines,
556 2279 612 2363 qui
634 2279 668 2342 in
690 2301 729 2345 eo
751 2278 895 2345 aedilicio
917 2280 1050 2355 inerint,
1073 2288 1104 2343 te
1126 2288 1182 2343 tuo
1204 2281 1272 2343 iure
1294 2281 1438 2363 potuisse
1459 2283 1629 2346 occidere?

498 2370 551 2436 54.
572 2374 614 2437 At
634 2394 745 2439 servus
767 2396 857 2439 meus
878 2394 943 2439 non
967 2381 1144 2458 comparet,
1167 2375 1223 2458 qui
1245 2375 1333 2439 risus
1355 2383 1403 2439 est
1424 2395 1497 2439 cunr
1512 2378 1595 2453 tuis;
1616 2385 1649 2443 at
1663 2397 1736 2442 casa

415 2487 486 2532 mea
507 2475 557 2532 est
578 2468 709 2533 incensa
730 2488 751 2533 a
770 2471 844 2533 tuis.
877 2469 963 2545 Quid
985 2468 1126 2532 adhaec
1147 2468 1378 2550 respondeam?
1407 2468 1540 2533 Ostendi
1553 2470 1633 2535 falsa
1647 2492 1735 2536 csse:

415 2583 525 2626 verum
540 2567 647 2627 tamen
669 2561 851 2629 confitebor.
885 2564 972 2640 Quid
985 2566 1118 2647 posteat
1139 2562 1210 2627 Hoc
1223 2564 1379 2647 sequitur,
1399 2570 1438 2627 ut
1448 2563 1569 2629 familia
1582 2569 1624 2630 M.
1638 2567 1772 2630 Tulliin

417 2655 544 2719 concidi
571 2659 774 2740 oportuerit?
807 2660 870 2722 Vix
898 2658 1094 2732 mehercule,
1122 2665 1159 2721 ut
1189 2657 1309 2719 corium
1330 2657 1414 2739 peti;
1445 2658 1519 2733 vix,
1552 2667 1588 2722 ut
1609 2661 1736 2742 marius

416 2750 633 2833 expostulari:
653 2772 765 2815 verum
785 2761 823 2816 ut
844 2773 929 2816 esses
950 2752 1155 2825 durissimus,
1177 2751 1228 2832 agi
1250 2750 1380 2833 quidem
1394 2751 1512 2814 usitato
1526 2752 1595 2816 iure
1610 2762 1642 2816 et
1656 2772 1737 2837 quo·

415 2843 538 2909 tidiana
565 2845 690 2909 actione
718 2847 833 2929 potuit.
870 2846 957 2922 Quid
982 2867 1064 2931 opus
1092 2845 1155 2910 luit
1180 2846 1238 2908 vii
1271 2844 1362 2930 quid·
1378 2848 1505 2910 armatis
1526 2847 1735 2911 hominibusi

416 2938 495 3020 quid
518 2938 635 3003 caedet
657 2940 736 3024 quid
758 2943 943 3025 sanguinei.

501 3031 553 3096 55.
585 3035 735 3098 atenim
765 3042 982 3119 oppugnatum
1003 3056 1053 3099 me
1073 3035 1207 3099 fortasse
1228 3034 1400 3099 venissent.
1432 3035 1518 3100 Haec
1540 3046 1589 3102 est
1608 3040 1773 3104 iliorumss

415 3129 448 3193 in
471 3148 569 3193 causa
590 3129 714 3213 perdita
735 3139 877 3195 extrema
898 3150 964 3194 non
984 3129 1086 3194 oratio
1108 3149 1213 3214 neque
1235 3129 1393 3205 defensio,
1422 3131 1478 3193 sed
1499 3134 1682 3198 coniectura
1704 3142 1736 3198 et

415 3224 507 3308 quasi
530 3223 696 3289 divinatio.
737 3225 787 3287 illi
810 3231 1029 3309 oppugnatum
1050 3225 1175 3288 venturi
1197 3232 1303 3287 erant:
1333 3227 1450 3309 queml
1482 3226 1625 3292 Fabium.
1662 3228 1735 3304 Quo

415 3316 573 3381 consilio?
603 3317 644 3382 Ut
665 3318 855 3383 occiderent.
889 3318 993 3394 Quam
1017 3319 1057 3382 ob
1080 3318 1230 3381 causam?
1261 3317 1348 3393 Quid
1370 3326 1406 3381 nt
1428 3314 1638 3401 proficerent?
1672 3322 1735 3399 Qui

416 3412 621 3497 comperisti?
651 3415 705 3489 Et,
728 3421 851 3477 utrem
872 3413 1075 3497 perspicuam
1097 3431 1192 3496 quam
1213 3411 1414 3493 paucissimis
1428 3413 1533 3477 verbis
1547 3433 1655 3498 agam,
1677 3417 1737 3480 du·

414 3507 508 3571 hilari
529 3505 592 3571 hoc
612 3514 733 3590 potest,
761 3508 1008 3592 reciperatores,
1036 3507 1100 3570 utri
1122 3524 1323 3589 oppugnasse
1343 3505 1528 3583 videantur,
1551 3510 1607 3595 qni
1622 3510 1663 3574 ad
1677 3511 1772 3574 vil-ao

414 3600 477 3665 lam
498 3610 656 3665 venerunt
675 3621 716 3665 an
738 3602 795 3686 qui
815 3601 941 3666 invilla
961 3603 1170 3665 manserunt?
1202 3595 1254 3663 56.
1278 3600 1336 3685 qui
1358 3601 1455 3665 occisi
1476 3610 1552 3667 sunt
1572 3623 1613 3668 an
1634 3605 1674 3680 ii,
1695 3625 1737 3668 ex

415 3714 553 3779 quonam
579 3715 712 3761 numero
741 3696 869 3760 saucius
890 3694 991 3758 iactus
1014 3702 1062 3759 est
1082 3698 1204 3759 nemci
1234 3695 1290 3779 qui
1313 3715 1370 3758 cur
1390 3693 1533 3759 facerent
1554 3717 1650 3762 causa
1670 3718 1736 3762 non

413 3786 476 3852 fuit
496 3807 539 3854 aa
558 3789 599 3866 ii,
621 3791 677 3876 qui
698 3790 812 3855 iecisse
834 3810 868 3854 sc
888 3786 1103 3854 confitentur?
1131 3791 1249 3854 Verum
1255 3834 1265 3866 ,
1287 3796 1324 3853 ut
1344 3788 1406 3853 lroc
1426 3789 1485 3853 tihi
1507 3790 1649 3868 credam,
1672 3812 1737 3855 me·

414 3882 516 3950 tuisse
543 3889 576 3950 te
602 3905 644 3949 ne
673 3905 909 3971 oppugnarere,
938 3885 1010 3970 quis
1035 3884 1098 3948 hoc
1119 3883 1229 3948 statuit
1250 3903 1417 3968 umquam,
1444 3889 1501 3947 aut
1530 3884 1582 3948 cui
1604 3884 1736 3950 concedi

478 4104 504 4159 8.
522 4106 552 4159 st
568 4106 633 4170 cet]
653 4107 772 4159 Servavit
792 4107 861 4158 hanc
882 4105 906 4171 g.
927 4102 1006 4158 iulius
1027 4102 1178 4156 Rufinianus
1202 4102 1236 4157 de
1259 4106 1313 4170 Fig.
1331 4108 1399 4158 sent.
1425 4119 1449 4157 c.
1467 4107 1492 4159 8.
1509 4120 1537 4172 p.
1555 4107 1612 4158 804.
1630 4106 1733 4157 Ruhnk.

415 4179 559 4236 verissime
569 4181 705 4235 Kellerus:
725 4184 829 4235 «Hocce
846 4182 1022 4247 fragmentum
1034 4182 1062 4231 et
1072 4177 1128 4242 illa,
1147 4192 1243 4244 quaec
1256 4179 1315 4231 lolio
1326 4181 1392 4232 vni.
1410 4182 1564 4233 Taurinensi
1575 4180 1736 4232 antecedunt

416 4262 544 4322 masma,
559 4272 592 4311 ea
604 4272 658 4311 non
670 4261 814 4325 potuerunt
828 4259 854 4309 in
868 4259 969 4322 integra
980 4255 1099 4307 oratione
1110 4267 1206 4319 magno
1222 4253 1357 4307 intervallo
1373 4257 1443 4307 inter
1454 4269 1484 4308 se
1496 4256 1620 4308 distare„
1631 4284 1657 4293 -
1671 4255 1735 4322 quar]

416 4335 458 4397 cal
468 4348 531 4387 cum
542 4333 696 4387 Ruhnkenio
708 4334 762 4384 044.
782 4333 820 4384 ct.
833 4347 859 4398 p.
873 4333 929 4384 400.
942 4344 968 4382 v.
980 4331 1021 4381 26.
1038 4357 1065 4368 -
1082 4330 1107 4380 i.
1119 4330 1429 4396 csmmsoctssalpsrotm
1438 4332 1533 4396 soctan
1543 4332 1597 4382 ΒΟ.
1616 4331 1737 4384 4444000-

415 4409 672 4476 tionemosmsssrt
680 4407 797 4460 liederus
807 4408 909 4460 conteri
915 4406 984 4459 Lael.
993 4406 1111 4468 48,65.-
1120 4412 1190 4468 essct,
1202 4412 1286 4456 comeo
1295 4406 1626 4471 tn1ssssrsorrooosrrros
1640 4410 1645 4466 ι
1658 4420 1737 4458 rus·

414 4485 499 4548 sari,
512 4483 715 4536 commmoda
725 4496 815 4534 sarcos.
835 4483 925 4533 Tonas
936 4482 962 4530 lo
973 4484 1001 4543 P,
1013 4487 1082 4532 essa.
1102 4480 1160 4546 [aco
1176 4483 1249 4532 modo
1259 4495 1350 4532 seruos
1369 4482 1468 4547 lorica]
1480 4483 1569 4542 ono,
1588 4487 1657 4543 essct,
1677 4480 1736 4546 [sos

414 4559 487 4611 modo
502 4558 595 4624 m]
612 4559 731 4610 toenmio
742 4560 807 4620 HK,
826 4571 894 4623 quos
911 4559 1018 4609 secutus
1034 4570 1101 4613 sum
1113 4556 1206 4608 deletis
1222 4570 1291 4622 quae
1307 4556 1343 4608 illi
1353 4556 1526 4609 secluserunt.
1552 4557 1735 4609 certissimum

416 4635 488 4687 cnlm
504 4637 554 4696 est,
572 4633 655 4686 verba
671 4648 721 4685 ooo
736 4636 809 4685 modo
825 4646 908 4684 socos
925 4646 940 4683 e
957 4633 1079 4697 sequenti
1089 4646 1170 4684 versu
1187 4634 1240 4684 huc
1255 4633 1408 4696 irrepsisse,
1428 4645 1490 4683 cum
1500 4631 1592 4683 000100
1609 4631 1734 4683 librariia

414 4710 503 4774 priore
525 4708 610 4760 verbo
630 4721 708 4761 nssnr
728 4710 762 4760 ad
785 4710 916 4775 posterius
937 4706 1097 4758 aberrasset.
1124 4707 1162 4759 Ci.
1180 4707 1214 4757 ad
1232 4708 1256 4772 5,
1274 4707 1315 4758 30.
1344 4709 1506 4758 sententiam
1526 4708 1560 4759 de
1582 4708 1734 4759 coniectura

414 4783 487 4836 hand
503 4785 568 4837 sads
585 4786 714 4837 concinne
731 4786 767 4838 ita
783 4783 915 4851 supplevit
930 4782 1097 4834 Huschkius:
1123 4783 1152 4833 si
1167 4784 1259 4848 404404,
1280 4784 1309 4834 L.
1324 4783 1420 4846 Quinti,
1443 4783 1480 4832 ito
1496 4796 1604 4846 000000,
1627 4781 1734 4832 sittim

413 4860 496 4923 400000
519 4860 613 4923 locvm
639 4861 667 4912 io
689 4875 737 4924 qao
759 4861 859 4925 tamdia
875 4865 920 4910 tao
934 4860 970 4910 44.
990 4858 1052 4908 licui
1067 4870 1150 4909 samos
1165 4859 1267 4918 occidit,
1293 4863 1364 4908 tussa
1378 4859 1452 4922 4404000
1465 4871 1553 4908 ceram
1569 4872 1586 4908 a
1602 4863 1625 4908 ts
1639 4857 1734 4919 soctssa

415 4941 474 4987 snat
490 4934 523 5001 (si
537 4937 565 4987 ld
580 4941 664 4988 tunm
678 4951 766 4990 cerasa
780 4939 875 5003 tactam
892 4936 970 4998 asoti,
989 4939 1072 4985 400000
1087 4935 1115 4984 io
1131 4947 1159 4985 eo
1174 4934 1227 4996 ipso
1243 4934 1296 4984 loco
1312 4935 1363 4984 cet.
1379 4960 1406 4970 -
1424 4934 1450 4985 8.
1469 4934 1532 4983 naci
1547 4931 1731 4984 wilini.-

415 5011 456 5061 io.
474 5022 521 5062 m
530 5012 562 5074 T,
576 5010 724 5074 psroiml’.
740 5039 767 5050 -
783 5013 824 5063 44.
837 5012 931 5061 deicere
941 5010 1033 5072 inpone
1044 5010 1159 5059 TPBH.
1174 5035 1202 5044 -
1222 5009 1261 5059 ⁴2.
1269 5009 1388 5071 potuisse.
1404 5009 1535 5073 lipoBO:
1552 5016 1735 5057 ronrsssrsco

415 5086 448 5149 T,
462 5087 591 5150 potuissst.
610 5088 664 5152 Epo
675 5089 703 5149 P,
717 5088 833 5150 potuisse.
852 5088 884 5139 Et
895 5085 1012 5150 0004414.
1032 5083 1070 5135 Cl.
1084 5082 1118 5133 ad
1130 5084 1155 5148 5.
1171 5085 1211 5134 ii.
1226 5111 1253 5121 -
1273 5083 1313 5135 48.
1326 5084 1453 5149 ,44--044
1469 5081 1600 5134 Ad-·od
1616 5079 1731 5130 TPBH.

416 5185 445 5197 -
463 5161 504 5212 20.
524 5160 587 5212 liciti
603 5161 749 5213 TPBHK.
764 5189 791 5199 -
809 5162 851 5213 2⁴.
869 5161 965 5211 metesa
978 5158 1039 5223 pets]
1058 5157 1098 5208 Cl.
1109 5159 1210 5207 Seneca
1227 5156 1261 5208 de
1279 5160 1363 5209 const.
1376 5170 1433 5222 sap.
1447 5156 1528 5235 “2⁸
1547 5156 1588 5206 88.
1606 5155 1734 5205 cotidiana

414 5243 558 5296 aenan
578 5267 606 5282 -
630 5245 669 5297 34.
688 5257 920 5298 maurosum
935 5244 964 5295 n.
983 5269 1011 5278 -
1029 5241 1071 5295 ss.
1087 5252 1202 5296 sareon
1217 5242 1246 5294 τ.
1271 5269 1300 5280 -
1317 5243 1358 5296 aa.
1373 5225 1512 5295 recasmr'
1526 5240 1555 5293 n.
1575 5266 1602 5277 -
1624 5237 1665 5292 ai.
1687 5237 1733 5292 o-

410 5331 556 5387 mnm
570 5320 688 5377 ΤΡΒΗ.
707 5346 736 5361 -
752 5332 943 5383 munnam
958 5318 987 5370 Τ.
