4367 6109
374 512 378 519 ’
465 564 507 632 oo
747 566 899 634 omno
916 565 1109 635 raosrx.
1129 565 1276 634 aosuo
1296 565 1479 634 amano

393 740 398 744 ’
461 740 525 804 hoc
544 741 658 806 mirum
679 745 743 814 est,
765 738 851 824 quod
873 739 921 803 vis
943 738 1051 804 divina
1071 740 1198 823 assequi
1220 759 1285 803 non
1306 739 1422 823 possit,
1445 737 1473 801 si
1487 736 1522 799 id
1535 753 1624 800 mens
1637 732 1776 801 hnmana

462 835 577 919 adepta
605 855 669 899 non
696 834 746 897 sit.
791 827 863 896 ⁴32.
895 834 1027 908 Verum,
1060 841 1097 897 ut
1121 833 1200 896 haec
1224 834 1321 897 missa
1341 832 1471 905 faciam,
1504 848 1587 915 quae
1609 829 1673 893 iam
1693 827 1776 893 faeta

461 940 551 1004 sunt,
574 929 689 1003 exiis,
712 947 794 1012 quae
815 947 899 990 nunc
921 948 993 990 cum
1015 928 1150 992 maxime
1170 924 1266 1003 fiunt,
1288 946 1392 989 nonne
1408 925 1512 1010 qrrivis
1533 930 1639 1009 potest
1659 921 1775 986 intelli·

461 1042 534 1105 gere
556 1023 695 1086 omnium
716 1021 921 1089 architectum
936 1031 967 1086 et
987 1022 1233 1086 machinatorem
1248 1040 1346 1083 unum
1361 1040 1431 1084 esse
1447 1018 1697 1103 Chrysogonum,
1719 1016 1774 1100 qui

436 1116 532 1179 δῦθι.
560 1116 666 1178 Roscii
691 1134 808 1178 nomen
837 1114 1042 1179 deferendum
1071 1116 1210 1189 curavit,
1242 1111 1315 1198 [hoc
1342 1108 1507 1196 iudicium]
1530 1113 1621 1177 cuius
1641 1111 1773 1176 honoris

459 1227 553 1275 cansa
572 1228 721 1274 accusare
742 1230 777 1274 se
799 1208 881 1274 dixit
900 1209 1057 1273 Erucius?
1081 1206 1185 1243 *ἢ*

906 1349 908 1352 -
939 1315 1051 1377 neena
1071 1331 1133 1376 noa
1147 1331 1259 1394 pauco.

542 1415 635 1482 *¹⁵in
656 1417 727 1482 vico
748 1417 906 1482 Pallacine
929 1414 977 1452 Η
999 1417 1137 1480 maxime
1158 1417 1268 1479 metuit
1283 1413 1330 1450 *³*
1346 1417 1379 1479 in
1394 1416 1601 1483 Veientanam
1615 1412 1664 1452 *³*
1678 1433 1772 1481 manu

454 1512 584 1597 praedia
605 1512 743 1598 praediis
765 1508 812 1548 Η
834 1511 887 1575 hic
909 1531 967 1594 ego
990 1510 1102 1574 audire
1122 1510 1201 1575 istos
1223 1510 1318 1593 cupio
1342 1509 1390 1545 *³*

417 1655 446 1704 sa
538 1644 647 1708 XLVI.
680 1642 846 1728 *rapam
876 1651 908 1706 et
936 1643 1059 1706 ratione
1082 1642 1270 1726 dispositam
1291 1661 1326 1704 se
1347 1641 1465 1706 hahere
1487 1641 1684 1718 existimant,
1717 1643 1772 1727 qui

453 1738 488 1802 in
510 1738 681 1802 Salentinis
710 1745 765 1801 aut
790 1739 825 1801 in
846 1737 963 1801 Brutiis
984 1736 1118 1813 hahent,
1145 1736 1231 1799 unde
1252 1733 1307 1798 vix
1328 1743 1377 1799 ter
1397 1736 1431 1798 in
1452 1756 1537 1800 anno
1558 1737 1669 1801 audire
1691 1757 1773 1801 nun·

453 1835 533 1898 tium
554 1837 697 1916 possunt.
733 1827 806 1895 433.
827 1831 917 1895 Alter
937 1831 995 1894 tihi
1010 1831 1174 1894 descendit
1188 1831 1227 1893 de
1243 1829 1362 1914 palatio
1377 1836 1411 1893 et
1423 1830 1555 1895 aedibus
1570 1832 1655 1910 suis,
1676 1831 1773 1898 hahet

453 1927 551 1992 animi
572 1945 668 1991 causa
688 1946 742 1989 rus
763 1945 932 1989 amoenum
955 1932 987 1988 et
1008 1924 1239 1998 suburbanum,
1259 1923 1353 2007 plura
1372 1931 1537 2006 praeterea
1550 1925 1695 2009 praedia,
1715 1944 1772 1990 nc·

453 2040 515 2106 quc
538 2029 643 2084 amen
670 2019 772 2082 ullum
800 2019 862 2082 nisi
883 2013 1081 2103 praeclarum
1103 2025 1135 2081 et
1155 2017 1387 2100 propinquum;
1417 2017 1529 2082 domus
1550 2019 1667 2085 referta
1687 2019 1770 2083 vasis

415 2123 444 2174 rt
454 2114 625 2179 Corinthiis
654 2121 686 2177 et
712 2113 867 2189 Deliacis,
896 2114 930 2176 in
954 2114 1070 2197 quibus
1092 2120 1141 2176 est
1162 2110 1318 2194 authepsa
1338 2110 1408 2187 illa,
1438 2132 1535 2196 quam
1556 2121 1644 2178 tanto
1666 2114 1769 2198 pretio

451 2228 556 2291 nuper
576 2213 732 2271 mercatus
755 2213 818 2282 est,
839 2207 946 2290 utqui
967 2213 1224 2290 praetereuntes,
1247 2205 1324 2289 quid
1345 2225 1461 2289 praeco
1477 2215 1694 2283 enumeraret,
1714 2228 1771 2271 au·

451 2301 596 2376 diehant,
623 2300 758 2364 fundum
785 2300 894 2364 venire
924 2301 1161 2364 arbitrarentur.
1205 2299 1290 2374 Quid
1312 2307 1476 2382 praeterea
1497 2300 1609 2364 caelati
1631 2300 1770 2385 argenti,

452 2396 530 2479 quid
550 2395 707 2478 stragulae
729 2394 843 2469 vestis,
874 2394 952 2479 quid
974 2395 1129 2478 pictarum
1151 2393 1346 2468 tabularum,
1375 2393 1454 2477 quid
1483 2393 1664 2477 signorum,
1693 2394 1772 2480 quid

450 2490 615 2552 marmoris
642 2489 728 2572 apud
756 2489 846 2551 illum
867 2488 986 2572 putatis
1009 2491 1104 2551 esset
1136 2495 1259 2551 tantum
1281 2486 1418 2562 scilicet,
1448 2495 1601 2572 quantum
1623 2510 1642 2553 e
1662 2489 1771 2552 multis

412 2584 689 2668 resplendidisque
710 2583 838 2647 familiis
860 2584 894 2646 in
916 2583 1008 2646 turba
1029 2590 1061 2645 et
1081 2581 1201 2666 rapinis
1221 2579 1400 2644 coacervari
1417 2600 1483 2645 una
1497 2580 1531 2644 in
1546 2577 1640 2645 domo
1656 2582 1771 2667 potnit.

451 2672 523 2740 lat.
544 2677 707 2740 Familiam
729 2697 803 2741 vero
827 2684 977 2762 quantam
999 2683 1030 2739 et
1052 2696 1148 2760 quam
1169 2675 1264 2740 variis
1286 2695 1358 2738 cum
1379 2672 1520 2739 artificiis
1537 2675 1671 2751 haben,
1693 2674 1772 2761 quid

451 2790 509 2853 ego
532 2771 659 2834 dicam?
692 2771 783 2834 Mitto
811 2772 907 2835 hasce
936 2777 1019 2833 artes
1041 2769 1202 2853 vulgares,
1231 2789 1371 2853 coquos,
1398 2770 1552 2853 pistores,
1573 2767 1771 2833 lecticarios:

450 2865 547 2927 animi
575 2873 607 2928 et
633 2864 758 2929 aurium
787 2884 883 2928 causa
903 2871 951 2927 tot
971 2864 1117 2927 homines
1139 2863 1250 2938 hahet,
1272 2871 1308 2926 ut
1329 2863 1516 2947 quotidiano
1539 2872 1635 2928 cantu
1656 2883 1771 2929 vocum

451 2966 483 3021 et
502 2977 673 3021 nervorum
701 2967 733 3022 et
760 2958 908 3040 tibiarum
928 2958 1157 3041 nocturnisque
1179 2957 1332 3022 conviviis
1354 2966 1420 3021 tota
1442 2957 1588 3022 vicinitas
1610 2965 1770 3044 personet.

412 3053 487 3115 toln
513 3054 574 3117 hac
601 3052 681 3128 vita,
713 3053 847 3128 iudices,
878 3073 959 3136 quos
988 3059 1132 3136 sumptus
1154 3051 1374 3135 quotidianos,
1408 3070 1487 3134 quas
1509 3051 1680 3117 effusiones
1701 3049 1770 3116 ficri

450 3147 594 3230 putatis?
624 3166 707 3231 quae
728 3167 804 3211 vero
829 3147 996 3211 convivial
1028 3148 1181 3222 honesta,
1214 3147 1326 3221 credo,
1361 3147 1394 3208 in
1416 3145 1573 3209 eiusmodi
1596 3147 1709 3223 domo,
1743 3144 1770 3209 si

514 3323 538 3374 t.
556 3322 658 3384 adsocia
675 3324 705 3373 d.
719 3349 747 3359 -
762 3325 884 3386 possead.
901 3350 928 3358 -
947 3323 970 3373 3.
990 3336 1023 3374 ee
1038 3323 1070 3373 its
1086 3334 1143 3373 ac:
1161 3336 1194 3373 ex
1209 3320 1317 3373 iisne.
1332 3348 1360 3357 —
1378 3321 1603 3385 carmardam,
1623 3322 1682 3374 Par.
1695 3321 1720 3374 l.
1733 3320 1770 3375 a:

449 3408 503 3446 om.
521 3410 578 3446 amn
594 3397 738 3459 hlovac,
756 3398 835 3450 codd.
853 3396 910 3449 rell.
924 3398 987 3448 noti.
1002 3424 1029 3434 -
1048 3399 1072 3448 5.
1090 3398 1190 3448 meavit
1206 3411 1259 3448 om.
1273 3398 1302 3447 G.
1317 3422 1346 3433 -
1364 3395 1409 3446 loc
1424 3395 1772 3450 ladleiamdelendamcscc

448 3472 515 3523 vidit
530 3471 615 3523 iladv.
634 3473 682 3535 Op.
700 3473 719 3522 1.
737 3485 764 3536 p.
785 3473 841 3523 439.
862 3474 910 3536 th:
929 3473 972 3533 eei
987 3472 1032 3522 loc
1049 3472 1169 3522 iudcium
1184 3472 1318 3537 menard.)
1339 3495 1367 3509 ··
1387 3473 1411 3522 6.
1428 3472 1537 3522 Emcias
1552 3485 1606 3525 om.
1624 3485 1657 3535 v;
1675 3473 1703 3524 in
1719 3474 1772 3538 Sep

448 3548 509 3611 post
524 3546 594 3597 hanc
609 3559 705 3597 vocem
722 3549 763 3598 est
779 3549 894 3612 spatium
910 3560 1025 3598 vacuum
1042 3545 1155 3610 amplius
1171 3547 1283 3610 paginae
1300 3548 1327 3596 ct
1348 3548 1374 3597 in
1391 3559 1474 3609 marg.
1494 3546 1589 3599 eadem
1605 3560 1688 3598 mann
1704 3547 1772 3598 scri-

449 3624 524 3686 ptum
541 3623 599 3672 cst:
618 3621 734 3682 «deiicit;
753 3623 909 3674 tantundem
926 3623 997 3673 enim
1015 3622 1042 3671 in
1058 3621 1118 3671 cod.
1137 3622 1319 3684 antiquissimo
1336 3620 1503 3672 deficiebat.»
1528 3623 1558 3672 ln
1570 3622 1676 3673 Guarini
1686 3620 1772 3672 Vero-

448 3695 539 3746 nensis
565 3696 727 3759 expositione
752 3697 779 3746 in
801 3710 839 3747 or.
863 3711 890 3762 p.
908 3699 985 3748 Rosc.
1003 3697 1062 3746 Am.
1084 3695 1153 3758 (cod.
1172 3696 1252 3746 Paris.
1270 3696 1368 3759 7832),
1395 3709 1477 3759 quem
1492 3694 1581 3748 locam
1598 3708 1707 3748 mecum
1722 3695 1769 3747 Th.

448 3771 639 3822 Mommsenius
656 3772 873 3832 communicavit,
892 3770 926 3821 de
942 3765 1035 3822 lacuna
1052 3771 1120 3821 haec
1136 3769 1273 3834 leguntur:
1301 3772 1419 3822 «lterum
1436 3784 1490 3821 non
1506 3785 1588 3836 parva
1605 3772 1692 3822 tantm
1708 3782 1771 3836 pars

449 3844 534 3897 deest.
570 3843 646 3904 Quod
662 3843 759 3894 lactum
777 3846 819 3895 est
834 3848 886 3896 situ
909 3848 936 3896 et
953 3842 1110 3909 exemplaris
1126 3847 1257 3896 vetustate
1275 3844 1422 3910 decrepita,
1444 3846 1518 3910 quod
1537 3847 1579 3897 vir
1601 3845 1771 3898 doctissimus

448 3919 559 3983 Poggius
580 3932 614 3969 ex
633 3916 711 3969 Gallis
730 3919 765 3969 sd
785 3932 834 3970 nos
857 3923 1050 3984 reportaverat,
1075 3921 1121 3983 qui
1141 3923 1168 3969 et
1192 3919 1270 3970 huius
1287 3920 1411 3971 orationis
1428 3922 1456 3970 et
1471 3918 1578 3972 alterius
1593 3933 1643 3985 pro
1659 3921 1770 3973 Murena

447 3998 569 4059 repertor
584 3994 635 4044 hac
652 3995 738 4045 aetate
755 3993 811 4045 luit.
841 3997 871 4048 Ut
887 3998 976 4046 autem
993 3997 1035 4045 Fr.
1052 3994 1185 4045 Barbarus
1202 3994 1291 4044 dicere
1304 4006 1336 4044 ac
1347 3992 1486 4059 deplorare
1498 3993 1578 4056 solet,
1596 3997 1770 4048 occaecatum

448 4068 516 4119 adeo
534 4068 691 4134 exemplaris
708 4069 842 4130 codicem,
865 4069 936 4120 unde
962 4070 1029 4119 haec
1047 4072 1152 4119 exarata
1169 4072 1211 4119 est
1227 4070 1323 4130 oratio,
1350 4067 1495 4120 Florentiae
1512 4068 1629 4133 viderat,
1652 4073 1682 4122 ut
1698 4068 1769 4123 nullo

447 4148 525 4210 pacto
542 4144 603 4195 inde
621 4143 760 4195 transcribi
776 4145 890 4196 verbum
910 4146 1051 4210 potuerit.»
1072 4172 1099 4181 -
1125 4144 1150 4195 8.
1168 4145 1196 4194 is
1210 4145 1266 4193 otro
1281 4169 1296 4180 -
1307 4170 1322 4180 -
1337 4143 1418 4207 cupio]
1443 4144 1492 4194 has
1517 4142 1642 4208 reliquias
1664 4143 1770 4196 abacis·

448 4229 492 4268 sas
509 4215 595 4268 schol.
613 4221 737 4270 servavit.
757 4246 784 4255 —
802 4221 889 4270 metuit
904 4220 1033 4270 Schuetz:
1053 4226 1121 4271 meta
1135 4224 1163 4269 ot
1179 4219 1240 4270 sch.
1261 4246 1288 4255 -
1307 4219 1347 4269 40.
1367 4219 1519 4268 exstimavit
1533 4229 1560 4268 v.
1577 4247 1604 4257 -
1623 4220 1665 4273 ll.
1682 4220 1770 4272 Salas·

446 4294 505 4366 {aas
525 4293 561 4344 lli
574 4305 632 4343 vc:
657 4295 799 4346 Sodeotim
814 4296 1007 4346 cucciano.
1029 4323 1057 4333 -
1081 4295 1120 4346 43.
1146 4295 1225 4344 animi
1244 4307 1322 4344 causo
1343 4294 1491 4344 llC‘lvc:
1517 4295 1664 4345 omrem
1685 4283 1771 4358 (013

446 4369 501 4431 cc);
520 4369 598 4418 animi
613 4369 749 4421 relaxandi
764 4384 843 4421 caasa
859 4369 902 4421 elii
918 4370 1007 4432 codd,
1026 4374 1056 4421 ut
1071 4369 1188 4430 videtur,
1207 4371 1260 4420 Oa.
1275 4396 1303 4405 -
1321 4382 1485 4431 amarumque
1501 4370 1535 4430 G,
1553 4370 1695 4420 macrim
1710 4383 1727 4422 ι
1743 4372 1771 4421 at

448 4444 518 4494 Crat.
537 4457 638 4509 margo.
658 4474 686 4485 -
708 4452 731 4498 et
747 4447 826 4510 pluro
842 4462 870 4506 χ.
891 4473 918 4481 -
942 4448 981 4496 ⁴5.
1000 4447 1122 4508 cotlcpsa
1137 4447 1196 4505 Gc,
1218 4445 1295 4495 sch:
1318 4450 1363 4495 aot
1378 4445 1460 4507 Hepso
1476 4457 1508 4504 a;
1533 4446 1653 4508 achsprc
1663 4445 1707 4507 113
1725 4449 1770 4496 cat

446 4530 472 4567 v.
492 4545 519 4553 -
539 4518 579 4568 46.
597 4524 626 4569 ut
646 4521 690 4582 aar·
707 4526 904 4584 accuranter,
928 4522 988 4582 quid
1007 4534 1100 4583 praeco
1124 4525 1280 4570 memoraret
1300 4521 1459 4571 Steinmetz:
1480 4525 1509 4569 at
1524 4520 1568 4581 qui
1582 4524 1770 4582 procurantes

446 4593 506 4655 qaid
518 4606 612 4656 praeco
628 4608 702 4646 eram
717 4611 850 4648 amore
865 4599 923 4647 Per.
944 4597 967 4647 l.
985 4595 1010 4646 l.
1029 4597 1065 4646 st.
1080 4596 1147 4645 Vict.
1166 4594 1225 4658 (sed
1241 4595 1284 4645 hic
1297 4595 1490 4659 promereor&
1508 4599 1536 4644 at
1553 4607 1577 4656 q.
1594 4608 1636 4656 pr.
1655 4594 1700 4658 pat
1711 4608 1770 4659 prs·

444 4681 535 4717 emam
551 4682 685 4720 emerere
702 4672 736 4730 G;
754 4677 782 4720 ot
798 4672 841 4733 qui
854 4685 895 4732 pr.
915 4672 975 4731 quid
989 4672 1115 4733 praedam
1132 4669 1181 4733 (vel
1194 4670 1314 4734 pretiosa)
1329 4682 1478 4721 stramem
1494 4667 1544 4733 (vel
1559 4669 1641 4735 amn.)
1657 4671 1730 4722 Patr.
1742 4671 1768 4722 7.

445 4740 470 4792 8.
483 4741 524 4802 9.;
541 4747 570 4792 ut
586 4744 630 4803 qai
641 4749 826 4806 procursantes
837 4746 964 4806 praetium
979 4759 1126 4797 mansore
1141 4747 1203 4805 llc;
1222 4751 1250 4795 ut
1265 4749 1309 4806 qus
1321 4759 1364 4808 pr.
1379 4746 1489 4808 pretim
1504 4758 1639 4796 swam
1653 4758 1694 4797 va
1711 4743 1771 4812 (aad

444 4827 480 4865 v:
506 4816 608 4878 aliquod
619 4817 756 4880 premam);
782 4823 811 4868 ut
826 4819 929 4880 quidam
941 4825 1023 4881 praet.
1037 4823 1080 4882 qai
1090 4821 1234 4883 &maimo
1245 4821 1388 4871 ermari
1399 4817 1452 4871 Pal.
1466 4820 1507 4879 l.;
1524 4823 1554 4869 at
1564 4819 1608 4883 qai
1615 4825 1699 4883 pres.
1710 4833 1771 4885 prs-

444 4891 507 4941 tr'um
519 4893 662 4943 mammeri
673 4891 735 4951 L0;
753 4895 781 4940 ut
797 4894 841 4953 qai
853 4898 936 4954 praet
953 4896 1115 4955 praemisera
1131 4894 1266 4946 amabant
1282 4896 1350 4946 coni.
1369 4897 1428 4944 Gar.
1448 4894 1479 4958 (2)
1497 4893 1555 4946 coll.
1573 4908 1601 4960 p.
1620 4895 1724 4957 Quinct.
1743 4909 1768 4948 c.

444 4967 484 5016 lt.
499 4968 526 5017 et
541 4980 568 5032 p.
581 4966 645 5019 liab.
664 4968 727 5016 Post
743 4979 767 5016 c.
781 4968 838 5027 ll.;
855 4972 884 5017 at
900 4969 1001 5030 waiam
1014 4975 1107 5031 mad,
1126 4972 1206 5033 quiid
1218 4971 1328 5033 meam
1338 4969 1482 5021 manuari
1492 4970 1535 5021 0r.
1549 4970 1581 5034 (i)
1594 4969 1770 5023 cumBuech-

443 5053 518 5091 nero.
539 5069 567 5078 -
586 5042 626 5092 49.
643 5043 840 5092 mormoncad.
852 5067 880 5079 -
899 5043 940 5092 20.
958 5057 1121 5096 coarcauore
1137 5047 1166 5095 G.
1180 5072 1209 5082 -
1226 5059 1279 5096 ono
1294 5046 1321 5096 io
1337 5046 1417 5110 mmo]
1434 5058 1513 5096 onom
1528 5058 1600 5095 aeuo
1616 5046 1651 5108 (i,
1668 5044 1729 5097 Par.
1741 5044 1767 5097 l.

444 5114 650 5180 (redducam),
668 5130 721 5166 aaa
735 5118 762 5167 oi
776 5131 848 5169 serso
864 5130 919 5179 xv.
935 5146 962 5155 -
980 5120 1020 5170 2⁴.
1034 5120 1197 5185 mtiflchlli.
1212 5145 1241 5156 -
1258 5119 1406 5182 iacebam
1423 5120 1495 5171 ludu
1508 5120 1545 5171 lli
1558 5132 1584 5169 v.
1598 5144 1627 5155 -
1644 5118 1686 5170 22.
1704 5119 1769 5171 oetls

442 5188 825 5319 ῗῃῦενὲδοῶὦεῖιοκέαοε
843 5206 914 5245 cocos
930 5194 1079 5257 ducsv,
1096 5196 1172 5246 recta
1187 5196 1326 5262 scriptura.
1341 5223 1369 5233 -
1385 5196 1490 5260 plueret
1505 5194 1661 5260 czpictorsr
1676 5194 1768 5262 (issep

487 5287 542 5313 .-
594 5299 600 5316 .
773 5278 800 5320 v.
