4367 6109
668 532 738 599 ιιι.
760 533 813 599 Ν.
845 532 921 599 Gar.
943 532 1195 597 LXII-LXIV.
1221 531 1278 618 53.
1301 527 1497 600 l38-ll3.
1676 537 1739 604 375

417 703 560 768 conditas
591 703 765 777 babebaut,
791 702 974 788 proferunt:
1006 703 1039 767 iu
1069 703 1183 788 quibus
1212 705 1385 768 ostendunt
1411 709 1533 782 omnia,
1567 728 1649 791 qnae
1671 710 1739 774 dixi

414 797 520 862 ablata
542 816 628 871 esse,
650 798 823 881 perscripta
845 804 877 859 et
897 797 987 881 plura
1001 798 1111 873 etiam,
1133 818 1228 881 quam
1243 817 1301 880 ego
1319 799 1409 881 potui
1424 800 1546 865 dicere:
1567 805 1739 888 perscripta

415 898 518 955 autem
539 889 602 955 boc
623 889 735 965 modo,
757 910 840 964 oron
861 910 904 953 nx
925 910 1009 954 suns
1031 893 1199 954 blmsnvsn
1223 911 1285 955 noc
1307 910 1349 955 sr
1371 913 1466 957 rnnvn
1480 913 1633 969 ssssssr,
1655 915 1739 969 oron

413 1004 458 1048 nr
477 1003 562 1047 sens
583 984 677 1058 lovis,
699 1004 782 1058 oron
803 1003 847 1047 nx
868 1003 951 1047 suns
973 985 1096 1047 Lrssm.
1127 984 1166 1046 Ut
1188 985 1324 1068 quisque
1346 985 1385 1048 iis
1400 987 1493 1050 rebus
1508 988 1636 1052 tuendis
1651 985 1739 1073 [con-

414 1073 652 1162 servandisque]
676 1078 873 1160 praefuerat,
895 1078 939 1142 ita
959 1079 1167 1162 perscriptum
1189 1085 1271 1153 erat,
1295 1099 1366 1142 cum
1380 1082 1534 1144 rationem
1548 1102 1566 1144 e
1582 1081 1652 1165 lege
1667 1083 1765 1147 red-n

415 1172 527 1235 derent
554 1178 587 1234 et
616 1192 698 1256 quae
720 1179 907 1256 acceperant
928 1171 1050 1234 tradere
1074 1171 1242 1247 deberent,
1269 1172 1387 1255 petisse
1409 1180 1446 1236 ut
1467 1175 1544 1251 sibi,
1574 1176 1660 1259 quod
1683 1197 1739 1242 eae

414 1286 464 1329 res
493 1264 658 1340 abessent,
688 1267 918 1349 ignosceretur:
950 1265 1060 1348 itaque
1087 1285 1198 1328 omnes
1227 1265 1375 1328 liberatos
1404 1267 1587 1333 discessisse
1615 1277 1647 1332 et
1668 1290 1739 1335 esse

414 1360 556 1443 ignotum
578 1359 743 1424 omnibus:
765 1380 844 1444 quas
867 1379 925 1443 ego
946 1359 1068 1421 litteras
1090 1358 1305 1441 obsignandas
1323 1359 1450 1441 publico
1465 1362 1556 1444 signo
1572 1363 1740 1447 deportan-

414 1454 534 1536 dasque
563 1453 680 1516 curavi.
724 1449 795 1516 lit.
824 1455 872 1516 De
902 1452 1081 1516 laudatione
1109 1460 1214 1515 autem
1241 1453 1322 1533 ratio
1352 1453 1399 1516 sic
1427 1454 1504 1518 mibi
1529 1456 1653 1522 reddita
1673 1466 1738 1524 est:

411 1547 549 1632 primurn
571 1567 684 1612 cuma
707 1548 740 1611 C.
762 1548 859 1610 Verre
882 1546 1005 1610 litterae
1025 1546 1189 1629 aliquanto
1212 1554 1286 1609 ante
1307 1547 1478 1612 adventum
1491 1569 1597 1614 meum
1613 1553 1653 1616 de
1672 1553 1776 1619 lau-to

415 1642 540 1705 datione
570 1641 745 1716 venissent,
774 1641 853 1704 nihil
882 1660 953 1704 esse
975 1641 1152 1704 decretum:
1182 1640 1313 1715 deinde,
1344 1661 1416 1705 cum
1438 1643 1568 1727 quidam
1591 1663 1632 1708 ex
1653 1646 1739 1711 illins

414 1735 522 1802 amicis
544 1743 781 1799 commonerent
803 1743 949 1819 oportere
972 1734 1119 1808 decerni,
1141 1735 1279 1798 maximo
1301 1735 1438 1799 clamore
1461 1756 1531 1800 esse
1548 1744 1581 1800 et
1595 1740 1739 1803 convicio

414 1828 613 1914 repudiatos:
642 1838 848 1914 posteaquam
871 1849 960 1892 meus
981 1828 1135 1892 adventus
1157 1829 1440 1913 appropinquaret,
1462 1830 1634 1914 imperasse
1656 1851 1739 1906 enm,

416 1922 472 2006 qni
494 1942 647 1985 summam
668 1930 855 2006 potestatem
876 1922 1023 1997 baberet,
1045 1929 1081 1984 ut
1103 1923 1325 1986 decernerent:
1348 1923 1508 1988 decretum
1530 1927 1573 1988 'rta
1595 1944 1683 1999 esse,
1705 1932 1739 1988 ut

415 2015 515 2080 multo
536 2015 607 2099 plus
628 2016 675 2079 illi
696 2016 836 2080 laudatio
859 2016 932 2080 mali
957 2037 1050 2100 quam
1072 2016 1148 2080 boni
1170 2023 1278 2098 posset
1292 2016 1415 2079 afferre.
1436 2017 1472 2080 ld
1487 2016 1584 2094 adeo,
1606 2018 1776 2093 iudicasse
1809 2038 1813 2046 ·

415 2117 449 2173 ut
469 2109 547 2174 mibi
569 2109 608 2173 ab
631 2109 695 2173 illis
717 2111 966 2174 demonstratum
989 2116 1051 2186 est,
1073 2110 1117 2173 sio
1139 2129 1194 2173 vos
1217 2128 1257 2171 ex
1278 2129 1328 2172 me
1351 2111 1542 2193 cognoscite.

499 2204 610 2267 Lx1v.
633 2199 704 2267 lli.
726 2206 796 2268 ldos
820 2212 868 2267 est
889 2205 1069 2289 Syracusis,
1097 2211 1147 2279 ut,
1177 2204 1204 2266 si
1228 2203 1352 2287 quade
1374 2203 1469 2268 read
1491 2211 1635 2270 senatum
1657 2203 1739 2269 reie-

415 2307 515 2374 ratur,
538 2298 621 2362 dicat
641 2300 846 2374 sententiam,
869 2299 925 2382 qui
946 2297 1031 2361 velit.
1073 2298 1265 2361 Nominatim
1287 2316 1381 2360 nemo
1402 2305 1548 2381 rogatur:
1570 2306 1603 2362 et
1624 2306 1739 2374 tamem

416 2402 452 2459 ut
474 2392 610 2478 quisque
632 2400 736 2456 aetate
758 2400 790 2456 et
810 2392 931 2455 bonore
945 2391 1118 2465 antecedit,
1141 2392 1185 2454 ita
1199 2391 1318 2475 primus
1334 2390 1414 2454 solet
1427 2412 1484 2455 sua
1498 2401 1609 2476 sponte
1623 2393 1739 2468 dicere,

415 2489 522 2572 itaque
544 2506 564 2551 a
585 2486 697 2550 ceteris
720 2486 750 2550 ei
773 2485 972 2562 conceditur;
1000 2487 1050 2549 siu
1072 2485 1243 2569 aliquando
1266 2490 1370 2547 tacent
1392 2505 1518 2559 omnes,
1540 2496 1605 2551 tum
1627 2487 1777 2568 sortitosp

416 2587 573 2663 coguntur
594 2579 708 2643 dicere.
753 2581 830 2643 Cum
851 2579 903 2642 bic
925 2600 993 2643 mos
1016 2586 1114 2654 esset,
1136 2579 1270 2641 refertur
1290 2579 1330 2641 ad
1348 2586 1490 2643 senatum
1506 2580 1545 2644 de
1561 2580 1740 2644 laudatione

417 2674 533 2739 Verris.
579 2673 613 2735 ln
638 2693 701 2757 quo
724 2675 872 2758 primum,
900 2681 934 2737 nt
955 2673 1074 2757 aliquid
1097 2681 1181 2735 esset
1203 2692 1325 2747 morae,
1347 2672 1438 2735 multi
1459 2673 1674 2758 interpellant:
1700 2672 1739 2737 de

416 2771 490 2834 Sex.
524 2765 706 2842 Peducaeo,
740 2768 793 2851 qui
825 2767 865 2829 de
898 2767 953 2830 illa
981 2768 1105 2830 civitate
1134 2773 1262 2850 totaque
1284 2766 1446 2849 provincia
1468 2767 1586 2850 optime
1609 2769 1739 2832 meritus

416 2870 517 2936 esset,
546 2881 616 2924 sese
645 2868 752 2936 antea,
779 2882 851 2923 cum
877 2859 1040 2924 audissent
1069 2861 1098 2923 ei
1128 2861 1286 2942 negotium
1308 2858 1488 2924 facessitnm
1510 2879 1646 2947 cumque
1668 2881 1739 2925 eum

416 2954 541 3043 publice
563 2975 622 3037 pro
644 2955 786 3040 plurimis
801 2957 869 3020 eius
884 2962 917 3018 et
931 2957 1076 3020 maximis
1092 2956 1210 3020 meritis
1226 2953 1353 3018 laudare
1369 2962 1537 3040 cuperent,
1559 2975 1578 3020 a
1593 2954 1626 3018 C.
1641 2956 1739 3019 Verre
1749 2976 1778 3027 ss

415 3050 594 3136 prohibitos
617 3068 706 3113 esse:
728 3049 873 3133 iniquum
895 3071 982 3125 esse,
1003 3051 1127 3114 tametsi
1148 3049 1330 3112 Peducaeus
1353 3068 1460 3112 eorum
1475 3048 1657 3114 laudatione
1675 3049 1738 3113 iam

415 3166 480 3209 non
502 3150 659 3218 uteretur,
680 3150 785 3207 tamen
808 3164 871 3207 non
894 3145 926 3208 id
948 3145 1036 3229 prius
1059 3145 1242 3216 decernere,
1265 3142 1350 3227 qnod
1372 3142 1542 3227 aliquando
1556 3143 1740 3219 volnissent,

417 3260 512 3324 quam
542 3238 629 3322 quod
658 3245 725 3301 tum
753 3247 946 3321 cogerentur.
992 3234 1063 3301 lle.
1093 3238 1298 3302 Conclamant
1318 3257 1428 3300 omnes
1449 3243 1481 3301 et
1502 3236 1677 3322 appmbant
1697 3237 1741 3301 ita

416 3332 485 3396 fieri
508 3339 663 3415 oportere.
706 3330 853 3395 Refertur
874 3331 913 3395 de
935 3333 1113 3396 Peducaeo.
1152 3330 1192 3395 Ut
1213 3330 1347 3415 quisque
1369 3337 1470 3395 aetate
1493 3330 1663 3394 ethonore
1685 3351 1741 3395 an·

417 3426 599 3500 tecedebat,
620 3426 664 3488 ita
685 3427 873 3490 senteutiam
896 3427 977 3490 dixit
998 3447 1039 3490 ex
1061 3426 1182 3489 ordine.
1212 3425 1246 3486 ld
1268 3424 1348 3488 adeo
1369 3444 1410 3488 ex
1432 3425 1501 3509 ipso
1522 3432 1650 3489 senatus
1664 3443 1777 3497 con-so

417 3521 499 3585 sulto
514 3520 712 3603 cognoscite:
734 3541 806 3584 nam
821 3521 999 3604 principum
1013 3521 1187 3584 sententiae
1201 3518 1352 3604 perscribi
1367 3518 1479 3582 solent.
1502 3519 1618 3582 Recita.
1649 3517 1740 3595 Qvon

482 3734 506 3787 i.
524 3735 556 3786 its
572 3735 610 3785 li:
629 3735 664 3784 ets
680 3735 708 3784 0.
730 3759 756 3770 -
775 3735 871 3784 tamdia
887 3734 938 3794 Gt,
956 3732 986 3785 t:
1004 3735 1148 3795 tamdisque
1163 3735 1198 3792 ii:
1225 3733 1320 3782 tamdia
1335 3733 1558 3795 monendisque
1574 3731 1653 3784 codd.
1671 3731 1739 3795 rell..

417 3811 446 3862 0.
475 3808 561 3861 Habet
577 3808 644 3876 baec
661 3806 738 3858 lectio
756 3806 871 3870 aliquam
889 3808 1070 3860 defensionem
1088 3822 1121 3858 er
1138 3822 1200 3870 qao,
1218 3807 1290 3872 quod
1305 3809 1330 3858 in
1342 3808 1362 3858 lt
1374 3809 1501 3858 remansit
1511 3808 1646 3873 priorique
1657 3806 1740 3858 verbo

417 3897 509 3937 errore
527 3882 625 3934 librarii
643 3882 776 3934 adlectum
793 3882 876 3932 videri
894 3886 989 3948 potest.
1016 3885 1162 3947 iunguntur
1178 3883 1245 3933 baec
1260 3881 1344 3933 verba
1361 3881 1422 3932 aiibi
1439 3895 1560 3946 quoque,
1578 3885 1609 3932 ut
1624 3881 1658 3932 de
1675 3882 1740 3947 imp.

418 3961 467 4012 Cn.
485 3962 576 4024 Pomp.
604 3959 629 4023 5.
648 3959 688 4009 tt.
724 3959 816 4008 fraudi
839 3962 927 4009 autem
948 3958 1061 4010 verbum
1085 3961 1111 4010 in
1133 3959 1183 4009 hac
1205 3971 1234 4010 re
1257 3958 1393 4023 proprium
1417 3961 1467 4009 est.
1494 3957 1532 4009 Cf.
1551 3959 1569 4008 1.
1588 3956 1612 4021 5.
1632 3956 1688 4009 430.
1706 3956 1741 4008 dc

417 4037 497 4100 legg.
517 4035 558 4084 lll.
578 4033 602 4098 ὅ.
621 4036 646 4085 7.
665 4032 713 4098 [Cf.
733 4033 768 4083 ad
784 4033 826 4084 lV.
845 4033 869 4098 5.
888 4032 940 4097 td]
960 4061 986 4070 —
1006 4035 1030 4085 ὃ,
1049 4034 1231 4097 elegendi:
1250 4033 1302 4096 laps
1318 4033 1369 4094 Gt,
1387 4032 1451 4092 bd:
1469 4045 1503 4082 eo.-
1518 4033 1570 4097 tago
1586 4030 1642 4084 rell.
1661 4033 1690 4084 0.
1710 4056 1739 4071 -

417 4110 531 4160 redderet
547 4107 612 4159 dett.
626 4110 655 4159 0.
670 4135 697 4144 -
717 4109 741 4159 6.
759 4116 907 4172 acceperant
923 4109 974 4161 0³:
993 4114 1124 4172 acceperat
1140 4110 1175 4165 R,
1194 4107 1259 4158 dett
1272 4109 1301 4158 0.
1315 4134 1343 4144 -
1362 4107 1458 4158 deberat
1473 4108 1574 4158 bodera
1589 4106 1653 4158 dett.
1667 4109 1697 4159 0.
1711 4132 1739 4146 -

417 4198 463 4235 coe
487 4197 527 4234 res
544 4185 612 4233 coni.
631 4181 709 4234 Orelli
726 4185 758 4248 (t)
776 4181 853 4247 prob.
872 4183 952 4234 Klotz.
972 4187 998 4234 et
1019 4182 1134 4234 ilalmio:
1161 4196 1189 4232 ce
1204 4185 1245 4241 tex
1262 4185 1296 4244 ss)
1312 4195 1353 4232 res
1369 4182 1451 4247 ng:
1468 4183 1516 4232 tac
1530 4195 1571 4233 res
1586 4181 1643 4232 rell.
1659 4182 1691 4235 0.
1711 4210 1748 4225 --

418 4259 443 4309 7.
462 4259 541 4308 emota
557 4257 577 4307 a
595 4271 634 4322 pr.
653 4270 690 4308 m.
710 4286 737 4294 -
764 4260 788 4309 9.
810 4259 871 4308 mibi
891 4272 944 4309 om.
963 4257 1026 4308 dett.
1046 4261 1075 4309 0.
1096 4284 1124 4294 -
1151 4259 1190 4307 to.
1210 4257 1240 4307 G.
1260 4258 1291 4317 a;
1318 4258 1345 4308 C.
1364 4270 1418 4308 om.
1437 4256 1502 4308 dett.
1527 4283 1555 4293 -
1582 4258 1622 4307 tl.
1645 4271 1679 4309 eor
1693 4258 1743 4310 illia

418 4333 495 4395 lagg.
514 4334 622 4397 praeter
638 4330 677 4382 ts.
693 4360 720 4368 -
740 4333 780 4382 lt.
798 4347 849 4383 esse
865 4335 973 4383 ctmrore
989 4333 1053 4384 dett.
1067 4335 1100 4393 03
1119 4337 1239 4382 concentu
1254 4344 1303 4382 csse
1320 4332 1397 4395 [gra.
1413 4359 1440 4367 -
1459 4332 1499 4383 43.
1515 4336 1680 4394 posteaquem
1691 4332 1740 4383 aa:

416 4413 441 4460 et
463 4413 625 4472 percoquam
649 4407 713 4459 dett.
747 4409 815 4459 Fort.
835 4412 875 4460 est
891 4409 1075 4469 scribendum,
1103 4411 1133 4457 ut
1149 4404 1266 4458 Halmius
1283 4408 1309 4456 in
1327 4406 1416 4457 adnot.
1436 4407 1479 4457 ed.
1498 4409 1567 4470 Lips.
1586 4408 1740 4472 proposuit:

414 4488 501 4546 posteo
517 4495 587 4540 cum,
611 4485 640 4532 ut
657 4486 684 4534 ct
700 4483 848 4547 asyndeton
865 4485 962 4534 vitetur
979 4488 1005 4535 et
1022 4484 1204 4534 coniunctivae
1223 4481 1370 4546 imperfecti
1386 4485 1460 4533 recte
1477 4496 1507 4534 se
1525 4481 1632 4533 babeat.
1648 4509 1675 4520 -
1693 4496 1743 4545 ap-

413 4557 593 4621 propinquarit
609 4557 674 4608 dett.
693 4559 783 4622 lagg,
803 4560 822 4608 0
841 4559 972 4621 (adpeti).
994 4587 1022 4597 -
1041 4561 1082 4609 ln.
1100 4559 1136 4607 illi
1153 4558 1202 4615 aa.
1220 4554 1254 4607 i:
1280 4557 1326 4607 itin
1342 4557 1406 4608 dett.
1427 4584 1455 4593 -
1481 4557 1551 4608 lond
1570 4559 1666 4622 nttqntd
1681 4558 1743 4609 mad

417 4633 496 4697 lagg.
517 4659 544 4670 -
568 4634 646 4696 possit
662 4634 677 4683 6
694 4635 763 4698 Lagg
790 4634 855 4685 dett.
882 4660 909 4668 -
937 4635 1036 4698 adferre
1052 4636 1081 4685 ll.
1108 4658 1135 4670 -
1165 4634 1204 4683 tl.
1223 4634 1345 4697 reseretur
1360 4634 1380 4683 a
1398 4647 1438 4699 pr.
1457 4645 1494 4684 m.
1513 4636 1581 4684 teste
1597 4633 1740 4694 numiano:

416 4711 528 4774 resonat
549 4708 565 4758 Ξ
582 4708 660 4759 codd.
680 4709 782 4770 lamb,
803 4711 834 4760 Gt
850 4711 874 4760 2.
903 4707 981 4772 [Leve
999 4712 1102 4770 vitium,
1127 4709 1200 4772 quod
1217 4710 1301 4759 estin
1320 4710 1338 4759 a
1355 4721 1395 4773 pr.
1413 4721 1450 4760 m.
1468 4710 1604 4773 referatur,
1628 4720 1684 4759 sec.
1703 4720 1740 4759 m.

417 4797 559 4850 perperam
576 4784 602 4833 iu
619 4784 745 4847 reserator
761 4788 911 4836 correctum
929 4784 1045 4843 ridetur,
1063 4785 1204 4847 potiusque
1221 4782 1394 4834 scribendum
1411 4786 1469 4834 erat
1482 4785 1604 4847 refertam,
1621 4787 1651 4833 nt
1663 4788 1704 4835 est
1715 4784 1742 4835 in

419 4862 480 4923 Lag.
492 4858 532 4909 if.
552 4859 644 4920 lissa]
670 4885 698 4894 -
726 4860 766 4910 49.
784 4860 875 4910 bonore
891 4864 914 4909 ct
936 4864 1017 4910 aetola
1035 4861 1114 4923 lagg.
1132 4857 1197 4909 dett.
1216 4859 1245 4908 0.
1268 4885 1295 4895 -
1318 4859 1392 4922 priua
1407 4858 1472 4909 dett.
1492 4884 1520 4896 —
1546 4859 1587 4910 20.
1604 4859 1689 4920 itaque
1705 4857 1741 4910 its

419 4933 514 4995 (lladv.
532 4947 559 4998 p.
577 4933 648 4996 8l.):
668 4935 741 4996 idque
758 4935 821 4985 dett.
840 4936 869 4984 0.
890 4957 916 4969 -
944 4936 1082 4997 siquondo
1099 4939 1198 4984 lncsmrt
1214 4932 1279 4984 deit.
1297 4934 1326 4984 0.
1346 4961 1374 4972 -
1393 4939 1446 4983 tum
1461 4934 1493 4984 li:
1512 4939 1571 4984 turc
1586 4929 1643 4982 rell.
1662 4931 1691 4982 0.
1711 4958 1740 4968 -

418 5009 459 5060 2³.
479 5022 511 5058 aa
526 5009 572 5058 itta
588 5009 666 5072 Lsgg.
686 5034 713 5044 -
731 5007 773 5059 il.
791 5022 841 5059 resa
851 5035 888 5046 -·
899 5022 955 5058 eum
972 5023 1024 5060 om.
1045 5009 1094 5068 as:
1113 5009 1138 5060 in
1156 5010 1176 5060 ll
1193 5010 1308 5073 spatium
1325 5010 1404 5060 trium
1420 5021 1549 5061 versuum
1565 5018 1680 5057 vacnum
1696 5019 1743 5058 rs-

419 5083 511 5136 lictum
528 5086 578 5134 est.
592 5108 619 5118 -
638 5083 679 5133 26.
693 5089 753 5134 essct
769 5085 865 5134 tametsi
880 5085 1037 5134 Paeducasas
1049 5085 1077 5134 li.
1091 5110 1118 5120 -
1138 5084 1179 5134 27.
1191 5097 1241 5134 aon
1253 5084 1359 5146 psittaci
1373 5085 1502 5134 dacem
1512 5084 1574 5147 ng.
1588 5107 1616 5118 -
1634 5081 1675 5132 28.
1689 5085 1742 5132 tran

420 5160 440 5210 ll
451 5157 498 5209 bd.
511 5160 600 5223 lagg:
618 5163 677 5209 tanc
687 5156 704 5208 λ
715 5160 747 5219 Gi
762 5160 786 5209 ἰ.
802 5186 828 5196 -
848 5159 988 5222 adprobant
998 5160 1060 5209 li.—
1078 5157 1120 5208 ³⁴.
1136 5159 1280 5221 principun
1291 5160 1319 5218 li,
1331 5159 1347 5208 2
1359 5158 1437 5209 codd.
1451 5157 1580 5217 Lambini,
1591 5154 1650 5207 bd:
1665 5157 1742 5220 psto-

420 5233 512 5297 ctpismr
528 5236 560 5285 Gt
576 5236 601 5299 t,
615 5236 729 5302 [ιω.-
748 5237 868 5287 molto
883 5234 961 5301 Lgtt.
972 5261 1001 5272 -
1018 5233 1095 5285 solem
1106 5232 1267 5296 Gt,2codd.
1279 5233 1416 5285 Lambini:
1433 5233 1647 5298 relatiuam.-
1664 5231 1739 5299 guod]
