4367 6109
766 605 840 671 cn.
861 604 1135 671 xxv-xxva.
1162 602 1219 690 ss.
1241 565 1389 670 os-rr.
1692 602 1734 669 ra

416 772 523 839 omnia
549 782 625 838 nata
653 794 722 838 esse
749 774 907 839 dicuntur.
950 777 1128 842 Noluemnt
1152 776 1229 841 ieris
1250 795 1365 859 corpus
1387 773 1541 849 obiicere,
1562 793 1603 837 ne
1623 774 1735 839 bestiis

415 888 563 953 quoque,
598 891 681 954 quae
709 878 830 933 tantum
859 870 962 934 scelus
984 873 1177 956 attigissent,
1206 869 1444 933 immanioribus
1466 876 1641 933 uteremur:
1668 887 1734 931 non

416 962 462 1026 sic
484 963 589 1028 nudos
611 964 645 1027 in
667 966 784 1027 ilumen
807 964 963 1040 deiicere,
985 986 1025 1029 no
1048 986 1120 1028 cum
1141 964 1237 1028 delati
1254 971 1360 1027 essent
1373 964 1406 1026 in
1420 983 1524 1038 mare,
1546 962 1650 1046 ipsum
1664 963 1735 1046 poi-

415 1055 558 1130 luerent,
580 1078 646 1141 quo
669 1065 788 1133 cetera,
812 1078 893 1143 quae
908 1058 1026 1123 violata
1048 1068 1137 1135 sunt,
1160 1058 1282 1140 expiari
1303 1062 1471 1141 putantur:
1494 1057 1632 1142 deniquo
1654 1055 1733 1119 nihil

415 1156 481 1214 tam
495 1151 558 1214 vile
580 1172 686 1236 neque
708 1160 772 1216 tam
786 1154 915 1236 vulgare
930 1160 995 1228 est,
1017 1152 1108 1217 cuius
1123 1161 1243 1237 partem
1258 1151 1355 1215 ullam
1369 1151 1564 1235 reliquerint
1597 1149 1648 1215 72.
1661 1152 1735 1215 Ete-
1756 1163 1772 1210 4

417 1246 483 1308 nim
515 1245 663 1330 quidest
690 1253 754 1310 tam
776 1267 943 1311 commune
965 1267 1060 1331 quam
1082 1247 1213 1330 spiritus
1234 1247 1330 1320 viris,
1362 1253 1446 1309 terra
1467 1246 1617 1320 mortuis,
1651 1263 1735 1308 mare

417 1339 661 1414 fluctuantibus,
683 1341 759 1404 litus
781 1341 916 1404 eiectis‘i
946 1342 994 1404 ita
1008 1341 1133 1418 vivunt,
1156 1340 1231 1403 dum
1247 1347 1397 1424 possunt,
1419 1345 1456 1402 ut
1469 1339 1583 1403 ducere
1599 1340 1735 1403 animam

418 1434 459 1496 de
481 1434 570 1497 caelo
592 1454 656 1496 non
679 1443 813 1518 queant;
842 1435 886 1497 ita
907 1435 1100 1510 moriuntur,
1129 1443 1165 1499 ut
1193 1455 1302 1499 eornm
1328 1453 1402 1498 ossa
1422 1441 1505 1497 terra
1526 1454 1590 1497 non
1612 1441 1736 1517 tangat3

419 1528 464 1591 ita
484 1529 642 1591 ineuntur
662 1529 827 1604 fluctibns,
850 1537 885 1592 ut
905 1549 1078 1613 numquam
1099 1528 1288 1603 adluantnr;
1309 1529 1353 1591 ita
1374 1536 1535 1611 postremo
1556 1527 1736 1602 eiiciantur,

420 1629 456 1711 qt
476 1643 518 1686 ne
539 1621 579 1685 ad
601 1642 678 1686 saxa
699 1623 828 1706 quidem
850 1624 966 1687 mortui
987 1623 1225 1707 conquiescant
1261 1623 1353 1686 Tanti
1369 1619 1514 1686 maleficii
1529 1622 1663 1696 odmen,
1684 1622 1774 1685 cuirt

421 1713 576 1780 maleficio
605 1723 668 1780 tam
698 1716 822 1800 insigne
848 1716 1038 1800 supplicium
1069 1725 1118 1781 est
1139 1719 1361 1793 constitutum,
1389 1716 1525 1800 probare
1547 1724 1593 1791 te,
1625 1716 1736 1791 Eruci,

421 1830 531 1875 censes
559 1830 657 1893 posse
685 1811 801 1874 talibus
828 1812 924 1885 viris,
957 1810 998 1875 si.
1012 1830 1053 1874 ne
1074 1831 1201 1875 causam
1223 1811 1353 1895 quidem
1374 1808 1519 1874 maleficii
1541 1811 1737 1895 protuleris?

422 1905 456 1968 si
476 1905 562 1968 hunc
584 1905 669 1989 apud
696 1906 854 1970 bonorum
876 1913 1033 1988 emptores
1061 1906 1149 1989 ipsos
1170 1925 1350 1981 accusares,
1380 1906 1476 1990 eique
1500 1906 1619 1969 iudicio
1642 1906 1739 1989 Chry·

422 2019 562 2083 sogonus
582 2008 762 2083 praeesset,
792 2008 897 2064 tamen
919 2000 1102 2083 diligentins
1124 2000 1330 2084 paratiusque
1351 2002 1504 2064 venisses.
1547 1998 1597 2063 73.
1620 2000 1738 2075 Utrum,

423 2094 501 2179 quid
529 2102 655 2177 agatur,
683 2115 749 2158 non
776 2094 891 2158 vides?
920 2114 960 2157 an
981 2092 1066 2175 apud
1089 2114 1171 2178 quos
1192 2097 1324 2177 agatur?
1364 2094 1475 2177 Agitur
1497 2095 1538 2158 de
1559 2092 1739 2179 parricidio,
1748 2104 1777 2154 44

422 2190 510 2274 quod
531 2190 600 2253 sine
622 2189 730 2252 multis
752 2189 856 2252 causis
878 2188 997 2271 suscipi
1019 2208 1084 2251 non
1104 2196 1230 2272 potest:
1259 2187 1344 2272 apud
1371 2188 1517 2253 homines
1539 2194 1644 2252 autem
1665 2205 1741 2270 pru·

422 2283 626 2347 dentissimos
648 2282 766 2366 agitur,
788 2282 844 2368 qui
866 2281 1047 2366 intelligunt
1067 2282 1228 2346 neminem
1247 2302 1289 2345 ne
1304 2282 1470 2346 minimum
1493 2280 1623 2367 quidem
1643 2280 1741 2344 male·

422 2373 528 2441 ficium
550 2376 619 2440 sine
641 2396 737 2440 causa
758 2376 934 2441 admittere.

507 2471 637 2533 XXVII.
669 2472 764 2535 Esto:
792 2492 918 2536 oausam
945 2471 1088 2556 prolerre
1116 2492 1182 2535 non
1202 2479 1304 2556 potes.
1341 2471 1478 2535 Tametsi
1501 2472 1606 2536 statim
1626 2471 1741 2535 vicisse

424 2565 539 2640 debeo,
562 2572 667 2629 umen
690 2566 730 2628 de
752 2585 822 2629 meo
845 2566 915 2629 iure
936 2565 1086 2630 decedam
1106 2574 1138 2630 et
1159 2567 1231 2642 tibi,
1253 2565 1340 2651 quod
1355 2568 1389 2629 in
1402 2567 1465 2632 alia
1479 2586 1574 2632 causa
1586 2587 1652 2632 non
1667 2578 1779 2629 con-at

424 2658 586 2734 cederem,
614 2660 648 2722 in
675 2660 735 2724 hac
763 2660 951 2736 concedam,
978 2659 1078 2725 fretus
1099 2661 1195 2724 huius
1216 2661 1409 2725 innocentia.
1451 2664 1523 2725 Non
1546 2682 1664 2747 quaero
1686 2661 1742 2724 aits

424 2762 471 2831 te,
492 2774 591 2842 qnare
612 2762 733 2838 patrem
756 2755 829 2818 Sex.
850 2755 983 2819 Roscius
1006 2755 1175 2820 occiderit:
1205 2774 1340 2839 quaero,
1370 2776 1434 2841 quo
1463 2757 1559 2821 modo
1581 2755 1741 2821 occiderit.

424 2850 472 2914 Ita
493 2869 613 2935 quaero
634 2850 690 2913 aba
712 2856 758 2924 te,
792 2849 826 2912 C.
846 2850 956 2925 Eruci,
987 2870 1051 2935 quo
1082 2849 1199 2914 modoi
1230 2856 1262 2913 et
1283 2851 1329 2913 sio
1350 2857 1454 2914 tecum
1476 2869 1582 2934 agaim
1614 2858 1650 2914 ut
1670 2869 1742 2913 meo

424 2944 497 3009 loco
519 2945 570 3009 rel
591 2942 806 3029 respondendi
828 2942 878 3006 vel
900 2943 1123 3028 interpellandi
1139 2944 1196 3007 tihi
1220 2949 1409 3027 potestatem
1430 2943 1544 3008 iaoiam
1566 2944 1616 3008 rel
1639 2944 1742 3018 etiam,

427 3040 453 3103 si
476 3039 555 3124 quid
575 3038 680 3114 voles,
703 3036 929 3120 interrogandi.
972 3034 1022 3101 74.
1046 3038 1118 3114 Quo
1141 3038 1236 3103 modo
1260 3039 1399 3104 occidit?
1420 3041 1489 3124 ipse
1511 3041 1680 3125 percussit,
1702 3051 1781 3103 anat

427 3132 498 3198 aliis
520 3133 730 3197 occidendum
753 3130 864 3197 dediti
899 3133 932 3196 si
954 3132 1059 3217 ipsum
1081 3134 1203 3216 arguis,
1225 3135 1343 3198 liomae
1363 3153 1429 3197 non
1449 3134 1527 3197 tuit:
1549 3136 1577 3199 si
1590 3155 1649 3218 per
1662 3135 1742 3199 alios

425 3227 539 3292 iecisse
560 3226 656 3302 dicis,
683 3246 803 3311 quaero
824 3246 990 3303 servosne,
1020 3247 1061 3291 an
1083 3227 1224 3292 iiberosi
1265 3225 1302 3292 Si
1323 3229 1446 3303 liberos,
1475 3248 1556 3312 quos
1577 3229 1743 3292 homiues?

426 3322 608 3388 indidemne
629 3322 770 3397 Ameria,
792 3340 833 3384 an
854 3320 950 3386 hosce
973 3343 1014 3386 ex
1034 3323 1113 3386 urbe
1135 3324 1286 3387 sicarios?
1320 3324 1352 3387 Si
1366 3323 1507 3397 Ameria,
1530 3322 1586 3406 qui
1607 3329 1683 3386 sunt
1701 3323 1744 3386 iit
1766 3400 1772 3406 ,

428 3438 483 3481 cnr
503 3435 569 3479 non
591 3417 814 3481 nominantur?
847 3417 874 3480 si
894 3417 1009 3491 Roma,
1032 3416 1116 3480 unde
1139 3437 1194 3480 eos
1215 3423 1346 3480 noverat
1366 3415 1514 3491 Roscius,
1537 3416 1592 3498 qui
1613 3417 1745 3480 Romam

429 3511 534 3576 multis
563 3511 655 3575 annis
683 3532 747 3574 non
769 3512 856 3574 venit
881 3532 988 3595 neque
1009 3531 1160 3596 nmquam
1181 3511 1253 3595 pius
1275 3509 1379 3573 triduo
1399 3509 1480 3572 initi
1513 3508 1572 3573 Ubi
1594 3529 1649 3574 eos
1671 3523 1783 3576 oon-ao

428 3607 535 3670 reniti
557 3606 687 3691 quicum
708 3606 833 3669 locutus
855 3608 925 3669 esti
956 3605 1117 3689 quomodo
1138 3606 1315 3689 persuasit?
1349 3603 1505 3667 «Pretium
1526 3601 1643 3667 dedic»
1689 3606 1746 3670 Cui

429 3701 537 3766 dediti
565 3720 624 3785 per
644 3721 740 3785 quem
761 3700 871 3764 dediti
901 3699 987 3763 unde
1007 3707 1063 3763 aut
1083 3706 1237 3785 quantum
1258 3698 1368 3762 dediti
1383 3699 1513 3761 ·Nonno
1534 3696 1585 3762 im
1606 3699 1746 3784 vestigiis

493 3899 518 3950 4.
540 3898 673 3950 uotum
694 3897 941 3961 444444444444446.
970 3921 997 3935 ·-
1024 3898 1049 3948 4.
1070 3898 1253 3960 caeromtt.
1277 3921 1306 3933 -
1330 3895 1594 3946 utermiiiivc:
1619 3901 1748 3949 4444444444

430 3973 546 4036 CiiSa,
573 3973 634 4025 ood.
654 3974 683 4024 C.
702 3974 792 4039 steph.
813 3999 841 4008 -
866 3974 891 4023 3.
909 3971 1110 4036 &quentin
1127 3985 1209 4036 marg.
1228 3973 1257 4022 et
1271 3985 1300 4031 x.
1320 3996 1348 4007 -
1371 3972 1396 4022 4.
1413 3969 1585 4035 edelardus.
1605 3998 1634 4010 -
1657 3975 1746 4041 4444444]

428 4047 738 4113 aliamctstinmarg.
758 4049 1236 4111 -oiesimquidotttcmconuniz
1259 4046 1646 4108 ountnqoidtomcsteom.
1666 4049 1744 4101 eodd.

429 4124 554 4176 orationis
576 4127 604 4176 et
625 4124 660 4184 0;
687 4124 747 4187 quid
766 4123 831 4174 enim
851 4129 903 4174 tom
924 4137 1012 4174 omnm.
1032 4123 1125 4175 Cicero
1142 4135 1172 4174 se
1194 4123 1251 4187 ipse
1268 4122 1352 4173 citans
1368 4123 1396 4172 in
1412 4121 1483 4171 Orat.
1502 4121 1525 4185 5.
1546 4122 1602 4174 titt.
1621 4126 1648 4175 et
1664 4125 1747 4185 Quin·

430 4196 466 4251 iil.
489 4199 544 4251 xii·
565 4199 594 4261 4,
618 4198 659 4261 i.;
687 4199 747 4262 quid
768 4203 803 4249 444
825 4199 890 4250 octa
910 4205 963 4250 tom
982 4212 1070 4250 eoam.
1093 4200 1171 4250 Arus.
1194 4198 1273 4249 iiess.
1298 4211 1324 4263 p.
1344 4197 1402 4247 444.
1426 4195 1517 4257 Lind.;
1542 4210 1604 4247 nom
1628 4199 1689 4259 quid
1712 4203 1748 4249 444

429 4279 482 4325 tour
503 4287 593 4326 eom
615 4274 690 4325 Seru.
712 4272 747 4323 ad
764 4273 841 4338 Verg.
859 4277 924 4326 Aen.
943 4275 962 4326 1.
981 4273 1038 4325 tto.
1064 4297 1091 4310 -
1119 4273 1144 4323 7.
1162 4273 1230 4322 4444444
1249 4273 1339 4323 44444444
1354 4274 1383 4323 G.
1409 4295 1438 4309 -
1464 4273 1489 4323 4.
1508 4275 1578 4322 torro
1593 4285 1643 4322 nos
1659 4277 1748 4338 tangat

430 4349 573 4414 61444,
591 4346 664 4410 Pali..
683 4347 760 4399 codd.
779 4348 838 4399 tort.
857 4361 964 4400 omnes:
982 4354 1077 4400 44444444
1092 4363 1144 4399 oon
1160 4353 1266 4412 tongam
1282 4349 1314 4409 L,
1332 4349 1362 4398 ut
1378 4348 1461 4398 estin
1478 4345 1557 4398 codd.
1572 4343 1671 4411 aliquot
1682 4349 1748 4399 Ora·

430 4424 495 4474 toris
511 4422 528 4475 i.
548 4436 572 4475 c.
592 4447 620 4462 -
640 4423 665 4474 9.
683 4424 821 4474 4444444444·
837 4423 896 4474 cod.
915 4425 945 4475 C.
963 4425 1064 4489 steph„
1083 4424 1154 4476 crat.
1167 4436 1271 4486 margo,
1291 4424 1310 4472 L
1328 4422 1385 4487 (sed
1400 4422 1428 4473 hi
1439 4420 1593 4484 dinami:
1612 4421 1747 4474 4444444444

430 4499 601 4560 (410444,
624 4495 697 4560 Pali..
721 4498 800 4549 codd.
818 4498 952 4564 plerique,
975 4501 1004 4548 ut
1019 4497 1132 4549 ridetur.
1159 4499 1187 4548 in
1205 4499 1314 4548 oratore
1331 4497 1472 4548 auctoritas
1489 4495 1612 4546 ecdicum
1629 4497 1748 4550 similiter

428 4573 588 4624 variantium
607 4571 664 4624 iore
686 4586 735 4638 par
752 4577 801 4625 est.
832 4574 871 4625 ct.
889 4573 1000 4625 osenhr.
1018 4575 1053 4625 ad
1069 4574 1096 4624 h.
1115 4572 1132 4624 i.
1152 4575 1179 4624 et
1195 4572 1276 4623 Klotz.
1295 4571 1337 4622 ed.
1355 4572 1387 4622 ii.
1405 4570 1489 4622 Praei.
1507 4583 1534 4634 p.
1551 4570 1609 4620 xiv
1624 4584 1665 4635 sq.
1694 4573 1747 4623 Va-

429 4649 511 4701 rietas
527 4647 647 4701 iectionis
663 4652 721 4699 orta
738 4651 780 4701 est
795 4662 827 4700 ex
845 4649 976 4714 frequenti
993 4649 1147 4701 contusione
1165 4647 1389 4714 praepositionum
1405 4647 1441 4697 od
1456 4648 1484 4696 et
1500 4645 1545 4705 oin
1567 4645 1606 4695 sic
1627 4646 1653 4695 in
1669 4647 1745 4698 verr.

429 4724 460 4774 v.
487 4724 512 4790 4.
531 4725 572 4776 at.
595 4724 674 4777 oodd.
697 4726 803 4790 optimi,
830 4726 910 4777 eiiam
930 4725 1009 4777 Paris.
1032 4724 1169 4775 4444444444
1188 4737 1269 4789 prave
1286 4721 1398 4781 habent;
1424 4733 1519 4771 verum
1535 4719 1672 4770 4444444444
1687 4723 1744 4774 vat.

429 4797 552 4865 primm.
573 4825 601 4836 -
619 4798 660 4852 44.
678 4799 770 4865 umen]
787 4805 839 4850 444444
855 4814 881 4851 v.
901 4826 928 4851 -.
949 4804 1105 4863 porotmqso
1120 4801 1149 4850 G.
1170 4825 1198 4836 -
1220 4799 1260 4849 46.
1278 4798 1369 4860 auspici
1385 4796 1447 4848 GH.
1467 4821 1496 4832 -
1515 4795 1554 4845 iii.
1573 4797 1655 4846 444444
1669 4811 1695 4848 v.
1715 4826 1743 4836 -

430 4873 470 4924 44.
484 4878 566 4939 potest
582 4875 612 4925 G.
632 4901 660 4912 -
678 4875 719 4925 40.
738 4876 804 4937 quod
819 4889 872 4927 om.
886 4890 911 4925 v.
932 4902 960 4913 -
978 4877 1018 4927 44.
1036 4874 1080 4924 aba
1096 4875 1127 4937 44]
1144 4887 1177 4925 ea
1193 4878 1217 4925 44
1233 4874 1264 4923 il.
1284 4898 1312 4908 -
1330 4872 1371 4924 44.
1388 4872 1439 4930 ito,·
1456 4881 1551 4932 guono
1566 4869 1687 4934 disiimni
1705 4873 1746 4923 iu·

430 4945 477 4999 bei
497 4950 557 5000 Gar.
576 4949 602 5000 4.
624 4947 683 5000 coil.
702 4949 794 5002 Lamb.
812 4951 847 5001 ad
864 4951 927 5002 iior.
944 4950 1029 5001 Serm.
1047 4950 1075 5010 4,
1094 4949 1119 5011 l,
1137 4949 1162 4999 4.
1182 4974 1210 4984 -
1233 4960 1287 5000 meo
1305 4947 1358 4997 ioco
1376 4945 1480 5009 iladvig
1503 4943 1559 5008 (Op.
1578 4945 1597 4994 i.
1615 4958 1640 5010 p.
1660 4947 1743 5012 iiii:
1831 4983 1834 4989 -

430 5020 458 5072 44
470 5036 500 5076 ao
515 5024 569 5076 loeo
586 5023 665 5076 oodd.
684 5027 713 5076 et
728 5025 788 5077 edd.
806 5027 919 5092 priores.
939 5051 968 5064 -
990 5025 1031 5076 47.
1050 5024 1152 5089 quoa-o]
1175 5037 1265 5087 queror
1279 5035 1341 5085 quor
1356 5024 1377 5073 G
1394 5019 1576 5087 (depravatum
1592 5017 1697 5070 videtur
1712 5035 1746 5075 ex

432 5109 535 5163 444444,
549 5113 597 5164 ρον
607 5113 678 5164 quor,
697 5101 770 5166 quod
780 5100 876 5153 veliem
890 5102 918 5152 in
934 5100 1013 5152 codd.
1027 5100 1206 5162 inveniretur).
1218 5126 1246 5138 -
1259 5099 1281 5148 44
1291 5097 1387 5163 4444444]
1399 5099 1437 5149 sio
1448 5091 1552 5156 iladvig
1564 5092 1600 5155 (44
1610 5095 1671 5145 ants
1683 5108 1746 5149 eum

432 5173 563 5238 4444444444,
581 5174 628 5242 qui
638 5173 728 5230 solum
738 5176 874 5229 4444444444
886 5174 1009 5239 addiditi:
1028 5189 1081 5226 om.
1093 5174 1168 5226 44444.
1181 5174 1259 5226 codd.
1272 5172 1340 5224 440.
1354 5171 1393 5225 ci.
1405 5171 1486 5238 pti.
1498 5165 1575 5218 uti.
1589 5191 1615 5204 -
1629 5169 1670 5220 44.
1683 5171 1747 5222 isdi-

431 5246 701 5316 damltadicoasr.
715 5253 889 5305 -stamoto
903 5266 959 5305 ao:
978 5251 1125 5303 4444444444
1141 5250 1277 5311 Giiixr
1294 5247 1488 5312 (moeonas).
1502 5266 1531 5280 -
1548 5241 1744 5312 ialsicscripsi:

430 5319 536 5389 livdie.
548 5325 1083 5396 -aa.caonaea.u.sepn.a.rtta:
1099 5322 1499 5380 sumendumque.
1514 5347 1544 5367 -
1556 5317 1744 5375 iit-estomr.

476 5416 644 5473 amona
1526 5417 1548 5486 a
