4367 6109
463 579 526 648 400
880 577 1029 647 ORATIO
1051 577 1131 645 PRO
1152 578 1195 647 M.
1216 576 1364 644 ritmo

463 749 515 817 47,
537 752 614 818 boni
637 751 754 816 debent
775 749 890 813 dicere.
932 749 1037 833 Atque
1059 748 1114 812 ille
1139 748 1243 832 legem
1264 748 1342 813 mibi
1364 747 1404 811 de
1424 767 1473 812 xn
1493 744 1611 813 tabulis
1630 743 1784 821 recitarit,

465 870 548 935 quae
569 846 736 934 permittit,
764 852 801 908 ut
819 842 923 907 furem
945 850 1042 906 noctu
1062 843 1158 906 liceat
1178 841 1339 918 occidere,
1367 849 1398 906 et
1418 844 1508 916 luce,
1537 840 1565 904 si
1587 860 1621 904 se
1642 839 1708 904 telo
1731 840 1785 902 dc·

462 942 587 1018 fendat3
609 949 641 1005 et
654 939 756 1022 legem
771 938 934 1023 antiquam
949 937 989 1001 de
1009 936 1133 1022 legibus
1149 937 1293 1013 sacratis,
1316 957 1398 1021 quae
1413 937 1522 1000 iubeat
1535 935 1665 1017 impune
1681 933 1784 997 occidi

463 1057 535 1100 eum
558 1035 613 1120 qui
634 1034 795 1097 tribunum
816 1033 859 1116 pl.
874 1032 1056 1116 pulsaverit.
1092 1029 1194 1105 Nibil,
1218 1038 1252 1094 ut
1266 1032 1396 1115 opinor,
1418 1038 1583 1115 praeterea
1596 1029 1636 1092 de
1649 1027 1784 1111 legibus.

439 1136 454 1183 ⁵
546 1124 597 1190 l8.
627 1127 699 1204 Qua
720 1128 754 1190 in
774 1146 810 1190 re
830 1126 892 1190 hoc
914 1127 1051 1210 primum
1073 1145 1209 1211 quaero,
1241 1126 1318 1211 quid
1339 1127 1380 1190 ad
1400 1126 1463 1191 boc
1485 1124 1637 1188 iudicium
1658 1122 1785 1186 recitari

463 1223 538 1287 istas
565 1222 652 1304 leges
681 1221 879 1304 pertinuerit.
919 1221 1000 1283 Num
1022 1239 1118 1304 quem
1140 1219 1302 1283 tribunum
1324 1220 1367 1303 pl.
1390 1219 1473 1284 servi
1494 1219 1536 1282 M.
1559 1216 1656 1280 Tullii
1677 1215 1785 1299 pulsa·

462 1317 599 1381 verunti
630 1317 704 1378 Non
726 1314 851 1398 opinor.
893 1316 976 1376 Num
1004 1312 1143 1377 iuratum
1165 1313 1294 1376 domum
1324 1316 1356 1377 P.
1379 1313 1468 1376 Fabii
1488 1318 1587 1375 noctu
1607 1312 1784 1375 veneruntt

460 1414 508 1475 Na
529 1409 562 1473 id
582 1409 722 1494 qru'dem.
757 1411 840 1472 Num
861 1408 933 1472 luce
954 1407 1091 1471 furatum
1106 1415 1261 1471 venerunt
1275 1414 1306 1471 et
1321 1428 1354 1471 se
1369 1406 1434 1471 telo
1449 1406 1686 1470 defenderunt
1716 1401 1785 1464 Dici

462 1524 527 1568 non
549 1510 664 1587 potest
706 1504 790 1586 Ergo
818 1503 887 1566 istis
914 1502 1056 1585 legibus,
1086 1522 1165 1587 quas
1192 1502 1345 1577 recitasti,
1374 1508 1460 1566 certe
1480 1518 1545 1565 non
1566 1499 1672 1586 potuit
1693 1496 1785 1562 istius

425 1598 583 1662 tolamilia
604 1617 713 1661 servos
734 1600 776 1662 Μ.
799 1596 894 1661 Tullii
918 1598 1073 1662 occidere.

548 1691 599 1756 li).
620 1695 708 1775 Non,
730 1691 851 1775 inquit,
873 1692 914 1754 ad
936 1711 1006 1755 eam
1028 1712 1094 1755 rem
1116 1690 1263 1765 recitavi,
1285 1691 1341 1753 sed
1363 1690 1473 1753 utboc
1487 1689 1699 1773 intelligeres,
1721 1705 1785 1750 uon

462 1790 565 1854 visum
587 1807 657 1852 esse
679 1785 854 1850 maioribus
875 1786 993 1849 nostris
1014 1793 1078 1849 tam
1100 1785 1265 1868 iudignum
1286 1785 1369 1848 istuc
1391 1785 1499 1848 nescio
1522 1783 1617 1868 quid,
1641 1803 1738 1867 quam
1752 1788 1786 1845 tu

463 1893 569 1968 putas,
590 1880 753 1945 hominem
775 1879 888 1943 occidi.
919 1880 961 1943 At
980 1880 1117 1962 primum
1140 1879 1220 1942 istae
1241 1879 1330 1962 ipsae
1351 1878 1453 1961 leges,
1486 1898 1564 1962 quas
1592 1878 1723 1951 recitas,
1751 1883 1787 1940 ut

463 1978 584 2040 mittam
606 1983 711 2038 cetera
718 2019 728 2049 ,
751 1969 944 2056 significant,
967 1993 1062 2058 quam
1083 1973 1245 2037 noluerint
1264 1974 1400 2037 maiores
1414 1973 1531 2049 nostri,
1553 1972 1615 2036 nisi
1630 1993 1702 2036 cum
1716 1992 1787 2056 per·

426 2079 594 2134 tinecesse
616 2075 715 2141 esset,
736 2066 900 2132 hominem
923 2067 1035 2130 occidi.
1071 2068 1210 2131 Primum
1232 2067 1293 2131 ista
1314 2067 1368 2132 lex
1389 2077 1510 2132 sacrata
1532 2075 1595 2143 est,
1619 2085 1714 2152 quam
1735 2085 1787 2128 ro-

464 2169 577 2249 garunt
597 2161 724 2237 minati,
746 2170 783 2224 ut
803 2163 940 2226 inermes
963 2163 1031 2226 sine
1046 2162 1189 2245 periculo
1204 2169 1337 2245 possent
1351 2182 1430 2226 esse.
1460 2163 1565 2240 Quare
1580 2182 1644 2225 non
1661 2160 1785 2235 iniuria,

464 2277 528 2342 quo
549 2256 735 2339 magistratu
755 2256 896 2319 munitae
917 2256 1005 2339 leges
1027 2262 1116 2329 sunt,
1140 2256 1208 2319 aius
1229 2256 1431 2339 magistratus
1454 2278 1569 2342 corpus
1583 2255 1708 2339 legibus
1722 2254 1788 2318 val·

462 2350 560 2414 latum
583 2370 653 2413 esse
668 2349 847 2414 voluerunt.
880 2347 932 2412 50.
945 2350 1077 2427 Furem,
1099 2350 1160 2412 boo
1176 2358 1241 2425 est,
1263 2350 1458 2433 praedonem
1474 2360 1506 2415 et
1520 2351 1694 2425 latronem,
1715 2347 1787 2411 luce

463 2444 565 2509 occidi
593 2451 701 2508 vetant
729 2465 777 2508 xri
802 2445 946 2508 abulae:
980 2465 1051 2508 cum
1073 2446 1156 2508 intra
1177 2445 1314 2527 parietes
1337 2452 1408 2509 tuos
1429 2446 1554 2510 hostem
1577 2443 1787 2508 certissimum

426 2547 589 2614 roteneas,
622 2537 684 2602 nisi
713 2559 747 2602 se
776 2539 840 2602 telo
862 2537 1019 2613 defendit,
1052 2538 1173 2623 inquit,
1206 2538 1300 2601 etiam
1322 2540 1349 2603 si
1372 2559 1443 2603 cum
1465 2539 1529 2604 telo
1551 2536 1691 2613 venerit,
1724 2536 1787 2599 nisi

463 2639 569 2697 utetur
591 2633 655 2696 telo
678 2652 716 2695 eo
739 2652 777 2696 ac
797 2632 999 2715 repugnabit,
1020 2650 1086 2694 non
1109 2630 1245 2695 occides.
1280 2631 1376 2707 Quod
1391 2634 1417 2697 si
1436 2641 1607 2718 repugnat,
1628 2651 1788 2696 annorno-

463 2745 562 2804 unro,
594 2727 656 2790 hoc
678 2734 742 2800 est,
774 2725 989 2799 conclamato,
1020 2734 1057 2789 ut
1077 2724 1177 2809 aliqui
1199 2724 1330 2788 audiant
1351 2735 1383 2790 et
1404 2729 1604 2791 conveniant.
1640 2725 1726 2803 Quid
1747 2724 1787 2789 ad

463 2822 544 2884 bano
567 2821 765 2884 clementiam
787 2819 863 2883 addi
883 2826 1003 2902 potest,
1026 2818 1082 2903 qui
1105 2839 1145 2881 ne
1166 2819 1228 2881 hoc
1251 2818 1381 2903 quidem
1400 2821 1620 2903 permiserint,
1642 2830 1680 2885 ut
1701 2821 1787 2885 domi

465 2936 541 2980 suae
564 2921 660 2998 caput
680 2934 773 2978 suum
795 2914 864 2978 siue
887 2914 1021 2978 testibus
1043 2920 1075 2976 et
1096 2912 1222 2975 arbitris
1244 2912 1327 2976 ferro
1350 2914 1520 2978 defendere
1541 2916 1676 2979 licereti

426 3028 455 3075 ro
548 3005 600 3073 5l.
623 3009 702 3086 Quis
724 3016 786 3085 est,
810 3008 862 3072 cui
883 3009 983 3091 magis
1005 3007 1128 3090 ignosci
1151 3007 1334 3082 conveniat,
1361 3009 1513 3092 quoniam
1535 3030 1585 3072 me
1607 3010 1648 3073 ad
1668 3027 1720 3074 ιιι
1742 3016 1788 3072 ta-

463 3103 554 3167 bulas
576 3123 725 3180 revocas,
748 3123 843 3189 quam
866 3104 893 3167 si
916 3103 988 3187 quis
1007 3121 1102 3186 quem
1118 3101 1301 3184 imprudens
1316 3102 1490 3166 occiderit?
1522 3105 1639 3179 Nemo,
1662 3103 1787 3188 opinor.

463 3198 550 3262 llaec
572 3199 657 3261 enim
678 3199 776 3263 tacita
796 3198 849 3261 lex
872 3204 921 3261 est
940 3197 1163 3270 humanitatis,
1191 3204 1227 3259 ut
1248 3196 1287 3259 ab
1309 3196 1438 3260 bomine
1461 3198 1605 3274 consilii,
1636 3219 1702 3262 non
1724 3198 1789 3263 for·

464 3300 559 3356 tunae
587 3312 692 3375 poena
720 3297 890 3376 repetatur.
926 3294 1045 3354 Tamen
1072 3290 1206 3354 huiusce
1234 3291 1280 3354 rei
1302 3292 1427 3355 veniam
1449 3292 1584 3356 maiores
1605 3313 1671 3358 non
1693 3292 1788 3359 dede·

463 3393 547 3449 runt.
574 3389 654 3450 Nam
675 3388 728 3451 lex
748 3387 849 3451 estin
864 3407 912 3450 xrs
926 3385 1060 3449 tabulis:
1084 3385 1119 3449 Sr
1140 3405 1246 3448 rrnvnr
1268 3403 1354 3450 usnv
1376 3407 1468 3451 rvorr
1490 3405 1589 3452 naurs
1610 3405 1693 3462 ovini
1713 3406 1791 3453 tccrr

464 3573 568 3623 deliniri
586 3585 637 3623 non
655 3575 756 3638 potest3
781 3571 858 3637 plane
877 3573 1035 3623 Ciceronem
1051 3571 1102 3633 ibi,
1129 3571 1175 3622 ubi
1192 3571 1275 3622 codex
1293 3573 1380 3623 denuo
1398 3574 1501 3638 incipit,
1519 3575 1546 3625 in
1564 3575 1684 3635 Quinctio
1701 3576 1789 3627 wulu-

464 3647 545 3698 tando
562 3648 650 3698 adbuc
666 3650 826 3712 occupatum
842 3648 923 3700 inisse
939 3648 1097 3707 invenimus,
1115 3647 1187 3698 unde
1205 3647 1331 3699 credibile
1348 3651 1402 3711 eat,
1420 3663 1473 3700 non
1485 3653 1540 3700 tam
1551 3649 1633 3700 multa
1651 3652 1787 3716 periisse.-

465 3725 574 3774 Muscas.
594 3723 710 3787 «Ubique
721 3726 811 3773 mmen
825 3723 969 3774 tenendum
986 3726 1027 3773 est
1043 3724 1137 3772 tertiae
1154 3724 1260 3772 circiter
1276 3725 1400 3774 orationis
1416 3737 1465 3789 pro
1477 3726 1590 3775 Caecina
1602 3727 1670 3790 parti
1687 3728 1789 3777 nostrus

465 3796 595 3848 Tullianae
617 3797 741 3863 reliquias
762 3801 885 3862 aequari,
910 3801 999 3848 tamen
1021 3799 1047 3847 in
1065 3796 1172 3859 Dialogo
1190 3798 1224 3848 de
1241 3801 1329 3850 causis
1346 3796 1486 3862 corruptae
1504 3798 1670 3864 eloquentiae
1688 3802 1721 3864 (c.
1737 3801 1787 3863 20.)

464 3874 531 3924 duaa
548 3872 604 3949 illas
621 3873 789 3924 detensiones
806 3875 863 3939 pari
880 3874 936 3925 iere
953 3874 1036 3936 gradu
1052 3886 1084 3922 ac
1098 3886 1221 3922 mensura
1235 3875 1394 3924 aestimari.»
1406 3876 1482 3925 linum
1503 3877 1630 3926 bominem
1646 3874 1787 3940 [ιιωειιιεεε]

464 3949 550 4000 PliO.
566 3974 594 3984 -
613 3950 636 3998 ι.
654 3948 719 4012 boni]
745 3948 785 3999 Ab
803 3948 854 3998 hac
869 3960 936 3997 voce
954 3948 1044 4011 incipit
1060 3947 1149 3999 lolium
1166 3948 1327 3999 'laurinensa
1344 3953 1476 4000 octavum.
1498 3977 1524 3985 -
1548 3951 1573 4000 ι.
1591 3951 1645 4001 laco
1661 3951 1721 4001 Pll:
1740 3950 1789 4000 luci

465 4024 570 4075 rnolt.
589 4021 628 4074 ct.
641 4021 682 4086 55.
695 4022 736 4074 ta.
748 4023 789 4074 till.
802 4047 829 4059 -
844 4022 868 4072 3.
879 4023 972 4085 inpane
982 4023 1060 4072 TPB.
1070 4048 1098 4058 -·
1112 4021 1136 4073 ι.
1148 4027 1177 4072 ot
1188 4036 1241 4074 orn.
1254 4024 1285 4072 tt.
1295 4050 1323 4060 -
1337 4025 1360 4074 e.
1376 4025 1414 4073 ιθ.
1429 4024 1491 4074 Tatii
1501 4025 1634 4075 TPlillli.
1650 4052 1677 4063 -
1690 4025 1714 4076 7.
1727 4025 1789 4076 Fabi

464 4099 594 4152 TPBilli.
607 4126 634 4135 —
650 4110 855 4150 nocrrrsnsmnr
865 4099 925 4147 Τ.-
944 4099 969 4148 8.
980 4109 1108 4149 nrncarcs
1119 4098 1147 4147 T.
1163 4125 1190 4134 -
1209 4100 1249 4148 lt.
1261 4100 1351 4171 inquid
1366 4100 1423 4150 TP.
1435 4127 1462 4136 -
1472 4101 1622 4165 intellegeres
1639 4101 1716 4152 TPB
1727 4103 1786 4154 lili.

466 4204 493 4215 -
514 4176 553 4226 49,
571 4174 685 4225 tabum:
702 4179 907 4236 cumulemus,
923 4173 972 4222 nisi
988 4173 1056 4222 llll:
1079 4172 1187 4232 iubatae,
1205 4179 1415 4235 crrm--tcncos,
1435 4187 1489 4226 nrsr
1505 4178 1533 4236 P,
1551 4174 1665 4237 tabutas,
1683 4189 1788 4226 tran·-

463 4258 554 4302 tcrcar.
577 4247 704 4301 ars1130.
724 4272 753 4285 -
772 4248 812 4298 20.
830 4260 884 4300 ursi
902 4260 935 4300 ss
954 4259 1016 4297 rano
1034 4240 1163 4299 nsrsnmr
1178 4249 1273 4308 Boii,
1291 4250 1662 4311 miserrimarum,
1688 4264 1742 4304 rosi
1756 4264 1789 4304 εε

463 4339 525 4376 rano
540 4335 702 4375 orrannum
718 4321 752 4372 de
770 4324 880 4374 conieci.
894 4325 922 4374 P.
947 4321 1035 4373 Malim
1051 4323 1160 4386 &tendet
1177 4326 1205 4373 et
1220 4329 1329 4389 propter
1346 4326 1504 4389 epexegesin
1522 4329 1549 4376 et
1564 4328 1674 4390 propter
1690 4326 1789 4391 epodo-

464 4402 513 4452 sin.
529 4428 556 4437 -
574 4400 662 4462 inquid
678 4400 734 4449 TP.
748 4425 776 4435 -
794 4399 835 4449 at.
852 4412 904 4450 son
919 4411 1023 4450 oscines
1040 4396 1129 4447 ΒΟΗ.
1145 4424 1172 4433 -
1190 4411 1255 4457 pron
1271 4411 1297 4450 ει
1312 4411 1441 4450 narronrr
1452 4398 1513 4455 ΒΟ,
1532 4412 1748 4459 promisssione
1758 4402 1786 4462 T,

463 4487 549 4535 ρεοεει
569 4487 756 4526 arrronsrsnrr
776 4476 814 4537 H,
839 4488 903 4536 oron
927 4487 952 4526 si
976 4486 1162 4524 narransrsnrr
1182 4475 1216 4533 P,
1243 4475 1308 4535 Quid
1327 4475 1348 4522 si
1369 4472 1515 4536 repugnat?
1541 4473 1684 4537 Madvigius
1706 4475 1786 4540 Epist

464 4550 520 4599 crit.
540 4562 566 4612 p.
584 4548 625 4598 92.
646 4573 673 4585 -
692 4548 733 4599 ιι.
752 4549 795 4611 qai
810 4561 842 4599 rra
855 4549 902 4599 boc
917 4549 1015 4611 qaidcm
1027 4549 1185 4611 parmarias
1202 4551 1265 4612 cet]
1291 4550 1367 4600 Hunc
1388 4548 1476 4599 locum
1492 4547 1534 4599 vel
1551 4548 1666 4601 similem
1683 4551 1710 4602 in
1725 4565 1789 4616 pro-

462 4627 533 4676 xima
555 4624 650 4676 lacuna
672 4624 874 4690 pessumdatum
897 4625 1047 4689 respexisse
1064 4625 1169 4675 videtur
1185 4625 1319 4688 interpres
1339 4625 1480 4675 Vaticanus
1497 4623 1532 4674 ad
1549 4637 1587 4674 or.
1607 4638 1633 4688 p.
1650 4624 1745 4677 Milone
1763 4626 1786 4688 3,

464 4703 489 4752 6.
512 4701 554 4752 bis
575 4699 682 4752 verbis:
708 4701 738 4750 lo
758 4701 803 4750 itio
825 4701 952 4762 oratione,
980 4714 1044 4762 quoe
1063 4715 1113 4763 pro
1133 4702 1169 4751 M.
1190 4701 1266 4750 Tullio
1287 4700 1438 4761 inscribitur,
1456 4700 1605 4762 ipsos
1626 4712 1725 4763 quoque
1745 4701 1791 4753 illl

462 4776 562 4826 utatur
584 4776 739 4826 adseveravit
759 4776 868 4839 (Cicero)
893 4776 1017 4827 ambare
1033 4791 1083 4840 pro
1104 4777 1231 4827 ιοεειηιιειε
1251 4776 1343 4837 wate,
1370 4790 1434 4838 quoe
1454 4776 1519 4825 bunc
1543 4777 1700 4827 interimendi
1717 4783 1789 4839 pote-

462 4857 551 4902 statem
567 4865 617 4901 non
632 4852 706 4914 sociis
717 4852 884 4914 pamisoiot.
905 4879 933 4888 -
951 4851 992 4903 al.
1010 4864 1087 4902 carru
1104 4852 1132 4901 Τ.
1153 4875 1180 4887 -
1198 4862 1322 4902 maurus
1338 4850 1367 4899 Τ.
1388 4877 1415 4885 -
1433 4851 1474 4900 26.
1493 4851 1617 4916 metuerit]
1641 4852 1788 4903 «incertius

464 4926 527 4977 mibi
550 4928 636 4976 vuum
659 4928 700 4977 est
723 4927 812 4991 (wem
833 4928 962 4990 Peyrono)
985 4928 1010 4976 in
1033 4929 1152 4976 extrema
1174 4923 1276 4988 syllaba
1292 4939 1303 4975 ι
1319 4937 1353 4974 an
1368 4937 1386 4974 s
1403 4925 1531 4990 scriptum
1547 4928 1644 4976 essets
1662 4928 1739 4979 Krna.
1760 4956 1786 4966 -

463 5001 504 5050 30.
522 5001 551 5051 1n
569 4997 670 5064 syllaba
682 5012 716 5051 rs
733 5000 830 5052 desinit
846 4999 936 5051 lolium
947 5002 1108 5051 Taurinense
1120 5004 1252 5051 octavum.
1279 5001 1352 5060 Quae
1363 5001 1510 5063 sequuntur
1522 5004 1649 5063 quattuor
1659 5000 1787 5067 syllabae,

464 5088 480 5124 a
501 5077 622 5137 Peyrono
642 5076 780 5126 restitutae
802 5078 865 5126 sunt
886 5088 901 5126 e
922 5077 1080 5140 Topicorum
1103 5088 1126 5124 c.
1146 5075 1185 5125 tl.
1204 5075 1229 5139 5.
1248 5075 1288 5126 tii.
1314 5076 1418 5126 «Totius
1436 5076 1567 5138 iacturae,
1595 5090 1677 5143 quam
1693 5078 1721 5129 in
1737 5078 1789 5129 bac

463 5152 538 5214 parte
555 5152 681 5203 orationis
697 5152 767 5202 inter
784 5155 902 5202 extrema
919 5151 973 5201 duo
990 5150 1050 5202 lolia
1061 5152 1230 5203 Taurineusia
1245 5152 1369 5214 lecimus,
1389 5154 1601 5204 aestimationem
1611 5153 1687 5204 finire
1699 5153 1788 5205 adbuc

464 5236 544 5275 ausus
561 5227 602 5277 est
618 5239 707 5278 nemo.
733 5228 825 5290 Meque
842 5239 892 5291 ego
909 5226 1004 5277 audeo.
1031 5229 1132 5278 Vereor
1149 5241 1183 5278 nc
1199 5240 1295 5292 magna
1306 5229 1347 5278 sit.
1368 5230 1446 5279 Certe
1459 5230 1527 5281 inter
1537 5227 1587 5280 alia
1599 5230 1686 5281 omnis
1698 5229 1788 5295 dispu-

463 5298 539 5361 tatio,
557 5301 641 5353 utrius
658 5304 731 5354 esset
746 5303 865 5354 centuria
881 5301 1037 5367 Populiana,
1056 5304 1178 5357 interiit.»
1196 5303 1272 5356 Kann.
1300 5302 1339 5355 ct.
1357 5302 1391 5354 ad
1409 5301 1433 5371 5.
1451 5302 1492 5354 lii.
