4367 6109
445 541 509 608 606
825 539 880 606 DE
901 538 1008 605 LEGE
1030 538 1209 605 aemma
1229 540 1350 608 LIBER
1370 543 1395 606 1.

445 722 536 799 ptum
552 718 600 775 est
614 708 714 774 enim:
737 707 827 785 Qrsn
850 728 882 771 ru
904 727 1066 774 uvurcuur
1080 729 1223 784 orasovn
1246 731 1278 774 ur
1299 730 1450 776 conosus
1470 732 1659 779 necamur
1673 733 1784 780 raum

446 826 612 871 usercam
634 824 772 868 conosos
795 823 874 878 oros
895 822 1012 867 vsnrnr
1033 825 1074 868 nr
1096 826 1136 869 us
1158 824 1258 869 sonos
1280 824 1453 871 ssssounur
1481 827 1599 882 ovinas
1635 828 1670 872 ur
1697 828 1782 873 nocis

447 922 578 966 vantur:
600 908 649 974 ut,
672 920 743 963 cum
766 906 863 962 totam
884 899 1006 962 ltaliam
1020 898 1173 963 militibus
1188 899 1255 962 suis
1270 902 1471 983 occuparint,
1492 902 1588 966 nobis
1605 923 1675 967 non
1690 903 1783 967 modo

448 993 606 1077 dignitatis
627 991 828 1065 retinendae,
850 1012 959 1055 verum
982 1012 1022 1055 ne
1041 990 1197 1055 libertatis
1219 993 1350 1076 quidem
1371 995 1615 1078 recuperandae
1638 1016 1717 1079 spes
1738 1017 1783 1060 re·

423 1087 617 1172 alinquatur.
660 1088 764 1169 Atque
794 1084 873 1149 haec
901 1107 920 1150 a
949 1106 999 1148 me
1028 1086 1264 1168 suspicionibus
1293 1095 1325 1150 et
1350 1089 1529 1152 coniectura
1551 1098 1782 1171 coarguuntur.

447 1177 498 1244 ⁴8.
521 1181 586 1243 lam
609 1181 712 1243 omnis
734 1178 874 1243 omnium
897 1179 1025 1243 tolletur
1047 1198 1152 1242 error:
1176 1179 1238 1242 iam
1260 1189 1368 1262 aperte
1391 1182 1563 1246 ostendent
1585 1184 1649 1248 sibi
1666 1204 1780 1248 nomen

446 1275 541 1339 huius
568 1275 616 1337 rei
644 1273 808 1356 publicae,
838 1273 945 1336 sedem
970 1272 1059 1336 urbis
1088 1279 1183 1355 atque
1214 1274 1355 1357 imperii,
1382 1274 1520 1360 denique
1541 1276 1607 1342 boc
1628 1279 1781 1363 templum

448 1370 532 1435 lovis
555 1369 669 1452 optimi
691 1368 821 1430 maximi
845 1375 941 1451 atque
962 1366 1044 1430 hanc
1065 1386 1168 1430 arcem
1190 1370 1331 1431 omnium
1350 1368 1490 1452 gentium
1505 1369 1695 1453 displicere.
1729 1374 1782 1437 Ca-

448 1484 542 1549 puam
571 1463 684 1526 deduci
714 1462 846 1526 colonos
874 1462 1004 1525 volunt:
1034 1461 1121 1524 illam
1150 1462 1259 1524 urbem
1280 1461 1356 1527 huic
1376 1463 1450 1526 urbi
1470 1484 1582 1528 rursus
1606 1486 1781 1550 opponere,

411 1558 524 1625 soillue
546 1577 624 1642 opes
645 1578 720 1621 suas
742 1555 865 1620 deferre
886 1563 918 1619 et
939 1556 1063 1639 imperii
1085 1575 1202 1619 nomen
1224 1556 1394 1621 transferre
1416 1558 1565 1641 cogitant.
1603 1560 1672 1637 Qui
1695 1562 1782 1626 locus

447 1661 578 1738 propter
606 1653 781 1715 ubertatem
808 1669 955 1732 agrorum
982 1649 1272 1733 abundantiamque
1302 1671 1409 1715 rerum
1430 1651 1573 1715 omnium
1596 1655 1781 1738 superbiam

449 1755 481 1811 et
502 1744 720 1811 crudelitatem
742 1744 890 1826 genuisse
912 1744 1044 1817 dicitur,
1069 1743 1112 1806 ibi
1135 1744 1234 1807 nostri
1256 1744 1361 1808 coloni
1383 1744 1499 1809 delecti
1520 1745 1562 1809 ad
1585 1768 1686 1812 omne
1708 1748 1782 1813 laci·

447 1859 508 1904 nus
528 1860 548 1903 a
570 1838 753 1902 decemviris
775 1836 1022 1901 collocabuntur.
1052 1837 1108 1911 Et,
1131 1837 1244 1912 credo,
1267 1840 1384 1922 quain
1406 1838 1486 1902 urbe
1506 1838 1659 1905 homines
1681 1842 1717 1906 in
1731 1861 1782 1905 ve·

448 1940 514 1997 tere
536 1932 689 2015 dignitate
709 1931 900 2015 fortunaque
923 1932 988 1994 nati
1010 1932 1133 2015 copiam
1154 1952 1259 1996 rerum
1281 1934 1442 1997 moderate
1463 1933 1548 1997 serre
1569 1954 1641 1998 non
1669 1942 1781 2020 potue-

409 2034 536 2103 torunt,
564 2027 597 2090 in
620 2046 658 2089 ea
687 2026 739 2089 isti
760 2026 860 2088 vestri
881 2023 1033 2089 satellites
1055 2025 1200 2090 modeste
1222 2027 1424 2092 insolentiam
1446 2048 1536 2092 suam
1557 2030 1779 2094 continebunt

447 2116 498 2183 l9.
527 2121 662 2183 Maiores
694 2119 795 2210 nostri
825 2118 932 2201 Capua
961 2119 1176 2203 magistratus,
1209 2131 1370 2199 senatum,
1402 2123 1571 2187 consilium
1601 2142 1779 2197 commune,

447 2215 553 2279 omnia
575 2215 711 2297 denique
732 2213 872 2295 insignia
894 2213 940 2275 rei
962 2214 1108 2295 publicae
1131 2217 1343 2293 sustulerunt,
1366 2237 1471 2302 neque
1492 2215 1580 2281 aliud
1602 2217 1778 2302 quidquam

446 2308 482 2371 in
504 2308 583 2372 urbe
606 2308 667 2371 nisi
690 2307 783 2369 inane
806 2326 922 2369 nomen
945 2306 1071 2391 Capuae
1094 2307 1310 2394 reliquerunt:
1341 2333 1404 2376 non
1425 2310 1615 2377 crudelitate
1637 2343 1682 2359 -
1705 2310 1778 2397 qnid

447 2402 532 2466 enim
554 2401 618 2464 illis
642 2396 724 2485 [fuit]
749 2400 953 2475 clementius,
975 2402 1031 2484 qui
1052 2404 1146 2466 etiam
1170 2406 1310 2469 externis
1323 2406 1468 2471 hostibus
1479 2406 1571 2470 victis
1585 2426 1648 2470 sna
1662 2406 1779 2489 saepis·

407 2512 437 2563 20
447 2495 526 2560 sime
549 2494 780 2560 reddiderunt?
802 2527 844 2540 -
866 2494 921 2557 sed
945 2495 1093 2572 consilio,
1116 2497 1203 2579 quod
1219 2498 1381 2574 videbant,
1404 2499 1431 2563 si
1454 2499 1541 2585 quod
1560 2500 1610 2563 rei
1632 2500 1778 2584 publicae

447 2588 617 2672 vestigium
638 2588 701 2652 illis
723 2588 888 2652 moenibus
911 2589 1139 2665 contineretur,
1168 2591 1279 2655 urbem
1301 2593 1403 2677 ipsam
1424 2594 1559 2678 imperio
1581 2593 1777 2659 domicilium

447 2681 600 2766 praebere
622 2703 728 2766 posse.
763 2684 828 2745 Vos
850 2682 945 2758 baec,
968 2685 1029 2747 nisi
1051 2693 1191 2749 evertere
1205 2704 1271 2748 rem
1285 2687 1444 2769 publicam
1460 2688 1621 2772 cuperetis
1636 2707 1676 2751 ae
1690 2687 1778 2751 vobis

446 2795 562 2841 novam
592 2775 838 2840 dominationem
867 2796 1064 2860 comparare,
1092 2777 1203 2853 credo,
1240 2799 1336 2863 quam
1362 2780 1543 2863 perniciosa
1573 2788 1688 2845 essent
1716 2800 1778 2843 non

445 2869 619 2934 videretist
663 2870 730 2932 Vll.
753 2865 803 2931 ΕΟ.
833 2869 918 2945 Quid
946 2870 1030 2933 euim
1062 2872 1236 2934 cavendum
1265 2880 1314 2936 est
1341 2874 1375 2936 in
1397 2875 1531 2938 coloniis
1554 2874 1777 2940 deducendis?

407 2964 480 3030 esst
501 2964 661 3038 luxuries,
682 2962 893 3026 Hannibalem
916 2964 1021 3047 ipsum
1045 2964 1153 3048 Capua
1174 2966 1332 3050 corrupit;
1365 2968 1391 3031 si
1414 2967 1577 3051 superbia,
1602 2977 1681 3034 nala
1701 2969 1776 3034 inibi

447 3079 516 3122 esse
541 3054 641 3143 [haec]
666 3077 707 3121 ex
723 3057 952 3140 Campanorum
973 3057 1102 3122 fastidio
1117 3060 1260 3136 videtur;
1283 3059 1310 3122 si
1333 3061 1537 3143 praesidium,
1559 3081 1628 3125 non
1643 3082 1777 3147 praepo·

446 3153 531 3216 nitur
552 3152 626 3216 huic
647 3152 718 3215 urbi
740 3152 800 3215 ista
821 3150 963 3226 colonia,
987 3152 1041 3215 sed
1065 3157 1247 3235 opponitur.
1279 3154 1320 3218 At
1343 3174 1436 3237 quem
1459 3155 1499 3218 ad
1521 3154 1657 3220 modum
1679 3176 1778 3221 arma

446 3251 523 3312 tur‘l
545 3247 577 3310 di
599 3245 810 3310 immortales!
844 3246 922 3308 Nam
942 3245 1027 3309 bello
1048 3247 1183 3322 Punico,
1213 3246 1369 3332 quidquid
1392 3248 1495 3331 potuit
1517 3247 1647 3331 Capua,
1678 3251 1778 3335 potuit

447 3343 517 3427 ipsa
537 3360 595 3425 per
616 3361 703 3404 sese:
725 3359 810 3403 nunc
833 3359 942 3403 omnes
966 3340 1078 3415 urbes,
1101 3362 1182 3423 quac
1205 3342 1321 3404 circum
1339 3340 1479 3424 Capuam
1501 3349 1592 3417 sunt,
1615 3363 1637 3407 a
1658 3344 1778 3409 colonis

409 3455 505 3523 aoper
525 3434 655 3499 eosdem
677 3433 875 3497 decemviros
898 3435 1146 3517 occupabuntur.
1188 3437 1278 3498 Hanc
1301 3435 1384 3498 enim
1407 3434 1447 3497 ob
1470 3455 1600 3501 causam
1623 3441 1779 3523 permittit

442 3524 518 3616 'ipsa
537 3529 608 3604 lex,
635 3529 669 3591 in
691 3528 797 3590 omnia
819 3547 902 3611 quae
925 3527 1024 3591 velint
1045 3529 1164 3611 oppida
1187 3529 1317 3593 colonos
1346 3538 1382 3594 nt
1418 3527 1588 3595 decemviri
1620 3533 1781 3600 deducant

449 3644 531 3711 quos
556 3621 664 3687 velint
699 3624 804 3705 Atque
832 3622 883 3685 bis
905 3621 1027 3686 colonis
1049 3641 1160 3706 agrum
1176 3622 1370 3706 Campanum
1393 3630 1425 3688 et
1444 3624 1610 3689 Stellatem
1632 3646 1780 3713 campum

449 3716 550 3782 dividi
572 3716 669 3779 iubet

532 3805 584 3873 21.
606 3811 677 3872 Non
699 3829 815 3892 queror
836 3808 1085 3873 deminutionem
1107 3810 1324 3893 vectigalium,
1352 3831 1418 3874 non
1439 3808 1592 3895 flagitium
1615 3814 1718 3882 buius
1739 3817 1781 3882 ia·

411 3910 556 3970 atcturae
578 3911 673 3985 atque
696 3903 818 3976 damni;
846 3904 1061 3986 praetermitto
1090 3904 1162 3979 illa,
1194 3923 1278 3987 quae
1306 3925 1398 3969 nemo
1420 3911 1469 3969 est
1490 3906 1569 3988 quin
1590 3911 1780 3991 gravisum

449 4004 482 4061 et
502 3995 666 4059 verissime
689 3996 840 4079 conqueri
855 3996 973 4079 possit:
996 4016 1055 4060 nos
1071 4005 1166 4081 caput
1179 3998 1360 4080 patrimonii
1374 3998 1509 4081 publici,
1529 4000 1780 4083 pulcherrimam

448 4089 560 4175 populi
589 4089 720 4152 Romani
749 4089 1000 4171 possessionem,
1030 4090 1206 4155 subsidium
1232 4111 1394 4169 annonae,
1420 4093 1570 4156 borreum
1591 4093 1695 4173 belli,
1724 4096 1780 4162 aab

449 4184 540 4266 signo
568 4182 777 4266 claustrisque
806 4182 852 4245 rei
882 4182 1026 4264 publicae
1056 4183 1195 4266 positum
1222 4185 1355 4267 vectigal
1381 4205 1507 4249 servare
1529 4205 1594 4249 non
1617 4191 1780 4271 potuisse;

514 4491 539 4542 Ε.
558 4489 596 4555 iia]
613 4490 651 4539 hta
667 4490 694 4540 F.
714 4516 741 4525 -
765 4489 789 4540 3.
808 4489 876 4539 uobis
897 4489 1016 4541 EFPF:
1041 4490 1110 4540 oobts
1126 4491 1241 4546 ALFO.
1260 4520 1288 4529 -
1316 4493 1340 4544 t.
1358 4507 1446 4544 oenum
1462 4494 1499 4545 F:
1525 4494 1568 4546 md
1584 4496 1734 4553 ΡΑΕΕΟ.
1751 4522 1776 4535 ·

448 4565 473 4616 s.
491 4565 562 4629 atqui
579 4566 669 4615 nescio
686 4564 745 4629 quis
762 4564 833 4629 apud
850 4564 983 4617 Orellium.
1009 4592 1036 4602 -
1065 4566 1126 4617 baec
1146 4581 1200 4618 om.
1222 4568 1251 4617 Ε.
1272 4592 1299 4604 -
1318 4573 1487 4633 coarguantur
1503 4570 1565 4628 FP;
1590 4585 1646 4623 nou
1667 4588 1779 4641 argan-

447 4640 535 4693 turE.
555 4664 583 4675 -
607 4638 632 4690 6.
650 4639 730 4689 oannis
746 4652 799 4690 om.
817 4640 846 4689 E.
867 4666 893 4676 -
919 4642 944 4691 7,
962 4641 1134 4701 adesam
1160 4644 1249 4692 aedom
1265 4644 1294 4693 Α.
1315 4670 1342 4679 -
1365 4643 1390 4693 8.
1409 4643 1502 4705 optaoui
1524 4644 1582 4695 FP.
1607 4672 1637 4683 -
1662 4650 1779 4701 manat

449 4717 477 4767 P.
498 4742 526 4753 -
550 4714 573 4764 9.
591 4714 693 4766 colonita
714 4716 743 4765 E.
765 4741 790 4752 -
815 4716 855 4765 lt.
874 4721 978 4779 propter
1001 4719 1061 4781 post
1077 4729 1103 4766 v,
1122 4718 1232 4768 amulium
1251 4719 1332 4769 habet
1348 4720 1376 4769 L.
1398 4745 1424 4753 -
1449 4718 1490 4769 43.
1507 4724 1589 4772 vetare
1612 4736 1678 4776 nos:
1704 4725 1778 4777 eust

447 4789 618 4845 EFALFO.
639 4818 665 4827 -
691 4791 732 4840 lb.
750 4801 822 4838 auam
841 4802 894 4840 om.
913 4792 940 4840 F.
962 4818 987 4829 -
1014 4793 1054 4841 ll.
1073 4791 1283 4855 quicquomEF.
1304 4819 1330 4829 -
1355 4794 1395 4844 l8.
1414 4792 1627 4848 tourbaEFP:
1654 4811 1713 4851 om.
1731 4800 1777 4852 Al·

447 4860 504 4919 20.
530 4866 604 4917 coni.
622 4864 657 4916 de
678 4864 736 4929 lege
758 4877 813 4929 agr.
830 4866 862 4915 ll.
883 4878 906 4915 c.
925 4866 965 4916 32.
985 4895 1012 4903 —
1031 4881 1120 4918 manau
1137 4881 1190 4919 orn.
1209 4870 1236 4919 F.
1257 4896 1284 4906 -
1303 4869 1447 4920 credulitate
1464 4869 1484 4920 Ε
1500 4882 1542 4935 pr.
1560 4882 1599 4920 m.
1620 4896 1649 4907 -
1670 4873 1715 4925 49.
1732 4874 1778 4937 tait

448 4951 502 4991 om.
515 4939 544 4990 Ε.
558 4964 587 4977 -
605 4940 712 4992 hostibus
727 4941 836 4992 abacta
852 4941 880 4991 E.
895 4965 922 4975 -
941 4942 982 4992 ee.
995 4942 1140 4994 Annibalem
1151 4945 1180 4994 L.
1195 4970 1222 4980 -
1242 4944 1410 5008 capuanam
1429 4942 1597 5006 Capuaene.
1613 4967 1643 4983 -
1662 4947 1707 5000 26.
1720 4949 1778 5000 tuas

448 5025 510 5063 cum
528 5014 571 5065 ed.
590 5013 682 5067 Aldina
698 5028 753 5066 om.
772 5013 825 5067 lt.
851 5040 878 5050 -
901 5028 990 5079 prosp.
1008 5018 1048 5066 ists·
1070 5017 1128 5067 urbi
1147 5018 1246 5070 cotouto
1262 5020 1288 5069 F.
1309 5045 1337 5056 -
1361 5020 1402 5070 27.
1420 5018 1553 5082 obpouttur
1568 5019 1599 5071 E.
1625 5047 1656 5058 -
1684 5023 1729 5078 ΕΘ.
1745 5023 1778 5073 us

448 5088 661 5144 EFALFQ-
680 5091 798 5155 quicquid
813 5092 1051 5156 capuapotuitpsr
1066 5094 1155 5144 aeseF.
1171 5120 1198 5130 -
1216 5093 1372 5145 29.cotoutta
1387 5093 1415 5143 Ε.
1432 5119 1459 5129 -
1478 5092 1619 5146 aanor.
1635 5122 1665 5133 -
1684 5096 1778 5151 344

447 5163 736 5219 muuoueuarnt.
756 5192 784 5203 -
810 5165 851 5217 33.
870 5165 973 5229 dumpot
989 5167 1016 5217 F.
1036 5192 1063 5203 -
1084 5168 1220 5230 muembto
1236 5167 1266 5220 Ε.
1285 5193 1312 5202 -
1340 5168 1384 5230 qut
1405 5167 1778 5236 iutquiasslmtsin'nud
1859 5199 1861 5204 ·

448 5235 580 5289 assueta
595 5238 652 5292 EF.
672 5264 699 5277 -
718 5239 759 5293 36.
776 5240 831 5304 uos]
847 5252 899 5293 oou
915 5240 943 5293 F.
962 5264 990 5278 -
1008 5241 1050 5295 38.
1068 5239 1242 5305 reipublicae]
1261 5254 1296 5306 p.
1314 5242 1344 5294 a.
1361 5242 1390 5294 F.
