4367 6109
853 534 927 601 cn.
949 538 1081 603 n-m.
1109 535 1166 622 ss.
1188 532 1313 601 a-m.
1478 503 1481 510 “
1677 534 1740 600 sio

414 725 485 769 rum
506 704 606 769 atrei
628 705 771 789 publicae
792 726 887 770 causa
908 706 1147 771 consulendum.
1191 707 1244 770 iii.
1266 703 1296 769 7.
1317 707 1359 770 Bt
1379 706 1530 791 quoniam
1547 724 1673 789 semper
1685 725 1740 791 ap-

413 807 558 882 petentes
580 798 700 882 gloriae
721 809 846 883 praeter
867 808 988 865 ceteras
1010 809 1120 883 gentes
1135 810 1231 886 atque
1245 801 1331 865 aridi
1345 800 1446 864 laudis
1461 799 1583 875 inistis,
1605 798 1740 863 delenda

414 899 464 956 eat
483 893 574 956 vobis
594 893 649 957 illa
670 894 792 958 macula
813 894 1025 958 Mithridatico
1050 895 1136 958 bello
1159 895 1322 979 superiore
1346 903 1517 977 concepta:
1546 913 1630 978 quae
1651 893 1740 976 peni·

414 994 464 1051 tus
484 987 548 1051 ianr
568 986 685 1051 insedit
704 1007 742 1051 ac
761 988 856 1052 nimis
877 988 1064 1052 inveteravit
1087 990 1120 1052 in
1143 988 1252 1073 populi
1272 986 1404 1051 Romani
1418 987 1567 1051 nomine:
1588 988 1675 1072 quod
1695 985 1738 1060 is,

414 1081 470 1166 qui
496 1100 560 1145 uno
588 1079 659 1156 die,
688 1088 754 1144 tota
780 1083 813 1144 in
839 1083 929 1154 Asia,
958 1090 1006 1145 tot
1034 1083 1067 1145 in
1096 1082 1291 1157 civitatibus,
1320 1100 1385 1144 uno
1413 1084 1525 1145 nuntio
1554 1088 1649 1164 atque
1675 1089 1763 1144 unat

414 1173 645 1256 significatione
678 1175 761 1237 cives
788 1176 948 1239 llomanos
977 1177 1138 1238 necandos
1167 1173 1435 1257 trucidandosque
1464 1171 1642 1247 denotavit,
1673 1193 1740 1237 non

415 1267 509 1331 modo
537 1267 640 1330 adhuc
669 1287 803 1350 poenam
831 1269 951 1333 nullam
979 1288 1038 1332 sno
1067 1270 1194 1350 dignam
1216 1267 1335 1331 scelere
1359 1268 1515 1351 suscepit,
1544 1267 1601 1331 sed
1622 1268 1662 1330 ah
1683 1266 1739 1330 illo

414 1369 556 1444 tempore
585 1380 702 1425 annum
730 1362 792 1425 iam
816 1364 942 1428 tertium
964 1371 996 1426 et
1016 1364 1200 1427 vicesimum
1221 1369 1347 1443 regnat,
1375 1361 1473 1426 etita
1492 1369 1618 1444 regnat,
1648 1368 1684 1424 ut
1705 1380 1739 1425 se

415 1474 480 1516 non
501 1455 592 1517 Ponti
613 1475 719 1539 neque
741 1455 959 1540 Cappadociae
981 1456 1111 1521 latebris
1133 1455 1293 1520 occultare
1314 1455 1405 1529 velit,
1434 1455 1490 1518 sed
1517 1473 1677 1535 emergere
1699 1473 1740 1517 ex

413 1548 517 1631 patrio
538 1568 635 1631 regno
656 1558 752 1634 atque
780 1550 815 1613 in
836 1553 948 1614 vestris
970 1551 1194 1633 vectigalibus,
1221 1549 1283 1612 hoc
1313 1556 1378 1624 est,
1407 1550 1441 1612 in
1461 1550 1556 1613 Asiae
1577 1549 1648 1612 luce
1669 1561 1776 1613 ver-to

415 1643 488 1705 sari.
521 1639 551 1704 8.
573 1644 698 1706 Etenim
721 1643 825 1707 adhuc
846 1645 891 1708 ita
912 1648 1012 1709 nostri
1034 1665 1106 1708 cum
1121 1644 1175 1708 illo
1189 1662 1264 1724 rege
1279 1642 1511 1707 contenderunt
1523 1644 1739 1725 imperatores,

414 1745 450 1800 ut
471 1736 510 1799 ab
531 1737 588 1800 illo
609 1738 746 1820 insignia
766 1738 930 1812 victoriae,
952 1760 1017 1802 non
1039 1739 1201 1803 victoriam
1223 1743 1430 1819 reportarent
1465 1736 1683 1820 Triumphauit
1704 1737 1739 1799 L.

415 1829 521 1904 Sulla,
542 1831 746 1914 triumphavit
767 1832 802 1893 L.
817 1834 948 1895 Murena
970 1833 1010 1897 de
1031 1831 1230 1904 Mithridate,
1252 1831 1315 1893 duo
1329 1829 1492 1894 fortissimi
1508 1831 1567 1893 viri
1582 1839 1614 1894 et
1627 1830 1740 1893 summi

414 1924 638 2005 imperatores,
661 1924 715 1987 sed
735 1927 780 1988 ita
794 1926 1044 2009 triumphamnt,
1066 1933 1102 1989 ut
1122 1925 1177 1988 ille
1197 1924 1309 2008 pulsus
1331 1930 1563 2008 superatusque
1584 1929 1740 2005 regnaret.

414 2018 531 2081 Verum
552 2026 656 2081 tanmn
679 2019 742 2084 illis
765 2022 1005 2104 imperatoribus
1020 2021 1089 2084 laus
1105 2028 1153 2083 est
1172 2017 1357 2090 tribuenda,
1379 2017 1466 2101 quod
1481 2022 1626 2100 egerunt,
1648 2015 1778 2079 veniali

415 2111 533 2187 danda,
556 2112 642 2195 quod
663 2113 876 2196 reliquerunt3
899 2122 1066 2197 propterea
1087 2113 1175 2197 quod
1196 2113 1235 2176 ab
1258 2132 1296 2174 eo
1318 2110 1403 2174 bello
1424 2108 1544 2174 Sullam
1564 2109 1599 2172 in
1619 2108 1740 2173 ltaliam

414 2205 630 2288 respublica,
653 2209 814 2270 Murenam
837 2208 925 2270 Sulla
946 2210 1113 2272 revocavit.

500 2299 552 2360 IV.
574 2294 605 2359 9.
627 2300 823 2364 Mithridates
845 2311 948 2364 autem
972 2321 1066 2366 omne
1087 2300 1246 2385 reliquum
1268 2307 1393 2382 tempus
1415 2318 1480 2361 non
1493 2297 1534 2361 ad
1550 2297 1740 2363 oblivionem

415 2393 531 2457 veteris
552 2392 645 2467 belli,
667 2393 721 2456 sed
744 2393 785 2458 ad
807 2395 1072 2478 comparationem
1096 2396 1170 2459 novi
1192 2395 1347 2458 contulit:
1369 2392 1425 2478 qui
1440 2400 1551 2476 postea
1565 2412 1661 2477 quam
1676 2412 1741 2456 ma·

416 2488 516 2550 rimas
544 2483 743 2551 aedificasset
770 2497 975 2570 ornassetque
1001 2489 1118 2552 classes
1146 2489 1370 2572 exercitusque
1399 2506 1587 2570 permagnos
1610 2486 1777 2569 quibus-ao

414 2600 549 2663 cumque
577 2600 618 2642 cx
647 2581 794 2663 gentibus
827 2582 984 2664 potuisset
1010 2590 1224 2665 comparasset
1252 2591 1284 2644 et
1305 2602 1340 2644 se
1362 2581 1568 2664 Bosporanis,
1598 2580 1740 2645 finitimis

414 2674 497 2747 suis,
525 2673 643 2737 bellum
671 2672 787 2736 inferre
815 2674 993 2750 simularet,
1023 2695 1127 2758 usque
1156 2676 1190 2739 in
1211 2675 1398 2759 Hispaniam
1418 2672 1543 2756 legatos
1564 2694 1601 2739 ac
1620 2675 1740 2739 litteras

414 2768 499 2831 misit
519 2767 561 2829 ad
583 2786 639 2830 eos
661 2768 776 2842 duces,
798 2768 987 2851 quibuscum
1008 2775 1075 2832 tum
1096 2769 1215 2833 bellum
1230 2768 1431 2851 gerebamus,
1452 2775 1504 2842 ut,
1527 2789 1599 2833 cum
1616 2768 1740 2832 duobus

414 2861 447 2924 in
468 2859 548 2923 locis
573 2860 829 2925 disiunctissimis
851 2864 1051 2947 maximeque
1073 2863 1205 2927 diversis
1225 2882 1289 2926 uno
1311 2861 1444 2925 consilio
1466 2862 1586 2927 abinis
1599 2863 1740 2927 bostium

414 2954 516 3037 copiis
537 2954 654 3017 bellum
677 2960 761 3018 terra
782 2957 925 3040 marique
948 2964 1125 3039 gereretur,
1153 2976 1211 3020 vos
1233 2955 1363 3040 ancipiti
1384 2955 1587 3020 contentione
1610 2957 1778 3021 districtiss

414 3048 454 3111 de
475 3049 609 3133 imperio
633 3048 835 3114 dimicaretis.
878 3046 929 3113 l0.
952 3050 1015 3114 Sed
1037 3060 1143 3116 nmen
1165 3050 1294 3114 alterius
1316 3050 1415 3133 partia
1443 3047 1637 3132 periculum,
1667 3049 1741 3113 Ser·

414 3143 556 3206 torianae
577 3150 673 3227 atque
693 3142 930 3228 Hispaniensis,
956 3163 1038 3229 quae
1061 3144 1161 3208 multo
1182 3142 1254 3227 plus
1276 3139 1463 3206 lirmammti
1483 3161 1521 3207 ac
1540 3142 1664 3206 roboris
1685 3142 1741 3206 ha·

412 3237 522 3311 bebat,
545 3236 601 3300 Cn.
623 3237 763 3320 Pompeii
785 3237 894 3301 divino
915 3237 1050 3302 consilio
1072 3258 1110 3301 ac
1131 3235 1283 3319 singulari
1301 3237 1416 3300 virtute
1432 3236 1599 3320 depulsum
1621 3243 1683 3310 cst;
1707 3237 1741 3299 in

414 3332 513 3395 altera
534 3337 623 3414 parte
644 3329 689 3392 ita
710 3350 761 3393 res
783 3351 802 3394 a
823 3332 858 3394 L.
871 3332 1019 3407 Lucullo,
1042 3350 1165 3394 summo
1178 3330 1264 3405 viro„
1287 3339 1335 3394 est
1349 3329 1581 3404 administrata,
1602 3337 1638 3392 ut
1650 3328 1742 3393 initia

413 3424 470 3487 illa
490 3443 595 3487 rerum
617 3431 777 3507 gestarum
798 3445 912 3509 magna
932 3433 1030 3510 atque
1051 3423 1211 3509 praeclara
1233 3444 1298 3487 non
1318 3423 1461 3487 felicitati
1475 3422 1571 3499 ¹eius,
1599 3421 1657 3487 aad
1677 3423 1779 3488 vir-to

413 3656 524 3718 ipsorum
539 3660 562 3707 ei
574 3670 603 3718 p.
620 3669 643 3705 r.
662 3669 742 3707 cama
757 3657 794 3717 V,
813 3672 830 3707 a
845 3657 914 3708 vobis
929 3662 952 3708 et
968 3657 1001 3707 ab
1017 3642 1144 3720 pauper
1159 3655 1200 3719 *Βς
1219 3663 1242 3708 et
1258 3656 1327 3707 nobis
1343 3662 1366 3706 et
1381 3654 1574 3719 imperatoribus
1588 3656 1652 3718 reip.
1669 3657 1703 3717 B,
1722 3668 1741 3706 a

413 3731 481 3781 nobb
496 3736 520 3782 et
535 3731 727 3794 imperatoribus
743 3734 805 3795 reip.
824 3734 856 3793 F,
875 3733 975 3783 avobis
991 3737 1014 3783 et
1030 3731 1062 3781 ab
1078 3731 1271 3795 imperatoribus
1285 3733 1348 3794 reip.
1361 3733 1400 3791 A,
1418 3735 1442 3780 et
1459 3745 1476 3780 a
1491 3730 1560 3781 vobis
1574 3736 1598 3782 et
1613 3730 1646 3781 ab
1661 3732 1742 3795 impe-

413 3807 540 3857 mtoribus
554 3809 641 3857 matris
656 3806 710 3863 Li.
731 3836 759 3846 -
781 3810 804 3859 2.
826 3814 910 3874 pentes
930 3809 1030 3860 romam
1050 3808 1146 3872 pieriae
1162 3807 1355 3870 apparatissimi
1371 3810 1446 3868 usqae
1464 3805 1611 3868 (manifesto
1629 3819 1662 3857 ex
1678 3809 1741 3857 uota

414 3880 557 3945 marginali)
574 3883 603 3933 B.
618 3907 646 3918 -
664 3882 689 3933 3.
706 3882 774 3933 vobis
793 3888 829 3934 est
847 3881 960 3937 nito
975 3908 1002 3918 —
1021 3883 1083 3933 brito
1098 3883 1268 3934 iiitbridatico
1284 3879 1318 3944 ⁴13.
1336 3879 1515 3945 (Mithridatico
1531 3881 1652 3945 spurium
1667 3881 1740 3932 vida·

413 3958 456 4007 tur
471 3958 551 4008 Balsio
567 3956 647 4008 Sciat.
665 3957 787 4020 lippomrs.
805 3957 848 4008 Ν.
867 3970 894 4021 p.
913 3957 980 4019 iiii.)
999 3982 1028 3994 -
1050 3963 1168 4020 concepta
1184 3958 1251 4009 BV:
1275 3961 1389 4020 suscepta
1403 3952 1546 4008 BALBO.
1566 3981 1593 3991 -
1613 3955 1638 4008 i.
1656 3969 1688 4006 ac
1703 3957 1743 4007 ssi-

412 4033 460 4082 mis
475 4032 605 4083 WChE:
630 4037 654 4082 et
669 4033 743 4083 nimis
758 4032 796 4090 V;
815 4038 891 4096 atque
910 4033 972 4096 (ons.
991 4033 1072 4095 nimis)
1091 4033 1235 4088 nabeo,
1255 4059 1283 4070 -
1306 4033 1398 4083 bom.
1416 4027 1450 4093 B.
1469 4056 1497 4066 -
1515 4032 1541 4083 e.
1558 4043 1609 4082 esso
1624 4031 1665 4081 rtis
1679 4031 1740 4093 EV,

413 4119 467 4170 mg.
485 4104 517 4166 2,
536 4107 573 4157 0:
599 4119 652 4156 aaa
668 4106 707 4156 die
723 4104 836 4159 ulii.
857 4133 884 4144 -
909 4111 962 4157 tota
983 4107 1087 4157 irrisio
1103 4107 1168 4158 BV:
1195 4113 1247 4159 tota
1268 4108 1328 4157 Asia
1345 4103 1536 4161 MNO...-
1563 4105 1743 4170 macetum

414 4181 475 4231 ci:
493 4180 674 4244 danmatione
687 4181 962 4241 titterasaersEVBil3
979 4181 1027 4233 titt.
1040 4180 1353 4247 amasaeorum-
1368 4180 1392 4231 6.
1410 4178 1544 4244 dmotwit]
1561 4179 1660 4230 miravit
1675 4178 1740 4240 EV;

412 4255 543 4304 omudwit
558 4251 591 4316 ii.
611 4283 639 4294 -
659 4255 683 4305 7.
700 4256 779 4306 attam
795 4258 823 4306 F.
845 4283 871 4292 -
889 4258 914 4309 8.
933 4259 1033 4308 tertisms
1049 4258 1103 4307 iam
1119 4270 1215 4307 aarum
1231 4258 1287 4308 Fit.
1304 4283 1331 4293 -
1349 4257 1398 4306 ric.
1414 4255 1533 4319 regnauit
1548 4255 1575 4304 F.
1589 4280 1616 4290 -
1636 4254 1660 4304 9.
1672 4254 1743 4305 Posti

413 4330 476 4380 EV:
495 4329 572 4379 Porto
588 4329 730 4385 BALBO.
751 4359 778 4369 -
797 4331 883 4397 aeque]
900 4346 945 4383 aec
962 4334 988 4383 i.
1008 4358 1035 4368 -
1054 4346 1088 4384 aa
1104 4330 1235 4382 iilotaius:
1260 4335 1283 4380 et
1298 4329 1362 4388 EV;
1381 4342 1395 4380 e
1411 4326 1557 4388 Fabio,
1576 4340 1630 4379 om.
1648 4329 1677 4379 B.
1701 4327 1740 4380 Ci.

414 4405 439 4469 g.
457 4405 482 4454 a.
507 4431 534 4442 -
562 4405 602 4455 to.
624 4407 716 4455 mum
735 4408 765 4456 A.
790 4432 816 4443 -
843 4408 883 4457 ir.
909 4408 1015 4473 naam]
1037 4414 1064 4459 aa
1089 4397 1255 4459 msmvj-
1276 4406 1356 4455 amai
1380 4404 1503 4455 aves:
1528 4403 1604 4453 orsa
1625 4400 1740 4456 nato,

415 4508 443 4517 -
463 4479 504 4529 it.
521 4483 675 4541 reportarint
692 4482 719 4531 l..
744 4506 772 4517 -
798 4480 838 4531 43.
861 4481 918 4531 sitta
934 4481 969 4541 V,
995 4484 1067 4546 Spita
1087 4480 1173 4539 Ali.
1196 4508 1224 4518 -
1247 4481 1298 4532 ciri
1319 4493 1373 4531 om.
1391 4477 1451 4542 Μ’.
1471 4505 1500 4516 -
1525 4477 1567 4528 tt.
1584 4475 1640 4526 belii
1654 4478 1743 4528 vem

413 4553 446 4617 tii.
467 4582 493 4591 —
513 4556 557 4616 cai
576 4560 710 4618 postquam
725 4558 761 4615 Α;
785 4557 829 4619 qai
847 4563 936 4618 postea
959 4572 1017 4609 cum
1037 4559 1194 4610 Baneclius.
1221 4555 1308 4607 ltalim
1331 4556 1375 4617 qui
1391 4568 1457 4606 casm.
1477 4581 1504 4591 -
1528 4553 1570 4603 20.
1589 4552 1741 4602 ordinand-

414 4642 461 4692 que
477 4629 537 4680 EV.
558 4654 585 4664 -
603 4632 644 4680 it.
662 4630 703 4695 ec]
720 4636 744 4681 et
760 4631 790 4682 E.
814 4630 853 4682 Ci.
872 4631 896 4695 ὅ.
914 4633 939 4682 2.
959 4660 986 4670 -
1003 4635 1122 4696 potuisset
1139 4646 1193 4695 om.
1212 4632 1245 4693 c,
1264 4635 1294 4681 ui
1311 4645 1342 4681 ex
1359 4630 1437 4681 iiodii
1453 4628 1581 4681 relatione
1598 4627 1741 4678 coniiciun-

414 4704 479 4754 dum
496 4706 545 4756 est.
562 4727 590 4741 -
609 4711 632 4756 et
647 4718 673 4756 re
689 4708 708 4757 c
727 4707 804 4768 (teste
821 4706 917 4768 Medio)
935 4706 1029 4758 EVO:
1056 4721 1111 4760 om.
1130 4705 1244 4762 iiiiii.
1263 4732 1290 4742 -
1309 4705 1477 4769 Bosphoranis
1492 4707 1527 4763 a3
1546 4701 1685 4766 bossorams
1701 4703 1737 4763 E;

413 4782 551 4845 bosfororris
565 4781 603 4835 V;
621 4781 771 4830 bosrorarriis
787 4781 815 4830 B.
835 4805 863 4817 —·
882 4781 923 4830 22.
942 4782 1070 4832 simularet
1086 4779 1211 4842 EviiB:
1235 4782 1373 4832 imulaswt
1389 4779 1534 4836 ratio.
1555 4805 1582 4815 -
1605 4778 1640 4840 inl
1657 4777 1692 4826 Μ
1707 4779 1738 4827 A·

415 4883 442 4891 -
462 4869 493 4905 ac
508 4856 605 4906 titteras
620 4851 789 4917 WCEVB,
806 4867 859 4917 mg.
879 4852 911 4913 t,
930 4854 964 4905 0:
983 4857 1099 4909 rarioris
1114 4858 1207 4916 aba,
1224 4856 1359 4907 Ecbatanis
1374 4868 1437 4906 cum
1454 4854 1497 4906 ed.
1517 4855 1618 4905 Iuntina
1636 4851 1690 4908 ci.
1709 4878 1737 4888 -

413 4931 454 4981 23.
471 4944 530 4980 cum
546 4929 633 4992 quibas
649 4935 702 4979 issu
717 4930 748 4979 V.
768 4954 796 4965 -
814 4928 855 4980 ti.
874 4929 972 4980 camis
988 4932 1051 4982 WB
1069 4945 1104 4983 en
1119 4945 1190 4983 corr.
1203 4932 1298 4994 (Fuiv
1315 4931 1339 4994 (a
1353 4944 1394 4995 pr.
1408 4930 1457 4993 m.)
1474 4928 1512 4992 ii,
1530 4943 1583 4993 mg.
1603 4926 1635 4989 i,
1654 4928 1690 4978 0:
1707 4927 1740 4978 ab

412 5006 469 5054 mais
486 5006 548 5067 FB,
567 5017 636 5056 corr.
654 5006 685 5066 V,
702 5003 788 5058 ahi.
803 5030 830 5040 —-
849 5006 889 5055 io.
909 5005 1014 5056 districti
1030 5004 1139 5070 WBB,
1158 5005 1283 5070 mpii,
1301 5007 1338 5057 0:
1358 5004 1737 5068 marmbiivihicsuperscr.

413 5078 498 5130 littera
515 5092 546 5140 a,
564 5080 594 5129 ut
610 5081 644 5130 sit
660 5079 796 5141 dectracti);
815 5079 929 5129 distracti
945 5080 1057 5136 iata.
1078 5109 1106 5118 -
1124 5082 1167 5132 27.
1185 5080 1224 5146 ac]
1248 5087 1324 5142 atone
1341 5083 1367 5132 i.
1386 5109 1414 5118 -
1432 5083 1473 5133 28.
1493 5080 1555 5130 Grai
1570 5080 1601 5130 Δ.
1620 5104 1647 5114 -
1665 5080 1739 5129 Pons-

409 5156 451 5217 pei
468 5156 488 5206 E
506 5157 544 5218 (ut
559 5154 676 5222 semper)
693 5156 724 5209 V.
745 5180 771 5194 ·-
791 5153 831 5209 30.
849 5155 903 5225 itta]
926 5156 1030 5207 tiaram
1045 5156 1076 5208 V.
1096 5182 1124 5192 -
1148 5169 1234 5207 remen
1249 5161 1377 5222 pasionem
1393 5155 1488 5219 EVii:
1509 5159 1637 5221 pascam
1652 5167 1738 5206 reram
