4367 6109
458 602 518 669 566
848 596 1000 663 onaalo
1020 596 1099 663 PRO
1120 598 1158 662 A.
1180 596 1381 663 CLUENTIO

458 774 583 848 babuit,
603 772 658 837 bic
677 767 812 843 nullam,
833 766 988 850 protectio
1009 767 1110 850 ipsius
1133 766 1285 850 pecuniae
1299 768 1488 851 requiratur.
1526 761 1690 830 Confecit
1708 762 1792 828 tabu·

457 869 505 932 las
525 863 763 950 diligentissime
785 860 957 924 Cluentius.
999 860 1085 924 Haeo
1113 867 1217 924 autem
1237 880 1289 924 res
1309 860 1406 925 habet
1425 860 1486 925 hoc
1510 865 1625 933 certe,
1657 862 1695 920 ut
1715 856 1792 923 ahu

457 960 681 1045 possitneque
702 955 843 1019 additum
863 973 969 1038 neque
991 954 1163 1018 detracbam
1185 952 1225 1018 de
1247 974 1281 1018 re
1302 953 1451 1019 familiari
1470 955 1590 1019 latere.
1614 952 1707 1016 Anni
1722 961 1792 1018 sunt

457 1062 543 1129 octo,
564 1073 635 1116 cum
654 1051 716 1115 ista
736 1067 832 1113 causa
852 1049 886 1112 in
907 1048 966 1112 ista
986 1048 1191 1112 meditatione
1212 1054 1371 1123 versatur,
1393 1069 1463 1113 cum
1482 1050 1618 1124 omnia,
1643 1066 1735 1132 quae
1755 1046 1792 1111 ad

433 1162 527 1211 team
547 1165 614 1209 rem
634 1143 811 1227 pertinent,
834 1148 866 1204 et
886 1159 927 1204 ex
946 1140 1039 1207 huius
1062 1149 1095 1205 et
1115 1160 1156 1205 ex
1171 1141 1306 1206 aliorum
1326 1142 1440 1209 tabulis
1462 1143 1616 1227 agitatis,
1639 1142 1792 1217 tractatis,

455 1239 635 1324 inquiritis:
656 1254 728 1300 cum
749 1237 871 1299 interea
887 1235 1090 1299 Cluentianae
1112 1235 1266 1318 pecuniae
1284 1235 1452 1319 vestigium
1473 1236 1604 1301 nullum
1627 1235 1791 1299 invenitis.

456 1333 565 1410 Quidt
585 1333 718 1397 Albiana
737 1329 874 1413 pecunia
893 1329 1076 1412 vestigiisne
1097 1329 1190 1392 nobis
1212 1328 1373 1393 odoranda
1394 1340 1443 1394 est
1468 1350 1509 1394 an
1531 1329 1576 1393 ad
1601 1329 1717 1412 ipsum
1740 1348 1792 1393 aa·

454 1428 518 1492 bile
537 1427 628 1491 vobis
650 1423 783 1487 ducibus
803 1422 912 1485 venire
933 1425 1127 1505 possumus?
1163 1424 1324 1485 Tenentur
1344 1443 1407 1486 uno
1431 1425 1463 1486 in
1485 1425 1558 1489 loco
1585 1424 1652 1489 HS
1676 1442 1788 1500 rocas,

453 1528 601 1586 tenentur
619 1517 704 1601 apud
725 1516 884 1581 bominem
898 1516 1157 1591 audacissimum,
1178 1524 1326 1579 tenentur
1339 1517 1422 1602 apud
1438 1518 1588 1582 iudicem.
1630 1515 1687 1582 83.
1705 1518 1790 1595 Quid

418 1615 549 1679 sovultis
570 1612 728 1696 amplius?
761 1611 802 1673 ht
822 1609 906 1672 enim
928 1609 1074 1672 Staienus
1096 1630 1161 1672 non
1177 1608 1237 1672 fuit
1253 1608 1292 1671 ab
1308 1610 1499 1694 Oppianico,
1521 1612 1579 1676 sed
1597 1633 1617 1676 a
1635 1612 1788 1677 Cluentio

453 1708 494 1773 ad
515 1707 665 1771 iudicium
679 1701 943 1786 corrumpendum
959 1704 1159 1766 constitutus.
1196 1704 1258 1766 Cur
1272 1723 1361 1778 eum,
1383 1725 1455 1769 cum
1476 1706 1510 1768 in
1525 1705 1709 1770 consilium
1728 1706 1789 1770 irc-

452 1809 520 1877 tur,
551 1798 713 1864 Cluentius
742 1803 775 1861 et
797 1796 968 1861 Cannutius
990 1798 1101 1860 abeam
1128 1798 1350 1881 patiebantur?
1381 1819 1437 1861 cur
1458 1818 1528 1862 cum
1549 1800 1585 1862 in
1610 1800 1787 1864 consilium

453 1895 634 1969 mittebant,
662 1891 825 1954 Staienum
852 1889 987 1953 iudicem
1009 1890 1064 1974 qui
1094 1891 1262 1974 pecuniam
1284 1889 1438 1955 dederant
1458 1912 1522 1955 non
1544 1892 1787 1976 requirebantl

453 1988 647 2072 Oppianicus
668 1984 873 2069 querebatur,
907 1984 1073 2058 Quinctius
1100 1982 1278 2067 flagitabat3
1312 1986 1380 2048 sine
1403 1986 1531 2050 Staieno
1552 2006 1596 2049 ne
1619 1987 1655 2049 in
1681 1987 1787 2051 comi·

417 2080 528 2144 lolium
558 2080 672 2153 iretur,
703 2078 873 2142 tribunicia
901 2083 1055 2160 potestate
1087 2079 1230 2141 ellectum
1262 2086 1319 2141 est.
1356 2081 1396 2142 At
1418 2079 1653 2144 condemnavit
1694 2080 1785 2145 Hanc

452 2175 537 2237 enim
559 2171 852 2237 condemnationem
874 2169 1005 2235 dederat
1019 2171 1163 2236 obsidem
1178 2172 1279 2235 Bulbo
1301 2181 1333 2237 et
1351 2173 1480 2249 ceteris,
1502 2181 1537 2237 ut
1550 2174 1731 2237 destitutus
1745 2174 1783 2238 ab

453 2267 628 2351 Oppianico
649 2265 818 2330 videretur.
848 2263 952 2340 Quare
975 2266 1002 2328 si
1023 2266 1116 2329 istinc
1130 2285 1225 2329 causa
1239 2267 1458 2351 cornampendi
1480 2267 1610 2342 iudicii,
1633 2266 1663 2331 si
1688 2268 1782 2333 istinc

451 2360 601 2444 pecunia,
633 2359 726 2423 istirm
752 2359 916 2433 Staienus,
949 2359 1045 2424 istinc
1070 2360 1207 2443 denique
1235 2361 1338 2423 omnis
1365 2360 1450 2425 fraus
1479 2368 1511 2425 et
1543 2362 1682 2426 audacia
1716 2370 1781 2436 est,

450 2454 525 2517 binc
554 2452 671 2535 pudor,
699 2452 833 2516 honesta
853 2453 934 2527 vita,
964 2454 1050 2517 nulla
1074 2453 1211 2536 suspicio
1239 2456 1412 2536 pecuniae,
1441 2455 1528 2518 nulla
1548 2457 1779 2539 corrumpendi

413 2547 558 2613 aoindicii
587 2566 699 2620 causa,
727 2546 870 2630 patimini
891 2548 1020 2611 veritate
1051 2545 1204 2630 patefacta
1226 2555 1322 2631 atque
1345 2549 1431 2611 omni
1459 2568 1565 2612 errore
1586 2548 1718 2613 sublato
1740 2569 1779 2612 eo

450 2641 584 2706 transire
610 2638 698 2704 illius
719 2639 925 2722 turpitudinis
946 2640 1124 2713 infamiam,
1146 2639 1199 2703 ubi
1221 2647 1324 2704 cetera
1345 2642 1715 2718 maleficiaconsistunt,
1737 2643 1777 2706 ab

451 2755 489 2799 eo
511 2735 660 2798 invidiam
681 2733 842 2797 discedere
866 2733 1053 2817 aliquando,
1081 2732 1121 2796 ad
1144 2753 1238 2815 quem
1260 2755 1431 2818 numquam
1454 2737 1626 2800 accessisse
1648 2737 1776 2823 culpam

449 2827 572 2893 videtis.

533 2921 651 2985 XXXI.
672 2915 724 2983 84.
745 2923 787 2984 At
807 2923 891 2985 enim
912 2921 1079 3004 pecuniam
1103 2921 1232 2985 Staieno
1254 2922 1343 2985 dedit
1357 2922 1548 3006 Oppianicus
1562 2944 1628 2988 non
1648 2925 1691 2991 ad
1707 2946 1775 2990 cor-

413 3015 656 3102 ttrumpendum
684 3004 854 3089 iudicium,
885 3015 941 3078 sed
970 3016 1010 3078 ad
1032 3016 1286 3079 conciliationem
1308 3018 1436 3100 gratiae.
1469 3020 1555 3081 Tene
1575 3018 1656 3095 hoc,
1687 3020 1775 3096 doci,

450 3112 573 3185 dicere,
595 3108 650 3173 tali
671 3108 856 3192 prudentia,
878 3109 973 3172 etiam
989 3128 1049 3172 usu
1068 3117 1163 3192 atque
1178 3110 1401 3174 exercitatione
1415 3112 1616 3194 praeditum?
1639 3114 1775 3199 Sapien-

449 3206 604 3269 tissimum
632 3221 702 3267 esse
732 3202 842 3266 dicunt
870 3222 959 3277 eum,
991 3204 1041 3266 cui
1072 3203 1158 3286 quod
1181 3222 1261 3286 opus
1283 3203 1325 3266 sit
1346 3204 1407 3286 ipsi
1431 3205 1537 3268 veniat
1557 3207 1591 3269 in
1615 3216 1774 3281 mentem,

449 3298 594 3381 proxime
616 3296 765 3360 accedere
786 3296 892 3370 illurn,
915 3297 970 3379 qui
992 3297 1124 3361 alterius
1146 3297 1226 3359 bene
1250 3297 1387 3361 inventis
1410 3297 1614 3383 obtemperet.
1643 3302 1681 3364 ln
1697 3304 1775 3366 stul·

450 3390 518 3455 titia
539 3395 649 3452 contra
670 3397 727 3453 est.
770 3391 875 3453 blinus
898 3391 982 3453 enim
1003 3390 1117 3453 stultns
1140 3391 1255 3465 estis,
1285 3392 1336 3453 cui
1359 3391 1438 3453 nihil
1459 3393 1492 3454 in
1514 3400 1652 3457 mentem
1672 3396 1774 3470 venit,

411 3500 544 3569 taquam
565 3482 637 3556 ille,
659 3483 731 3565 qui,
761 3484 846 3568 quod
869 3484 962 3547 strrlte
985 3485 1076 3547 alteri
1098 3484 1238 3547 venitin
1261 3492 1415 3558 mentem,
1439 3488 1631 3569 comprobat.
1674 3490 1774 3553 Istam

449 3577 700 3641 conciliationem
722 3578 841 3659 gratiae
863 3578 1010 3641 Staienus
1031 3586 1098 3641 tum
1110 3579 1229 3640 recenti
1249 3597 1297 3653 re,
1322 3598 1392 3640 curn
1407 3578 1550 3642 faucibus
1565 3590 1775 3665 premeretur,

449 3669 653 3753 excogitavit,
675 3670 760 3745 sive,
781 3677 818 3734 ut
838 3671 984 3735 homines
1006 3677 1071 3735 tum
1094 3672 1317 3755 loquebantur,
1339 3691 1358 3734 a
1379 3674 1412 3735 P.
1429 3672 1567 3756 Cethego
1588 3673 1774 3741 admonitus

451 3762 555 3849 [istam
576 3763 665 3827 dedit
686 3763 915 3828 conciliationis
938 3773 970 3828 et
990 3766 1109 3848 gratiae
1129 3761 1291 3847 fabulaml.
1323 3763 1375 3828 85.
1397 3768 1476 3831 Nam
1490 3766 1589 3831 luisse
1604 3768 1690 3832 bunc
1705 3776 1773 3834 tum

448 3858 611 3920 hominum
632 3875 808 3922 sermonem
829 3860 984 3922 recordari
1005 3860 1158 3944 potestis:
1185 3859 1373 3943 Cethegum,
1395 3861 1481 3943 qnod
1501 3861 1662 3925 hominem
1684 3864 1774 3928 odis·

413 3959 499 4019 asset
521 3957 553 4014 et
573 3950 659 4035 quod
682 3951 750 4015 eius
772 3953 1002 4034 improbitatem
1024 3956 1141 4018 versari
1163 3955 1195 4016 in
1218 3974 1251 4017 re
1272 3954 1400 4036 publica
1421 3955 1520 4018 nollet
1537 3963 1569 4019 et
1582 3956 1667 4040 quod
1681 3957 1775 4023 vide·

450 4052 500 4109 ret
520 4064 608 4121 eum,
636 4045 691 4129 qui
720 4064 755 4108 se
776 4045 816 4108 ab
837 4066 891 4110 reo
912 4047 1095 4130 pecuniam,
1123 4068 1195 4109 cum
1215 4048 1311 4111 index
1332 4056 1430 4124 esset,
1460 4049 1539 4112 clam
1561 4058 1657 4134 atque
1680 4061 1774 4118 extra

517 4313 541 4365 l.
560 4315 595 4364 ad
610 4315 668 4364 ST:
687 4326 753 4364 nnnc
769 4315 803 4364 ad
818 4312 960 4367 nauto.
979 4317 1060 4377 (elion
1078 4330 1141 4380 ergo
1157 4319 1234 4368 antea
1251 4317 1437 4382 pertinebant?
1453 4321 1538 4371 Nemo
1555 4322 1597 4372 bic
1608 4323 1708 4384 haesit,
1727 4338 1773 4374 va·

451 4391 572 4442 rietatem
589 4386 688 4440 nullam
704 4389 799 4440 inveni.
823 4390 921 4440 Tamen
938 4404 1004 4440 nana
1020 4390 1133 4444 alienum
1147 4396 1174 4443 et
1187 4393 1330 4444 delendum
1341 4395 1471 4445 videtur.»
1489 4397 1549 4445 Gan.
1562 4396 1596 4460 2.)
1610 4422 1637 4432 —
1656 4399 1680 4448 5.
1694 4401 1774 4463 agitis

451 4465 539 4516 Fun.
556 4490 583 4499 -
601 4464 625 4513 l.
637 4462 750 4512 Abbiana
763 4463 788 4514 S.
811 4463 849 4513 Ct.
862 4476 916 4514 var.
929 4463 989 4514 lect.
1003 4465 1037 4515 ad
1054 4479 1081 4530 p.
1094 4466 1150 4517 488.
1164 4480 1188 4516 v.
1201 4468 1242 4517 25.
1257 4485 1292 4505 -·
1303 4469 1327 4518 8.
1341 4468 1451 4531 dumba]
1466 4469 1587 4520 iudicibus
1602 4473 1655 4522 ST.
1671 4500 1699 4510 -
1718 4475 1770 4526 HS.

451 4552 504 4590 om.
523 4538 636 4589 TFAL.
651 4563 678 4573 -
696 4536 785 4587 XXXX
796 4538 868 4588 milia
884 4541 913 4597 Si
931 4539 1018 4589 XXXX
1033 4542 1064 4600 T3
1082 4541 1135 4592 DC.
1154 4543 1272 4594 sestertia.
1284 4544 1334 4594 Xl..
1346 4545 1399 4594 mil.
1411 4547 1447 4603 A;
1465 4551 1582 4596 mnata
1597 4548 1772 4612 qnadraginta

450 4613 530 4665 mittin
544 4624 675 4662 nummum
690 4608 744 4663 LO.
765 4639 792 4650 -
815 4615 856 4665 to.
873 4615 945 4664 uoltis
960 4616 1014 4665 ST.
1035 4643 1062 4654 -
1087 4617 1127 4666 lt.
1145 4617 1209 4681 mm]
1227 4618 1291 4667 enim
1308 4620 1340 4668 ll.
1361 4645 1388 4654 -
1408 4620 1448 4669 tt.
1465 4632 1512 4669 cnr
1528 4633 1581 4671 om.
1601 4619 1718 4674 rusa.
1739 4651 1768 4662 -

452 4687 548 4750 tuqui
564 4685 728 4738 Classenius:
747 4688 788 4738 aaa
803 4690 869 4751 qnod
884 4692 913 4751 S;
932 4692 997 4753 qnod
1014 4694 1047 4751 T;
1065 4694 1106 4742 cai
1123 4689 1262 4744 Ratio.
1283 4722 1311 4734 -
1328 4695 1519 4757 requirebantur
1534 4698 1598 4755 Fan
1616 4699 1770 4760 quamam

451 4765 476 4814 S.
497 4790 524 4800 -
550 4760 589 4812 tt.
608 4761 757 4824 querebatur
772 4764 890 4816 STblL:
908 4767 1044 4827 quaerebat
1059 4765 1170 4819 Fato,
1190 4796 1216 4805 -
1244 4769 1285 4819 lb.
1303 4771 1413 4832 effectum
1429 4772 1512 4821 stu:
1531 4772 1667 4834 perfectam
1682 4776 1768 4826 hlAl.

451 4836 505 4890 20.
521 4862 547 4872 -
567 4835 608 4886 th.
620 4837 915 4888 condennationemST:
934 4841 1300 4896 damnationernlhlbbio.
1316 4871 1342 4879 -
1361 4844 1400 4894 48.
1413 4845 1498 4894 indicti
1513 4847 1535 4895 n·
1550 4846 1691 4898 nuncsi:
1710 4862 1766 4901 cm.

450 4909 631 4964 statuto.
653 4910 692 4963 Cf.
710 4911 867 4976 Madvigium
884 4914 1014 4975 Opinati.
1033 4930 1059 4981 p.
1072 4918 1130 4967 tlt.
1149 4943 1174 4952 -
1194 4918 1234 4967 ⁴9.
1252 4917 1322 4967 nulla
1338 4919 1443 4981 suspicio
1459 4921 1518 4971 S'l:
1537 4926 1560 4971 et
1575 4922 1645 4972 nulla
1660 4925 1768 4986 serpen

451 4989 499 5039 lta
510 4985 594 5039 LSO.
614 5012 641 5022 -
659 4987 701 5038 20.
717 4987 851 5051 ponamini
867 4985 920 5038 Til.
940 5017 967 5025 -
985 4990 1026 5041 tl.
1044 4993 1178 5042 canisiani
1194 4989 1280 5043 aut.
1300 5019 1328 5028 -
1348 4992 1389 5044 tl.
1407 4993 1439 5044 n
1454 4995 1542 5044 annun
1559 4993 1685 5047 Classenii
1701 5009 1768 5062 ape·

451 5077 506 5115 rae.
522 5090 548 5100 -
566 5064 607 5114 th.
624 5063 803 5115 condictionis
822 5064 933 5128 gratam
953 5065 1007 5114 Sl’.
1033 5093 1060 5102 -
1085 5066 1126 5116 26.
1145 5067 1227 5129 etiarn]
1248 5067 1295 5117 tati
1318 5067 1393 5116 etiam
1408 5069 1437 5119 L.
1457 5095 1483 5104 -
1502 5069 1542 5120 Ἦ.
1561 5070 1653 5135 deant]
1671 5072 1767 5124 Hesio·

451 5140 502 5192 dus
519 5142 584 5205 Opp.
602 5142 630 5191 et
645 5140 676 5191 D.
693 5152 720 5190 v.
731 5137 779 5190 293
790 5150 850 5201 sqq.
871 5164 898 5173 -
916 5138 956 5188 28.
975 5141 1085 5190 accidere
1102 5142 1135 5191 ll.
1149 5167 1176 5176 -
1195 5141 1373 5205 obtnnperaret
1389 5142 1418 5192 Τ.
1436 5169 1464 5179 -
1482 5142 1522 5193 32.
1540 5144 1590 5194 stoa
1604 5146 1657 5207 ipre
1671 5148 1723 5197 aas
1738 5152 1767 5197 ut

452 5215 649 5267 Mommsenius.
669 5240 696 5250 -
714 5213 756 5266 33.
772 5213 1015 5276 istam-fabulam
1030 5227 1083 5266 om.
1102 5216 1156 5266 ST.
1176 5242 1204 5253 —
1229 5216 1408 5267 mnaliatianis
1422 5217 1524 5284 gratim
1539 5220 1571 5280 ις
1589 5219 1769 5272 mandationis

453 5289 492 5357 [et]
509 5291 653 5357 gratiaco.
673 5315 699 5328 -
719 5286 1077 5343 ttnaST:om.lllll.SO.
1564 5298 1568 5307 ·
