4367 6109
449 586 492 658 ss
619 591 769 658 omno
790 589 868 658 mo
889 591 924 656 n.
943 587 1136 671 ouucuo
1159 587 1234 654 cn.
1248 587 1365 654 xxxi.
1386 585 1443 673 ss.
1457 584 1593 654 εε-θε.

451 769 585 849 quaestu
613 760 768 846 prostitit3
796 759 960 843 indiguum
988 765 1037 824 est
1062 780 1083 824 a
1113 759 1182 842 pari
1209 759 1294 822 vinci
1315 765 1370 821 aut
1391 758 1571 841 superiore,
1600 756 1762 840 indignius

450 856 490 919 ab
519 857 667 921 inferiore
698 861 793 937 atque
824 854 1009 931 humiliore;
1042 854 1222 918 luctuosum
1250 860 1299 917 est
1330 853 1411 916 tradi
1438 852 1529 916 alteri
1558 873 1629 917 cum
1650 851 1762 927 bouis,

449 947 624 1015 luctuosius
660 949 806 1025 inimico;
838 949 990 1015 horribile
1026 954 1075 1012 θεῖ
1109 968 1235 1012 causam
1270 948 1383 1031 capitis
1423 947 1545 1023 dicere,
1579 945 1762 1012 horribilius

449 1045 555 1127 priore
575 1045 646 1108 loco
669 1043 783 1107 dicere.
825 1039 876 1106 96.
899 1042 1013 1107 Omnia
1034 1042 1258 1125 circumspexit
1276 1041 1461 1118 Quinctius,
1484 1043 1591 1108 omnia
1604 1039 1763 1128 periclita-

426 1146 501 1204 otus
522 1144 582 1213 θεῖ,
605 1138 638 1201 C.
658 1137 784 1221 Aquili:
805 1158 872 1201 non
893 1144 1070 1220 praetorem
1088 1138 1199 1212 modo,
1220 1156 1318 1222 aquo
1333 1136 1383 1199 ius
1398 1136 1597 1220 impetraret,
1619 1136 1763 1203 invenire

448 1252 513 1296 non
527 1231 647 1314 potuit,
668 1240 764 1318 atque
786 1232 866 1296 adeo
887 1253 928 1296 ne
944 1232 1027 1296 unde
1042 1233 1193 1296 arbitratu
1207 1230 1333 1315 quidem
1350 1250 1408 1296 suo
1429 1232 1620 1313 postularet,
1644 1230 1699 1294 sed
1722 1251 1762 1293 ue

448 1326 567 1390 amicos
589 1327 719 1411 quidem
741 1327 813 1392 Sex.
835 1327 963 1402 Naevii,
986 1347 1121 1412 quorum
1142 1347 1238 1409 saepe
1261 1331 1294 1389 et
1315 1325 1369 1389 diu
1391 1327 1431 1392 ud
1452 1327 1550 1409 pedes
1570 1326 1669 1392 iacuit
1683 1333 1762 1389 stra·

448 1428 514 1496 tus,
537 1421 705 1487 obsecrans
726 1441 783 1505 per
804 1422 881 1485 deos
903 1421 1113 1496 immortales,
1135 1428 1171 1486 ut
1192 1427 1247 1484 aut
1261 1440 1368 1484 secum
1382 1421 1451 1487 iure
1466 1419 1694 1485 contenderent
1708 1424 1764 1481 aut

447 1516 595 1582 iniuriam
627 1517 696 1581 siue
729 1516 903 1600 ignominia
931 1516 991 1580 sibi
1019 1516 1227 1599 imponerent.
1271 1511 1322 1577 97.
1351 1515 1497 1598 Denique
1519 1514 1619 1597 ipsius
1641 1515 1762 1581 inimici

411 1611 571 1676 ttvultum
593 1611 852 1695 superbissimum
875 1611 987 1686 subiit,
1008 1611 1110 1694 ipsius
1131 1612 1206 1674 Sex.
1221 1611 1331 1675 Naevii
1353 1611 1521 1675 lacrimans
1543 1631 1670 1678 manum
1691 1632 1763 1696 pre-

446 1704 560 1771 hendit
579 1707 612 1770 iu
634 1707 888 1791 propinquorum
909 1706 1002 1769 bonis
1023 1706 1257 1789 proscribendis
1278 1706 1495 1781 exercitatam,
1518 1706 1694 1772 obsecravit
1706 1726 1764 1789 per

447 1797 552 1865 fratris
574 1801 624 1864 sui
646 1801 761 1865 mortui
783 1801 937 1875 cinerem,
958 1820 1016 1884 per
1036 1821 1153 1864 nornen
1175 1801 1438 1884 propinquitatis,
1460 1821 1518 1884 per
1537 1801 1638 1884 ipsius
1653 1802 1764 1865 coniu-

449 1913 519 1976 gem
541 1902 573 1959 et
593 1894 725 1969 liberos,
747 1895 863 1978 quibus
885 1895 1016 1978 propior
1035 1898 1069 1958 P.
1092 1895 1241 1970 Quinctio
1265 1914 1356 1959 nemo
1380 1902 1443 1970 cst,
1464 1900 1500 1959 ut
1519 1895 1691 1980 aliquando
1706 1896 1764 1958 mi·

449 1988 653 2052 sericordiam
675 1988 996 2073 caperet,.aliquam,
1019 1989 1045 2053 si
1066 2009 1133 2053 non
1154 1989 1417 2073 propinquitatis,
1439 1997 1472 2052 at
1493 1989 1605 2053 aetatis
1621 2008 1714 2063 suae,
1736 1990 1763 2052 si

412 2094 514 2146 utnon
535 2082 688 2159 hominis,
709 2091 743 2148 at
754 2082 958 2146 humanitatis
972 2083 1127 2147 rationem
1146 2083 1290 2160 baberet3
1312 2092 1348 2148 ut
1370 2103 1477 2147 secum
1498 2084 1621 2168 aliquid
1643 2085 1765 2167 integra

449 2198 507 2241 sua
534 2177 618 2242 fama
645 2178 801 2262 qualibet,
823 2178 993 2241 dummodo
1016 2178 1174 2242 tolerabili
1202 2179 1388 2243 condicione
1410 2181 1607 2262 transigeret.
1643 2175 1694 2242 98.
1715 2179 1763 2243 Ab

449 2273 520 2356 ipso
541 2274 741 2358 repudiatus,
763 2275 803 2337 ab
825 2272 934 2336 amicis
956 2273 1025 2335 eius
1046 2291 1111 2334 non
1127 2272 1322 2349 sublevatus,
1344 2273 1384 2336 ab
1398 2274 1483 2337 omni
1501 2273 1684 2355 magistratu
1697 2274 1764 2356 agi·

449 2373 533 2432 tatus
554 2375 649 2453 atque
671 2369 871 2452 perterritus,
893 2388 988 2452 quem
1010 2373 1136 2450 practer
1156 2374 1187 2431 te
1209 2368 1363 2451 appellet,
1383 2367 1479 2432 habet
1499 2368 1676 2435 neminem:
1705 2367 1763 2432 tibi

450 2482 500 2537 se,
523 2463 580 2526 tibi
603 2484 676 2527 suas
699 2483 807 2526 omnes
829 2483 906 2546 opes
928 2460 1136 2546 fortunasque
1159 2463 1372 2538 commendat,
1394 2463 1452 2527 tibi
1467 2464 1634 2527 committit
1655 2464 1764 2528 existi-

412 2557 621 2623 tomationem
642 2578 678 2621 ac
700 2578 789 2641 spem
810 2558 954 2642 reliquae
976 2557 1070 2620 vitae.
1101 2557 1209 2620 hlultis
1230 2565 1362 2622 rexatus
1383 2556 1596 2633 coutumeliis,
1619 2559 1763 2641 plurimis

449 2651 583 2715 iactatus
605 2652 745 2727 iniuriis,
771 2672 836 2717 nou
858 2653 960 2736 turpis
982 2653 1022 2715 ad
1043 2659 1095 2726 ῖθ,
1123 2653 1180 2716 sed
1207 2653 1303 2716 miser
1323 2652 1481 2734 confugit:
1511 2671 1529 2714 e
1548 2651 1649 2716 tundo
1671 2673 1764 2716 orna-

449 2744 573 2808 tissimo
595 2745 730 2823 eiectus,
753 2747 936 2830 ignominiis
959 2747 1106 2812 omuibus
1128 2747 1304 2830 appetitus,
1327 2767 1398 2810 oum
1420 2746 1509 2810 illum
1531 2746 1565 2809 in
1580 2747 1646 2812 suis
1660 2756 1765 2833 pater·

449 2839 500 2902 nis
521 2840 613 2903 bouis
635 2840 790 2904 dominari
812 2842 948 2918 videret,
970 2843 1039 2925 ipse
1061 2838 1144 2906 filiae
1159 2841 1259 2906 nubili
1274 2842 1380 2908 dotem
1399 2838 1553 2906 conficere
1567 2862 1632 2907 non
1645 2851 1763 2927 posset,

450 2933 531 2998 nihil
552 2934 691 2998 alienum
712 2944 817 3000 umen
839 2937 904 3001 vita
924 2936 1088 3019 superiore
1111 2937 1278 3002 commisit.
1321 2933 1372 2998 99.
1401 2936 1515 3020 ltaque
1536 2936 1598 3000 hoc
1619 2944 1651 3000 te
1673 2938 1764 3001 obse-

412 3035 530 3105 uorat,
555 3030 588 3093 C.
610 3031 735 3115 Aquili,
756 3039 806 3106 ut,
828 3051 922 3115 quam
938 3031 1218 3106 existimationem,
1241 3051 1336 3115 quam
1349 3032 1549 3094 honestatem
1563 3033 1596 3096 iu
1610 3032 1763 3096 iudicium

448 3131 537 3187 tuum
558 3145 660 3208 prope
681 3132 752 3189 acta
772 3126 835 3190 iam
856 3133 958 3189 aetate
981 3125 1178 3210 decursaque
1198 3127 1317 3203 attulit,
1340 3147 1409 3192 eam
1429 3128 1524 3191 liceat
1545 3127 1574 3191 ei
1594 3147 1702 3190 secum
1722 3146 1764 3190 ex

446 3217 601 3282 hocloco
624 3220 746 3296 efferre,
768 3241 808 3284 ne
829 3221 871 3296 is,
894 3221 934 3283 de
955 3221 1045 3284 ouius
1067 3217 1171 3283 officio
1192 3241 1285 3286 nemo
1309 3243 1459 3306 umquam
1480 3221 1651 3295 dubitavit,
1673 3241 1764 3284 sexa-

449 3312 568 3395 gesimo
591 3313 731 3397 denique
746 3333 830 3377 anno
846 3314 1017 3391 dedecore,
1040 3315 1163 3379 macula
1177 3318 1422 3403 turpissimaque
1437 3317 1612 3400 ignominia
1627 3322 1763 3389 notetur,

448 3424 489 3468 ne
511 3409 703 3472 ornamentis
725 3410 793 3472 eius
815 3410 962 3473 omnibus
984 3410 1057 3474 Sex.
1078 3409 1217 3473 Naevius
1238 3431 1296 3493 pro
1319 3411 1430 3493 spoliis
1452 3411 1614 3484 abutatur,
1646 3428 1686 3470 ne
1708 3428 1764 3491 per

412 3507 481 3564 ³⁰te
502 3499 597 3576 ierat,
621 3522 685 3585 quo
708 3504 828 3579 minus,
851 3524 934 3588 quae
956 3504 1148 3568 existimatio
1171 3505 1205 3567 P.
1228 3505 1411 3581 Quinctium
1433 3505 1598 3589 usquead
1620 3510 1764 3568 senectu-

451 3602 515 3659 tem
535 3595 702 3678 produxit,
724 3597 833 3661 eadem
854 3619 957 3683 usque
980 3598 1020 3661 ad
1041 3618 1153 3682 rogum
1174 3607 1395 3685 prosequatur.

514 3804 538 3853 i.
556 3807 684 3864 quaestum
696 3803 925 3864 prsssmitiloum
941 3803 994 3854 lm
1011 3804 1038 3853 θῖ
1054 3816 1137 3867 pne,
1156 3805 1406 3866 quwtumprostttit
1422 3806 1456 3865 G,
1475 3804 1695 3866 quoutucosuittt
1709 3801 1762 3863 bc,

448 3883 551 3940 quaestu
562 3878 720 3941 praestitui.
743 3877 782 3928 Cf.
801 3877 825 3941 5.
844 3877 870 3927 ti
893 3880 920 3927 et
936 3877 976 3927 ta.
997 3903 1024 3914 -
1043 3882 1077 3928 est
1093 3889 1147 3928 om.
1165 3878 1191 3928 lr.
1213 3905 1236 3915 -
1259 3877 1282 3946 l.
1302 3880 1365 3929 Post
1379 3891 1406 3929 v.
1423 3879 1598 3942 circeupsnit
1613 3877 1708 3929 lacuna
1724 3880 1765 3929 est

448 3951 562 4003 duorum
583 3951 728 4003 uerborum
745 3954 771 4003 in
788 3951 871 4003 tribus
889 3951 1025 4003 codicibus
1043 3951 1178 4012 Palatinis,
1201 3955 1261 4003 ante
1278 3965 1304 4003 v.
1321 3954 1395 4003 modo
1411 3954 1524 4019 spatium
1541 3965 1655 4004 vacuum
1673 3954 1726 4004 6-
1737 3952 1762 4003 8.

447 4024 593 4078 litterarum
610 4028 636 4078 iu
654 4027 705 4092 dg.
727 4055 753 4065 -
771 4030 796 4079 b.
813 4029 923 4079 inuenire
938 4043 989 4080 ooo
1005 4029 1086 4090 potuit
1101 4029 1128 4088 k,
1146 4027 1191 4083 bt
1209 4030 1236 4078 θῖ
1248 4041 1299 4092 mg.
1312 4030 1350 4079 A:
1368 4029 1478 4080 moenis-s
1491 4031 1573 4093 potuit
1589 4042 1650 4081 oum
1668 4029 1764 4081 ceteris

450 4100 585 4153 codicibus
601 4103 660 4154 AO.
688 4104 767 4166 (liaeo
783 4102 865 4154 verba
882 4105 1040 4169 transposita
1056 4106 1119 4155 sunt
1134 4105 1196 4169 post
1212 4117 1236 4153 v.
1247 4104 1375 4165 postutare
1391 4106 1418 4156 in
1430 4107 1468 4169 L.)
1488 4133 1515 4142 -
1534 4107 1574 4156 to.
1592 4107 1653 4156 Sco.
1671 4117 1725 4156 om.
1737 4105 1762 4155 k.

450 4201 479 4215 -
496 4191 600 4227 monum
616 4179 775 4241 apprehendit
790 4176 846 4232 Ab.
867 4204 894 4214 -
917 4180 957 4229 ta.
975 4179 1090 4244 domem]
1111 4192 1226 4229 morem
1241 4179 1266 4229 k.
1287 4205 1314 4214 -
1337 4181 1377 4231 ts.
1394 4182 1567 4232 misericordie
1586 4185 1716 4243 caperetur
1734 4181 1762 4230 L.

449 4253 560 4304 (truteno
578 4253 733 4305 etEruestio
750 4254 817 4304 haec
828 4253 910 4304 verba
927 4267 942 4304 θ
959 4252 1117 4317 glossemate
1134 4256 1195 4304 nata
1211 4254 1342 4306 videntur.
1357 4282 1384 4293 -
1402 4255 1445 4310 ts
1458 4259 1610 4323 procerum
1623 4254 1764 4320 legendum

448 4332 542 4396 putant
557 4328 665 4394 quidam
682 4342 724 4394 ap.
743 4327 909 4380 Lambluum.
936 4329 974 4380 ci.
993 4328 1086 4379 lordan
1108 4327 1143 4378 ad
1158 4342 1197 4379 or.
1220 4343 1246 4394 p.
1265 4329 1378 4383 casum
1397 4338 1427 4396 p.
1444 4328 1493 4385 itt
1509 4345 1551 4396 sq.
1571 4356 1599 4370 -
1623 4331 1663 4381 49.
1684 4342 1767 4381 omncs

447 4418 507 4456 suus
526 4418 583 4467 opos
600 4404 764 4468 [missusque
779 4405 812 4466 G,
840 4417 922 4454 omues
940 4404 1055 4467 tortam
1075 4417 1135 4454 suos
1155 4418 1260 4467 opesque
1274 4406 1301 4457 lr.
1320 4404 1508 4472 --wseflnl
1530 4406 1714 4456 citocatoeir.
1735 4431 1763 4441 -·

448 4481 490 4532 ti.
507 4481 596 4530 dectus
611 4493 666 4544 eg:
686 4480 791 4530 deiectu
807 4492 868 4531 cum
885 4481 981 4531 ceteris
998 4479 1135 4532 codicibus
1151 4480 1265 4536 Atto.
1295 4481 1334 4534 ci.
1357 4479 1383 4548 8.
1399 4480 1442 4536 R.
1462 4508 1489 4521 -
1512 4482 1553 4533 23.
1570 4482 1646 4545 posit
1661 4479 1764 4532 Buab

449 4553 671 4620 odelghlln.
692 4582 720 4592 -
739 4553 780 4605 hl.
799 4555 943 4606 Arusianus
960 4556 1070 4607 Messius
1087 4570 1114 4622 p.
1132 4556 1189 4607 ata.
1208 4555 1343 4610 Ludens
1363 4556 1427 4609 stis
1440 4563 1523 4609 unco
1540 4558 1649 4608 citerus
1664 4572 1689 4607 υ.
1706 4570 1727 4607 s.
1740 4569 1763 4607 c.

450 4659 478 4672 -
495 4632 641 4693 ltoqusboc
657 4636 680 4682 te
696 4630 807 4681 οὺεθθναῖ
822 4628 1053 4694 Gbceighiu
1070 4633 1148 4683 eti:
1172 4631 1257 4692 itaque
1272 4633 1318 4684 boc
1333 4631 1441 4696 (omisso
1459 4633 1491 4696 ts)
1508 4632 1618 4683 obsecrat
1633 4634 1664 4694 ir,
1681 4633 1767 4695 tuque
1829 4645 1833 4651 ·

447 4711 471 4757 ts
485 4706 530 4756 boo
546 4705 733 4758 stromateum
750 4708 845 4758 ceteris
861 4705 935 4758 libris
951 4704 1035 4761 hio.
1055 4734 1083 4744 -
1101 4707 1142 4757 27.
1155 4709 1247 4771 offers
1261 4708 1278 4757 k
1291 4709 1318 4758 θῖ
1326 4721 1367 4773 pr.
1384 4722 1408 4769 e,
1426 4709 1528 4773 autem
1538 4707 1664 4760 llaimius.
1680 4732 1707 4743 -
1726 4719 1766 4758 so-

446 4781 624 4846 moqcsimoqus
639 4796 740 4834 essee.
761 4807 789 4820 -
807 4783 848 4833 28.
867 4783 990 4834 dedecoris
1006 4783 1031 4833 k.
1047 4808 1075 4818 -
1092 4781 1134 4833 29.
1153 4782 1212 4832 Sex.
1230 4784 1365 4834 om.lr.-
1384 4784 1424 4836 st.
1439 4780 1764 4850 produnitBbceihll:

444 4856 688 4921 pudunttAlrtO.
708 4884 737 4895 -
751 4856 928 4923 prosequetur]
947 4856 995 4908 «al.
1003 4862 1185 4921 perspector»
1202 4870 1256 4923 mg.
1274 4857 1301 4912 b.

983 5133 1208 5149 ινφ-
