4367 6109
662 555 733 620 nn.
755 555 808 618 ιιι
838 555 911 619 cn.
934 555 1197 621 ιιιιι-ιιιιι.
1224 553 1280 639 ss.
1302 529 1492 622 tot-loe.
1574 524 1578 533 '
1671 549 1733 623 att

416 742 471 798 an,
493 743 565 804 cum
587 723 662 787 satis
683 743 796 806 magno
818 724 995 798 venissent,
1021 725 1074 788 bic
1097 731 1202 789 tantus
1223 733 1328 789 444444
1347 725 1495 790 frumenti
1516 726 1733 812 pecuniaeque

416 836 564 880 numerus
586 817 625 880 ab
646 816 821 879 aratoribus
843 818 983 899 pervim
1005 817 1126 881 ablatus
1149 822 1222 882 4444
1257 821 1364 883 Utrum
1379 821 1462 883 enim
1479 819 1590 884 borum
1605 819 1733 894 dixeris,

416 910 451 973 in
472 930 510 974 eo
531 910 622 994 culpa
638 918 670 973 et
683 910 801 973 crimen
815 910 965 973 haerebit
1010 907 1080 973 l07.
1102 913 1181 974 Nam
1196 913 1275 976 illud
1291 913 1418 997 quidem
1442 934 1507 977 non
1528 914 1613 978 dices
1636 912 1731 998 (quod

415 1003 535 1066 utinam
557 1001 693 1083 dicml),
715 1004 755 1066 ad
776 1004 951 1086 Apronium
979 1024 1042 1067 non
1059 1006 1239 1088 pervenisse
1260 1014 1390 1070 tantum.
1433 1009 1480 1072 lta
1500 1017 1531 1071 te
1553 1029 1615 1072 non
1638 1008 1732 1073 modo

415 1097 546 1180 publicis
574 1095 708 1171 tenebo,
740 1097 795 1160 sed
818 1098 912 1160 etiam
939 1099 1069 1181 privatis
1090 1106 1245 1162 aratorum
1268 1100 1464 1182 pactionibus
1486 1121 1528 1165 ac·
1544 1103 1672 1177 litteris,
1697 1110 1756 1166 utt

415 1189 573 1272 intelligas
594 1209 660 1253 non
680 1197 711 1254 te
734 1189 963 1273 diligentiorem
985 1193 1018 1254 in
1038 1191 1196 1254 faciundis
1217 1191 1316 1254 fuisse
1337 1192 1427 1256 lurtis
1442 1214 1536 1276 quam
1558 1217 1608 1259 me
1630 1198 1662 1259 in
1678 1194 1734 1259 de·

415 1281 660 1365 prehendendis.
702 1283 771 1346 Hoc
793 1292 826 1346 tu
848 1283 955 1347 ferent
976 1284 1038 1349 hoc
1060 1287 1228 1369 quiequam
1246 1285 1420 1351 defendett
1441 1288 1502 1352 hoc
1521 1290 1570 1365 bi,
1594 1290 1620 1352 si
1642 1289 1734 1352 aliter

416 1376 457 1439 de
489 1382 519 1440 te
546 1383 681 1440 statuere
709 1377 883 1451 voluerint,
913 1378 1133 1441 sustinebunt?
1177 1380 1245 1442 Uno
1275 1379 1411 1444 adventu
1442 1402 1483 1444 ex
1510 1402 1573 1445 uno
1595 1400 1670 1464 agro
1694 1382 1733 1456 Q.

415 1470 588 1554 Apronium
609 1479 734 1553 praeter
755 1491 841 1545 eam,
863 1492 957 1555 quam
979 1472 1061 1545 dixi,
1083 1472 1249 1554 pecuniam
1270 1481 1465 1538 numeratam
1482 1492 1539 1540 cco
1563 1475 1647 1539 milia
1668 1495 1734 1539 mo·

416 1562 503 1627 dium
525 1563 619 1626 tritici
640 1563 717 1639 lucri
740 1564 868 1627 nomine
890 1566 1078 1629 sustulisse?
1123 1559 1194 1626 l08.
1218 1564 1328 1641 Quint
1350 1566 1409 1630 boc
1423 1568 1596 1632 Aetnenses
1611 1568 1671 1632 soli
1686 1567 1734 1631 di·
1744 1579 1771 1628 44

416 1659 516 1719 cunt?
558 1657 658 1720 Immo
691 1657 785 1721 etiam
802 1658 1031 1741 Centuripini,
1064 1659 1119 1741 qui
1148 1660 1214 1740 agri
1243 1659 1411 1723 Aetnensis
1441 1661 1538 1726 multo
1566 1665 1734 1727 maximam

322 1756 325 1761 “
415 1756 535 1832 purtem
562 1749 740 1833 possident,
770 1770 903 1834 qnorum
932 1750 1059 1834 legatis,
1086 1751 1266 1817 bominibus
1289 1753 1510 1830 nobilissimis,
1539 1755 1681 1818 Androni
1703 1762 1735 1818 et

416 1842 595 1917 Artemoni,
617 1852 744 1907 senatus
766 1864 804 1907 ea
825 1845 970 1908 mandata
992 1845 1093 1920 dedit,
1117 1865 1200 1929 quae
1221 1845 1345 1930 publice
1366 1848 1406 1910 ad
1421 1848 1578 1912 civitatem
1593 1849 1733 1932 ipsorum

416 1934 634 2018 pertinebant:
663 1935 702 2000 de
725 1937 763 2000 iis
785 1937 922 2010 iniuriis,
946 1959 1026 2021 quas
1048 1939 1133 2002 cives
1157 1938 1351 2022 Centuripini
1373 1960 1438 2003 non
1460 1941 1494 2003 in
1515 1943 1596 2016 suis,
1623 1942 1678 2006 sed
1701 1942 1734 2005 in

417 2029 550 2092 aliorum
570 2031 686 2094 tinibus
708 2038 909 2114 acceperant,
934 2039 1060 2094 senatus
1083 2038 1115 2093 et
1135 2032 1270 2113 populus
1294 2034 1517 2116 Centuripinus
1538 2034 1655 2115 legatos
1676 2047 1771 2098 44-44

416 2122 477 2185 luit
497 2124 637 2186 mitterer
658 2125 719 2209 ipsi
739 2132 878 2187 aratores
902 2124 1115 2206 Centuripini,
1138 2126 1193 2208 qui
1214 2146 1363 2189 numerus
1386 2134 1434 2190 est
1454 2129 1487 2190 in
1509 2127 1615 2190 Sicilie
1635 2130 1735 2193 maxi·

417 2236 488 2278 mus
507 2215 670 2280 bominum
690 2217 984 2281 honestissimorum
1006 2226 1038 2281 et
1058 2217 1390 2302 locupletissimorum,
1413 2227 1477 2283 tres
1492 2220 1628 2302 legatos,
1650 2221 1735 2286 cives

417 2329 508 2384 suos,
532 2309 733 2393 delegerunt,
753 2319 789 2374 ut
810 2330 918 2374 eorum
941 2312 1121 2375 testimonio
1144 2330 1208 2374 non
1230 2312 1323 2374 unius
1344 2314 1427 2394 agri,
1450 2313 1506 2376 sed
1528 2333 1625 2398 prope
1640 2316 1734 2378 totius

417 2403 543 2467 Siciliae
564 2404 753 2468 calamitates
775 2405 1014 2486 cognosceretis.
1057 2405 1157 2467 Arent
1181 2405 1266 2468 enim
1287 2413 1353 2468 tota
1375 2407 1483 2470 Sicilia
1503 2406 1568 2470 fere
1591 2407 1735 2470 Centuri-

416 2497 501 2580 pini,
524 2505 556 2560 et
575 2497 636 2561 boc
656 2497 689 2560 in
712 2506 741 2561 te
762 2499 920 2581 puriores
943 2497 1157 2580 certioresque
1179 2505 1275 2560 testes
1297 2506 1383 2572 sunt,
1407 2500 1493 2583 quod
1515 2507 1636 2563 ceterae
1657 2500 1771 2566 civixeo

416 2598 495 2654 tates
516 2590 583 2653 suis
598 2590 699 2653 solum
714 2589 922 2655 incommodis
936 2599 1188 2664 commoventur,
1213 2592 1423 2675 Centuripini,
1446 2594 1532 2678 quod
1546 2597 1578 2659 in
1594 2595 1734 2659 omnium

414 2683 482 2749 fere
508 2684 625 2748 finibus
651 2686 867 2768 possessiones
893 2684 1025 2758 hebent,
1058 2685 1152 2747 etiam
1179 2693 1352 2749 ceterarum
1380 2687 1540 2751 civitatum
1562 2689 1677 2752 damna
1697 2707 1734 2751 ac

415 2778 602 2842 detrimenta
623 2786 797 2841 senserunt.
1793 2786 1798 2796 '

478 2872 587 2936 XLVI.
610 2866 682 2933 l09.
703 2873 836 2946 Verum,
865 2872 912 2934 uti
934 2872 1017 2946 dixi,
1046 2873 1125 2936 ratio
1148 2882 1233 2936 certa
1253 2881 1301 2936 est
1321 2873 1524 2937 Aetnensium
1547 2882 1579 2937 et
1599 2875 1734 2958 publicis

416 2972 449 3028 ct
468 2966 597 3048 privatis
617 2964 730 3028 litteris
752 2966 943 3047 consignata.
986 2967 1075 3029 Meae
1098 2965 1278 3049 diligentiae
1304 2986 1437 3048 pensum
1459 2968 1558 3050 magis
1579 2969 1611 3030 in
1632 2969 1772 3032 Leon-et

415 3059 481 3121 tino
503 3078 577 3140 agro
599 3065 648 3121 est
669 3058 857 3141 exigendum
879 3066 1006 3143 propter
1025 3060 1107 3122 banc
1128 3079 1272 3134 causam,
1304 3059 1388 3143 quod
1417 3061 1476 3143 ipsi
1502 3060 1647 3123 Leontini
1677 3081 1735 3144 pu·

415 3150 497 3216 blica
519 3173 583 3216 non
605 3172 681 3216 sane
697 3152 827 3216 multum
842 3174 891 3216 me
906 3151 1110 3216 adiuverunt:
1132 3173 1236 3236 neque
1258 3154 1341 3216 enim
1357 3172 1411 3215 eos
1432 3154 1492 3216 isto
1513 3160 1653 3237 praetore
1674 3153 1735 3216 bae

416 3246 659 3311 decumanorum
680 3246 811 3308 iniuriae
834 3245 1007 3321 laeserunt,
1033 3247 1136 3330 potius
1158 3248 1269 3322 etiam,
1292 3247 1423 3320 iudices,
1445 3246 1639 3309 adiuvemnt.
1675 3248 1735 3312 Mi·

415 3361 483 3422 rum
512 3340 644 3405 fortasse
669 3339 730 3402 boc
751 3338 839 3402 vobis
862 3348 915 3402 aut
944 3339 1128 3403 incredibile
1150 3340 1310 3414 videatur,
1342 3341 1375 3401 in
1396 3339 1490 3402 tantis
1511 3347 1666 3402 aratorum
1687 3341 1735 3402 in·

415 3433 587 3498 commodis
614 3434 801 3506 Leontinos,
835 3433 887 3515 qui
917 3433 1076 3517 principes
1104 3434 1150 3495 rei
1176 3432 1397 3497 immentariae
1425 3433 1556 3506 fuerint,
1587 3441 1771 3516 expertesao

414 3527 682 3592 incommodorum
703 3534 798 3610 atque
821 3527 1002 3590 iniuriarum
1024 3525 1132 3589 fuisse.
1175 3527 1242 3590 Hoc
1265 3547 1377 3590 causae
1399 3534 1463 3603 est,
1489 3526 1626 3601 iudices,
1649 3528 1734 3611 quod
1798 3526 1804 3538 '

415 3623 448 3685 in
470 3642 545 3705 agro
567 3622 718 3684 Leontino
740 3627 863 3705 praeter
883 3640 977 3684 unam
992 3620 1182 3684 Mnasistrati
1204 3620 1354 3683 familiam
1376 3620 1498 3703 glebam
1512 3622 1734 3685 Leontinorum

414 3713 555 3800 possidet
580 3735 683 3778 nemo.
727 3716 838 3797 Itaque
864 3714 1070 3788 Mnasistrati,
1101 3713 1236 3777 bominis
1264 3713 1476 3777 honestissimi
1504 3723 1598 3798 atque
1627 3715 1734 3798 optimi

414 3810 488 3885 viri,
510 3809 738 3882 testimonium,
760 3807 895 3880 iudices,
917 3807 1064 3870 audistis:
1086 3815 1207 3870 ceteros
1227 3808 1411 3881 Leontinos,
1434 3807 1548 3890 quibus
1563 3828 1627 3872 non
1641 3808 1735 3872 modo

415 3903 572 3988 Apronius
593 3902 628 3965 in
648 3903 746 3986 agris,
775 3900 831 3965 sed
861 3922 902 3965 44
924 3908 1091 3984 tempestas
1114 3900 1241 3984 quidem
1262 3899 1328 3963 ulla
1347 3919 1460 3963 nocere
1481 3901 1594 3985 potuit,
1623 3920 1773 3986 crepe-ao

481 4194 505 4244 4.
524 4191 808 4258 44444144444461433.
828 4188 892 4239 dett.
913 4213 940 4224 -
959 4188 983 4238 6.
1000 4189 1125 4252 (mundis
1141 4186 1222 4251 Lglt:
1239 4187 1360 4251 [44444644
1375 4188 1420 4237 444.
1439 4187 1469 4237 0.
1484 4213 1510 4224 -
1528 4187 1604 4249 4444444
1617 4188 1637 4251 f.
1650 4186 1734 4252 Lgllz

413 4267 489 4333 4444444
508 4269 584 4334 piae
605 4265 661 4318 rell.
681 4267 709 4317 0.
730 4293 756 4303 -
776 4264 980 4327 reprehendendis
996 4262 1073 4313 codd.
1093 4263 1157 4313 noti.
1178 4290 1206 4300 -
1232 4263 1273 4313 44.
1291 4261 1375 4327 immo]
1391 4263 1469 4311 44444
1484 4260 1562 4325 agla.
1583 4288 1609 4299 -
1628 4263 1669 4312 43.
1686 4263 1737 4313 Ar-

414 4342 517 4393 tltimoni
537 4341 616 4407 Lgli.
643 4369 670 4378 -
697 4342 736 4391 46.
755 4344 903 4402 acceperant
922 4337 1003 4401 Lgli:
1030 4342 1177 4400 occeperunt
1198 4335 1254 4387 rell.
1273 4337 1302 4387 0.
1327 4365 1354 4374 -
1381 4337 1422 4387 46.
1440 4338 1590 4387 committere
1608 4336 1685 4400 Lgli.
1706 4362 1734 4373 -

414 4419 455 4471 2⁰.
474 4425 497 4470 et
512 4418 557 4470 boc
572 4419 637 4469 iuter
652 4416 828 4480 grwioresqaa
845 4420 914 4465 testes
929 4413 1007 4477 agla.
1027 4413 1117 4478 [Deest
1132 4411 1209 4462 lectio
1226 4411 1297 4476 apud
1308 4412 1347 4472 Ζ.,
1366 4424 1435 4476 qnae
1452 4415 1577 4476 corrupta
1589 4416 1672 4462 estex
1685 4412 1737 4461 bec

413 4507 478 4545 vera
489 4508 495 4543 :
507 4494 617 4545 etbocia
627 4498 650 4543 te
660 4492 777 4542 certiores
783 4490 960 4554 proceresque
971 4488 999 4553 4.]
1012 4515 1038 4525 -
1048 4489 1090 4538 44.
1103 4492 1233 4538 mouentur
1244 4486 1312 4549 Lgtl
1326 4498 1352 4550 p.
1365 4499 1402 4536 m.
1413 4513 1441 4522 -
1452 4487 1518 4548 quod
1528 4486 1563 4550 ie]
1575 4487 1618 4548 qui
1628 4488 1655 4535 iu
1666 4487 1735 4537 4444.

298 4588 301 4593 ·
413 4568 548 4620 4444444444.
577 4568 628 4633 [Sic
643 4566 684 4617 vel
702 4565 821 4628 quoniam
836 4565 966 4627 tantique
983 4561 1087 4612 videtur
1103 4560 1275 4613 scribendum
1292 4572 1361 4611 esse.
1380 4559 1627 4625 Haud-omnium
1648 4558 1677 4622 4,
1695 4562 1732 4610 N:

414 4643 526 4694 enudus
541 4643 606 4694 dett.
627 4670 654 4681 --
672 4643 712 4692 22.
731 4640 820 4690 444444
832 4653 898 4702 poss.
917 4638 981 4688 dett.
1000 4638 1030 4688 0.
1051 4664 1077 4674 -
1101 4637 1142 4688 24.
1159 4637 1197 4687 uti
1214 4635 1281 4698 Lgll
1293 4637 1327 4686 N:
1351 4640 1379 4684 ut
1395 4632 1451 4685 rell.
1472 4661 1497 4672 -
1518 4636 1559 4686 33.
1576 4636 1665 4685 littero
1680 4646 1735 4684 om.

414 4717 492 4783 agia.
513 4742 540 4755 -
559 4731 616 4769 mco
634 4717 762 4780 diligentia
778 4714 843 4765 dett.
855 4741 882 4749 —
893 4714 925 4763 36
953 4713 1126 4772 4444--444
1142 4724 1202 4760 sone
1218 4724 1271 4760 om.
1291 4708 1359 4773 Lgll
1377 4710 1403 4760 in
1420 4708 1522 4759 lacuna.
1536 4736 1562 4746 -
1573 4710 1614 4758 at.
1631 4708 1737 4757 multam

414 4807 453 4844 me
469 4792 552 4858 Lgla:
570 4807 609 4844 me
624 4793 729 4844 multum
746 4789 802 4840 rell.
821 4790 851 4840 0.
871 4815 899 4825 -
917 4788 958 4839 28.
977 4788 1081 4848 ludices,
1100 4788 1184 4837 adimi.
1203 4785 1232 4846 4,
1250 4800 1289 4847 φτ
1307 4786 1404 4846 odim„
1422 4785 1474 4835 iud.
1492 4784 1557 4835 dett.
1578 4809 1605 4819 -
1622 4782 1664 4832 49.
1682 4779 1736 4844 cat]

414 4873 498 4920 4444444
515 4869 592 4934 agis.
613 4896 640 4905 -
662 4867 702 4918 30.
720 4866 814 4929 sumat
830 4862 912 4926 agla,
935 4860 977 4912 elii
1001 4859 1091 4912 multi:
1112 4862 1214 4930 [neunt
1230 4861 1260 4912 0.
1284 4887 1311 4897 -
1334 4860 1376 4911 34.
1393 4860 1485 4910 induet
1500 4864 1535 4909 est
1551 4858 1627 4920 Lgte.
1647 4884 1675 4894 -
1694 4857 1735 4908 32.

413 4943 550 4994 Notietroti
567 4942 636 5007 Lgll
653 4945 680 4993 44
696 4942 734 4992 444
751 4940 857 4991 delude.
870 4962 897 4975 -
917 4936 957 4989 34.
975 4937 1080 4987 aeduis
1096 4935 1164 4998 agla
1175 4949 1212 4996 cp:
1231 4936 1337 4985 44444444
1352 4933 1450 4985 rollo.
1476 4933 1543 4984 Alibi
1561 4945 1668 4997 quoque
1684 4932 1736 4982 bae

415 5018 516 5069 tormse
538 5021 734 5069 commntantur
754 5016 780 5065 in
797 5014 876 5065 codd.
894 5027 935 5064 ex.
955 5025 978 5062 c.
997 5012 1028 5061 V.
1047 5010 1072 5074 ἓ.
1091 5012 1148 5061 444.
1166 5011 1209 5059 444.
1232 5009 1257 5073 5.
1276 5011 1316 5059 63.
1336 5009 1392 5060 403.
1409 5009 1467 5059 200.
1493 5011 1579 5071 Atque
1596 5006 1632 5056 444
1649 5007 1737 5056 incer-

415 5094 542 5152 tumeat,
569 5095 627 5143 4444
644 5089 817 5157 praeterendo
834 5091 879 5150 444,
904 5086 949 5137 444
967 5099 1019 5136 444
1035 5086 1099 5136 satis
1115 5087 1232 5144 4444444,
1259 5084 1406 5135 dixerintne
1423 5086 1476 5135 iem
1491 5085 1574 5134 testes
1591 5094 1625 5131 en
1641 5079 1737 5131 dicturi

414 5167 476 5218 4444.
503 5168 642 5232 lituusque
659 5168 749 5218 autem
766 5165 871 5230 generis
892 5161 1041 5213 testimonia
1058 5160 1303 5210 commemorantur
1319 5171 1361 5210 ex.
1380 5171 1404 5209 c.
1422 5159 1464 5208 111.
1483 5157 1508 5222 5.
1526 5157 1567 5207 66.
1585 5155 1616 5204 V.
1635 5153 1658 5218 5.
1677 5152 1734 5205 tlt.

417 5267 444 5278 -
464 5241 505 5293 34.
521 5241 592 5292 atella
608 5241 686 5307 lgtt.

457 5331 626 5384 emeno.
1480 5323 1521 5391 48
