4367 6109
445 554 508 623 250
796 561 839 626 IN
859 560 1027 624 VERREM
1048 558 1170 625 ACTIO
1194 557 1377 624 SECUNDA

446 737 483 794 ut
502 732 617 795 absens
638 737 840 795 accusaretur
859 730 899 792 ab
914 729 953 793 iis
970 729 1091 812 palam,
1115 749 1251 814 quorum
1264 728 1298 792 in
1312 718 1398 793 bona
1412 730 1595 814 liberosque
1610 749 1768 797 summum

444 825 613 907 imperium
633 831 888 908 potestatemque
908 824 1048 887 baberet
1081 825 1181 886 Tanta
1202 825 1250 886 vis
1265 831 1332 886 erat
1351 824 1551 898 iniuriarum,
1572 833 1609 888 ut
1621 825 1768 891 homines

446 919 572 1002 quidvis
593 918 734 1001 perpeti,
763 937 859 1002 quam
880 937 945 981 non
967 918 1007 980 de
1035 917 1128 980 istius
1152 917 1353 1000 improbitate
1375 917 1542 1001 deplorare
1564 928 1597 982 et
1616 923 1769 1005 conqueri

446 1013 586 1076 mallent.
617 1009 670 1075 io.
693 1012 781 1089 Quas
802 1013 922 1075 litteras
944 1010 1078 1074 eumad
1101 1031 1211 1074 omnes
1229 1011 1372 1075 civitates
1394 1032 1494 1095 prope
1509 1013 1696 1097 suppliciter
1710 1016 1770 1076 mi·

422 1107 539 1169 esisset
559 1106 722 1181 Metellus,
745 1115 849 1169 tamen
871 1107 1037 1189 antiquum
1052 1105 1182 1168 modurn
1204 1107 1334 1169 sationis
1356 1106 1444 1170 nulla
1466 1125 1507 1170 ex
1528 1116 1618 1191 parte
1639 1109 1768 1193 assequi

445 1200 559 1283 potuit
600 1201 797 1283 Diffugerant
818 1200 903 1263 enim
924 1198 1087 1283 permulti,
1117 1198 1148 1262 id
1172 1200 1258 1282 quod
1285 1201 1463 1274 ostendam,
1494 1221 1554 1264 nec
1576 1201 1679 1264 solum
1700 1223 1771 1267 ara·

444 1291 566 1368 tiones,
588 1293 644 1356 sed
666 1294 761 1357 etiam
783 1293 875 1356 sedes
897 1312 972 1357 snas
991 1292 1111 1375 patrias
1131 1293 1222 1356 istius
1245 1285 1369 1357 iniuriis
1391 1295 1540 1378 exagitati
1563 1295 1770 1378 reliquerant.

518 1388 588 1449 Non
610 1386 789 1449 mehercule
803 1387 941 1469 augendi
957 1386 1098 1450 oriminis
1112 1406 1218 1462 causa,
1232 1385 1363 1463 iudices,
1382 1388 1495 1465 dicam,
1517 1389 1575 1453 sed
1590 1410 1687 1472 quem
1700 1391 1770 1473 ipse

445 1482 553 1564 accepi
576 1481 676 1544 oculis
698 1482 869 1564 animoque
891 1501 1036 1554 sensum,
1056 1480 1143 1545 buno
1156 1501 1231 1544 vere
1245 1482 1330 1566 apud
1345 1502 1403 1547 vos
1418 1491 1451 1547 et
1465 1492 1500 1547 ut
1521 1492 1635 1567 potero
1651 1483 1772 1566 planis·

409 1573 524 1639 eosime
545 1594 714 1658 exponam.
743 1571 795 1639 47.
817 1576 896 1639 Nam
918 1595 989 1637 cum
1005 1575 1216 1658 quadriennio
1238 1583 1313 1659 post
1332 1579 1365 1640 in
1385 1578 1526 1641 Siciliam·
1537 1577 1710 1650 venissem,
1725 1576 1773 1639 sio

445 1668 523 1733 nribi
543 1669 657 1732 affecta
679 1670 747 1732 risa
762 1676 820 1744 est,
842 1676 879 1732 ut
891 1687 949 1731 eac
967 1676 1068 1732 terrae
1084 1669 1203 1743 solent,
1226 1671 1258 1733 in
1274 1671 1390 1754 quibus
1404 1671 1524 1734 bellum
1538 1669 1688 1734 acerbum
1702 1669 1773 1732 diu-

446 1771 637 1846 turnumque
660 1771 820 1827 versatum
840 1770 899 1827 est.
931 1761 1020 1838 Quos
1042 1782 1102 1844 ego
1125 1783 1253 1846 campos
1273 1773 1368 1827 antea
1381 1765 1543 1848 collesque
1564 1763 1773 1828 nitidissimos

445 1855 717 1941 viridissimosque
738 1856 902 1931 vidissem,
924 1856 984 1919 bos
1006 1855 1051 1918 ita
1067 1862 1207 1920 vastatos
1228 1878 1313 1921 nunc
1334 1878 1372 1922 ac
1394 1859 1536 1922 desertos
1551 1858 1714 1932 videbam,
1737 1863 1774 1919 ut

447 1971 523 2034 ager
542 1952 613 2034 ipse
633 1949 789 2015 cultorem
811 1950 991 2014 desiderare
1012 1970 1049 2013 ac
1070 1950 1180 2033 lugere
1196 1951 1358 2015 dominum
1373 1952 1543 2016 rideretur.
1574 1950 1773 2014 Herbitensis

410 2058 539 2128 longer,
561 2045 755 2120 Hennensis,
777 2045 1014 2127 Murgentinus,
1035 2047 1222 2119 Assorinos,
1245 2047 1483 2122 lmaobarensis,
1500 2045 1707 2132 Agyrinensis
1728 2048 1774 2109 ita

447 2140 577 2205 relictus
600 2147 667 2203 erat
687 2159 728 2203 ex
750 2141 886 2203 maxima
907 2145 1013 2221 parte,
1036 2147 1158 2203 utnon
1180 2139 1283 2203 solum
1304 2140 1467 2222 iugorum,
1490 2141 1545 2204 sed
1561 2142 1656 2204 etiam
1672 2139 1775 2202 domi·

447 2252 561 2296 norum
582 2233 816 2297 multitudinem
839 2250 1073 2316 quaereremus.
1095 2234 1264 2296 Aetnensis
1279 2253 1354 2297 vero
1376 2255 1467 2316 ager,
1490 2236 1545 2318 qui
1567 2234 1689 2298 solebat
1702 2251 1774 2296 esse

448 2326 657 2401 cultissimus,
690 2335 738 2400 et,
768 2326 854 2410 quod
883 2334 978 2410 caput
1006 2334 1056 2389 est
1085 2327 1132 2389 rei
1153 2326 1394 2402 frumentariae,
1428 2348 1559 2410 campus
1581 2329 1774 2403 Leontinus,

448 2423 539 2487 ouius
559 2428 654 2486 antea
675 2421 798 2505 species
818 2421 898 2485 baec
922 2429 1006 2496 erat,
1027 2429 1078 2495 ut,
1102 2441 1174 2482 cum
1197 2421 1336 2484 obsitum
1356 2421 1507 2495 vidisses,
1529 2440 1674 2485 annonae
1696 2421 1776 2484 cari-

411 2523 544 2581 ettatem
573 2537 639 2581 non
664 2535 825 2590 vererere,
857 2516 902 2578 sic
931 2523 998 2578 arat
1020 2514 1170 2578 deformis
1193 2523 1290 2600 atqua
1312 2515 1475 2590 horridus,
1503 2516 1593 2578 utin
1615 2515 1777 2579 uberrima

449 2610 576 2675 Siciliae
597 2619 686 2695 parto
709 2609 849 2673 Siciliam
872 2628 1107 2693 quaereremus.
1150 2609 1367 2674 Labefactarat
1388 2612 1472 2673 enim
1487 2609 1691 2673 vehementer
1705 2628 1777 2670 ara·

450 2711 533 2768 tores
547 2705 611 2768 iam
625 2703 772 2789 superior
785 2722 906 2777 annus,
927 2703 1093 2785 proximus
1107 2724 1183 2767 vero
1198 2703 1341 2768 funditus
1356 2711 1520 2768 everterat
1555 2702 1644 2765 xlx.
1660 2698 1711 2764 ts.
1727 2704 1777 2765 Tu

448 2801 527 2865 mibi
548 2803 643 2866 etiam
665 2801 764 2865 audes
788 2801 981 2863 mentionem
1003 2799 1108 2862 facere
1130 2799 1355 2863 decumarum?
1391 2801 1439 2862 Tu
1461 2799 1495 2861 in
1517 2805 1605 2862 tanta
1625 2798 1777 2882 improbi-

449 2902 529 2974 tate,
553 2893 611 2984 [tu]
635 2896 668 2960 in
691 2903 779 2959 tanta
801 2894 987 2969 acerbitate,
1011 2894 1044 2956 in
1066 2900 1113 2956 tot
1135 2913 1172 2956 ac
1194 2895 1289 2956 tantis
1311 2893 1453 2967 iniuriis,
1476 2912 1549 2954 curn
1569 2892 1604 2957 in
1625 2894 1777 2957 arationi-

411 2990 509 3054 tibns
530 2993 617 3055 etin
640 3010 748 3054 earum
770 3010 875 3053 rerum
899 2989 967 3052 iure
989 2989 1153 3072 provincia
1172 2988 1281 3052 Sicilia
1303 2990 1471 3063 consistat,
1493 2989 1613 3051 eversis
1633 2987 1777 3052 funditus

448 3085 643 3161 aratoribus,
664 3085 783 3149 relictis
806 3084 907 3167 agris,
930 3103 1002 3146 cum
1024 3083 1057 3145 in
1079 3083 1244 3166 provincia
1266 3090 1329 3146 tam
1351 3081 1511 3164 locuplete
1525 3101 1562 3145 ac
1580 3081 1697 3145 referta
1711 3101 1776 3145 non

449 3176 544 3241 modo
565 3199 648 3253 rem,
671 3180 726 3244 sed
749 3199 789 3242 ns
812 3198 900 3261 spem
916 3178 1045 3262 quidem
1059 3178 1158 3240 ullam
1174 3178 1328 3260 reliquam
1344 3177 1492 3258 cuiquam
1505 3174 1632 3249 leceris,
1655 3175 1776 3259 aliquid

449 3278 481 3334 te
503 3273 656 3354 populare
679 3274 805 3357 putabis
826 3273 961 3348 babere,
984 3293 1056 3335 cum
1080 3273 1166 3336 dices
1189 3279 1219 3334 te
1241 3270 1341 3354 pluris
1364 3289 1459 3352 quam
1482 3276 1604 3332 ceteros
1626 3268 1776 3333 decumus

449 3365 657 3429 vendidisset
672 3368 790 3443 :Quasi
812 3388 887 3431 vero
909 3376 965 3430 aut
985 3366 1124 3450 populus
1146 3368 1306 3427 Romanus
1328 3363 1390 3426 boc
1412 3363 1550 3427 voluerii
1571 3372 1627 3426 aut
1649 3371 1776 3428 senatus

412 3457 508 3521 setini
528 3459 589 3524 boo
611 3463 824 3536 mandaverit,
845 3470 897 3537 ut,
921 3482 993 3524 cum
1015 3480 1125 3525 omnes
1148 3467 1308 3522 aratorum
1329 3459 1472 3521 fortunas
1494 3457 1698 3520 decumarum
1719 3478 1778 3521 no-

450 3552 534 3616 mine
563 3556 719 3638 eriperes,
748 3556 781 3617 in
810 3564 973 3639 posterum
1002 3555 1107 3618 fructu
1136 3553 1191 3616 illo
1223 3551 1453 3635 commodoque
1479 3551 1527 3612 rei
1552 3551 1777 3616 frumentariae

449 3646 604 3729 populum
626 3649 801 3712 Romanum
823 3649 981 3732 privares:
1012 3648 1145 3723 deinde,
1171 3648 1198 3710 si
1222 3666 1317 3732 quam
1339 3654 1460 3730 partem
1482 3654 1556 3709 tuae
1577 3647 1714 3730 praedae
1736 3646 1778 3710 ad

516 3854 540 3903 4.
559 3867 648 3915 ensem
659 3853 689 3903 V.
704 3880 731 3889 -
745 3853 769 3903 3.
781 3853 940 3916 improbitate
949 3854 1018 3916 2329
1029 3855 1061 3904 42
1072 3855 1091 3903 Β
1101 3855 1123 3903 Ν
1133 3854 1154 3902 V
1166 3851 1255 3916 (inm.)
1266 3865 1303 3914 cp:
1319 3852 1502 3913 praedomuit.
1516 3851 1545 3900 4).
1559 3849 1777 3915 [babentdeinde

450 3929 580 3979 editiones
596 3928 747 3988 miniariis,
766 3941 834 3991 quae
851 3927 934 3979 verba
953 3942 1014 3979 cum
1031 3928 1119 3978 absint
1135 3928 1184 3976 uV
1195 3931 1222 3978 et
1232 3928 1314 3990 2342,
1333 3924 1446 3976 delenda
1459 3927 1621 3977 censuimus.
1641 3926 1733 3991 itinn]
1748 3953 1776 3963 -

449 4003 475 4057 4.
494 4004 573 4054 ornam
588 4002 619 4052 V.
640 4029 667 4039 —
686 4004 710 4053 o.
729 4005 827 4065 assequi
843 4003 912 4067 2322
923 4004 1008 4065 NVm
1027 4002 1083 4066 (sed
1101 4003 1124 4051 V
1140 4002 1217 4064 adel:
1236 4002 1339 4063 sesequi
1355 3999 1395 4050 sel
1412 4001 1502 4060 enequi
1518 3998 1575 4050 rell.
1596 4028 1623 4038 -
1643 4002 1667 4051 6.
1685 4014 1730 4051 nee
1745 4000 1776 4052 i:

449 4093 500 4130 non
515 4077 572 4128 rell.
591 4079 620 4128 0.
640 4079 687 4141 (De
704 4079 727 4126 V
743 4090 796 4128 non
813 4077 914 4142 liquet.)
935 4107 962 4116 -
981 4079 1105 4128 arationis
1121 4077 1199 4140 2342.
1220 4104 1247 4113 -
1266 4078 1290 4127 7.
1309 4077 1480 4138 relinquerunt
1495 4076 1526 4126 V.
1541 4103 1569 4111 -
1588 4075 1612 4125 8.
1630 4076 1780 4125 mehercules

449 4154 528 4218 2332.
549 4179 577 4191 -
595 4153 704 4217 ouqendi
719 4154 831 4202 criminis
846 4154 882 4202 V:
909 4155 1021 4205 criminis
1037 4155 1146 4218 aspendi
1162 4155 1207 4203 ctt.
1227 4151 1256 4201 0.
1276 4179 1304 4187 -
1327 4152 1379 4200 iud.
1398 4152 1481 4202 dicum
1497 4152 1520 4202 V
1536 4152 1563 4201 et
1579 4150 1607 4201 i:
1626 4153 1709 4201 menen
1724 4152 1777 4200 iud.

450 4231 495 4279 ott.
513 4229 543 4280 0.
564 4256 591 4265 -
610 4240 675 4291 quoe
690 4229 742 4290 ipse
757 4241 891 4292 superscr.
910 4242 936 4278 m
951 4229 982 4279 V.
1003 4257 1031 4266 -
1047 4231 1100 4291 ipse
1116 4228 1199 4290 cerepi
1211 4225 1321 4291 vrgia:
1340 4240 1393 4276 uec.
1411 4227 1463 4288 ipse
1480 4229 1525 4277 ctt.
1545 4228 1574 4276 0.
1590 4254 1618 4264 -
1636 4227 1660 4277 9.
1679 4228 1780 4277 enimo-

449 4316 514 4367 quue
530 4302 561 4354 V.
582 4330 609 4340 -
629 4310 691 4368 aput
705 4306 736 4356 V.
758 4306 952 4368 -ptcnissume
968 4305 999 4355 V.
1021 4334 1048 4343 -
1068 4307 1109 4356 to.
1128 4304 1162 4369 in]
1180 4305 1215 4353 im
1231 4303 1262 4352 V.
1284 4330 1310 4339 -
1329 4301 1540 4365 siemtbgtllt.
1561 4330 1587 4340 -
1616 4304 1655 4353 44.
1675 4304 1727 4366 eds.
1746 4302 1777 4352 V.

452 4407 481 4417 -
507 4392 552 4429 eoe
567 4380 633 4430 VL:
652 4394 703 4431 esse
717 4380 802 4445 2322ς
828 4381 875 4430 boe
892 4383 936 4430 ctt.
957 4406 985 4416 -
1005 4380 1044 4431 43.
1063 4386 1122 4429 tunc
1138 4382 1166 4430 L.
1193 4381 1227 4429 At
1242 4391 1267 4427 v.
1286 4377 1379 4428 itendit
1397 4376 1559 4427 ltmrdiinum
1576 4378 1618 4427 ΙΙΙ.
1637 4390 1663 4442 p.
1676 4376 1734 4426 337.
1749 4404 1777 4413 -

451 4454 491 4505 lb.
508 4455 669 4506 litiennense's
677 4455 747 4519 2329
759 4457 790 4507 42
802 4456 864 4514 BV;
883 4455 945 4505 inde
957 4457 1052 4506 Maius:
1073 4461 1096 4505 et
1106 4455 1249 4505 Hennensis.
1267 4481 1294 4490 -
1313 4453 1488 4516 Morquntinus
1503 4451 1523 4501 0
1540 4455 1632 4502 contra
1650 4451 1729 4502 codd.
1750 4479 1778 4489 -

449 4530 620 4581 Mocheresis
640 4529 718 4580 codd.
752 4533 784 4582 At
809 4531 842 4582 cl.
865 4530 888 4594 5.
907 4533 963 4581 490.
986 4532 1017 4581 V.
1037 4531 1061 4593 ἐ.
1079 4532 1119 4581 42.
1141 4528 1204 4579 Plin.
1230 4530 1260 4578 N.
1280 4528 1310 4577 H.
1329 4528 1371 4577 ill.
1389 4527 1419 4586 3,
1439 4525 1480 4577 il.
1509 4553 1536 4563 -
1564 4527 1604 4578 46.
1631 4532 1687 4578 eret
1702 4532 1732 4576 ut
1747 4540 1781 4577 ee

449 4607 565 4656 mimo
586 4620 636 4656 non
653 4607 733 4657 soloen
748 4606 826 4670 2342.
853 4607 919 4658 ilino
936 4607 1071 4671 Zumptius
1088 4606 1172 4655 conl:
1194 4605 1233 4654 itu
1248 4602 1348 4653 relictus
1363 4606 1419 4652 erut
1433 4607 1462 4651 ut
1477 4602 1619 4652 mocimm
1635 4616 1685 4652 non
1701 4601 1782 4652 solun

451 4685 502 4733 etc.
523 4709 551 4719 —
569 4682 687 4745 luponem
703 4682 740 4731 V:
766 4684 882 4745 iuqemen
898 4679 955 4732 rell.
973 4682 1002 4731 0.
1023 4709 1050 4718 -
1070 4680 1110 4730 49.
1128 4684 1186 4729 ants
1202 4680 1233 4728 V.
1254 4705 1281 4715 -
1300 4677 1390 4740 speeies
1406 4676 1485 4726 codd.
1504 4688 1613 4728 omnes:
1633 4690 1688 4740 spes
1704 4675 1778 4726 editt.

449 4759 562 4824 priores.
583 4785 610 4795 -
635 4771 693 4807 mm
713 4770 770 4808 eum
785 4757 890 4807 obsitum
906 4759 937 4807 N.
962 4784 989 4793 -
1019 4755 1126 4817 spritum
1142 4753 1250 4816 442329.
1271 4778 1298 4788 -
1325 4752 1366 4801 24.
1384 4751 1567 4813 requireremus
1582 4766 1615 4813 φ.
1641 4749 1780 4814 Vulgatarn

451 4833 540 4883 tuetur
562 4832 643 4882 etiam
669 4834 742 4883 Serv.
761 4832 795 4882 ad
816 4835 880 4884 Aen.
898 4833 952 4882 Vll.
970 4833 1027 4882 293.
1049 4857 1076 4867 -
1100 4829 1224 4891 labefacto
1239 4827 1306 4877 enim
1320 4831 1389 4886 erut,
1412 4838 1466 4876 om.
1484 4826 1637 4876 uelemmter
1652 4825 1729 4889 2322.
1750 4852 1779 4861 -

450 4907 492 4958 22.
515 4907 567 4956 iam
589 4919 643 4958 om.
661 4908 730 4971 2329
747 4921 774 4972 p.
793 4921 828 4958 m.
851 4936 877 4945 -
899 4907 939 4957 23.
958 4912 986 4956 tu
1000 4907 1028 4955 in
1044 4910 1117 4955 tonte
1138 4903 1294 4966 immanium
1310 4901 1377 4964 2342
1389 4904 1459 4963 Nm:
1479 4915 1533 4952 om.
1552 4900 1608 4952 reli.
1629 4928 1656 4937 —
1674 4899 1716 4951 24.
1735 4899 1780 4964 [iul

452 4993 505 5031 om.
519 4994 551 5042 φ.
570 4982 667 5042 Recte,
686 4982 787 5046 opinor.
804 5010 832 5018 -
850 4995 881 5030 uc
898 4980 980 5044 Lgi2:
999 4979 1088 5030 etrell.
1103 4981 1132 5030 0.
1147 5006 1176 5017 -
1193 4978 1235 5028 26.
1248 4978 1362 5038 lorupktt
1378 4977 1459 5028 Prisc.
1478 4979 1498 5027 l.
1511 4990 1542 5041 p.
1556 4977 1613 5028 366.
1628 5003 1656 5012 -
1675 4975 1716 5024 et.
1734 4988 1782 5024 cu-

451 5058 568 5120 iusquam
584 5057 662 5121 2342.
682 5086 709 5094 -
728 5059 769 5108 23.
786 5063 861 5120 putas
877 5056 910 5107 al.
929 5058 955 5106 in
973 5069 1056 5119 marg.
1077 5053 1149 5105 4534.
1171 5083 1197 5092 -
1225 5054 1286 5102 dicis
1302 5050 1369 5115 2342
1388 5054 1415 5102 et
1431 5052 1464 5103 al.
1483 5053 1509 5102 in
1527 5064 1611 5114 marg.
1630 5049 1693 5101 issi
1711 5051 1778 5112 (φῖ).

455 5158 483 5169 -·
495 5132 536 5182 30.
555 5133 599 5182 tibi
614 5134 659 5183 boo
677 5133 760 5197 ugia:
777 5134 823 5183 boo
839 5133 882 5183 tibi
899 5131 955 5183 rell.
970 5157 997 5168 ·-
1016 5132 1057 5182 34.
1075 5129 1168 5194 [mictu]
1184 5129 1316 5192 fructuque
1328 5127 1396 5190 2329
1413 5141 1439 5191 p.
1453 5140 1505 5185 m.;
1522 5128 1607 5190 fructu
1622 5139 1695 5188 quem
1711 5124 1781 5188 Lgi²

452 5220 481 5273 p.
495 5219 547 5268 m.,
573 5208 658 5272 fructu
674 5223 749 5271 quom
765 5221 820 5261 sec.
839 5220 876 5259 nr.
897 5235 924 5245 —
950 5207 1067 5271 ment.
1084 5206 1123 5256 rei
1138 5202 1216 5268 2342.
1237 5230 1264 5242 -
1286 5201 1326 5253 32.
1341 5215 1402 5265 pop.
1420 5202 1501 5268 lium]
1518 5215 1597 5264 remp.
1615 5199 1684 5263 2342
1701 5202 1729 5251 et
1744 5197 1779 5250 al.

452 5281 480 5334 in
495 5293 580 5350 marg.
598 5281 672 5338 4684.
