4367 6109
445 548 508 620 232
815 552 859 616 {N
879 546 1047 617 VERREM
1067 545 1192 616 ACTIO
1216 548 1401 614 SECUNDA

444 725 505 788 bns
535 724 670 808 positam
702 721 891 797 contecerit3
926 740 1009 805 quae
1040 721 1132 784 vobis
1163 720 1227 784 alio
1257 718 1330 782 loco
1359 717 1487 802 planius
1520 715 1773 799 explicabuntur.

446 815 517 881 ⁴85.
540 820 630 880 Nunc
650 816 712 880 hoc
733 816 896 879 attendite.
925 815 982 877 llis
1005 813 1299 897 exportationibus,
1323 831 1406 896 quae
1421 810 1571 873 recitatae
1586 816 1675 885 sunt,
1697 811 1775 874 scri·

445 912 493 976 bit
519 910 579 975 {is
607 930 649 975 nx
674 909 780 972 socios
810 907 988 991 perdidisse
1018 928 1058 970 ex
1078 907 1230 971 vicesima
1252 906 1386 990 portorii
1409 906 1584 989 Syracusis.
1626 905 1775 969 Pauculis

445 1006 543 1090 igitur
563 1000 743 1076 mensibus,
772 1008 809 1064 ut
829 1002 863 1064 hi
891 1002 1000 1084 pusilli
1023 1008 1056 1064 et
1077 1002 1250 1084 contempti
1272 999 1373 1062 libelli
1395 999 1551 1073 indicant,
1578 997 1662 1063 furta
1684 1019 1775 1083 prae-

422 1100 539 1174 otoris,
568 1116 650 1184 quae
679 1094 868 1159 essentiis
892 1094 1078 1170 duodecies,
1109 1115 1150 1157 ex
1177 1114 1241 1157 uno
1264 1093 1384 1177 oppido
1407 1093 1477 1155 solo
1501 1102 1668 1176 exportata
1689 1101 1774 1159 sunt.

446 1192 588 1276 Cogitato
609 1209 711 1264 nunc,
733 1189 882 1252 camilla
905 1188 1012 1251 Sicilia
1034 1189 1090 1263 sit,
1112 1187 1173 1251 hoc
1196 1195 1245 1252 est
1265 1188 1385 1262 insula,
1409 1207 1492 1271 quae
1506 1187 1652 1271 undique
1667 1189 1774 1251 exitus

445 1285 620 1349 maritimos
639 1282 770 1358 babeat,
793 1281 871 1368 quid
894 1302 935 1345 ex
957 1284 1069 1346 ceteris
1092 1282 1172 1345 locis
1194 1289 1396 1365 exportatum
1417 1282 1553 1364 putetis,
1584 1282 1661 1365 quid
1683 1282 1776 1365 Agri·

444 1386 557 1462 gento,
581 1377 658 1463 quid
680 1376 848 1461 Lilybaeo,
873 1376 949 1462 quid
971 1378 1144 1450 Panormo,
1167 1376 1245 1460 qnid
1261 1375 1422 1450 Thermis,
1445 1375 1524 1459 quid
1538 1376 1672 1451 Haleso,
1695 1374 1775 1460 quid

446 1471 572 1547 Catina,
594 1471 672 1556 quid
695 1489 735 1534 ex
757 1471 871 1534 ceteris
895 1470 1038 1555 oppidis:
1062 1470 1140 1554 quid
1162 1490 1238 1534 uero
1256 1471 1418 1545 Messana,
1443 1490 1540 1554 quem
1562 1470 1621 1532 iste
1644 1469 1704 1532 sibi
1726 1470 1775 1532 lo·

408 1587 517 1639 cocum
539 1567 676 1630 maxime
699 1570 802 1628 tutum
826 1584 896 1628 esse
918 1564 1146 1638 arbitrabatur,
1173 1564 1229 1627 ubi
1251 1564 1358 1627 animo
1381 1583 1506 1646 semper
1528 1564 1633 1627 soluto
1655 1563 1774 1627 libero-

444 1680 508 1746 que
531 1666 615 1734 erat,
649 1658 736 1743 quod
764 1658 825 1722 sibi
848 1659 908 1721 iste
932 1657 1139 1722 Mamertinos
1161 1657 1340 1741 delegerat,
1370 1656 1410 1720 ad
1434 1677 1515 1742 qnos
1539 1657 1660 1732 omnia,
1688 1677 1772 1742 quae

443 1760 500 1819 aut
521 1753 707 1837 diligentius
730 1753 886 1817 servanda
906 1758 962 1817 aut
984 1752 1140 1815 occultius
1156 1751 1354 1835 exportanda
1368 1759 1472 1826 erant,
1494 1751 1684 1835 deportaret
1713 1751 1772 1815 His

443 1847 582 1913 inventis
611 1847 728 1911 libellis
757 1848 853 1910 ceteri
877 1845 991 1910 remoti
1013 1852 1045 1908 et
1066 1845 1251 1929 diligentius
1273 1852 1349 1909 sunt
1368 1846 1545 1908 reconditi:
1573 1865 1632 1909 nos
1653 1851 1772 1919 tamen,

443 1948 480 2006 ut
501 1960 611 2006 omues
633 1941 814 2024 intelligant
833 1940 895 2004 hoc
918 1961 976 2005 nos
998 1939 1068 2002 sine
1083 1940 1257 2023 cupiditate
1273 1959 1384 2023 agere,
1405 1939 1455 2003 his
1469 1939 1548 2023 ipsis
1562 1939 1679 2004 libellis
1695 1958 1773 2003 con·

406 2035 522 2104 retenti
545 2054 664 2098 sumus.

528 2127 669 2190 lxxvi.
692 2122 764 2190 ⁴86.
791 2130 881 2192 Nunc
911 2128 951 2192 ad
981 2128 1141 2192 sociomm
1171 2128 1293 2192 tabulas
1315 2129 1438 2212 accepti
1460 2135 1492 2192 et
1513 2127 1662 2211 expensi,
1691 2147 1772 2214 quas

442 2241 606 2287 removere
628 2220 762 2285 honeste
785 2222 873 2285 nullo
896 2224 991 2286 modo
1014 2229 1203 2306 potuerunt,
1233 2224 1325 2285 etad
1348 2223 1484 2285 amicum
1507 2228 1596 2284 tuum
1620 2221 1773 2303 Carpina-

442 2316 523 2380 tium
544 2322 749 2379 revertemur.
792 2316 1043 2399 Inspiciebamus
1066 2316 1233 2399 Syracusis
1255 2336 1273 2378 a
1296 2317 1477 2400 Carpinatio
1499 2315 1660 2379 confectas
1681 2315 1773 2377 tabu-

442 2410 489 2474 las
519 2409 697 2484 societatis,
729 2429 812 2493 quae
840 2406 1062 2493 significabant
1083 2411 1192 2474 multis
1214 2411 1396 2474 nominibus
1418 2431 1473 2474 eos
1493 2410 1640 2473 homines
1662 2428 1772 2473 versu·

404 2524 509 2574 soram
531 2523 549 2567 a
573 2503 754 2586 Carpinatio
777 2501 907 2578 fecisse,
932 2504 987 2588 qui
1010 2505 1162 2587 pecunias
1184 2506 1275 2567 Verri
1299 2506 1476 2579 dedissent;
1500 2505 1587 2589 quod
1606 2503 1771 2567 eritvobis

441 2599 513 2662 luce
535 2597 651 2660 clarius
674 2605 757 2672 tum,
778 2598 917 2673 iudices,
941 2619 1011 2661 cnm
1034 2617 1090 2661 eos
1113 2599 1201 2681 ipsos
1222 2600 1420 2682 produxero,
1443 2598 1498 2683 qui
1522 2599 1686 2662 dederunt.
1719 2599 1771 2660 lu·

440 2691 589 2775 telligetis
612 2691 697 2753 enim
719 2691 775 2754 illa
797 2700 960 2775 tempora,
991 2712 1047 2776 per
1070 2713 1168 2775 quae,
1199 2713 1270 2755 cum
1293 2701 1399 2756 essent
1419 2694 1453 2756 in
1474 2692 1636 2776 periculo,
1665 2693 1769 2775 pretio

440 2806 511 2850 sese
531 2786 750 2861 redemerunt,
781 2807 853 2848 cum
880 2787 1042 2852 societatis
1072 2787 1188 2850 tabulis
1218 2807 1283 2849 non
1305 2788 1409 2850 solum
1431 2787 1630 2861 consulibus,
1659 2807 1768 2850 verum

346 2927 351 2936 .
441 2880 537 2944 etiam
559 2878 720 2943 mensibus
743 2881 924 2946 convenire.

401 2997 431 3048 ss
525 2969 597 3036 487.
628 2973 706 3038 Cum
734 2976 812 3040 baec
840 2977 977 3039 maxime
1000 2994 1263 3058 cognosceremus
1286 2982 1318 3039 et
1338 2976 1401 3039 iam
1423 2976 1456 3039 in
1479 2977 1624 3040 manibus
1645 2976 1769 3041 tabulas

437 3068 644 3143 haberemus,
666 3079 798 3154 repente
814 3069 1008 3154 adspicimus
1030 3070 1143 3133 lituras
1158 3070 1227 3133 eius
1242 3071 1329 3133 modi
1351 3071 1442 3154 quasi
1459 3070 1615 3155 quaedam
1636 3070 1769 3134 vulnera

438 3163 618 3227 tabularum
640 3165 789 3228 recentia.
823 3163 935 3229 Statim
958 3162 1141 3246 suspicione
1164 3165 1276 3227 odensi
1299 3166 1338 3227 ad
1362 3185 1398 3227 ea
1420 3165 1490 3248 ipsa
1511 3166 1641 3228 nomina
1656 3165 1768 3227 oculos

438 3257 645 3341 animumque
668 3257 898 3321 transtulimus.
941 3257 1041 3319 Erant
1061 3265 1210 3342 acceptae
1232 3259 1387 3342 pecuniae
1409 3281 1429 3324 a
1452 3259 1485 3323 C.
1502 3261 1665 3323 Vennvcro
1690 3259 1767 3322 Cr.

438 3352 484 3415 sic
508 3359 629 3426 umen,
651 3357 811 3434 utusque
833 3350 873 3414 ad
895 3350 1029 3413 alterum
1051 3371 1070 3413 n
1092 3351 1216 3415 litterae
1239 3360 1421 3417 constarent
1443 3355 1601 3438 integrae,
1623 3354 1769 3438 reliquae

399 3464 549 3515 soomnes
564 3450 670 3508 essent
690 3445 723 3506 in
738 3443 843 3507 litura.
875 3443 1032 3517 Alterum,
1056 3445 1200 3520 tertium,
1223 3453 1387 3530 quartum,
1409 3449 1564 3531 permulta
1581 3453 1670 3510 erant
1684 3447 1769 3511 eius·

438 3539 511 3601 dem
528 3538 614 3601 modi
637 3537 777 3600 nomina.
822 3538 899 3601 Cum
921 3537 1090 3601 manifesta
1111 3560 1179 3614 res,
1202 3561 1273 3603 cum
1296 3543 1451 3625 flagitiosa
1473 3543 1568 3606 litura
1589 3541 1767 3603 tabularum

437 3639 536 3716 atque
562 3630 696 3714 insignis
725 3631 889 3714 turpitudo
918 3639 1100 3707 teneretur,
1131 3653 1283 3717 quaerere
1313 3636 1489 3718 incepimus
1512 3636 1551 3698 de
1574 3637 1768 3720 Carpinatio,

437 3726 585 3811 quisnam
607 3725 634 3787 is
656 3731 740 3789 esset
759 3725 947 3798 Verrucius,
983 3727 1114 3808 quicum
1141 3736 1249 3791 tantae
1272 3730 1426 3812 pecuniae
1448 3731 1604 3792 rationem
1626 3729 1767 3794 baberet.

437 3820 575 3884 Haerere
597 3817 712 3895 homo,
741 3823 877 3896 versari,
908 3822 1031 3884 rubere.
1076 3824 1170 3900 Quod
1198 3823 1267 3906 lege
1290 3824 1494 3907 excipiuntur
1513 3824 1640 3887 tabulae
1662 3824 1768 3908 publi-

399 3933 605 3988 sscanorum,
635 3934 700 3998 quo
731 3915 836 3979 minus
865 3916 997 3978 Romam
1021 3917 1243 3998 deportentur:
1274 3926 1382 3980 utres
1405 3937 1500 4001 quam
1524 3921 1660 3981 maxime
1683 3918 1768 3982 clara

437 4028 474 4072 ac
496 4014 608 4071 testata
631 4029 701 4072 esse
722 4017 847 4092 posset,
870 4011 904 4071 in
925 4011 975 4072 ius
997 4010 1037 4072 ad
1059 4013 1221 4075 Metellum
1238 4012 1454 4094 Carpinatium
1476 4031 1556 4074 voco
1579 4013 1768 4096 tabulasque

437 4102 598 4167 societatis
620 4104 653 4165 in
674 4102 780 4166 lorum
803 4102 920 4166 desero.
964 4105 1016 4167 Fit
1038 4107 1195 4167 maximus
1218 4125 1391 4169 concursus
1413 4105 1579 4168 bominum
1602 4113 1649 4181 et,
1680 4107 1766 4190 quod

502 4287 527 4339 3.
544 4289 594 4338 HS.
608 4288 653 4338 DC
668 4289 740 4349 MN3
758 4303 783 4339 n.
797 4303 817 4338 s.
839 4289 864 4350 ti.
878 4302 903 4340 e.
916 4290 964 4351 HS)
979 4290 1022 4341 Dc
1037 4290 1106 4354 ogis
1123 4305 1151 4356 p.
1164 4305 1200 4342 m.
1215 4293 1241 4342 F.
1257 4320 1283 4327 -
1303 4293 1326 4341 5.
1346 4291 1481 4356 dmdeeies]
1497 4291 1570 4342 ῑο0
1585 4289 1672 4353 egem
1691 4291 1770 4342 0000

436 4369 467 4418 lt.
489 4391 515 4402 -
535 4365 560 4414 6.
578 4363 781 4414 com--insulo
797 4362 831 4414 l:
852 4377 909 4414 cum
924 4365 970 4414 illo
986 4366 1018 4415 stt
1033 4366 1094 4416 boec
1110 4373 1146 4416 est
1161 4366 1243 4417 insuto
1260 4365 1322 4424 dit,
1340 4380 1397 4415 cum
1413 4367 1506 4415 illusit
1522 4366 1583 4415 boec
1599 4366 1766 4415 insulso.-

437 4440 477 4491 to.
496 4444 577 4489 totino
593 4452 644 4489 erse
660 4437 746 4503 egis:
773 4453 823 4490 csse
839 4453 893 4490 om.
913 4442 957 4491 ott.
977 4442 1007 4492 0.
1028 4469 1055 4478 -
1074 4442 1115 4494 20.
1130 4442 1263 4504 pometum
1280 4441 1327 4491 dtt.
1347 4443 1375 4491 0.
1398 4469 1424 4477 -
1453 4441 1519 4503 quod
1535 4438 1603 4504 Lglt
1621 4454 1647 4504 p.
1667 4453 1703 4490 m.
1722 4456 1746 4501 φ
1760 4454 1766 4488 :

436 4527 490 4567 om.
509 4517 554 4566 ctt.
574 4517 602 4566 0.
624 4542 651 4551 —
670 4515 712 4565 tt.
730 4520 783 4565 tum
800 4528 854 4565 om.
873 4515 921 4566 dtt.
940 4517 969 4567 0.
991 4544 1018 4554 -
1037 4518 1078 4568 26.
1097 4517 1215 4567 sicomodi
1231 4517 1264 4566 de
1283 4517 1351 4566 coni.
1370 4517 1432 4566 Ern.
1446 4514 1496 4566 del.
1516 4516 1620 4564 Schiitz.
1650 4516 1705 4564 Nec
1722 4514 1770 4564 ba·
1817 4537 1820 4540 ·

435 4589 484 4642 bet
499 4591 566 4641 haec
577 4604 628 4643 vox
645 4591 697 4641 boc
713 4589 773 4641 loco
786 4591 911 4641 idoneum
924 4589 1092 4656 explicatum.
1113 4590 1300 4655 [instetissent
1310 4592 1386 4640 modi.
1406 4591 1497 4655 iiiia]
1513 4619 1540 4627 -
1559 4591 1599 4641 27.
1619 4588 1768 4639 twetmrum

436 4666 509 4719 cmc
529 4667 620 4716 contra
633 4665 712 4716 codd.
727 4693 755 4703 -
773 4666 814 4717 28.
827 4666 848 4716 Α
859 4678 913 4717 om.
926 4665 995 4731 Lglt
1006 4679 1032 4731 p.
1046 4679 1119 4718 m.-
1139 4668 1165 4717 0,
1179 4667 1207 4717 F.
1220 4666 1288 4731 igta
1298 4669 1400 4728 Mch:
1420 4680 1473 4717 om.
1488 4670 1533 4716 ctt.
1550 4694 1576 4702 —
1596 4665 1637 4715 3⁰.
1650 4665 1770 4714 eusdem-

436 4738 504 4791 modi
518 4740 594 4800 up:
613 4741 733 4790 eiusmodi
743 4740 805 4804 ng.
824 4752 920 4792 omues
937 4742 995 4792 ΑΒ.
1010 4766 1039 4778 -
1058 4741 1099 4791 34.
1117 4754 1174 4791 cum
1189 4743 1249 4806 noy.
1269 4741 1303 4792 de
1322 4742 1380 4791 lloi.
1400 4742 1469 4791 coni.
1489 4742 1517 4791 L.
1531 4738 1608 4804 prob.
1621 4739 1767 4790 Benedicto

437 4814 520 4878 (Coni.
534 4813 569 4864 ad
580 4813 706 4866 Verrinas
719 4816 822 4879 Torgan
832 4815 914 4878 ⁴809),
930 4818 1032 4879 recepit
1048 4814 1086 4866 til.
1099 4815 1202 4867 Delevit
1211 4830 1268 4866 cum
1280 4815 1372 4867 Lamb.
1387 4829 1470 4879 marg.
1484 4814 1556 4866 ⁴584.
1577 4817 1616 4865 Ac
1628 4827 1692 4866 saue
1704 4821 1766 4877 tum,

437 4890 509 4958 qnod
525 4891 605 4943 codd.
618 4893 731 4953 babent,
750 4893 887 4960 offensioni
900 4896 955 4955 est,
974 4897 1001 4944 et
1017 4889 1101 4942 altero
1112 4893 1172 4942 utro
1183 4891 1264 4942 modo
1281 4891 1386 4941 videtur
1402 4890 1478 4942 locus
1495 4889 1697 4948 emendandns;
1718 4904 1768 4942 uos

437 4967 634 5019 Hotomannum
646 4967 788 5020 maluimus
799 4970 884 5033 sequi.
895 4966 1076 5032 wyttenbacb
1089 4967 1167 5017 coni:
1187 4980 1244 5017 uon
1254 4968 1388 5031 manifesto
1404 4980 1433 5017 re
1448 4972 1501 5016 tom
1511 4968 1573 5030 fleg.
1586 4967 1672 5015 tituto.
1691 4967 1769 5018 Lam·

436 5040 493 5092 blut
509 5041 640 5093 rationem
663 5043 688 5093 in
706 5056 789 5107 marg.
810 5042 883 5095 isos.
901 5042 996 5108 probat
1013 5043 1100 5093 Garat.
1120 5044 1150 5092 ll.
1171 5041 1267 5106 [recte;
1294 5043 1333 5093 sic
1354 5045 1396 5093 est
1412 5042 1491 5092 etism
1509 5042 1535 5091 in
1553 5040 1635 5104 Lglt,
1662 5039 1696 5090 de
1714 5055 1768 5106 quo

437 5117 464 5167 Ζ.
483 5116 585 5180 tacet.];
605 5130 667 5167 nam
684 5119 811 5181 flagitiosa
829 5117 905 5169 litura
923 5130 981 5168 rein
997 5118 1166 5168 menitestam
1183 5121 1262 5183 atque
1280 5118 1470 5182 turpitudinem
1488 5117 1617 5179 insignem
1633 5117 1725 5167 teneri.
1739 5145 1767 5154 -

436 5189 515 5240 utura
531 5189 600 5256 Lgli
616 5207 657 5254 cp:
684 5205 736 5244 om.
757 5196 802 5244 cti.
822 5196 850 5245 0.
876 5220 904 5229 -
931 5193 972 5244 33.
991 5198 1050 5244 essct
1065 5193 1088 5242 is
1104 5192 1153 5244 dtt.
1171 5193 1201 5244 0.
1224 5221 1252 5230 -
1279 5191 1320 5250 oi.
1337 5193 1435 5245 cneori
1451 5190 1571 5263 egisti:
1595 5193 1709 5244 aversore·
1725 5191 1768 5249 vel

437 5265 569 5323 mensori
586 5268 632 5325 cti,
653 5294 681 5304 -
699 5267 740 5319 ³7.
758 5269 836 5337 desen
851 5266 920 5334 egla
936 5280 963 5339 p.
980 5281 1017 5319 m.
1034 5268 1101 5324 llll,
