4367 6109
447 559 510 626 644
820 559 875 623 DE
897 558 1003 623 LEGE
1023 558 1203 623 AGRARIA
1224 558 1345 624 LIBER
1365 558 1406 623 11.

448 733 540 796 terris
568 728 689 813 aliquid
721 728 814 791 etiam
845 749 929 792 nunc
952 728 1100 792 moliatur
1121 735 1218 812 atque
1240 730 1279 793 ab
1301 728 1418 792 invicta
1442 726 1500 791 Cn.
1523 726 1676 809 Pompeii
1700 745 1796 791 mnu

448 830 571 889 Maeote
594 831 626 887 et
646 822 710 885 illis
732 821 900 904 paludibus
923 832 954 885 et
974 824 1121 885 itinemm
1144 822 1296 906 angustiis
1318 830 1412 906 atque
1434 821 1611 885 altitudine
1635 821 1794 884 montium

449 917 650 991 defendatur,
680 936 752 978 oum
775 915 945 997 imperator
967 916 1000 978 in
1022 916 1106 980 bello
1128 925 1286 990 versetur,
1314 915 1347 977 iu
1369 915 1447 979 locis
1469 924 1580 979 autem
1604 913 1674 978 illis
1698 915 1794 977 etiam

448 1033 533 1075 nunc
554 1009 629 1073 belli
644 1029 760 1072 nomen
777 1009 935 1093 reliquum
951 1010 1008 1083 sit,
1032 1030 1087 1072 eos
1103 1030 1211 1092 agros,
1235 1029 1367 1093 quorum
1383 1008 1488 1072 adbuc
1502 1029 1607 1091 penes
1624 1008 1685 1072 Cn.
1701 1010 1794 1072 Pom-

424 1108 554 1189 epeium
577 1124 669 1166 omne
693 1103 841 1166 iudicium
865 1111 897 1165 et
917 1111 1056 1186 potestas
1078 1124 1165 1166 more
1188 1104 1340 1166 maiomm
1362 1101 1457 1164 debet
1478 1122 1567 1176 esse,
1592 1104 1656 1166 viri
1680 1103 1793 1167 deoem

448 1199 605 1262 vendent?
638 1194 690 1259 53.
712 1198 771 1271 Et,
795 1196 905 1270 credo,
928 1197 961 1258 P.
984 1196 1158 1259 Rullus-
1180 1197 1312 1259 isenim
1334 1196 1379 1258 sio
1402 1216 1436 1258 se
1458 1197 1553 1278 gerit,
1578 1204 1618 1259 ut
1639 1197 1707 1261 sibi
1731 1197 1792 1260 iam

450 1292 608 1356 decemvir
631 1290 813 1372 designatus
835 1310 905 1353 esse
928 1290 1073 1353 videatur
1093 1322 1135 1335 -
1157 1289 1197 1352 ad
1213 1310 1282 1353 eam
1298 1290 1477 1352 auctionem
1491 1290 1703 1373 potissimum
1718 1310 1793 1373 pro·

449 1385 614 1448 ficiscetur.
658 1385 730 1446 xx.
753 1384 782 1446 Is
805 1383 953 1446 videlicet
974 1392 1142 1466 antequam
1164 1385 1273 1446 veniat
1295 1384 1327 1445 in
1349 1384 1499 1457 Pontum,
1520 1384 1648 1447 litteras
1672 1383 1717 1447 ad
1736 1384 1792 1448 Cn.

448 1478 631 1562 Pompeium
654 1476 773 1550 mittet,
800 1497 932 1559 quarum
955 1497 1013 1559 ego
1035 1477 1097 1540 iam
1121 1476 1301 1561 exemplum
1322 1476 1362 1539 ab
1384 1477 1452 1540 istis
1474 1477 1697 1559 compositum
1722 1497 1791 1541 esse

411 1573 599 1636 toarbitror:
629 1572 661 1634 P.
683 1571 849 1633 Snnvvmvs
877 1570 1001 1633 Rvmvs
1030 1591 1179 1634 rrrnvovs
1200 1590 1310 1634 russis
1332 1590 1492 1634 nscsuvm
1513 1591 1539 1634 s.
1563 1592 1597 1634 n.
1622 1572 1683 1636 Cn.
1706 1574 1792 1637 Pon·

449 1686 522 1729 asro
546 1664 599 1728 Cn.
624 1684 650 1726 v.
687 1666 757 1725 Non
780 1662 874 1725 credo
896 1663 1127 1747 adscripturum
1149 1684 1219 1727 esse
1234 1666 1367 1728 Mnaso:
1390 1685 1454 1728 non
1480 1665 1566 1729 enim
1589 1665 1726 1730 videtur
1747 1667 1790 1741 id,

450 1759 535 1844 quod
565 1758 751 1821 imminuere
773 1756 842 1838 lege
865 1765 1012 1830 conatur,
1043 1777 1252 1820 concessums
1273 1758 1379 1822 verbo.
1417 1760 1464 1821 'l'n
1486 1778 1571 1822 vono
1596 1778 1728 1823 evum
1751 1779 1791 1822 vr

450 1873 523 1918 ntur
553 1854 687 1915 Smoean
716 1870 855 1913 rususro
889 1870 932 1913 sis
962 1871 1178 1925 nvxrmvnovs
1200 1871 1358 1928 anuvcas,
1388 1873 1453 1916 nvn
1480 1873 1669 1918 sostenes
1709 1872 1789 1927 oros

449 1969 488 2011 rv
516 1965 576 2009 rvo
607 1963 728 2008 aunone
752 1963 873 2008 cnersrr
907 1964 968 2007 eoo
991 1965 1073 2008 usus
1096 1965 1163 2009 uns
1184 1966 1322 2009 vnannn.
1357 1948 1406 2009 An
1427 1947 1616 2029 Pompeium
1639 1968 1712 2011 non
1735 1946 1789 2010 ad-

411 2040 594 2103 tebibebitt
627 2040 659 2100 in
688 2039 757 2101 eius
788 2038 949 2121 provincia
976 2038 1092 2102 vendet
1118 2040 1282 2104 manubias
1312 2040 1533 2122 imperatoris?
1570 2041 1693 2105 Ponite
1716 2048 1789 2105 ante

450 2132 560 2197 oculos
589 2130 678 2194 vobis
700 2131 825 2195 Rullum
848 2131 880 2194 in
903 2133 1020 2204 Ponto,
1049 2134 1132 2195 inter
1158 2141 1265 2197 nostra
1286 2141 1381 2217 atque
1402 2133 1541 2197 bostium
1565 2141 1677 2198 castra
1697 2134 1790 2198 hasta

449 2226 567 2311 posita,
596 2244 667 2287 oum
696 2226 763 2288 suis
797 2224 942 2289 formosis
965 2223 1141 2290 finitoribus
1163 2226 1413 2290 auctionanteml
1456 2222 1507 2289 5l.
1528 2228 1645 2311 Neque
1669 2229 1707 2291 in
1728 2226 1789 2291 bos

449 2321 552 2383 solum
581 2319 664 2382 inest
693 2319 900 2392 contumelia,
932 2339 1014 2402 quae
1044 2319 1248 2383 vehementer
1274 2328 1306 2383 et
1334 2320 1467 2402 insignis
1489 2326 1537 2383 est
1560 2328 1595 2383 et
1615 2341 1723 2395 nova,
1754 2327 1790 2384 ut

448 2414 514 2478 ulla
534 2433 584 2476 res
607 2421 696 2495 parta
717 2412 819 2487 bello,
842 2411 981 2476 nondum
1004 2413 1127 2496 legibus
1143 2413 1240 2489 datis,
1263 2416 1356 2477 etiam
1372 2420 1438 2477 tum
1453 2413 1652 2495 imperatore
1667 2413 1790 2477 bellum

411 2507 702 2582 mudministrante,
733 2526 799 2569 non
821 2506 916 2570 modo
937 2507 1089 2582 venierit,
1112 2528 1221 2570 verum
1242 2507 1344 2571 locata
1365 2508 1414 2570 sit
1457 2506 1531 2569 Plus
1554 2513 1712 2589 spectant
1733 2506 1790 2571 bo-

449 2603 549 2665 mines
571 2608 654 2664 certe
680 2621 773 2684 quam
796 2600 1035 2664 contumeliam:
1066 2610 1208 2685 sperant,
1240 2602 1266 2663 si
1289 2620 1472 2664 concessum
1493 2601 1536 2663 sit
1557 2599 1708 2664 inimicis
1732 2601 1788 2665 Cn.

447 2695 587 2778 Pompeii
605 2714 676 2757 cum
692 2695 842 2777 imperio,
865 2715 936 2756 cum
956 2695 1071 2758 indicio
1088 2697 1228 2758 omnium
1244 2714 1361 2767 rerum,
1383 2714 1456 2757 cum
1470 2693 1597 2757 infinita
1611 2702 1788 2777 potestate,

448 2811 518 2853 eum
540 2788 759 2852 innumerabili
781 2789 913 2870 pecunia
935 2809 997 2852 non
1021 2789 1122 2851 solum
1145 2787 1215 2850 aliis
1238 2788 1270 2850 in
1292 2787 1371 2850 loeis
1392 2787 1515 2869 vagari,
1547 2808 1668 2853 verum
1691 2790 1787 2853 etiam

447 2883 486 2946 ad
513 2883 614 2966 ipsius
641 2881 812 2944 exercitum
842 2883 1023 2964 pervenire,
1056 2880 1178 2966 aliquid
1201 2881 1247 2943 illi
1269 2880 1452 2943 insidiarum
1472 2879 1561 2955 fieri,
1591 2881 1725 2966 aliquid
1748 2883 1787 2947 de

410 2979 516 3041 ateius
545 2976 701 3049 exercitu,
731 2976 846 3057 copiis,
878 2976 977 3057 gloria
999 2975 1121 3038 detrahi
1151 2995 1256 3057 posse.
1300 2976 1430 3049 Putant,
1463 2974 1612 3057 siquam
1637 2977 1787 3059 spemin

449 3072 504 3135 Cn.
526 3070 676 3153 Pompeio
704 3071 861 3132 exercitus
889 3070 1004 3132 babeat
1032 3076 1085 3132 aut
1113 3088 1258 3151 agromm
1288 3075 1342 3129 aut
1370 3066 1502 3131 aliorum
1525 3069 1787 3151 commodorum,

447 3166 528 3229 hano
549 3185 612 3228 non
633 3162 832 3237 habiturum,
855 3184 924 3225 cum
948 3162 1085 3225 viderint
1107 3182 1213 3224 earum
1235 3182 1341 3223 rerum
1361 3161 1500 3224 omnium
1522 3170 1726 3243 potestatem
1747 3164 1787 3228 ad

448 3260 642 3323 decemviros
671 3277 739 3320 esse
770 3257 960 3320 translatam.
1004 3253 1054 3317 55.
1085 3256 1191 3318 Patior
1217 3275 1281 3319 aon
1313 3254 1443 3317 moleste
1466 3261 1529 3317 tam
1553 3257 1678 3322 stultos
1701 3281 1787 3335 esse,

448 3354 503 3439 qui
525 3353 603 3415 baec
624 3357 766 3432 sperent,
789 3355 853 3412 tam
874 3349 1089 3432 impudentes,
1113 3348 1167 3432 qui
1182 3348 1260 3411 baec
1275 3354 1443 3411 conentur:
1466 3346 1547 3410 illud
1564 3370 1702 3433 queror,
1725 3362 1787 3418 tarn

410 3463 497 3511 some
526 3446 565 3508 ab
594 3445 631 3507 iis
661 3464 729 3507 esse
760 3451 989 3526 contemptum,
1019 3452 1053 3506 ut
1079 3443 1158 3506 baec
1179 3450 1326 3526 portenta
1348 3463 1397 3505 me
1420 3442 1553 3505 consule
1576 3446 1787 3526 potissimum

448 3561 484 3604 oo
507 3542 629 3604 itarent.

486 3561 505 3624 g
532 3635 634 3717 Atque
663 3632 697 3694 in
725 3630 870 3694 omnibus
897 3630 946 3692 bis
974 3633 1057 3715 agris
1079 3628 1292 3713 aedificiisque
1314 3629 1488 3693 vendendis
1509 3632 1714 3713 permittitur
1734 3634 1788 3699 de·

448 3728 608 3801 cemviris,
635 3733 670 3788 ut
696 3725 835 3788 vendant
868 3724 1121 3808 quibuscumque
1147 3728 1180 3788 in
1207 3724 1285 3787 locis
1315 3724 1468 3787 videatur.
1502 3722 1529 3786 0
1560 3728 1787 3807 perturbatam

447 3819 617 3883 rationeml
647 3838 665 3880 o
695 3816 857 3881 libidinem
886 3818 1086 3881 effrenatam!
1114 3839 1133 3881 o
1163 3818 1294 3882 consilia
1323 3818 1476 3880 dissoluta
1505 3825 1606 3901 atque
1637 3822 1785 3906 pei-ditat

411 3913 533 3985 pxxt.
555 3910 727 3994 Vectigalia
750 3911 854 3972 locare
876 3930 1031 3993 nusquam
1053 3913 1128 3975 licet
1147 3912 1210 3974 nisi
1233 3913 1264 3973 in
1282 3912 1341 3974 bae
1356 3911 1449 3985 urbe,
1470 3910 1532 3973 boc
1548 3932 1593 3975 ex
1608 3913 1707 3994 loco,
1728 3917 1787 3980 bac

448 4014 586 4071 vestrum
599 4005 787 4089 frequentia.
810 4004 925 4067 Venire
948 4013 1072 4068 nostras
1095 4026 1146 4068 res
1168 4006 1311 4089 proprias
1327 4004 1406 4068 etin
1424 4010 1615 4089 perpetuum
1629 4010 1676 4073 ab
1693 4010 1786 4075 nobis

513 4351 537 4400 4.
556 4349 637 4414 atquo]
655 4350 746 4413 absque
763 4352 817 4401 EF.
838 4375 864 4385 —
880 4353 979 4414 pompei
997 4353 1051 4402 EF.
1071 4380 1098 4388 -
1118 4354 1142 4402 2.
1161 4353 1259 4403 Maeote
1275 4352 1338 4401 ET:
1361 4356 1454 4400 mmote
1469 4350 1502 4409 F;
1520 4355 1634 4405 maeotis
1652 4358 1690 4418 1>;
1709 4361 1789 4413 um

447 4426 508 4481 Gm
529 4426 651 4475 Maeotida
667 4438 729 4475 oum
747 4425 790 4475 od.
809 4426 971 4489 llervagiana
989 4425 1070 4478 440.
1092 4455 1119 4462 --
1142 4430 1166 4478 5.
1184 4428 1234 4477 oiri
1251 4428 1332 4477 444444
1357 4426 1474 4476 EFPA:
1498 4426 1638 4479 demota·
1657 4444 1727 4486 cum
1743 4435 1786 4487 ed

447 4498 538 4549 Aldina
556 4497 640 4552 LPO.
661 4526 687 4534 -
709 4501 747 4550 40.
767 4499 810 4549 Cn.
830 4504 890 4550 anto
907 4515 932 4550 v.
950 4503 1063 4564 Pompeio
1080 4516 1133 4552 om.
1153 4503 1266 4553 EFAL.
1290 4500 1397 4551 Addidit
1413 4502 1441 4550 P.
1460 4500 1607 4553 llunutius.
1629 4531 1660 4542 -
1685 4508 1729 4559 44.
1746 4524 1789 4562 ῃ.

445 4575 566 4637 scriptam
582 4575 611 4623 T.
631 4599 658 4608 -
684 4574 723 4624 43.
742 4574 850 4637 Sinopae
867 4576 901 4624 E:
926 4576 1016 4639 sinope
1038 4579 1083 4627 FA
1096 4576 1180 4630 LPO.
1205 4603 1232 4633 e
1258 4589 1319 4638 quos
1335 4582 1362 4625 44
1378 4581 1421 4624 mo
1437 4574 1599 4627 Lauredano
1617 4585 1738 4637 auctore
1755 4588 1785 4637 L:

446 4662 507 4712 quos
523 4654 565 4698 too
582 4649 672 4697 ceteri.
693 4676 720 4684 —
746 4648 785 4699 tt.
803 4650 855 4713 tepe
871 4664 927 4702 4444
944 4652 975 4701 E:
999 4666 1056 4702 meo
1077 4654 1130 4717 tepe
1146 4656 1191 4703 FA
1202 4648 1285 4702 4440.
1309 4677 1335 4685 -
1362 4652 1401 4700 45.
1419 4647 1512 4712 Aquila
1529 4650 1679 4708 Romanus
1697 4660 1730 4711 do
1743 4662 1786 4725 η.

445 4728 505 4774 sent.
525 4723 548 4787 s.
567 4722 615 4773 ta:
632 4723 716 4773 Ponite
732 4729 790 4774 4444
806 4726 888 4775 oeulos
905 4727 967 4787 (om.
985 4727 1059 4789 uobis}
1076 4729 1176 4778 ltattmn
1190 4728 1263 4776 basto
1278 4727 1361 4788 posita
1377 4726 1402 4774 in
1418 4725 1527 4785 Pompeii
1541 4730 1643 4779 casam
1660 4746 1725 4785 eam
1738 4736 1788 4786 m

444 4799 558 4861 [annosis
572 4796 712 4862 finitoribus
728 4799 918 4849 aucttooootmn.
943 4828 969 4836 —
995 4803 1035 4855 46,
1053 4808 1141 4853 nostro
1157 4803 1245 4853 EFP:
1268 4806 1351 4851 vestro
1372 4796 1485 4851 luto.
1507 4825 1533 4835 -
1559 4802 1604 4855 m.
1624 4810 1788 4862 44444444.

447 4873 503 4923 EF.
525 4899 552 4910 -
569 4872 612 4921 40.
630 4873 726 4923 4444444
742 4874 771 4924 Ε.
788 4901 815 4910 -
833 4874 927 4939 verum]
944 4888 1031 4925 voum
1046 4879 1122 4928 otiam
1139 4891 1200 4928 eum
1219 4876 1260 4927 ed.
1274 4874 1367 4926 Aldina
1385 4873 1438 4928 LP.
1453 4900 1480 4910 -
1499 4875 1541 4925 2⁴.
1562 4878 1670 4933 inimici
1687 4885 1748 4938 EF.
1759 4911 1785 4924 -

445 4946 486 4995 44.
498 4947 596 5008 pompei
607 4946 659 4997 EF.
671 4975 698 4984 -
711 4948 754 4998 25.
766 4948 841 5013 opero]
853 4962 907 4999 rem
918 4950 975 4999 F.—
995 4951 1036 5001 27.
1047 4953 1154 5003 viderint
1171 4953 1290 5003 EFPA:
1308 4951 1398 5000 uiderit
1413 4962 1474 4999 eum
1487 4949 1531 4999 ed.
1544 4952 1650 5007 Aldina
1663 4960 1784 5017 440.-

445 5019 486 5069 49.
504 5022 547 5081 poi
563 5020 608 5070 boc
623 5028 720 5084 4444444
736 5024 764 5073 Τ.
783 5050 811 5058 -
831 5024 1134 5086 palaeopoleos:
1153 5022 1490 5091 praeconaturi-‘Atto
1511 5051 1538 5060 -
1564 5028 1642 5097 illud]
1662 5035 1695 5085 id
1711 5036 1740 5088 F.
1759 5059 1785 5074 -

445 5091 485 5143 3l.
504 5097 652 5158 emmaum
668 5112 730 5150 nos:
749 5099 903 5162 refrenatam
920 5100 977 5159 Fl’;
995 5102 1173 5165 refrenandum
1190 5103 1280 5154 ceteri.
1293 5129 1319 5137 —
1339 5103 1379 5152 35.
1397 5101 1442 5150 boc
1458 5099 1499 5165 44]
1517 5100 1566 5152 boo
1584 5110 1679 5159 autem
1696 5110 1743 5162 illo
1756 5123 1787 5162 44

446 5168 479 5218 Ε;
501 5170 546 5221 boe
562 5177 607 5222 444
622 5173 665 5225 illo
681 5189 714 5226 em
731 5176 873 5226 PGPTA.
897 5175 1053 5227 Emendavit
1069 5179 1214 5241 Naugerius
1231 5179 1257 5229 in
1274 5178 1317 5228 ed.
1335 5175 1437 5228 Aldina.
1456 5202 1484 5212 -
1504 5175 1546 5228 36.
1566 5187 1679 5236 metm
1695 5185 1784 5240 EFP:

445 5250 539 5299 uestras
554 5247 670 5304 ALPO.
689 5276 716 5288 -
736 5249 769 5301 ab
783 5250 853 5302 notis
870 5249 911 5303 ed
931 5251 1046 5304 luntiua:
1065 5252 1097 5304 ab
1112 5252 1260 5314 uobisEP;
1279 5245 1537 5303 evomente.
