4367 6109
747 571 821 637 cu.
842 571 1057 636 xix-xm.
1085 568 1142 654 ss.
1164 565 1313 633 as-ta.
1620 563 1682 629 res

366 747 408 808 sit
429 765 486 828 par
512 743 647 807 lorensis
675 760 771 824 opera
799 741 942 816 militari,
970 739 1113 805 militaris
1140 740 1320 823 suffragatio
1349 738 1503 811 urbanae,
1532 737 1572 799 sit
1598 737 1681 802 idem

366 834 691 921 magnificentissimos
713 843 744 897 et
765 836 867 898 nullos
888 856 1036 920 umquam
1057 835 1171 898 fecisse
1194 833 1301 897 ludos:
1323 833 1424 917 quidi
1450 831 1483 894 in
1505 832 1573 916 ipsa
1593 853 1683 917 prae·

365 940 435 995 tura
455 929 577 994 nihilne
598 930 758 992 existimas
778 930 860 991 inter
881 938 965 993 tuam
988 937 1019 992 et
1040 929 1133 991 buius
1155 936 1271 991 sortem
1291 926 1491 990 interfuisse?
1525 927 1596 989 XX.
1617 928 1684 990 llu-

365 1024 415 1086 ius
446 1044 514 1087 sors
546 1042 583 1085 ea
611 1022 685 1096 fuit,
725 1042 818 1104 quam
855 1042 965 1085 omnes
994 1022 1039 1084 tui
1069 1022 1238 1085 necessarii
1271 1020 1328 1083 tibi
1368 1020 1569 1102 optabamus,
1608 1023 1683 1085 iuris

366 1116 513 1179 dicundi:
540 1116 574 1178 in
597 1134 660 1198 qua
681 1115 810 1197 gloriam
832 1116 978 1178 conciliat
1000 1116 1182 1198 magnitudo
1205 1115 1337 1197 negotii,
1365 1115 1494 1196 gratiam
1515 1115 1707 1199 aequitatiss

365 1212 505 1294 largitio:
529 1209 646 1293 quain
668 1217 751 1271 sorte
773 1210 900 1291 sapiens
922 1217 1063 1290 praetor,
1086 1210 1188 1293 qualis
1210 1209 1261 1271 bic
1282 1206 1356 1281 fuit,
1378 1207 1586 1271 offensionem
1608 1210 1684 1272 vitat

365 1302 590 1388 aequabilitate
605 1300 807 1375 decernendi,
822 1302 1073 1364 benevolentiam
1086 1301 1230 1384 adiungit
1240 1302 1367 1365 lenitate
1377 1299 1544 1364 audiendi:
1560 1304 1685 1385 egregia

366 1407 398 1460 et
426 1398 466 1461 ad
494 1394 692 1459 consulatum
722 1404 794 1478 apta
821 1396 999 1477 provincia,
1029 1398 1060 1459 in
1089 1415 1152 1478 qua
1180 1395 1249 1457 lans
1278 1394 1462 1479 aequitatis,
1491 1397 1686 1478 integritatis,

366 1490 524 1553 facilitatis
553 1488 592 1551 ad
622 1496 795 1552 extremum
822 1488 965 1552 ludorum
997 1489 1156 1571 voluptate
1185 1487 1390 1551 concluditur.
1441 1484 1492 1550 it.
1520 1489 1603 1564 Quid
1632 1498 1686 1552 tua

369 1587 459 1648 torsi
486 1584 601 1656 tristis,
630 1590 738 1644 atrox:
767 1582 910 1664 quaestio
933 1583 1112 1665 peculatus,
1140 1601 1181 1643 ex
1202 1582 1300 1643 altera
1321 1591 1408 1664 parte
1436 1583 1633 1646 lacrimarum
1655 1590 1725 1646 etto

369 1678 542 1761 squaloris,
572 1696 612 1739 ex
633 1676 732 1738 altera
752 1676 845 1759 plena
875 1683 1054 1738 catenarum
1077 1680 1174 1757 atque
1196 1673 1345 1737 indicum.
1397 1676 1536 1758 Cogendi
1565 1676 1686 1739 indices

367 1773 474 1847 inviti,
495 1769 650 1835 retinendi
674 1778 784 1833 contra
805 1769 1015 1833 voluntatem:
1038 1767 1140 1831 scriba
1154 1768 1335 1843 damnatus,
1357 1770 1435 1832 ordo
1451 1777 1533 1832 totus
1548 1769 1685 1832 alienus:

369 1864 499 1928 Sullana
519 1861 703 1948 gratificatio
726 1862 933 1945 reprehensa,
963 1861 1054 1927 multi
1075 1861 1134 1924 viri
1163 1861 1261 1925 fortes
1283 1871 1314 1925 et
1335 1882 1435 1945 prope
1457 1882 1529 1944 pars
1551 1863 1686 1926 civitatis

369 1960 489 2022 offensa
516 1967 582 2021 est:
611 1957 682 2020 lites
704 1977 813 2021 severe
835 1957 1035 2020 aestimatae:
1069 1956 1119 2017 cui
1151 1955 1254 2038 placet
1284 1957 1495 2029 obliviscitur,
1523 1957 1573 2018 cni
1602 1956 1688 2019 dolet

369 2052 519 2114 meminit.
562 2053 723 2113 Postremo
752 2058 786 2113 tu
814 2050 848 2111 in
876 2050 1068 2131 provinciam
1091 2050 1138 2112 ire
1159 2048 1296 2112 noluisti.
1338 2052 1408 2113 Non
1436 2069 1565 2132 possum
1593 2050 1626 2112 id
1654 2050 1687 2112 in
1696 2068 1724 2114 ts

370 2153 401 2207 te
422 2143 669 2227 reprehendere,
693 2142 778 2228 qnod
799 2144 833 2205 in
856 2163 905 2206 me
926 2144 996 2225 ipso
1019 2150 1050 2204 et
1070 2150 1214 2225 praetore
1236 2150 1268 2205 et
1289 2143 1420 2207 consule
1441 2142 1582 2225 probavi.
1626 2144 1688 2207 Sed

370 2245 473 2311 tamen
496 2239 530 2298 L.
551 2240 702 2301 Murenae
724 2237 884 2319 provincia
906 2235 1020 2299 multas
1041 2235 1142 2298 bonas
1162 2236 1278 2318 gratias
1299 2258 1369 2300 cum
1391 2237 1510 2320 optima
1531 2236 1689 2301 existima·

369 2333 455 2394 tione
475 2331 589 2394 attulit.
631 2332 749 2394 Habuit
769 2331 969 2414 proficiscens
992 2327 1141 2391 dilectum
1164 2330 1197 2392 in
1219 2329 1361 2393 Umbria:
1394 2330 1481 2394 dedit
1510 2331 1539 2393 ei
1559 2329 1689 2395 faculta-

370 2433 432 2486 tem
453 2443 504 2486 res
525 2423 652 2506 publica
673 2424 887 2497 liberalitatis,
916 2442 980 2507 qua
1002 2443 1078 2486 usus
1101 2424 1214 2487 multas
1243 2424 1302 2487 sibi
1328 2425 1444 2499 tribus,
1474 2445 1556 2509 quae
1586 2430 1690 2490 muni-

370 2517 461 2600 cipiis
484 2516 629 2580 Umbriae
651 2514 873 2591 conficiuntur,
902 2516 1055 2579 adiunxit.
1099 2518 1173 2599 lpsa
1193 2525 1298 2579 autem
1328 2518 1361 2581 in
1383 2518 1502 2592 Gallia,
1528 2527 1563 2582 ut
1589 2522 1726 2584 nostritt

369 2611 513 2673 homines
535 2610 715 2693 desperatas
736 2612 798 2673 iam
819 2612 968 2694 pecunias
990 2612 1169 2694 exigerent,
1191 2612 1350 2695 aequitate
1371 2611 1596 2694 diligentiaque
1617 2633 1689 2696 per·

370 2703 452 2766 feeit.
497 2705 544 2765 Tu
577 2705 696 2768 interea
729 2707 845 2768 ltomae
876 2705 996 2767 seilicet
1024 2706 1133 2768 amicis
1167 2712 1292 2786 praesto
1322 2704 1418 2769 inisti.
1471 2707 1600 2782 Fateor;
1632 2710 1688 2772 sed

370 2806 472 2860 tamen
500 2797 578 2861 illud
609 2798 728 2881 cogita,
756 2798 980 2861 nonnullorum
1003 2798 1175 2861 amicornm
1196 2798 1300 2861 studia
1320 2799 1419 2861 minui
1442 2800 1544 2863 solere
1567 2801 1600 2863 in
1623 2822 1688 2875 eos,

369 2890 523 2974 aquibus
545 2892 724 2973 provincias
747 2893 905 2955 contemni
927 2892 1116 2974 intelligtmt.

455 2985 541 3046 xxl.
569 2980 620 3046 43.
648 2985 688 3046 Et
710 2985 859 3068 quoniam
889 2986 1028 3059 ostendi,
1055 2984 1192 3058 iudices,
1218 3005 1325 3067 parem
1346 2985 1530 3069 dignitatem
1551 2989 1591 3051 ad
1614 3007 1726 3054 con-sn

371 3079 488 3142 solatus
523 3078 726 3160 petitionem,
763 3077 920 3160 disparem
957 3078 1115 3141 fortunam
1150 3078 1389 3160 provincialium
1423 3083 1622 3164 negotiorum
1656 3086 1690 3147 in

370 3174 501 3235 blurena
524 3180 620 3253 atque
642 3173 675 3234 in
698 3171 838 3253 Sulpicio
860 3170 976 3246 fuisse,
999 3171 1184 3235 dicandam
1206 3173 1361 3254 apertius,
1383 3173 1416 3236 in
1438 3194 1502 3256 quo
1524 3196 1612 3240 mens
1634 3199 1690 3241 ne·

371 3266 525 3329 cassarius
547 3263 641 3327 fuerit
662 3264 793 3328 inferior
815 3265 957 3339 Servius,
980 3273 1011 3328 et
1032 3284 1070 3327 ea
1092 3263 1194 3327 dicam
1215 3265 1305 3328 vobis
1327 3265 1542 3344 audientibus,
1573 3273 1689 3336 amisso

370 3359 433 3421 iam
455 3366 615 3439 tempore,
647 3378 728 3441 quae
755 3358 817 3440 ipsi
837 3360 898 3422 soli
920 3379 953 3422 re
975 3361 1097 3441 integra
1119 3378 1212 3442 saepe
1234 3357 1312 3420 dixi.
1355 3361 1464 3424 Petere
1493 3367 1689 3430 consulatum

371 3452 493 3515 nescire
516 3461 563 3526 te,
587 3453 691 3526 Serri,
711 3472 864 3537 persaepe
886 3453 942 3517 tibi
957 3453 1040 3529 dixi3
1063 3460 1095 3514 et
1109 3451 1196 3515 iniis
1211 3451 1305 3515 rebus
1319 3453 1414 3535 ipsis,
1437 3475 1516 3538 quas
1531 3464 1562 3520 te
1577 3478 1689 3542 magno
1699 3477 1727 3524 ee

436 3685 460 3735 t.
483 3684 602 3745 militari,
619 3684 814 3736 militatitnos:
832 3686 950 3735 militaris
966 3685 1180 3748 EGClqupw
1198 3685 1353 3744 militaribi3
1371 3686 1489 3750 militati,
1507 3692 1538 3740 sit
1555 3695 1692 3754 permiti-

371 3759 423 3808 tari
435 3771 499 3822 enm
511 3758 554 3809 ed.
568 3759 732 3823 Hervegiana
743 3760 800 3810 io.
811 3785 837 3796 —
855 3762 970 3822 raptaue
981 3762 1015 3820 G;
1033 3761 1208 3823 mirragationi
1220 3761 1280 3810 4..-
1292 3759 1388 3811 «abaco
1399 3764 1433 3823 G;
1445 3763 1545 3814 meme
1556 3766 1689 3822 ElleO.

372 3833 666 3896 -ateemrtmepa
685 3848 710 3883 v.
731 3860 759 3870 -
778 3835 1149 3896 qaedv.-3.itaiasmei,
1168 3834 1394 3887 CTL:ittt'ee0.
1414 3863 1440 3871 -
1459 3837 1484 3886 5.
1503 3838 1691 3893 bonav.-

369 3906 625 3958 concitandum.
645 3908 1142 3970 tttt:coecittatamEGlt,50xx.;
1165 3909 1312 3959 conciliarat
1328 3922 1353 3959 v.
1374 3938 1402 3948 -
1420 3910 1444 3961 6.
1464 3924 1541 3973 quam
1557 3917 1584 3965 ia
1600 3918 1689 3981 EllT,

370 3995 447 4044 quam
463 3982 521 4038 sine
538 3983 564 4032 ia
581 3984 641 4046 Μψ
651 3997 676 4033 v.
690 4009 723 4020 -
737 3984 802 4047 {orta
817 3992 879 4048 ψν.
894 4011 920 4019 -
934 3984 1091 4048 offmsioeem
1106 3985 1170 4033 citat
1186 3983 1229 4033 ed.
1249 3985 1319 4035 Crat.
1338 3987 1366 4034 et
1381 3987 1416 4046 G,
1434 3987 1464 4034 nt
1480 3987 1598 4040 videtur:
1616 3995 1692 4057 offet-

370 4059 438 4108 tieee
452 4057 532 4108 vitata
548 4057 641 4118 Eiiv,
660 4059 676 4107 5
694 4059 773 4119 Onu,
792 4059 870 4122 lagg.
886 4087 912 4096 -
931 4060 956 4109 t.
974 4059 1151 4122 aequabilitate
1167 4060 1235 4109 mei:
1253 4059 1405 4121 aequatitate
1421 4059 1500 4112 codd.
1519 4061 1569 4114 eiii.
1582 4094 1615 4104 -
1626 4068 1692 4118 beet

369 4133 504 4182 ooieetiam
525 4133 579 4182 mei
601 4132 628 4181 et
650 4133 728 4196 lagg.
747 4135 880 4198 praeteri
901 4136 928 4184 et
944 4134 985 4184 26.
1002 4133 1162 4199 -epregia1
1180 4135 1304 4198 etqrceia
1320 4136 1349 4184 G.
1377 4133 1511 4186 Editiones
1528 4143 1691 4192 recentiores

370 4209 432 4272 post
452 4206 569 4256 audierat
591 4208 719 4270 punctum
738 4207 846 4258 babent.
873 4237 899 4244 —
923 4210 948 4260 8.
970 4211 1121 4274 integritatis
1139 4223 1192 4261 om.
1215 4212 1251 4270 G,
1273 4210 1423 4274 immittitis
1443 4211 1600 4278 &etaetatis
1616 4231 1641 4268 v.
1662 4244 1688 4253 -

371 4283 396 4333 9.
416 4280 500 4343 Quid?
522 4286 567 4330 taa
588 4295 643 4331 sors
664 4283 741 4332 tristis
757 4283 873 4334 distinxit
889 4284 1035 4335 Sebiitzins.
1056 4311 1083 4320 -
1103 4286 1144 4336 40.
1159 4290 1234 4347 parte
1247 4285 1324 4347 piena
1340 4286 1438 4336 iamim.
1456 4294 1493 4351 ψ.
1513 4315 1540 4324 -
1560 4290 1600 4341 tt.
1618 4305 1692 4355 squa-

370 4357 431 4407 ieiit
443 4357 532 4419 plena,
550 4370 583 4406 aa
599 4357 681 4407 altera
697 4363 844 4409 camaram
860 4361 929 4410 coni.
949 4360 1081 4412 Matthiae.
1100 4387 1127 4396 -
1146 4361 1257 4411 iadicem
1272 4363 1360 4420 iixv.
1376 4389 1402 4396 -
1422 4362 1463 4414 tt.
1476 4364 1561 4416 dmm.
1579 4371 1650 4417 atr.
1662 4396 1689 4406 -

371 4432 411 4483 43.
429 4433 522 4482 siloae
533 4435 567 4492 G,
585 4433 685 4494 cybaea
701 4434 755 4485 Eu
763 4449 788 4485 v.
805 4462 831 4470 -
849 4435 946 4497 repreit.
959 4441 994 4485 est
1011 4438 1040 4485 G.
1054 4462 1080 4470 —
1096 4435 1184 4499 prope]
1198 4435 1280 4498 proba
1291 4437 1359 4486 Kritz
1370 4436 1405 4486 ad
1416 4437 1478 4486 Soti.
1488 4438 1582 4504 fragm.
1594 4454 1622 4505 p.
1633 4442 1690 4492 464.

374 4533 400 4542 -
415 4506 455 4558 ti.
473 4513 509 4557 est
524 4509 665 4558 om.L.—
682 4509 722 4559 te.
741 4514 768 4558 ta
784 4522 883 4570 cmx,
901 4523 994 4562 manv.
1010 4538 1036 4546 -
1052 4512 1186 4574 preomma
1201 4513 1291 4563 EGC.
1307 4540 1334 4548 -
1352 4513 1453 4563 wlairti
1469 4514 1559 4577 Εψν.
1575 4540 1601 4549 -
1616 4515 1656 4566 to.
1670 4522 1693 4566 et

369 4597 486 4655 mactare
502 4597 524 4641 et
539 4592 638 4641 comete
652 4593 810 4643 Steinmetz:
838 4599 861 4643 et
874 4600 985 4656 praesto
1000 4601 1023 4644 et
1039 4596 1137 4645 tenuia
1151 4596 1184 4655 E;
1202 4602 1226 4646 et
1238 4580 1286 4659 pTe
1296 4598 1323 4660 (i.
1334 4609 1358 4646 e.
1365 4598 1490 4659 praetore)
1502 4598 1621 4647 remeate
1631 4601 1690 4651 Par.

372 4666 400 4726 4,
419 4668 456 4719 st.
475 4668 550 4728 vict,
569 4666 621 4717 duo
639 4667 715 4727 Pall.;
736 4675 760 4718 ct
773 4683 856 4731 praes.
875 4669 1055 4730 consutili,
1071 4670 1259 4731 praemuniam
1278 4676 1301 4720 et
1315 4677 1419 4734 praeter
1434 4677 1458 4721 et
1473 4672 1558 4721 certat
1573 4672 1616 4723 ed.
1629 4675 1689 4725 Asc.

372 4742 450 4802 44444,
466 4743 525 4792 LO.
544 4740 649 4793 Habent
664 4742 743 4793 codd.
762 4741 818 4794 rell.
835 4742 956 4808 plerique
972 4745 1070 4795 coitate
1086 4747 1132 4794 aut
1148 4748 1273 4811 corrupte
1289 4747 1397 4797 conatus
1412 4745 1453 4797 vel
1469 4747 1591 4808 mettim
1609 4749 1692 4800 verba

372 4819 462 4866 entem
475 4822 594 4879 pretim
610 4823 633 4869 et
648 4820 675 4869 in
692 4819 815 4870 omnibus
832 4822 904 4872 varie
921 4823 983 4871 sunt
998 4823 1095 4871 vitiata.
1116 4845 1143 4858 -
1163 4822 1204 4871 47.
1223 4821 1288 4886 aen]
1304 4823 1346 4872 cai
1362 4825 1392 4873 G.
1407 4848 1433 4857 -
1453 4821 1493 4871 ts.
1511 4821 1626 4873 dileem
1641 4825 1692 4875 EG

371 4891 438 4941 lic:
457 4891 576 4942 deiecttm
592 4894 646 4944 Oa.
667 4919 694 4930 -
713 4895 740 4943 iu
755 4895 845 4945 muira
862 4898 953 4959 (ἱψν.
974 4923 1001 4933 -
1020 4897 1060 4946 49.
1079 4895 1200 4947 libertatis
1216 4897 1250 4956 E,
1273 4896 1289 4948 4
1306 4899 1369 4948 on.
1391 4925 1417 4934 -
1435 4897 1562 4948 multati.
1582 4924 1610 4934 -
1629 4913 1694 4962 qaae

370 4966 398 5014 ie
414 4966 450 5026 ll,
468 4967 534 5028 ettad
550 4982 578 5026 tt.
594 4995 621 5005 -
639 4970 771 5033 mimidpit
786 4986 814 5030 χ.
829 4997 856 5007 -
866 4972 908 5022 20.
925 4973 981 5034 ipsa
991 4972 1108 5023 Ernesti:
1126 4972 1178 5034 ipse
1188 4971 1278 5032 codd,
1297 4985 1411 5035 quorum
1421 4969 1563 5021 lectionem
1574 4971 1693 5025 defendit

371 5039 552 5104 Sinerenburg
569 5042 604 5092 ad
620 5056 660 5094 or.
678 5045 758 5096 Areh.
777 5046 802 5110 g.
822 5047 862 5097 tt.
883 5073 908 5084 -
933 5051 1016 5097 amen
1032 5058 1086 5097 om.
1105 5047 1135 5097 G.
1156 5073 1183 5083 -
1202 5047 1243 5097 ii.
1260 5046 1345 5109 [auae
1361 5049 1390 5096 G.
1410 5071 1437 5080 -
1461 5044 1503 5095 23.
1521 5046 1602 5110 capito
1618 5051 1648 5100 G.
1662 5074 1689 5085 -

371 5114 412 5166 ii.
430 5116 699 5180 iatetiigaottiilvx,
713 5120 771 5171 Par.
784 5119 809 5171 i.
822 5121 849 5171 9:
863 5120 1098 5185 micuigaotELO.
1110 5147 1139 5159 -
1153 5121 1381 5184 28.suetitnecets.
1394 5121 1423 5170 E.
1437 5147 1465 5158 -
1478 5119 1647 5183 bimam.
1661 5127 1691 5176 G.

373 5192 541 5243 -tervion
561 5194 756 5256 -29.qeov.
776 5195 1111 5262 -30.ttbiom.iixqv.
1131 5224 1158 5234 -
1185 5194 1690 5261 cenomannensibus,
1774 5240 1780 5251 .

371 5266 504 5319 atieiiit
520 5270 769 5331 G.—tttwimex.
