4367 6109
771 573 844 639 cn.
865 572 1113 641 xxi-xxm.
1140 570 1197 657 ss.
1219 568 1369 637 44-43.
1672 569 1734 634 sss

415 749 590 816 mnassent,
617 750 721 807 tamen
748 743 782 806 in
811 742 984 826 Oppianico
1016 743 1075 807 sibi
1097 750 1241 808 constare
1263 752 1296 807 et
1316 743 1533 826 superioribus
1555 740 1733 805 consentire

415 838 538 901 iudiciis
553 837 738 901 debuerunt.
760 839 809 899 dn
824 858 899 900 vero
921 838 967 900 illi
990 858 1047 901 sua
1069 834 1137 921 [per
1152 833 1198 920 se]
1215 839 1274 921 ipsi
1293 837 1411 901 iudicia
1423 836 1648 910 rescinderent,
1663 856 1734 898 cum

414 932 511 994 ceteri
532 931 655 996 soleant
676 932 709 993 in
731 931 916 1006 iudicando,
939 951 979 994 ne
993 932 1032 994 ab
1047 932 1180 995 aliorum
1195 933 1321 995 iudiciis
1336 933 1524 1015 discrepent,
1546 930 1734 1016 providere?

414 1027 503 1099 etii,
525 1027 580 1110 qui
601 1025 736 1090 Fabricii
758 1025 920 1099 libertum,
944 1025 1018 1108 quia
1040 1026 1182 1089 minister
1202 1028 1234 1088 in
1248 1026 1401 1089 maleficio
1417 1025 1535 1100 fuerat,
1558 1032 1734 1108 patronum,

414 1121 489 1203 quia
510 1120 672 1193 conscius,
695 1118 976 1192 condemnassent,
1005 1118 1108 1199 ipsum
1130 1120 1303 1202 principem
1325 1126 1422 1201 atque
1443 1120 1646 1184 architectum
1668 1128 1759 1181 sce-5

413 1213 488 1276 leris
509 1214 730 1277 absolverent?
759 1220 792 1275 et
820 1213 875 1295 qui
903 1220 1022 1275 ceteros
1046 1211 1132 1274 nullo
1155 1211 1349 1294 praeiudicio
1370 1210 1453 1276 facto
1475 1220 1581 1277 tamen
1604 1233 1645 1275 ex
1667 1213 1736 1294 ipsa

413 1327 507 1371 causa
535 1307 812 1381 condemnassent,
844 1304 949 1379 bunc,
982 1325 1075 1388 quem
1103 1305 1153 1367 bis
1182 1305 1244 1369 iam
1274 1305 1513 1370 condemnatum
1540 1312 1735 1389 acceperant,

413 1401 608 1465 liberarent?
651 1395 702 1463 64.
730 1401 810 1464 Tum
839 1418 914 1463 vero
936 1398 991 1461 illa
1012 1397 1129 1461 iudicia
1150 1399 1308 1461 senatoria
1329 1418 1394 1461 non
1414 1398 1493 1463 falsa
1515 1399 1649 1473 invidia,
1678 1396 1734 1461 sed

413 1515 488 1558 vera
515 1501 611 1578 atque
639 1493 754 1576 insigni
781 1493 976 1576 turpitudine
998 1499 1107 1556 notata
1129 1500 1224 1575 atque
1246 1500 1356 1574 operta
1378 1490 1535 1556 dedecore
1557 1500 1590 1556 et
1609 1491 1736 1556 infamia

414 1587 591 1652 defensioni
621 1588 723 1651 locum
756 1587 878 1651 nullum
910 1586 1122 1670 reIIquissent.
1166 1585 1253 1661 Quid
1282 1586 1365 1649 enim
1394 1585 1520 1650 tandem
1547 1588 1594 1650 illi
1614 1586 1736 1649 iudices
1746 1594 1774 1641 4ο

414 1682 657 1764 responderent,
689 1682 716 1745 si
748 1681 802 1765 qui
837 1680 877 1743 ab
918 1680 958 1743 iis
989 1686 1172 1763 quaereret:
1205 1679 1466 1743 «Condemnastis
1494 1681 1736 1754 Scamandrum3

414 1796 478 1858 quo
507 1775 661 1838 crimine‘l
694 1795 808 1860 nempe
834 1773 919 1858 quod
946 1774 1096 1837 Habitum
1117 1795 1175 1857 per
1196 1794 1322 1837 serrum
1344 1772 1455 1837 medici
1477 1793 1600 1838 veneno
1622 1794 1737 1838 necare

413 1868 574 1932 voluisset.
623 1867 707 1943 Quid
739 1870 845 1933 Habiti
882 1877 980 1932 morte
1016 1869 1207 1932 Scamander
1238 1867 1516 1951 consequebatur?
1551 1868 1648 1942 nihil,
1680 1868 1737 1931 sed

413 1961 596 2024 administer
628 1969 695 2025 erat
724 1962 900 2046 Oppianici.
942 1964 983 2026 Et
1010 1961 1242 2026 condemnastis
1273 1962 1306 2025 C.
1335 1961 1520 2025 Fabricium.
1554 1961 1638 2037 Quid
1667 1962 1737 2025 ital

414 2057 505 2137 qula,
534 2077 605 2119 cum
632 2058 699 2139 Ipse
726 2056 969 2120 familiarissime
997 2056 1172 2139 Oppianico
1203 2077 1295 2130 usus,
1323 2056 1453 2120 libertus
1481 2064 1588 2120 autem
1614 2055 1682 2118 eius
1704 2055 1737 2116 in
1747 2068 1776 2115 44

414 2145 568 2212 maleficio
592 2150 806 2233 deprehensus
828 2159 926 2225 esset,
948 2150 1038 2214 illum
1052 2158 1215 2233 expertem
1230 2149 1298 2213 eius
1320 2149 1442 2214 consilii
1463 2150 1561 2214 fuisse
1579 2170 1644 2213 non
1665 2168 1738 2234 pro·

413 2241 572 2304 babatur.»
609 2244 642 2307 Si
663 2244 759 2326 igitur
780 2245 883 2326 ipsum
904 2244 1114 2328 Oppianicum
1135 2246 1183 2308 bIs
1201 2245 1267 2307 suis
1289 2243 1412 2307 iudiciis
1426 2245 1669 2308 condemnatum
1684 2244 1738 2307 ab·

414 2335 597 2411 solvissent,
620 2338 691 2419 qula
712 2344 830 2400 tantam
851 2337 1078 2421 turpitudinem
1099 2338 1304 2414 iudiciorum,
1326 2339 1396 2420 quis
1417 2345 1536 2402 tantam
1557 2341 1739 2403 inconstan-

414 2430 489 2492 tiam
510 2450 613 2493 renrm
635 2429 860 2504 iudicatarum,
883 2431 957 2513 quis
978 2438 1097 2515 tantam
1118 2432 1282 2496 libidinem
1300 2433 1441 2496 iudIcum
1455 2432 1537 2497 terre
1559 2433 1738 2519 potuisset?
1778 2496 1785 2511 ‚

499 2520 549 2585 62.
572 2523 667 2599 Quod
696 2525 723 2587 si
750 2524 811 2587 hoc
839 2523 969 2600 videtis,
1000 2526 1085 2610 quod
1113 2527 1176 2591 iam
1196 2527 1257 2590 hac
1278 2529 1364 2590 omni
1386 2528 1528 2591 oratione
1550 2526 1776 2611 patefactumro

415 2626 478 2691 est,
508 2618 563 2680 illo
592 2617 708 2682 iudicio
734 2638 821 2682 reum
844 2618 1061 2695 condemnari,
1089 2621 1273 2703 praesertim
1295 2620 1335 2683 ab
1357 2620 1458 2685 isdem
1479 2622 1654 2696 iudicibus,
1683 2622 1738 2705 qui

416 2712 478 2774 duo
507 2711 700 2794 praeiudicia
727 2712 892 2787 fecissent,
920 2733 1051 2778 necesse
1080 2714 1195 2788 fnisse,
1226 2714 1320 2777 simul
1346 2713 1424 2776 illud
1452 2714 1586 2778 videatis
1607 2735 1738 2779 necesse

416 2812 479 2879 est,
502 2805 620 2868 nullam
642 2806 815 2870 accusatori
838 2827 907 2870 esse
929 2829 1055 2872 causam
1076 2809 1234 2891 potuisse,
1257 2828 1313 2870 cur
1328 2808 1478 2871 iudicium
1492 2809 1587 2873 vellet
1601 2830 1739 2873 corrum-

416 2919 501 2981 pere.
543 2899 659 2961 XXIII.
675 2899 800 2975 Quaero
823 2901 905 2964 enim
928 2900 967 2964 de
988 2909 1036 2977 te,
1059 2904 1095 2964 T.
1109 2903 1191 2976 Atti,
1213 2901 1328 2964 relictis
1343 2903 1404 2965 iam
1420 2903 1532 2966 ceteris
1546 2904 1750 2987 argumentis·

416 2992 573 3066 omnibus,
595 3012 671 3057 num
694 2994 856 3057 Fabricios
878 3014 1006 3077 quoque
1026 2996 1211 3060 innocentes
1226 2996 1450 3060 condemnatos
1465 2997 1641 3074 existimes,
1664 3008 1776 3064 numae

416 3088 512 3149 etiam
533 3087 587 3150 illa
608 3087 725 3152 iudicia
746 3088 880 3172 pecunia
902 3095 1047 3171 corrupta
1069 3109 1139 3153 esse
1163 3091 1266 3164 dicas,
1288 3090 1403 3173 quibus
1424 3090 1458 3153 in
1479 3090 1604 3155 iudiciis
1626 3092 1741 3155 altera

417 3181 546 3244 Staieno
575 3181 644 3244 solo
671 3182 834 3245 absolutus
862 3190 925 3256 est,
957 3182 1037 3247 alter
1065 3184 1160 3248 etiam
1181 3184 1252 3266 ipse
1273 3204 1309 3248 se
1331 3185 1561 3249 condemnavit
1598 3187 1685 3267 Age,
1712 3187 1740 3250 si

416 3283 581 3351 nocentes,
611 3277 701 3340 cuius
729 3272 901 3339 maleficiis
929 3278 1083 3360 numquid
1110 3286 1237 3362 praeter
1264 3298 1422 3343 venenum
1444 3279 1641 3362 quaesitum,
1675 3298 1739 3364 quo

416 3370 551 3434 Habitus
574 3377 755 3445 necaretur,
778 3369 938 3434 obiectum
959 3374 1033 3433 est?
1061 3373 1215 3456 numquid
1236 3373 1323 3437 aliud
1345 3373 1378 3435 in
1400 3372 1463 3436 illis
1485 3371 1611 3437 iudiciis
1633 3393 1741 3437 versa-

418 3473 484 3528 tum
506 3472 554 3527 est
575 3470 700 3546 praeter
720 3464 814 3527 hasce
835 3465 967 3528 insidIas
982 3464 1098 3529 Habito
1113 3466 1153 3529 ab
1168 3466 1343 3550 Oppianico
1363 3487 1421 3551 per
1438 3465 1599 3532 FabricIos
1620 3468 1777 3533 factastto

418 3559 522 3633 Nihil,
542 3557 641 3631 nihil,
663 3557 812 3640 inquam,
833 3557 937 3632 aliud,
960 3558 1098 3633 iudices,
1121 3561 1295 3642 reperietis.
1338 3562 1451 3625 Exstat
1471 3560 1640 3640 memoria3
1666 3570 1740 3627 sunt

418 3653 544 3717 tabulae
565 3651 728 3736 publicae:
756 3652 910 3735 redargue
931 3671 996 3726 me,
1018 3652 1046 3715 si
1067 3654 1221 3729 mentior;
1249 3654 1377 3717 testium
1404 3655 1489 3719 dicta
1516 3654 1630 3732 recita3
1660 3655 1739 3721 doce

417 3747 451 3810 in
479 3746 606 3809 illorum
632 3744 758 3809 iudiciis
788 3746 864 3829 quid
894 3752 1019 3828 praeter
1044 3745 1107 3809 hoc
1128 3765 1286 3811 venenum
1309 3747 1476 3830 Oppianici
1504 3768 1568 3813 non
1590 3751 1684 3814 modo
1705 3751 1740 3815 in

418 3839 577 3915 criminis,
607 3840 663 3905 sed
691 3839 726 3901 in
752 3839 911 3903 maledicti
937 3839 1010 3903 loco
1039 3841 1082 3903 sit
1107 3840 1275 3906 obiectum.
1317 3838 1369 3904 63.
1390 3841 1490 3906 Hulta
1511 3842 1575 3907 dici
1595 3852 1740 3927 possunt,

420 3954 516 4016 quare
539 3933 583 3997 ita
604 3952 734 3996 necesse
755 3931 850 3996 fuerit
870 3932 1017 4008 iudicari,
1040 3933 1096 3997 sed
1113 3953 1173 4016 eqo
1187 3954 1349 3998 occurram
1364 3937 1594 4019 exspectationi
1607 3947 1777 4014 sabaeas

419 4026 547 4091 iudices.
580 4029 660 4090 Nam
681 4028 740 4090 etsi
762 4047 781 4090 a
802 4027 892 4090 vobis
913 4027 959 4090 sie
980 4027 1110 4102 audior,
1131 4035 1168 4092 ut
1188 4048 1361 4111 numquam
1378 4030 1547 4112 benignius
1569 4054 1673 4118 neque
1694 4040 1741 4097 at·

419 4121 536 4184 tentius
552 4139 742 4205 quemquam
757 4120 900 4185 auditum
917 4126 1044 4204 putem,
1064 4129 1171 4188 tamen
1185 4128 1280 4186 vocat
1292 4143 1342 4185 me
1357 4123 1419 4187 alio
1433 4124 1496 4187 iam
1511 4123 1632 4189 dudum
1646 4125 1741 4190 tacita

486 4448 510 4499 4.
528 4448 672 4510 cosmum]
689 4447 820 4498 comittere
836 4448 873 4508 44;
891 4454 1005 4502 constare
1021 4450 1047 4501 F.
1068 4478 1095 4487 -
1115 4451 1140 4502 4.
1155 4464 1204 4515 per
1218 4463 1244 4502 44
1260 4448 1359 4501 delevit
1374 4450 1402 4500 I..
1423 4476 1450 4486 —
1468 4450 1517 4514 ipat·
1532 4448 1625 4502 emb.
1641 4477 1668 4486 -
1683 4461 1742 4513 per-

418 4520 607 4583 suademus,
626 4523 812 4586 pmcindereot
827 4523 856 4573 T.
877 4549 905 4558 -
927 4522 952 4575 4.
970 4525 1064 4577 ttsT:
1087 4526 1115 4576 44
1131 4526 1162 4585 a,
1180 4526 1217 4576 4444
1233 4521 1380 4577 uasto.
1401 4552 1429 4563 -
1452 4526 1477 4577 44.
1495 4524 1615 4590 marcias]
1631 4525 1742 4575 4444444444

419 4598 590 4647 4444484-
609 4598 634 4648 4.
651 4598 979 4651 iarncondenmatamS'I:
997 4598 1456 4652 cmtdematreniomltrlLFO.-
1474 4601 1499 4652 9.
1516 4600 1669 4665 epactam
1686 4611 1742 4648 eoo·

383 4677 492 4734 ·44444
509 4684 561 4734 mg.
579 4668 605 4722 F.
626 4697 651 4710 -
677 4673 717 4722 44.
736 4673 915 4734 nspmceruns
930 4674 956 4725 S.
982 4702 1009 4713 -
1031 4676 1113 4739 atqui
1130 4675 1221 4727 SI'II:
1244 4675 1340 4739 4444444
1355 4674 1494 4728 44440.
1516 4703 1544 4712 -
1563 4673 1595 4724 ab
1610 4674 1648 4723 tris
1664 4674 1690 4722 s.
1711 4697 1738 4709 -·

420 4749 461 4798 44.
478 4760 575 4798 mom
590 4749 619 4797 Τ.
638 4774 665 4784 -
686 4748 725 4798 43.
744 4746 812 4812 quid]
829 4749 895 4811 quod
911 4749 944 4800 44.
965 4776 992 4786 -
1011 4749 1052 4802 sl.
1070 4755 1094 4802 et
1110 4750 1168 4801 ST:
1186 4764 1240 4802 om.
1259 4749 1433 4803 44444440.
1453 4779 1481 4788 -
1500 4750 1541 4801 46.
1560 4751 1693 4812 coprem
1710 4747 1739 4796 Τ.

423 4849 450 4858 -
469 4822 683 4888 esset1erotFA.
704 4823 939 4886 -fres'aseoml
960 4851 987 4863 -·
1008 4825 1177 4890 4444444444
1196 4852 1224 4862 -
1244 4825 1464 4878 sanctarena.
1484 4851 1511 4861 -
1530 4821 1743 4875 43.4444444444“4

420 4898 517 4948 84-
536 4900 779 4950 444444444ωὸ44
797 4901 1168 4956 44444444444444440.-
1185 4899 1317 4953 tems:
1335 4897 1379 4948 obs
1395 4901 1531 4950 ceteri-
1550 4896 1586 4962 T.]
1600 4895 1739 4946 444444.-

419 4972 470 5022 4444
486 4974 639 5025 Tauno:
661 4974 719 5027 4444
736 4976 769 5046 β;
794 4974 849 5027 Acti
864 4973 918 5029 LF.
945 4978 988 5029 Sic
1008 4976 1063 5028 lere
1083 4975 1192 5040 ubique.
1217 4972 1320 5040 Duplici
1336 4979 1346 5024 t
1361 4974 1414 5025 hoc
1434 4985 1532 5024 nomen
1555 4972 1685 5037 scriptum
1701 4970 1743 5020 est

421 5048 502 5098 etiam
519 5048 545 5099 in
562 5051 581 5100 P
598 5048 732 5112 §.ua-
752 5051 793 5102 44.
810 5051 946 5103 4444444444
961 5052 987 5102 S.
1002 5077 1030 5089 ··
1047 5051 1131 5102 444444
1146 5051 1206 5102 ST:
1224 5062 1278 5100 om
1296 5046 1439 5100 RALFO.
1455 5074 1482 5084 -
1500 5047 1541 5099 27.
1559 5047 1665 5098 84444444
1682 5044 1740 5104 ST,

420 5124 534 5186 8444444
550 5124 583 5176 u.
607 5124 646 5176 ct.
665 5124 786 5189 ΜΟ.-
804 5120 1743 5190 epesnocenur1maernceentessr.-ss.suact.-30.an-

421 5198 488 5247 444444
504 5200 555 5248 ST.
576 5225 603 5236 -
626 5199 668 5250 34.
686 5198 799 5253 alterum
817 5199 949 5253 erucem
966 5197 1023 5253 AF.
1042 5226 1071 5237 -
1090 5198 1204 5264 4444444444]
1220 5211 1341 5262 aequora
1356 5195 1380 5249 a
1397 5197 1511 5262 (praeter
1527 5197 1580 5262 844
1597 5198 1628 5249 ll.
1649 5223 1675 5234 -
1694 5209 1741 5248 44-

421 5278 487 5323 44444
502 5273 637 5328 mortemue
652 5275 742 5328 rua.
762 5302 790 5314 -
808 5273 849 5328 at.
866 5274 948 5327 4444444
962 5275 1018 5329 ST.
1038 5299 1065 5314 ·-
1083 5273 1125 5327 ³6.
1141 5274 1195 5338 4444]
1211 5271 1273 5329 aa
1289 5274 1404 5339 onear
1417 5272 1472 5338 sn
1488 5273 1520 5325 Δ.
