4367 6109
461 559 524 629 tto
873 566 1026 633 ORATIO
1046 566 1126 632 PRO
1146 567 1185 633 A.
1207 566 1380 634 CAECINA

460 754 557 818 negas
580 733 672 798 deiici
692 753 797 816 posse.
839 728 891 796 94.
920 735 984 800 Cur
1004 756 1079 819 ergo
1101 743 1154 802 aut
1180 738 1214 802 in
1236 736 1317 801 illud
1339 735 1560 821 quotidianum
1580 736 1796 802 interdictum

459 847 540 891 rnna
563 846 634 890 rane
656 847 702 891 aas
723 849 757 892 vr
777 848 908 893 eamear
928 829 1055 893 additur
1084 849 1150 896 cvra
1177 851 1240 896 noo
1268 851 1479 907 rossrnsaeu,
1510 831 1538 895 si
1567 830 1668 896 deiici
1694 850 1795 894 nemo

459 928 577 1004 potest,
600 921 656 1004 qui
677 941 743 985 non
762 923 921 1007 possidet,
952 923 1062 986 autin
1082 925 1145 987 hoc
1165 925 1367 989 interdictum
1388 945 1430 988 ns
1452 944 1625 990 nossemus
1647 942 1795 990 marre

459 1035 523 1078 non
543 1012 679 1090 additur,
700 1015 728 1078 si
750 1024 877 1099 oportet
897 1016 1008 1101 quaeri
1029 1018 1208 1100 possederit
1228 1021 1351 1081 necne?
1386 1021 1491 1100 Negas
1512 1018 1620 1094 deiici,
1644 1001 1712 1083 nisi
1736 1020 1794 1102 qui

436 1108 630 1192 spossideat.
673 1109 840 1186 Ostende,
859 1112 886 1175 si
909 1113 978 1175 sine
999 1112 1126 1175 umetis
1149 1113 1304 1175 coactisve
1324 1112 1508 1176 hominihus
1531 1113 1677 1179 deiectus
1701 1115 1794 1199 quis·

456 1205 543 1288 piam
563 1205 621 1279 sit,
643 1224 731 1281 eum,
752 1205 809 1288 qui
829 1204 964 1270 fateatur
985 1225 1019 1269 se
1041 1203 1208 1282 deiecisse,
1229 1205 1356 1269 vincere
1379 1207 1604 1288 sponsionem,
1628 1209 1656 1273 si
1678 1217 1793 1273 osten·

456 1299 509 1361 dat
529 1319 603 1363 eum
623 1318 688 1364 non
708 1298 899 1382 possedisse.
941 1301 1044 1380 Negas
1066 1297 1179 1373 deiici,
1200 1298 1263 1363 nisi
1285 1299 1341 1381 qui
1363 1299 1534 1381 possideat.
1577 1300 1727 1366 Ostende
1750 1320 1793 1364 ex

455 1392 516 1455 hoc
537 1391 704 1456 interdicto
725 1412 766 1456 ne
788 1413 923 1457 44444444
944 1412 1125 1467 noarrnnvs,
1147 1393 1202 1477 qui
1221 1394 1323 1476 possit
1336 1393 1506 1460 ostendere
1521 1413 1586 1458 non
1600 1394 1791 1476 possedisse

456 1505 545 1561 euna,
573 1487 629 1571 qui
658 1486 799 1550 deiectus
826 1488 882 1561 sit,
911 1485 1115 1550 condemnari
1143 1492 1249 1550 tamen
1275 1486 1458 1568 sponsionis
1487 1507 1617 1551 necesse
1638 1508 1732 1563 esse,
1762 1488 1791 1551 si

420 1577 591 1643 tristentur
613 1599 682 1644 esse
705 1581 869 1644 deiectum.
905 1580 1038 1642 XXXII.
1060 1576 1113 1642 92.
1134 1580 1310 1663 Dupliciter
1332 1580 1479 1644 homines
1502 1581 1708 1657 deiiciuntur,
1733 1588 1793 1644 aut

455 1673 524 1737 si'ne
552 1674 670 1737 coactis
695 1674 866 1737 armatisve
892 1673 1090 1747 hominibus,
1121 1681 1176 1751 ant
1203 1694 1259 1757 per
1287 1674 1356 1738 eius
1385 1674 1471 1737 modi
1499 1676 1655 1738 rationem
1684 1683 1789 1759 atque

454 1767 529 1833 vim
571 1768 620 1831 44
642 1768 721 1832 duas
742 1768 912 1831 dissimiles
939 1787 990 1830 res
1018 1767 1082 1830 duo
1113 1767 1252 1831 diiuncta
1282 1767 1450 1831 interdicta
1478 1774 1563 1830 sunt
1605 1769 1642 1832 ln
1671 1768 1735 1832 illa
1755 1769 1789 1833 si

455 1863 640 1947 quotidiana
660 1881 727 1924 non
748 1863 824 1925 satis
846 1869 896 1926 est
916 1882 1011 1944 posse
1033 1860 1149 1924 docere
1167 1880 1202 1922 se
1216 1861 1384 1935 deiectum,
1407 1861 1469 1924 nisi
1484 1862 1650 1925 ostendere
1664 1869 1788 1946 potest,

454 1976 527 2019 oum
547 1955 741 2038 possideret,
770 1964 838 2019 tum
860 1955 1026 2018 deiectum.
1070 1957 1116 2018 Ne
1138 1954 1171 2017 id
1193 1954 1323 2036 quidem
1344 1955 1420 2017 satis
1442 1962 1505 2029 est,
1536 1955 1598 2019 nisi
1619 1955 1719 2020 dccet
1741 1956 1788 2020 ita

418 2060 446 2109 44
455 2070 489 2113 44
511 2051 709 2132 possedisse,
736 2057 772 2113 ut
793 2071 852 2114 nec
872 2051 904 2113 ri
926 2069 986 2112 nec
1009 2049 1089 2112 clam
1116 2068 1174 2111 nec
1203 2048 1562 2130 precario'possederit
1605 2048 1722 2132 ltaque
1745 2049 1786 2122 is,

454 2142 507 2227 qui
531 2162 565 2206 se
585 2143 760 2208 restituisse
782 2144 873 2218 dixit,
895 2163 1007 2226 magna
1027 2163 1106 2206 voce
1127 2160 1223 2224 saepe
1246 2138 1388 2204 confiteri
1409 2141 1491 2205 solet
1508 2161 1543 2204 se
1558 2142 1590 2205 vi
1604 2142 1786 2218 deiecisse,

453 2256 562 2300 verum
582 2235 662 2298 illud
684 2236 792 2299 addit:
828 2240 917 2301 «Non
937 2236 1158 2321 possidebat,o
1189 2234 1375 2309 ueletiam,
1397 2254 1469 2297 cum
1490 2235 1553 2299 hoc
1573 2234 1678 2317 ipsum
1702 2255 1785 2299 oon·

454 2330 565 2404 cessit,
591 2330 692 2393 vincit
717 2337 823 2393 444444
844 2331 1032 2413 sponsione,
1062 2329 1089 2392 si
1115 2329 1244 2412 planum
1265 2327 1341 2392 iacit
1362 2327 1402 2391 ab
1425 2348 1460 2392 se
1482 2328 1572 2392 illum
1592 2337 1648 2393 aut
1668 2329 1702 2393 ri
1719 2334 1786 2393 ant

453 2425 534 2488 clam
554 2430 610 2488 ant
629 2424 772 2506 precario
793 2423 984 2507 possedisse.
1026 2421 1079 2486 93.
1106 2422 1288 2496 Videtisne,
1317 2430 1399 2506 quot
1427 2422 1665 2486 defensionibus
1693 2443 1784 2498 eum,

415 2518 508 2603 sequi
531 2518 600 2582 sine
620 2518 715 2581 armis
736 2536 773 2581 ao
793 2517 994 2580 multitudine
1014 2517 1079 2581 rim
1100 2515 1228 2589 iecerit,
1255 2516 1305 2578 uti
1323 2534 1418 2600 posse
1441 2517 1575 2579 maiores
1596 2515 1783 2582 voluerint?

452 2613 545 2676 Hunc
566 2632 652 2686 vero,
675 2612 729 2694 qui
751 2611 791 2673 ab
812 2610 892 2685 iure,
915 2607 1033 2685 officio,
1054 2609 1149 2673 bonis
1170 2609 1309 2672 moribus
1331 2609 1372 2672 ad
1392 2608 1527 2685 semum,
1548 2610 1589 2673 ad
1610 2629 1715 2686 arma,
1737 2610 1782 2674 ad

452 2707 582 2770 caedem
602 2704 794 2787 confugerit,
817 2706 937 2767 nudum
960 2704 993 2765 in
1015 2722 1111 2766 causa
1133 2703 1320 2766 destitutum
1341 2703 1473 2777 videtis,
1494 2710 1539 2776 ut,
1561 2705 1616 2786 qui
1636 2710 1780 2768 armatus

453 2800 493 2864 de
507 2800 709 2883 possessione
722 2798 947 2872 contendisset,
968 2797 1108 2860 inermus
1123 2796 1217 2880 plane
1234 2795 1273 2859 de
1288 2797 1462 2879 sponsione
1476 2803 1619 2861 certaret.
1650 2797 1780 2882 Ecquid

451 2894 547 2977 igitur
567 2893 707 2966 interest,
729 2892 812 2966 Piso,
832 2893 916 2954 inter
936 2891 1015 2954 haec
1035 2891 1225 2955 interdicta?
1247 2890 1360 2971 ecquid
1383 2890 1523 2964 interest,
1544 2897 1650 2954 utrum
1662 2892 1696 2953 in
1712 2892 1778 2956 hoc

414 2989 493 3053 rosit
520 2987 659 3052 additum
689 3004 753 3049 cru
774 2987 811 3049 4.
834 2985 973 3049 Cancrua
1000 3002 1194 3049 rossanenar
1220 2987 1342 3048 necnet
1383 2984 1507 3064 Ecquid
1529 2992 1560 3047 te
1581 2985 1662 3049 ratio
1684 2985 1778 3060 iuris,

451 3082 568 3166 ecquid
582 3080 821 3144 interdictorum
836 3078 1072 3154 dissimilitudo,
1090 3077 1206 3162 ecquid
1220 3078 1389 3141 auotoritas
1403 3078 1559 3140 maiomm
1574 3082 1777 3142 commovet?

451 3176 486 3240 si
514 3182 599 3238 esset
627 3175 788 3248 additum,
816 3173 856 3236 de
886 3192 925 3235 eo
954 3171 1064 3254 quaeri
1089 3180 1266 3254 oporteret:
1306 3170 1448 3235 additum
1478 3189 1544 3233 nou
1572 3179 1635 3246 esta
1666 3181 1776 3236 umen

450 3269 629 3353 oportebit?
671 3264 723 3329 94.
743 3269 848 3351 Atque
871 3286 930 3348 ego
952 3265 984 3326 in
1005 3265 1066 3328 hoc
1090 3264 1257 3328 Caecinam
1277 3284 1341 3328 non
1356 3262 1511 3327 delendo:
1532 3264 1674 3347 possedit
1687 3267 1775 3329 enim

451 3363 595 3437 Caecina,
614 3369 864 3445 recuperatores,
886 3368 917 3423 44
938 3359 981 3433 id,
1002 3360 1125 3422 tametsi
1148 3366 1238 3421 extra
1251 3377 1377 3421 causam
1393 3365 1450 3432 est,
1472 3377 1652 3440 percurram
1665 3367 1774 3424 umen

411 3457 551 3532 aohrevi,
587 3464 622 3520 ut
654 3475 717 3517 non
749 3455 856 3517 minus
882 3453 1044 3516 hominem
1076 3453 1181 3534 ipsum
1208 3471 1303 3534 quam
1331 3453 1380 3514 ius
1410 3470 1576 3515 commune
1606 3451 1774 3517 defensum

448 3552 564 3616 velitis.
608 3547 812 3612 Caesenniam
834 3545 1016 3629 possedisse
1036 3554 1168 3630 propter
1195 3566 1287 3608 usum
1312 3545 1449 3608 fructum
1470 3566 1536 3609 non
1557 3566 1664 3629 negas.
1708 3547 1773 3622 Qui

449 3644 581 3709 colonus
600 3642 712 3706 habuit
732 3641 923 3705 conductum
944 3640 983 3703 de
1005 3639 1180 3704 Caesennia
1199 3638 1349 3716 fundum,
1382 3659 1453 3704 cum
1483 3638 1567 3704 idem
1596 3661 1638 3703 ex
1659 3641 1773 3705 cadem

513 3989 538 4040 4.
556 3987 617 4038 dote
633 3987 690 4039 ET.
709 4010 737 4022 ·-
756 3983 781 4039 4.
800 3984 950 4036 44444.-
967 3984 993 4036 4.
1011 3984 1129 4045 Ostende,
1147 3984 1276 4036 44--4444
1292 3984 1626 4047 quipossideotom.T.-
1644 3985 1771 4048 4444444444

448 4062 486 4115 E:
507 4057 797 4125 44444444440.
817 4084 845 4095 -
868 4060 892 4109 a.
909 4059 1081 4121 4444444444..
1106 4058 1181 4110 Ceut.
1198 4073 1224 4112 v.
1243 4060 1283 4110 48.
1303 4085 1330 4094 -
1351 4061 1391 4109 44.
1409 4059 1591 4120 4444441404
1615 4060 1767 4122 4444449;

448 4144 470 4190 44
486 4139 519 4200 1.;
538 4150 570 4187 44
586 4149 639 4199 mg.
657 4132 684 4189 4.
707 4161 735 4173 -
764 4135 804 4185 ti.
822 4135 934 4184 4444444444
949 4146 1003 4196 mg.
1021 4131 1052 4195 9,
1071 4134 1107 4183 0:
1132 4134 1243 4184 44444444
1259 4146 1329 4184 corr.
1346 4147 1381 4199 q3
1408 4134 1523 4183 44444444
1538 4131 1626 4194 aa&
1652 4136 1771 4186 44444444

447 4216 478 4265 4.
499 4239 525 4251 -
544 4212 574 4262 le
589 4211 634 4262 illo
648 4211 675 4267 a·
697 4206 923 4272 coruscasset]
943 4207 982 4259 Cl.
999 4221 1026 4273 p.
1042 4207 1124 4260 Tullio
1141 4209 1166 4271 g.
1179 4208 1211 4260 44
1228 4223 1269 4273 sq.
1283 4236 1311 4245 —
1329 4209 1355 4259 44
1371 4220 1425 4259 om.
1437 4209 1468 4260 4.
1487 4232 1514 4242 -
1538 4207 1578 4258 43.
1595 4209 1721 4258 cotidiano
1738 4211 1767 4260 T.

449 4313 477 4325 -
495 4285 678 4336 4444444444
694 4298 728 4345 α;
745 4284 886 4347 4444444444
903 4282 966 4340 ΕΤς
989 4284 1031 4333 sed
1051 4296 1078 4333 44
1092 4285 1212 4335 4444444444
1225 4288 1311 4349 444444
1327 4285 1389 4335 Gal.
1410 4311 1438 4321 -
1457 4287 1537 4346 potest
1553 4283 1617 4333 ET:
1637 4289 1719 4346 posset
1735 4296 1767 4344 a;

442 4362 520 4425 possit
536 4356 681 4413 444440.
700 4358 739 4409 ct.
756 4370 782 4408 v.
796 4355 840 4408 ll:
858 4357 907 4406 4444·
922 4357 1040 4407 44444-
1061 4356 1101 4409 44.
1119 4365 1172 4409 taen
1188 4355 1601 4421 dectcmETGllabemptd
1618 4360 1684 4408 444.
1704 4359 1770 4408 Cor-

446 4437 514 4488 rexit
529 4435 674 4499 Naugerius
691 4433 717 4484 in
733 4432 835 4483 Aldine.
855 4430 893 4483 ct.
912 4430 936 4494 5.
954 4431 997 4482 86.
1016 4459 1044 4469 -
1062 4432 1102 4482 44.
1120 4437 1148 4481 ut
1164 4445 1218 4484 om.
1236 4434 1541 4496 ETGllaempqta.
1560 4460 1587 4469 —
1607 4435 1647 4485 46.
1665 4435 1724 4483 dicit
1736 4435 1766 4486 L.

448 4512 529 4561 --ta
545 4508 756 4573 4444444444-
775 4506 955 4569 tuscanens
971 4503 1204 4571 ETGabpqttd
1221 4505 1348 4561 stitit:
1367 4508 1590 4570 4444444444ωῆ0.
1610 4507 1765 4560 etr-6.-

446 4584 487 4637 99.
500 4585 552 4635 4444
562 4596 615 4634 orn.
626 4581 650 4635 a
660 4585 766 4646 praeter
775 4582 804 4643 T,
818 4582 845 4631 in
856 4594 909 4644 quo
921 4584 962 4632 444
972 4593 1038 4630 sa-
1051 4583 1158 4631 44444444
1169 4585 1180 4632 4
1191 4583 1239 4647 (pr.
1250 4583 1296 4646 m.)
1309 4587 1336 4633 et
1346 4584 1375 4634 1..
1387 4610 1414 4618 —
1432 4582 1536 4632 44444444
1546 4583 1574 4632 Τ.
1589 4609 1616 4617 -
1634 4582 1768 4633 4444444444

446 4654 736 4722 ΕΤ644444444444
753 4659 779 4707 44
794 4655 851 4711 44.
872 4684 899 4694 -
918 4657 958 4707 tt.
977 4655 1057 4720 44444]
1074 4656 1176 4715 44444Τ;
1193 4671 1260 4706 nuuc
1276 4673 1304 4706 α.
1319 4684 1346 4694 -
1365 4658 1405 4708 22.
1423 4658 1506 4707 eedem
1521 4658 1591 4706 T.—
1610 4658 1768 4706 destitutum·

446 4749 493 4798 444
509 4748 570 4787 cum
587 4734 689 4785 luntina
706 4732 760 4787 49.
782 4733 835 4783 Sed
852 4732 885 4785 44.
903 4733 978 4783 verr.
996 4736 1091 4784 accus.
1110 4733 1141 4781 ll.
1160 4731 1186 4795 S.
1198 4733 1239 4784 74.
1257 4733 1287 4782 V.
1306 4732 1330 4795 s.
1343 4732 1400 4782 444.
1416 4758 1443 4769 -
1461 4737 1489 4781 44
1505 4732 1548 4793 qut
1564 4732 1625 4792 ET,
1644 4732 1688 4781 ed.
1707 4734 1767 4783 tun-

445 4812 508 4872 ts'ne,
525 4808 615 4864 49οε
638 4810 681 4872 qut
696 4813 779 4859 444444
795 4810 853 4859 lli..
868 4835 895 4844 -
913 4808 954 4859 43.
972 4809 1082 4859 inomaus
1098 4807 1118 4857 E
1136 4806 1178 4867 lde
1195 4808 1214 4857 T
1231 4805 1291 4857 silet
1306 4803 1479 4868 Harlessiusl:
1502 4806 1603 4855 44444444
1619 4803 1764 4858 444490.

446 4885 486 4939 Cl.
503 4885 528 4950 3.
546 4886 587 4938 33.
607 4911 635 4921 -
658 4882 753 4948 ecquid]
773 4884 871 4945 etquid
887 4884 1026 4946 quinquies
1044 4879 1307 4946 EGehekptoss,
1325 4882 1417 4941 tertio,
1444 4883 1537 4945 quarto
1555 4883 1582 4932 et
1598 4881 1688 4944 quinto
1705 4879 1765 4930 loco

446 4963 475 5013 T.
489 4987 517 4998 -
535 4960 576 5014 44.
593 4960 672 5025 {pter
687 4969 741 5009 om.
754 4957 783 5008 T.
803 4983 831 4993 -
849 4957 982 5008 4444444444
999 4970 1053 5008 om.
1066 4957 1133 5008 T.-
1151 4961 1237 5006 444444
1251 4957 1279 5006 io
1294 4956 1339 5006 4444
1354 4957 1386 5005 stt
1401 4956 1561 5006 cdddwaT:
1579 4959 1664 5004 444444
1679 4955 1764 5004 taluc

445 5037 478 5089 stt
493 5037 619 5087 4444444444
635 5035 668 5096 Ε;
685 5039 772 5084 utrm
786 5031 831 5082 444
847 5033 959 5083 44444444
976 5033 1038 5096 (om.
1052 5033 1079 5082 44
1096 5035 1123 5084 44
1139 5032 1177 5094 sit)
1194 5028 1336 5085 444490.
1356 5031 1439 5094 (uon.
1458 5033 1570 5082 44444444
1586 5032 1635 5080 stt»
1652 5041 1705 5092 mg.
1723 5029 1763 5093 4.)

448 5111 486 5163 ct.
499 5111 523 5176 5.
536 5112 577 5162 94.
593 5124 620 5176 p.
633 5107 715 5161 Tullio
726 5108 752 5172 S.
764 5106 805 5159 ³8.
818 5107 895 5158 39.-
907 5107 948 5159 aa.
962 5107 1098 5169 possideret
1115 5109 1143 5158 P.
1156 5107 1303 5156 Manutius:
1317 5107 1452 5167 poscuerit
1468 5103 1611 5160 414490.
1630 5105 1668 5156 ct.
1682 5104 1706 5168 5.
1719 5105 1761 5155 94.

447 5182 694 5251 asperamus.
712 5181 754 5236 44.
773 5181 1177 5244 -4444444444444444444,
1197 5205 1224 5215 -
1250 5180 1536 5236 4944444444444.
1556 5178 1761 5244 -34444441

447 5253 1275 5322 444444.-94.44444444444444.-044]44444449.
