4367 6109
955 560 1188 652 ffin-m
1690 562 1733 630 m

409 712 1733 798 230asaas‘ssaeasae

410 828 464 895 si.
486 831 663 895 turbamnt
698 830 831 906 Audita,
854 850 990 917 quaeso,
1012 832 1045 895 in
1068 852 1123 896 eas
1136 851 1203 907 res,
1226 850 1305 915 quas
1319 849 1548 906 commemoro,
1568 831 1734 896 bominum

412 927 622 989 honestorum
637 926 863 990 testimonium.
892 925 988 1002 llaec,
1012 946 1096 1010 quae
1117 926 1178 990 mei
1201 932 1296 989 testes
1311 925 1437 1000 dicunt,
1458 926 1574 990 latetur
1588 926 1734 991 adversa·

414 1021 480 1085 rius
508 1040 565 1085 eos
592 1039 666 1085 vere
696 1019 819 1097 dicere;
847 1040 929 1105 quac
958 1021 1020 1082 mei
1043 1028 1141 1083 testes
1161 1039 1228 1082 non
1249 1019 1371 1094 dicunt,
1404 1020 1566 1103 quianon
1585 1019 1735 1083 viderunt

416 1135 474 1179 nec
496 1113 618 1189 sciunt,
647 1133 685 1176 ea
707 1112 784 1177 dicit
805 1115 874 1197 ipse
895 1113 1104 1177 adversarius.
1147 1113 1253 1175 Nostri
1280 1118 1376 1176 testes
1402 1113 1513 1178 dicunt
1533 1115 1655 1178 occisos
1675 1114 1772 1177 lio-s

415 1209 534 1284 mines3
556 1226 700 1271 cruorem
721 1206 756 1269 in
777 1207 856 1271 locis
877 1207 1037 1291 pluribus,
1059 1207 1217 1271 deiectum
1232 1204 1411 1270 aedilicium
1431 1228 1465 1271 se
1478 1208 1596 1273 vidisse
1609 1209 1734 1287 dicuni;

416 1301 496 1367 nihil
522 1301 668 1385 amplius.
699 1300 786 1377 Quid
806 1301 944 1364 Fabius?
966 1303 1087 1365 llorum
1110 1302 1190 1365 nihil
1211 1309 1314 1384 negat.
1358 1301 1445 1378 Quid
1467 1322 1542 1385 ergo
1563 1304 1651 1367 addit
1670 1324 1736 1368 am·

416 1396 524 1482 plius?
553 1397 650 1460 Suam
675 1393 827 1458 familiam
850 1394 964 1459 iecisse
986 1396 1072 1459 dicit.
1115 1392 1166 1458 25.
1190 1397 1401 1473 Quomodo?
1422 1398 1462 1460 vi
1483 1396 1665 1462 bominibus
1687 1418 1737 1462 ar-

416 1490 518 1554 matis.
553 1491 626 1567 Quo
647 1490 779 1553 animoi
811 1489 852 1554 Ut
873 1491 906 1553 id
930 1487 1032 1566 fieret,
1062 1490 1150 1575 qnod
1170 1489 1288 1554 lactum
1316 1497 1374 1554 est.
1418 1489 1504 1566 Quid
1525 1499 1575 1553 est
1598 1491 1654 1553 idi
1697 1491 1738 1556 Ut

416 1585 563 1649 homines
584 1585 628 1647 ni.
650 1583 747 1646 Tullii
776 1582 1004 1647 occiderentur.
1055 1584 1150 1660 Quod
1178 1605 1253 1667 ergo
1283 1605 1322 1648 eo
1350 1583 1456 1647 animo
1477 1583 1594 1647 factum
1616 1592 1679 1661 est,
1702 1591 1775 1648 utto

415 1679 563 1743 homines
584 1699 683 1741 unum
705 1678 864 1741 inlocum
887 1679 1110 1755 convenirent,
1132 1686 1168 1742 ut
1188 1699 1274 1743 arma
1299 1685 1464 1762 caperent,
1492 1687 1528 1742 ut
1556 1687 1642 1742 certo
1663 1699 1740 1743 con·

417 1774 490 1838 silio
512 1779 633 1837 certum
656 1773 689 1835 in
711 1771 815 1835 locum
838 1770 1126 1855 proficiscerentur,
1148 1780 1186 1837 ut
1205 1774 1356 1838 idoneum
1375 1779 1500 1856 tempus
1514 1772 1682 1855 eligerent,
1703 1780 1740 1838 ut

417 1869 548 1931 caedem
567 1865 724 1940 lacerent,
752 1865 785 1927 id
808 1866 835 1929 si
856 1866 1025 1930 voluemnt
1052 1874 1085 1931 et
1106 1868 1285 1951 cogitarunt
1305 1875 1338 1931 et
1357 1867 1574 1950 perfecerunt,
1606 1868 1739 1950 potestis

417 1981 488 2025 eam
508 1960 716 2031 voluntatem,
737 1957 771 2021 id
785 1959 964 2035 consilium,
985 1961 1019 2024 id
1035 1961 1152 2026 lactum
1174 1962 1282 2026 adolo
1299 1961 1382 2025 malo
1405 1961 1591 2043 seiungere?
1634 1959 1685 2024 26.
1700 1963 1741 2024 At

416 2057 500 2120 istuc
521 2060 623 2118 totum
645 2072 728 2118 nono
750 2073 836 2117 irino
858 2052 986 2118 additur
1006 2056 1039 2118 in
1053 2056 1116 2120 hoc
1137 2055 1256 2120 iudicio
1272 2056 1342 2120 eius
1360 2075 1471 2130 causa,
1493 2055 1549 2139 qui
1571 2055 1653 2138 agit,
1674 2069 1777 2118 nonio

418 2150 522 2225 illius,
542 2149 671 2234 quicum
693 2147 806 2232 agitur.
853 2148 889 2211 Id
911 2157 947 2212 ut
968 2148 1163 2232 intelligatis,
1184 2151 1427 2234 reciperatores,
1449 2168 1586 2233 quaeso,
1607 2155 1644 2212 ui
1669 2148 1741 2212 dili·

417 2249 530 2328 genter
557 2241 743 2306 attendatis:
768 2240 927 2325 prolecto,
953 2242 1032 2326 quin
1053 2243 1098 2305 ita
1119 2242 1173 2318 sit,
1195 2264 1260 2307 non
1282 2243 1475 2306 dubitabitis.

502 2335 555 2401 27.
586 2337 620 2400 Si
648 2336 693 2399 ita
718 2337 870 2400 indicium
893 2338 1037 2412 daretur,
1068 2344 1106 2400 ut
1127 2337 1159 2399 id
1181 2336 1441 2412 concluderetur,
1473 2337 1559 2420 quod
1580 2356 1599 2401 a
1620 2334 1742 2400 familia

418 2431 536 2497 lactum
558 2438 663 2506 esset,
685 2430 712 2495 si
735 2450 816 2515 quae
837 2430 957 2494 familia
979 2431 1049 2514 ipsa
1070 2430 1105 2494 in
1127 2431 1223 2495 caede
1246 2433 1399 2496 interesse
1421 2431 1576 2495 noluisset
1590 2439 1622 2495 et
1638 2431 1742 2495 bomi-

419 2547 476 2593 nes
497 2533 553 2590 aut
574 2544 682 2590 servos
704 2532 760 2588 aut
780 2524 896 2588 liberos
912 2525 1069 2608 coigisset
1082 2534 1137 2589 aut
1152 2526 1373 2601 conduxisset,
1395 2531 1497 2588 totum
1510 2524 1572 2589 hoc
1587 2525 1779 2588 iudiciumto

421 2630 453 2688 et
473 2621 629 2708 praetoris
650 2619 801 2684 severitas
830 2618 1066 2682 dissolveretur.
1109 2622 1210 2684 Nemo
1238 2622 1322 2684 enim
1351 2627 1458 2704 potest
1484 2621 1563 2684 baec
1590 2619 1741 2696 iudicare,

421 2737 484 2805 qua
506 2717 596 2780 inre
618 2707 824 2779 familiariori
846 2712 1059 2789 interfuisset,
1080 2714 1115 2777 in
1137 2734 1175 2778 ea
1195 2736 1230 2780 re
1252 2736 1320 2780 eam
1343 2716 1444 2799 ipsam
1465 2715 1617 2779 familiam
1639 2715 1670 2776 vi
1693 2733 1742 2777 ar·

420 2810 514 2875 matis
534 2808 717 2874 bominibus
739 2804 887 2870 damnum
910 2805 1046 2870 dedisse.
1088 2809 1192 2891 Ergo,
1214 2810 1247 2872 id
1269 2810 1345 2895 quia
1366 2816 1490 2892 poterat
1511 2805 1578 2872 lieri
1597 2815 1629 2873 et
1649 2808 1741 2872 facile

420 2912 561 2989 poterat,
583 2903 701 2966 idcirco
724 2921 789 2964 non
811 2901 887 2963 satis
907 2900 1051 2964 habitum
1073 2911 1123 2966 est
1146 2905 1272 2988 quaeri,
1294 2904 1371 2987 quid
1386 2902 1507 2966 familia
1521 2903 1591 2986 ipsa
1605 2901 1741 2976 iecisset,

421 3019 531 3065 verum
554 2999 648 3063 etiam
669 2995 765 3070 illud,
789 2995 866 3079 quid
886 2994 1026 3059 familiae
1048 2996 1123 3060 dolo
1146 2999 1229 3061 malo
1251 2998 1368 3061 lactum
1384 3005 1476 3061 esset.
1510 2994 1561 3061 28.
1576 3000 1655 3061 Nam
1670 3006 1780 3061 cumas

421 3094 497 3158 iacit
517 3090 729 3176 ipsalamilia
752 3089 816 3152 vim
845 3091 973 3154 armatis
996 3092 1153 3155 coactisve
1174 3091 1356 3154 bominibus
1379 3098 1410 3154 et
1433 3091 1581 3153 damnum
1603 3092 1741 3175 cuipiam

379 3228 383 3233 -
423 3187 497 3262 dat,
518 3184 551 3248 id
574 3184 649 3248 dolo
672 3181 755 3245 malo
777 3178 844 3245 fieri
867 3203 997 3247 necesse
1023 3193 1080 3248 est.
1125 3184 1202 3247 Cum
1231 3192 1336 3248 autem
1365 3186 1519 3249 rationem
1546 3186 1621 3261 init,
1648 3193 1684 3248 ut
1705 3203 1743 3249 ea

422 3278 493 3356 liat,
514 3278 635 3343 familia
656 3276 726 3360 ipsa
747 3295 811 3340 non
832 3276 923 3351 lacit,
945 3273 980 3340 fit
1000 3285 1104 3342 autem
1127 3278 1201 3342 dolo
1223 3278 1307 3342 malo
1329 3278 1408 3342 eius.
1441 3271 1525 3362 Ergo
1544 3278 1651 3343 addito
1667 3277 1742 3341 dolo

422 3374 506 3438 malo
537 3371 653 3437 actoris
685 3378 717 3435 et
747 3370 892 3453 petitoris
926 3367 961 3432 lit
988 3391 1083 3435 causa
1112 3373 1281 3456 copiosior.
1325 3372 1435 3437 Utrum
1462 3372 1546 3437 enim
1576 3372 1742 3436 ostendere

423 3475 543 3551 potest,
564 3467 631 3530 sive
654 3484 724 3528 eam
745 3464 845 3547 ipsam
866 3464 1018 3529 familiam
1039 3466 1100 3529 sibi
1123 3467 1272 3530 damnum
1296 3466 1439 3542 dedisse,
1465 3467 1532 3531 sive
1554 3465 1689 3529 consilio
1711 3469 1780 3528 etro

423 3581 521 3648 opera
543 3561 613 3625 eius
633 3557 772 3623 lamiliaa
793 3557 911 3621 factum
933 3578 1018 3635 esse,
1040 3559 1148 3624 vincat
1169 3581 1298 3625 necesso
1321 3568 1378 3625 est.

506 3653 558 3719 29.
580 3652 702 3718 Videtis
723 3661 884 3736 praetores
905 3672 962 3737 per
981 3654 1041 3717 bos
1067 3675 1170 3719 annos
1190 3655 1385 3720 intercedere
1406 3656 1468 3719 lroc
1489 3652 1646 3719 interdicto
1666 3653 1746 3717 celat

422 3753 502 3815 inter
522 3769 573 3813 me
594 3757 627 3813 et
646 3751 688 3813 ll.
705 3747 889 3812 Claudium:
911 3767 993 3810 vans
1011 3768 1094 3813 nono
1116 3770 1203 3814 usuc
1224 3771 1302 3828 rvo,
1323 3753 1365 3818 ll.
1387 3750 1507 3827 Treui,
1528 3750 1571 3815 li.
1587 3749 1744 3813 Cmvnrvs

423 3867 485 3912 avr
511 3861 646 3910 riarum
676 3863 736 3908 rvr
756 3860 960 3906 rnocvnsroa
982 3862 1052 3907 nrvs
1073 3865 1107 3908 vs
1129 3864 1284 3910 naravsvs
1304 3864 1380 3922 ssr,
1410 3848 1517 3909 cetera
1536 3862 1579 3909 ax
1598 3843 1743 3907 formula.

424 4051 463 4102 As
477 4051 534 4102 rioto
549 4048 618 4100 malo
631 4047 726 4112 socius
741 4047 786 4109 sit,
803 4046 955 4111 mittebar:
973 4047 1003 4098 dc
1018 4047 1063 4097 troc
1078 4049 1198 4099 &ddum
1213 4054 1257 4100 cst.
1272 4076 1300 4087 -
1317 4048 1343 4099 2.
1360 4046 1503 4113 tumst]
1520 4046 1561 4098 ab
1577 4048 1619 4099 bis
1635 4045 1745 4111 syllabis

425 4127 516 4192 incipit
531 4123 623 4176 lolium
639 4123 800 4174 'l'aurineose
816 4123 931 4173 tertium.
956 4123 1072 4174 Homines
1083 4125 1224 4174 accium
1241 4124 1319 4187 (servi
1330 4125 1358 4173 P.
1371 4120 1461 4187 rubin,
1478 4122 1565 4172 owosn
1575 4121 1747 4172 mnam

426 4201 456 4252 ll.
476 4227 504 4237 -
523 4201 548 4251 e.
566 4199 652 4249 Nostri
666 4197 813 4262 testacei]
835 4196 923 4248 Verba
944 4198 1011 4249 haec
1034 4199 1072 4249 sic
1090 4199 1195 4249 distinxi
1212 4212 1274 4251 cum
1290 4198 1418 4264 Madvigio
1434 4199 1515 4264 Epist.
1533 4200 1590 4250 crit.
1608 4212 1635 4264 p.
1653 4199 1685 4250 93
1701 4210 1744 4261 so.

427 4275 514 4327 Ceteri
529 4274 733 4338 interpungunt:
751 4274 836 4323 Nostri
851 4275 955 4324 usuri.
968 4288 991 4325 o.
1004 4274 1122 4334 mmm,
1139 4288 1176 4324 cr.
1186 4274 1213 4323 io
1224 4275 1241 4324 t.
1252 4273 1379 4336 ptoribm,
1397 4275 1421 4324 ri.
1435 4275 1490 4325 uod.
1503 4287 1529 4325 ac
1543 4274 1644 4334 vistim
1662 4273 1747 4322 dicam

425 4358 612 4422 maneam.
627 4384 654 4396 -
673 4358 698 4409 c.
711 4343 825 4409 simiis.
843 4358 871 4408 r.
888 4385 915 4396 -
927 4359 1047 4408 aaron
1058 4356 1184 4410 urimini.
1200 4385 1225 4397 -
1240 4358 1281 4409 so.
1296 4358 1551 4409 muranum·
1571 4356 1610 4409 rs.
1622 4357 1662 4423 At]
1673 4370 1705 4408 n
1716 4358 1745 4409 r.

428 4458 454 4470 -
467 4434 508 4484 46,
519 4433 672 4496 totciiipotis]
689 4433 731 4483 Sic
743 4434 769 4483 h.
783 4431 800 4483 l.
814 4446 916 4492 omnes,
934 4435 1015 4484 etiam
1026 4436 1055 4494 T,
1073 4447 1127 4484 non
1138 4433 1292 4498 erumpere.
1304 4459 1331 4469 -
1343 4432 1385 4481 2⁴.
1395 4431 1482 4496 potest]
1496 4437 1577 4495 posset
1588 4433 1690 4496 Kayser
1699 4430 1717 4482 l.
1727 4430 1745 4482 l.

426 4508 547 4573 poso·
559 4508 600 4558 26.
614 4508 664 4558 mm
676 4506 804 4559 ilalmius:
822 4510 848 4558 si
859 4509 1050 4560 i'i’BOllli.-
1063 4509 1104 4559 27.
1118 4522 1149 4559 co
1159 4510 1193 4559 T:
1206 4509 1233 4557 id
1243 4507 1411 4558 Paetis·
1423 4506 1464 4558 28.
1475 4507 1551 4571 Erpo]
1563 4509 1591 4559 ln
1603 4510 1688 4573 prima
1700 4508 1748 4558 bu·

426 4592 466 4643 ius
477 4605 503 4642 v.
515 4590 618 4654 syllaba
631 4591 725 4642 desinit
736 4591 827 4643 lolium
833 4593 993 4644 taurinense
1007 4593 1123 4652 tertiurn3
1136 4593 1162 4641 in
1171 4592 1223 4642 ima
1234 4591 1328 4655 pagina
1340 4588 1507 4641 dextrorsum
1518 4589 1613 4656 legitur
1621 4578 1686 4643 illl.
1706 4591 1746 4643 rb

426 4676 507 4728 altera
524 4674 627 4739 syllaba
644 4677 734 4741 incipit
749 4675 838 4727 lolium
856 4678 1016 4727 Taurinense
1034 4681 1167 4741 quartum.
1183 4702 1210 4712 -
1229 4675 1268 4725 32.
1286 4674 1416 4725 interdicto
1431 4676 1497 4726 velut
1512 4677 1584 4742 inter]
1602 4662 1747 4728 lli‘s'v'erbls

427 4755 478 4805 llll
494 4751 687 4816 suppleverunt
702 4751 862 4803 versiculum
879 4752 905 4803 in
923 4752 1014 4802 codice
1032 4750 1221 4802 obscuratum:
1246 4751 1375 4801 interdicto
1391 4751 1456 4801 inter
1473 4753 1557 4803 1³80.
1578 4779 1605 4789 -
1623 4752 1663 4804 33.
1683 4763 1749 4802 runs

425 4840 488 4880 noto
503 4839 569 4878 nos:
593 4838 659 4877 runs
672 4830 676 4885 Ι
690 4839 787 4878 orooro
805 4840 878 4878 mera
895 4827 1071 4891 dittograpbia
1087 4828 1119 4887 Τ,
1137 4828 1202 4877 uodo
1217 4827 1248 4876 dc
1263 4827 1319 4876 doio
1336 4827 1481 4878 ecelin.
1500 4826 1538 4878 Ci.
1556 4829 1644 4878 statim
1660 4840 1686 4892 p.
1705 4827 1746 4877 95.

426 4914 451 4952 v.
463 4905 488 4954 2.
502 4901 527 4953 3.
540 4902 565 4952 i.
584 4902 624 4953 40.
637 4905 665 4952 et
676 4902 716 4968 53.
729 4904 752 4954 7.
767 4905 806 4954 ⁴2.
817 4905 857 4954 26.
867 4903 899 4954 28
912 4904 978 4966 (ter).
992 4902 1032 4952 34.
1043 4900 1083 4953 al.
1097 4901 1137 4952 35.
1155 4903 1194 4952 De
1213 4901 1386 4966 dittographia
1397 4901 1450 4952 vid.
1466 4902 1499 4952 ad
1517 4902 1541 4966 5.
1554 4904 1579 4954 6.
1594 4929 1621 4940 -
1640 4901 1680 4953 dl.
1697 4900 1750 4964 soo-

426 4979 503 5028 mcio.
533 4977 744 5043 Sicut--ioctc,
762 4993 806 5044 epo
824 4979 890 5029 llll:
909 4978 1034 5041 somnia,
1053 4978 1250 5040 rioutnsocm.
1271 4978 1326 5041 Epo
1344 4980 1377 5039 P,
1394 4977 1504 5040 sonnacio
1519 4977 1566 5037 ric,
1583 4977 1747 5039 eiusdem.

427 5052 480 5117 lipo
496 5054 559 5116 Bo,
577 5054 694 5117 somnio.
712 5053 795 5104 Simos
807 5077 843 5091 --
855 5054 937 5116 sacto,
956 5067 1000 5117 epo
1012 5051 1155 5115 Madvigius
1166 5051 1247 5116 Epist.
1261 5053 1317 5103 crit.
1337 5065 1363 5117 p.
1376 5052 1416 5103 33.
1443 5050 1604 5103 Sentcdtiam
1615 5050 1667 5103 loci
1678 5050 1748 5102 bena

428 5129 559 5192 expressit
575 5128 709 5192 iiaysems
726 5127 781 5190 (1.1.
800 5142 826 5192 p.
840 5129 887 5179 330
899 5130 950 5193 sq.)
969 5126 1130 5179 scribendo:
1148 5127 1189 5190 Si,
1207 5126 1748 5190 camitoimmictroncitctsponrtoiocto,

428 5203 1324 5269 spomcadiadiocmrtcdcicodom‚otoimcdoicciauconptccr,
1343 5201 1751 5267 commmoratur·

428 5277 543 5330 carita?
