4367 6109
690 599 761 665 ιιι.
781 596 823 661 ll.
849 595 925 662 Cae.
944 593 1207 660 xxn-xxlv.
1234 590 1291 679 35.
1311 588 1460 658 53-59.
1670 586 1732 656 tte

415 787 486 833 esse
507 773 660 832 acturum.
704 765 754 830 56.
775 766 940 852 Epicrates
959 765 1105 831 homines
1127 765 1234 830 multis
1255 764 1462 829 sublimate
1483 771 1631 850 acceptos
1645 765 1685 830 ab
1698 785 1734 830 se

414 862 562 926 dimittit:
592 863 728 926 redeunt
748 860 795 924 illi
816 860 938 944 Rhegio
961 861 1147 944 Syracusas:
1175 858 1264 945 queri
1286 878 1358 922 cum
1380 858 1502 934 multis,
1527 866 1564 923 ut
1583 855 1635 936 lit,
1656 859 1735 923 inci·

415 957 508 1040 piunt
540 955 610 1020 sese
641 955 701 1019 He
725 973 812 1018 cxxx
840 973 1002 1018 nummum
1030 954 1147 1018 frustra
1175 955 1309 1018 dedisse.
1340 954 1413 1030 ⁸lies
1434 953 1629 1043 percrebruit
1650 961 1683 1017 et
1702 953 1736 1020 iu

416 1069 471 1113 ore
493 1056 590 1133 atque
612 1069 758 1114 sermone
780 1049 921 1113 omnium
943 1050 1050 1132 coepit
1074 1069 1155 1113 esse.
1197 1050 1312 1111 Verres
1333 1067 1400 1110 rem
1421 1046 1517 1111 refert
1538 1047 1625 1112 illam
1647 1067 1737 1113 suam

418 1145 663 1228 Syracusanam:
685 1144 731 1208 ait
751 1164 785 1208 se
806 1144 888 1209 velle
911 1144 950 1206 de
972 1142 1036 1204 illis
1051 1143 1110 1205 Hs
1126 1162 1212 1206 uxxx
1234 1160 1441 1224 cognoscere:
1462 1143 1597 1207 advocat
1611 1141 1762 1206 multost

416 1239 534 1302 Dicunt
554 1238 660 1301 Bidini
680 1238 828 1317 ¹Volcatio
851 1259 885 1300 se
907 1236 1050 1300 dedisse:
1072 1235 1151 1298 illud
1173 1255 1240 1299 non
1261 1234 1396 1310 addunt,
1417 1235 1506 1300 iussu
1527 1237 1630 1302 istius.
1662 1237 1739 1302 Vol·

418 1333 534 1396 catium
554 1340 668 1396 vocat:
690 1332 857 1415 pecuniam
879 1329 989 1393 referri
1011 1328 1107 1391 iubet
1142 1329 1303 1393 Volcatius
1317 1330 1423 1393 animo
1440 1332 1633 1415 aequissimo
1647 1351 1739 1395 num·

418 1447 487 1490 mos
505 1426 612 1500 affert,
635 1426 691 1509 qui
705 1425 784 1488 nihil
801 1424 978 1487 amitteret:
999 1423 1104 1485 reddit
1117 1422 1366 1506 inspectantibus
1382 1423 1506 1487 multis:
1528 1425 1632 1488 Bidini
1649 1446 1739 1489 num·

419 1539 489 1583 mos
511 1519 668 1582 auferunt
711 1516 762 1579 57.
785 1518 875 1581 Dicet
896 1516 1033 1601 aliquis:
1057 1515 1142 1591 Quid
1157 1535 1232 1598 ergo
1251 1516 1284 1579 in
1303 1515 1365 1578 lroc
1378 1517 1509 1581 Verrem
1522 1520 1740 1603 reprehendis,

420 1615 475 1698 qui
496 1632 563 1676 non
585 1613 680 1676 modo
702 1612 771 1695 ipse
792 1611 845 1674 iur
865 1631 929 1675 non
952 1615 1020 1684 est,
1042 1610 1100 1674 sed
1121 1630 1162 1673 ne
1182 1610 1279 1673 aliiim
1294 1610 1425 1694 quidem
1445 1632 1557 1695 passus
1579 1624 1628 1680 est
1649 1615 1780 1681 essetto

419 1706 599 1771 Attendite:
622 1706 684 1768 iam
708 1704 892 1787 intelligetis
914 1705 996 1767 hanc
1017 1704 1200 1787 pecuniam,
1223 1724 1305 1788 quae
1318 1705 1371 1768 via
1392 1707 1487 1769 modo
1509 1709 1578 1772 risa
1591 1717 1642 1773 est
1653 1711 1741 1774 exire

420 1801 560 1873 chisto,
592 1819 662 1863 eam
685 1799 797 1863 semita
817 1799 994 1862 revertisse.
1038 1798 1124 1874 Quid
1144 1798 1228 1861 enim
1250 1797 1360 1861 debuit
1380 1805 1508 1881 praetor
1527 1800 1648 1878 iacere,
1669 1824 1742 1868 cum

422 1894 556 1957 consilio
585 1893 713 1975 cognita
741 1911 837 1956 causa
866 1912 937 1955 cum
967 1892 1175 1974 comperisset
1202 1911 1295 1954 suum
1316 1893 1464 1957 comitem
1484 1895 1579 1971 iuris,
1608 1898 1744 1973 decreti,

421 1986 533 2050 iudicii
554 1986 777 2068 corrumpendi
800 2004 912 2059 causa,
934 1986 1052 2067 quain
1073 2003 1109 2047 re
1130 1984 1231 2068 ipsius
1253 1986 1408 2068 praetoris
1430 1990 1746 2070 caputexistimatio-

423 2100 486 2165 que
507 2086 668 2161 ageretur,
690 2079 857 2161 pecuniam
879 2079 1057 2161 accepisse,
1080 2079 1211 2142 Bidinos
1226 2086 1332 2142 autem
1346 2081 1515 2164 pecuniam
1530 2091 1640 2149 contra
1653 2097 1782 2170 prae-tt

423 2173 500 2239 toris
521 2173 638 2237 lamam
660 2190 696 2235 ac
717 2172 861 2235 fortunas
883 2170 1033 2235 dedisset
1061 2191 1127 2234 aon
1155 2181 1187 2235 et
1208 2174 1243 2236 in
1264 2192 1354 2249 eum,
1385 2175 1441 2258 qui
1463 2178 1651 2262 accepisset,
1677 2179 1746 2245 ani·

423 2266 643 2331 madvertisset
663 2274 696 2328 et
715 2266 749 2327 in
771 2285 845 2338 eos,
874 2266 928 2348 qui
951 2265 1137 2329 dedissent?
1171 2268 1236 2343 Tu,
1264 2267 1320 2352 qui
1341 2268 1523 2334 institueras
1545 2273 1656 2339 ineos
1678 2275 1747 2338 ani·

424 2362 635 2434 madvertere,
663 2360 719 2444 qui
744 2379 910 2444 perperam
938 2359 1149 2434 iudicassent,
1178 2362 1264 2443 quod
1293 2379 1388 2446 saepe
1415 2381 1474 2446 per
1500 2364 1747 2449 imprudentiam

424 2452 474 2530 lit,
494 2454 555 2518 hos
576 2457 694 2538 pateris
716 2454 847 2538 impune
869 2453 1047 2527 discedere,
1070 2453 1127 2537 qui
1150 2454 1191 2516 ob
1213 2460 1303 2518 tuum
1325 2457 1501 2534 decretum,
1523 2459 1565 2522 oh
1587 2467 1676 2523 tuum
1697 2460 1748 2523 iu·

424 2548 543 2611 dicium
564 2549 733 2628 pecuniam
754 2554 810 2610 aut
824 2546 959 2610 dandam
973 2554 1029 2610 aut
1042 2548 1258 2630 accipiendam
1271 2552 1444 2632 putarant?
1475 2551 1591 2616 XXlV.
1605 2550 1656 2616 58.
1670 2554 1785 2619 Vol-tc

425 2641 525 2704 catius
553 2638 639 2702 idem
662 2641 747 2723 apud
769 2649 800 2703 te
822 2649 935 2723 postea
955 2641 1033 2716 luit,
1067 2661 1166 2725 eques
1193 2643 1368 2719 Romanus,
1397 2651 1486 2708 tanta
1506 2655 1636 2731 accepta
1656 2649 1747 2734 igno-

425 2734 533 2797 minia.
570 2735 649 2796 Nam
672 2733 749 2817 quid
771 2743 820 2797 est
841 2735 965 2818 turpius
986 2735 1138 2818 ingenuo,
1161 2736 1239 2819 quid
1262 2737 1367 2828 minus
1388 2737 1490 2802 libero
1507 2741 1636 2825 dignum
1652 2765 1748 2830 wem

425 2830 459 2891 in
481 2833 641 2891 conventu
661 2827 802 2889 maximo
817 2829 887 2910 cogi
902 2847 921 2891 a
935 2829 1120 2911 magistratu
1134 2828 1253 2891 lurtum
1268 2829 1427 2894 redderet
1448 2834 1522 2917 qui,
1544 2836 1571 2899 si
1587 2857 1627 2901 eo
1641 2841 1747 2904 animo

427 2927 525 2995 esset,
547 2939 612 3004 quo
633 2938 698 2982 non
720 2921 816 2984 modo
839 2941 936 3005 eques
957 2923 1134 2996 Romanus,
1163 2921 1219 2985 sed
1242 2923 1348 3007 quiris
1370 2924 1449 2989 liber
1469 2926 1565 2993 debet
1585 2952 1671 3008 esse,
1692 2932 1749 2997 ad-

428 3016 549 3100 spicere
571 3020 602 3076 te
623 3022 737 3096 postea
757 3033 822 3076 non
843 3016 1017 3097 potuisset:
1038 3016 1203 3092 inimicus,
1225 3017 1328 3081 hostis
1349 3027 1434 3082 esset
1454 3027 1542 3085 mata
1556 3027 1785 3091 contumeliare

428 3115 572 3191 accepta,
605 3106 669 3169 nisi
701 3114 807 3171 tecum
837 3109 1018 3172 collusisset
1046 3117 1079 3172 et
1103 3118 1178 3173 tuae
1206 3111 1314 3194 potius
1346 3112 1573 3178 existimationi
1601 3120 1751 3185 servisset

429 3221 525 3287 quem
547 3220 635 3264 suae.
663 3200 729 3277 Qui
750 3220 846 3286 quam
867 3203 924 3265 tibi
946 3203 1067 3265 amicus
1088 3223 1154 3265 non
1176 3204 1271 3266 modo
1292 3210 1359 3267 tum
1379 3205 1491 3282 fuerit,
1517 3228 1612 3293 quam
1626 3212 1683 3276 diu
1703 3221 1751 3278 te-

417 3292 501 3360 cum
522 3296 557 3357 in
578 3294 743 3377 provincia
763 3294 842 3370 suit,
863 3315 973 3358 verum
995 3297 1088 3359 etiam
1112 3316 1196 3360 nunc
1211 3297 1268 3372 sit,
1290 3318 1361 3360 cum
1382 3299 1446 3362 iam
1465 3318 1486 3364 a
1505 3305 1620 3369 ceteris
1640 3308 1750 3373 amieis

427 3391 558 3454 relictus
580 3407 631 3460 es,
654 3394 687 3451 et
706 3395 743 3451 tu
763 3388 914 3472 intelligis
935 3396 968 3453 et
991 3410 1051 3453 nos
1072 3389 1252 3453 existimem
1273 3410 1453 3474 possumus.
1494 3396 1544 3459 An
1564 3397 1627 3463 hoc
1648 3401 1751 3466 solum

428 3487 649 3566 argumentum
677 3490 725 3545 cst
753 3482 834 3545 nihil
861 3483 923 3546 isto
950 3483 1153 3566 imprudente
1176 3483 1310 3560 factum,
1341 3485 1428 3570 quod
1449 3486 1613 3554 Volcatius
1634 3493 1664 3556 ei
1685 3507 1788 3560 nonae

429 3576 632 3642 succensuit?
662 3575 748 3660 quod
777 3576 837 3639 iste
864 3596 923 3640 nec
948 3577 983 3639 in
1005 3577 1182 3640 Volcatium
1210 3597 1270 3641 nec
1295 3579 1330 3644 iu
1354 3579 1485 3645 Bidinos
1505 3583 1751 3655 animadvertit?

429 3668 481 3735 oe.
503 3673 560 3736 list
581 3688 729 3752 magnum
750 3677 986 3752 argumentum:
1015 3690 1125 3734 rerum
1154 3670 1233 3733 illud
1260 3671 1448 3749 marum,
1478 3677 1566 3759 quod
1587 3676 1652 3743 illis
1672 3682 1752 3766 ipsis

496 3867 520 3918 4.
537 3865 605 3916 mdc
620 3869 733 3927 acceptor
748 3863 780 3914 ct
796 3864 871 3915 :eV:
889 3863 921 3915 ct
937 3877 1012 3916 scm.
1030 3876 1084 3914 ccc.
1103 3864 1248 3927 48294ος
1265 3865 1331 3916 mele
1347 3867 1542 3931 uceecc.dtt.;
1560 3876 1752 3930 comatam,

431 3942 461 3993 0.
473 3938 543 4006 Lali
554 3938 696 3991 lectionem
707 3937 777 4002 vulg.
790 3952 809 3990 o
818 3952 845 3991 se
854 3953 888 3989 m.
901 3953 928 3989 c.
940 3937 1046 3990 videtur
1056 3939 1166 3990 habere.
1178 3965 1207 3977 -
1225 3941 1250 3991 2.
1263 3942 1364 3992 00444444
1378 3941 1447 4007 5342
1458 3956 1485 4009 p.
1498 3957 1535 3997 m.
1553 3947 1584 3998 V:
1603 3951 1695 4005 &mnis
1705 3959 1750 4009 ott,

431 4020 461 4070 0.
481 4044 510 4056 ·-
528 4016 695 4082 11494414.-
713 4016 785 4080 utttt
801 4013 1008 4081 Lgltp.m.V:
1026 4015 1294 4080 44504444544.0.-
1312 4015 1336 4067 3.
1353 4018 1486 4069 cuv.-
1503 4033 1632 4077 mmm
1648 4030 1751 4084 0v0m,

433 4119 462 4131 -
478 4089 945 4158 perchLgldzpcrcretetteV
961 4092 1024 4154 ng.
1041 4088 1142 4141 rell.0.
1162 4117 1190 4127 -
1208 4091 1282 4141 etV:
1300 4094 1414 4144 omes:
1433 4118 1462 4132 -
1481 4093 1506 4147 1.
1523 4102 1753 4167 Μηρηω,

431 4169 459 4220 8.
477 4169 548 4220 conl.
566 4166 653 4218 Kahat
668 4181 695 4232 p.
715 4168 755 4218 45.
774 4165 833 4218 coll.
852 4167 876 4231 fi.
894 4166 950 4218 aa:
973 4179 1028 4218 rem
1044 4178 1099 4216 om.
1117 4164 1196 4215 codd.
1214 4166 1244 4216 0.
1262 4167 1291 4216 ln
1302 4166 1325 4215 V
1336 4166 1419 4219 verbe
1435 4182 1527 4220 oren
1540 4172 1627 4227 Vct-m
1642 4180 1670 4228 et
1684 4179 1753 4232 4441,

431 4245 461 4296 S.
478 4244 549 4295 carle
570 4245 633 4294 sunt
657 4254 743 4293 erasa.
770 4241 855 4293 ltadv.
875 4244 923 4307 op.
941 4243 960 4293 1.
978 4256 1004 4307 p.
1023 4240 1096 4292 300.;
1123 4241 1195 4290 «lton
1212 4238 1305 4291 dubito
1322 4242 1386 4305 quin
1401 4243 1515 4296 verbum
1534 4247 1640 4302 latinos
1656 4265 1754 4306 menae

431 4317 601 4371 admonuerit
617 4317 717 4368 orulsso
734 4330 767 4368 ex
783 4315 903 4368 tamlltarl
919 4315 1111 4368 consuetudine
1121 4315 1222 4380 [004444
1232 4315 1372 4380 vocabulo,
1389 4319 1527 4384 tamqnam
1537 4322 1757 4384 sumno.

431 4407 495 4447 men
517 4394 599 4445 esset.
621 4391 675 4443 vid.
694 4392 754 4443 Ter.
772 4393 869 4455 Hecyr.
887 4389 953 4457 prol.
971 4392 996 4442 2.
1015 4404 1040 4440 v.
1058 4391 1100 4441 24.
1118 4390 1159 4440 30.
1178 4389 1236 4441 coll.
1254 4391 1309 4442 Cle.
1327 4404 1354 4457 p.
1373 4390 1476 4445 Cluent.
1494 4395 1520 4460 fl.
1537 4397 1595 4450 86..
1619 4401 1674 4466 Ego
1689 4416 1756 4457 vm

430 4467 608 4519 vehementer
633 4463 741 4526 dubito:
768 4478 856 4529 neque
877 4466 949 4516 enlm
972 4463 1055 4516 ullum
1076 4467 1218 4529 praeterea
1239 4464 1357 4517 verbum
1374 4466 1402 4517 h.
1420 4466 1439 4519 1.
1457 4467 1493 4519 de
1514 4482 1595 4524 scene
1615 4475 1755 4542 admonet,

430 4546 461 4594 ut
477 4544 505 4594 ln
519 4540 581 4593 loco
597 4537 715 4591 'lulliarm
732 4553 759 4605 p.
773 4538 876 4591 cluent.
889 4567 917 4577 -
935 4541 960 4590 5.
977 4553 1003 4591 rc
1018 4540 1153 4604 Lglth
1170 4542 1243 4591 Grut.
1263 4543 1305 4605 (ex
1319 4542 1393 4605 llil:
1414 4556 1465 4594 :ecc
1480 4547 1526 4596 ctt.
1544 4547 1574 4597 0.
1590 4574 1617 4584 -
1635 4550 1660 4600 0.
1672 4551 1758 4603 dim

432 4632 487 4670 om.
505 4616 574 4682 Lati
590 4629 618 4681 p.
630 4627 668 4666 m.
687 4640 717 4653 -
736 4615 760 4665 7.
778 4615 843 4666 tutet
858 4613 927 4678 egla
945 4628 972 4679 p.
985 4628 1036 4666 m.:
1055 4616 1163 4678 copore:
1178 4618 1224 4666 ctt.
1238 4616 1267 4666 0.
1288 4639 1315 4651 —
1335 4616 1376 4666 tt.
1394 4631 1460 4680 puae
1475 4621 1544 4670 coni.
1563 4621 1622 4673 llot.
1641 4625 1758 4689 etwyt·

431 4691 505 4744 teob.
516 4689 595 4757 prob.
609 4690 652 4741 Or.
665 4691 769 4754 Zumpt.
781 4689 837 4740 st:
856 4703 908 4753 quo
925 4688 1004 4740 codd.
1019 4713 1046 4727 ··
1067 4691 1107 4740 42.
1126 4703 1183 4741 com
1200 4688 1268 4753 Lgli
1278 4701 1306 4753 p.
1318 4701 1372 4740 m.:
1389 4693 1476 4744 eaden
1491 4695 1549 4755 ctt.;
1567 4697 1670 4748 mdes
1686 4700 1755 4751 cont.

432 4768 492 4819 liet.
510 4763 649 4830 wyttcnh.
663 4764 772 4831 0prob.
785 4766 873 4816 Messe
889 4778 916 4829 p.
934 4765 975 4815 70.
995 4790 1024 4801 -
1039 4764 1125 4828 {acm
1141 4764 1174 4817 l:
1202 4776 1255 4815 cm.
1274 4767 1319 4816 ctt.
1339 4765 1368 4816 0.
1389 4792 1417 4804 —
1433 4780 1491 4818 crea
1506 4782 1573 4821 coac.
1590 4784 1662 4836 copo.
1679 4785 1759 4826 caan

432 4840 502 4907 uta
518 4853 546 4905 p.
559 4851 612 4892 m.:
636 4853 694 4891 crea
710 4853 776 4892 cone.
794 4853 823 4891 re
838 4841 940 4905 comitto
955 4837 1035 4904 vulgo
1050 4843 1113 4905 post
1127 4842 1225 4906 Neue:
1243 4839 1345 4890 coesto
1360 4843 1487 4906 mentito
1503 4843 1582 4895 codd.
1600 4844 1648 4896 044.
1668 4872 1695 4886 -
1715 4849 1756 4901 45.
1821 4882 1827 4891 -

430 4915 565 4979 mm
580 4912 611 4976 1,
628 4915 668 4964 N:
694 4927 749 4966 om.
768 4916 814 4965 ctt.
832 4915 862 4966 0.
886 4940 914 4950 -
941 4914 981 4965 40.
1000 4915 1215 4968 comesenim:
1230 4913 1300 4978 Lali
1315 4927 1343 4980 p.
1360 4927 1398 4966 m.
1416 4916 1435 4967 0
1454 4916 1539 4982 (prob.
1557 4918 1684 4972 wesenb.
1702 4919 1720 4973 l.
1737 4921 1756 4975 1.

433 5003 462 5056 p.
479 4989 505 5040 e.
521 4990 540 5040 1.
558 5003 583 5041 e.
601 5000 656 5040 nen
673 4989 885 5042 mmadvertere
902 4986 1006 5041 0400441
1027 4987 1086 5040 coll.
1105 4990 1136 5039 V.
1155 4989 1180 5053 1.
1198 4988 1255 5039 ree.
1274 4986 1309 5038 ad
1324 4989 1377 5040 ast.
1394 4989 1426 5040 11.
1444 4990 1470 5052 4,
1488 4989 1530 5053 ll:
1556 4995 1760 5050 merodorum

434 5066 469 5126 0:
486 5065 601 5115 ostova
616 5063 751 5117 5444444444
761 5065 887 5131 seman
904 5063 979 5115 alet
994 5063 1033 5115 sic
1050 5064 1139 5115 statim
1155 5064 1224 5129 post.
1238 5089 1266 5101 -
1284 5063 1326 5115 20.
1339 5063 1466 5127 motem
1481 5065 1549 5130 Leti
1560 5079 1586 5132 p.
1599 5079 1637 5119 m.
1655 5068 1759 5137 [rem]

436 5138 519 5190 -23,
537 5137 1524 5203 smmcwowsgtsp.m.;sqwqacceooecoouor.-
1541 5140 1583 5192 20.
1601 5146 1757 5210 mmm:

434 5218 520 5265 tenea
535 5213 582 5276 ti:
608 5219 662 5265 m
678 5215 756 5279 aaa.
775 5211 847 5273 rell:
873 5217 954 5264 tecm
973 5216 1027 5262 ten
1047 5211 1152 5278 Zumpt.
1178 5212 1240 5276 [tua
1255 5225 1305 5264 nos
1322 5213 1509 5278 expunximus,
1536 5216 1662 5280 quantem
1678 5220 1707 5272 z.
1724 5218 1759 5273 de

436 5287 737 5356 mouumenti:
754 5285 1596 5355 mus-rs.rs.e14trp.m:rs.eacc:.;emc0.
