4367 6109
444 565 506 637 424
818 571 859 633 ΙΝ
880 567 1046 634 VERREM
1066 568 1191 634 ACTIO
1215 567 1398 633 SECUNDA

445 743 596 825 ribusque
618 740 730 803 diebus
751 738 895 801 omnibus
916 737 949 799 in
970 737 1063 801 litore
1085 759 1157 801 cum
1182 737 1371 802 mulierculis
1393 745 1578 822 perpotasse
1601 739 1693 802 dico:
1715 736 1775 801 ba·

445 857 514 900 rum
536 855 639 898 rerum
660 834 799 896 omnium
821 839 966 895 auctores
987 838 1149 915 testesque
1169 830 1319 914 produco.
1354 827 1425 895 432.
1447 833 1528 895 Num
1543 833 1602 896 tibi
1616 832 1775 897 insultare

447 930 480 992 in
508 928 701 1001 calamitate,
728 946 804 989 num
834 924 1044 989 intercludere
1074 924 1218 1008 perfugia
1238 924 1398 999 fortunae,
1427 944 1502 988 num
1524 945 1616 989 casus
1637 925 1774 989 bellicos

447 1020 636 1106 exprobrare
670 1028 725 1083 aut
754 1019 890 1083 obiicere
917 1018 1048 1084 videor‘l
1076 1020 1201 1083 tametsi
1230 1019 1333 1083 solent
1366 1020 1388 1083 ii
1414 1019 1573 1083 fortunam
1594 1019 1656 1083 sibi
1676 1018 1773 1083 obiici

423 1116 547 1190 cnolle,
570 1114 625 1198 qui
647 1135 682 1178 se
703 1114 846 1178 fortunae
868 1113 1107 1188 commiserunt,
1130 1114 1183 1196 qui
1205 1113 1239 1175 in
1261 1115 1330 1177 eius
1352 1112 1499 1196 perieulis
1521 1121 1596 1177 sunt
1616 1112 1774 1178 aerame-

446 1217 509 1274 tate
538 1209 664 1273 versati.
707 1209 800 1272 Istius
829 1208 957 1292 quidem
987 1208 1170 1272 calamitatis
1192 1215 1264 1272 tuae
1285 1207 1413 1272 fortuna
1433 1208 1592 1290 particeps
1612 1229 1677 1273 non
1699 1208 1772 1272 fuit.

446 1303 597 1367 Homines
626 1303 710 1366 enim
738 1303 772 1365 in
800 1302 948 1385 proeliis,
977 1321 1042 1365 non
1067 1304 1100 1365 in
1122 1302 1290 1377 conviviis,
1319 1301 1393 1365 belli
1415 1296 1574 1364 lortiinam
1595 1301 1773 1386 periclitari

447 1398 566 1461 solent:
587 1397 620 1459 in
640 1397 695 1460 illa
716 1405 821 1460 autem
843 1396 1019 1460 calamitate
1040 1416 1105 1459 non
1126 1399 1257 1459 Martem
1278 1395 1377 1458 luisse
1398 1415 1613 1470 communem,
1635 1394 1693 1458 sed
1708 1395 1774 1457 Vo-

446 1512 555 1554 nerem
577 1510 745 1573 possumus
760 1491 874 1554 dicere.
897 1489 991 1566 Quod
1013 1490 1040 1554 si
1062 1490 1221 1553 fortunam
1236 1490 1292 1552 tibi
1312 1490 1404 1552 obiici
1419 1508 1483 1551 non
1499 1496 1641 1572 oportet,
1664 1509 1724 1551 cur
1738 1496 1773 1552 tu

410 1600 438 1648 44
447 1586 589 1649 fortunae
609 1585 736 1647 illorum
756 1585 972 1647 innocentium
993 1587 1116 1649 veniam
1138 1605 1174 1648 ac
1196 1584 1301 1646 locum
1323 1604 1386 1646 non
1409 1583 1547 1646 dedistit
1577 1580 1649 1646 t33.
1663 1584 1772 1647 Etiam

447 1680 526 1743 illud
554 1678 717 1761 praecidas
745 1679 835 1752 licet,
866 1686 897 1741 te
920 1678 1006 1762 quod
1029 1679 1219 1762 supplicium
1241 1697 1329 1740 more
1351 1678 1504 1741 maiorum
1526 1680 1699 1763 sumpseris
1721 1699 1773 1741 se·

447 1774 579 1857 eurique
601 1774 810 1855 percusseris,
830 1773 948 1836 idcirco
970 1794 990 1836 a
1011 1794 1060 1835 me
1082 1773 1117 1835 in
1138 1773 1258 1836 crimen
1280 1780 1311 1835 et
1333 1771 1366 1834 in
1388 1772 1539 1834 invidiam
1553 1773 1667 1835 vocari.
1698 1774 1772 1836 Non

446 1868 478 1930 in
501 1867 655 1950 supplicio
678 1868 795 1929 crimen
817 1887 921 1930 meum
943 1868 1090 1931 vertitur:
1113 1887 1176 1929 non
1199 1886 1257 1949 ego
1279 1866 1382 1929 securi
1403 1884 1485 1947 nego
1510 1886 1703 1951 quemquam
1724 1865 1773 1928 se·

447 1962 500 2023 riri
523 1968 688 2043 oportere:
717 1981 780 2024 non
809 1981 868 2043 ego
891 1967 1009 2023 metum
1031 1980 1071 2022 ex
1095 1982 1129 2024 re
1152 1960 1298 2033 militari,
1326 1979 1390 2022 non
1413 1960 1611 2023 severitatem
1632 1961 1773 2044 imperii,

411 2067 512 2117 iinon
534 2074 669 2137 poenam
691 2055 800 2137 flagitii
823 2055 890 2118 tolli
913 2054 983 2117 dieo
1006 2061 1169 2137 oportere:
1191 2054 1293 2117 fateor
1314 2074 1379 2117 uon
1401 2053 1496 2118 modo
1518 2055 1551 2117 in
1570 2055 1691 2130 socios,
1713 2054 1774 2119 sed

448 2149 542 2212 etiam
569 2149 604 2210 in
632 2149 715 2239 cives
743 2149 924 2234 militesque
951 2157 1076 2212 nostros
1104 2170 1256 2232 persaepe
1287 2170 1357 2212 esse
1379 2168 1487 2212 severe
1510 2169 1546 2212 ac
1567 2149 1776 2213 vehementer

447 2242 648 2305 vindicatum.
691 2244 741 2304 Ll.
771 2242 876 2318 Quare
903 2243 981 2306 haec
1012 2264 1141 2327 quoque
1169 2246 1398 2326 praetermittas
1426 2243 1510 2307 licet.
1553 2245 1619 2324 Ego
1642 2243 1775 2326 culpam

448 2357 511 2399 non
532 2337 566 2398 in
588 2337 769 2411 nauarchis,
792 2336 848 2400 sed
869 2339 901 2400 in
923 2344 953 2400 te
974 2336 1073 2401 fuisse
1089 2338 1288 2401 demonstro:
1312 2346 1342 2401 te
1364 2339 1467 2420 pretio
1488 2341 1621 2422 remiges
1639 2338 1776 2401 milites·

449 2453 511 2516 que
534 2431 688 2493 dimisisse
710 2450 818 2512 arguo.
854 2431 924 2493 Hoc
951 2431 1099 2496 nauarchi
1119 2432 1235 2515 reliqui
1259 2431 1381 2494 dicunt:
1413 2433 1474 2495 boc
1496 2433 1682 2496 Netinorum
1705 2430 1776 2496 loe-

411 2526 556 2588 aoderata
577 2524 685 2588 civitas
706 2524 832 2607 publice
854 2525 946 2588 dicit:
968 2524 1028 2586 boc
1043 2526 1265 2599 Amestratini,
1287 2524 1349 2587 hoc
1365 2525 1586 2600 Herbitenses,
1608 2526 1670 2589 hoc
1684 2525 1778 2587 llan-

448 2639 579 2692 nenses,
607 2618 836 2701 Agyrinenses,
865 2618 1069 2702 Tyndaritani
1096 2618 1223 2702 publice
1251 2619 1378 2681 dicunt:
1407 2626 1480 2682 tuus
1510 2620 1648 2703 denique
1669 2618 1777 2692 testis,

448 2721 522 2777 tuus
550 2714 738 2797 imperator,
767 2720 840 2776 tuus
863 2713 1023 2787 aemulus,
1053 2721 1126 2776 tuus
1147 2713 1264 2796 hospes
1288 2711 1473 2777 Cleomenes
1494 2713 1556 2776 boc
1578 2711 1670 2788 dicit,
1700 2730 1777 2776 sese

448 2810 481 2873 in
503 2814 618 2870 terram
640 2827 709 2869 esse
732 2827 909 2889 egressum,
933 2813 968 2871 ut
982 2805 1147 2890 Pachyno,
1169 2827 1187 2871 e
1210 2806 1349 2868 terrestri
1367 2807 1545 2889 praesidio,
1566 2806 1684 2869 milites
1707 2805 1778 2870 col·

448 2901 576 2985 ligaret,
606 2920 686 2984 quos
713 2901 746 2962 in
777 2901 908 2964 navibus
929 2900 1116 2975 collocaret;
1147 2899 1232 2984 quod
1257 2908 1340 2962 certe
1364 2920 1427 2962 non
1449 2900 1592 2975 iecisset,
1621 2900 1648 2964 si
1676 2920 1776 2963 suum

411 3014 440 3062 25
449 3015 615 3058 numerum
636 2995 731 3057 naves
752 2993 914 3057 haberent.
947 2996 992 3057 Ea
1014 2999 1062 3056 est
1084 2993 1168 3055 enim
1189 2994 1270 3056 ratio
1285 2995 1508 3057 instructarum
1524 3000 1776 3077 ornatarumque

448 3081 599 3164 navium,
622 3097 742 3152 utnon
765 3089 858 3152 modo
880 3088 1001 3173 plures,
1028 3089 1084 3152 sed
1113 3108 1153 3151 ne
1176 3087 1292 3171 singuli
1315 3087 1443 3171 quidem
1464 3088 1587 3171 possint
1607 3087 1775 3151 accedere.

448 3321 501 3371 Nisi
519 3322 596 3383 igitur
612 3333 673 3370 cum
691 3319 818 3372 Lambino
832 3321 957 3383 perpetuis
972 3320 1044 3370 sociis
1061 3320 1102 3382 (ei.
1117 3321 1231 3384 perpetui
1247 3324 1339 3368 tutores
1354 3331 1380 3383 p.
1394 3317 1459 3368 lied.
1473 3319 1498 3367 iu
1511 3319 1598 3368 Senat.
1611 3316 1634 3380 ἓ.
1648 3316 1682 3382 i.)
1696 3332 1775 3383 prae-

448 3393 551 3455 tuleris,
571 3394 692 3458 vulgatee
709 3395 891 3446 deleusioucm
908 3397 1031 3460 repetere
1049 3394 1139 3446 licebit
1156 3409 1187 3444 ex
1205 3396 1235 3444 11.
1255 3394 1279 3457 δ.
1298 3393 1354 3443 436.
1374 3393 1471 3454 publice
1486 3396 1561 3453 444444,
1579 3392 1638 3444 coll.
1656 3407 1682 3458 p.
1701 3396 1772 3446 Sest.

449 3470 473 3532 5.
492 3470 532 3519 93.
556 3471 604 3520 duo
625 3471 774 3534 reipublicae
793 3485 874 3533 paene
893 3473 956 3534 sata.
978 3499 1004 3508 -
1031 3471 1072 3519 itio
1093 3476 1166 3530 teinp.
1190 3470 1242 3530 ipso
1263 3469 1315 3518 Rs:
1346 3469 1378 3529 (in
1396 3468 1417 3516 V
1435 3474 1458 3517 te
1474 3469 1516 3517 illo
1533 3476 1605 3532 temp.
1618 3470 1776 3520 --obiiccra

447 3545 532 3594 uideor
549 3546 612 3608 orn.)
629 3547 682 3607 ipso
698 3547 740 3596 itio
756 3551 829 3609 temp
848 3547 912 3597 dett.
932 3549 959 3597 0.
987 3544 1092 3597 Fallitur
1108 3546 1135 3594 h.
1154 3544 1170 3593 1,
1190 3545 1292 3607 Zumpt.
1307 3569 1334 3578 -
1353 3543 1521 3603 superioribus
1532 3545 1608 3607 4333.
1623 3571 1652 3581 -
1672 3546 1697 3595 4.
1715 3547 1775 3595 dica

449 3631 503 3668 om.
522 3618 600 3670 idem.
620 3646 647 3655 —
674 3622 698 3670 2.
716 3621 784 3685 uum]
801 3635 868 3671 nuuc
884 3622 903 3671 a
921 3634 960 3686 pr.
980 3634 1016 3671 m.
1042 3647 1069 3655 -
1093 3620 1117 3670 3.
1133 3619 1251 3681 perfugia
1268 3617 1303 3668 113
1318 3614 1426 3680 sugas:
1447 3619 1591 3683 perfugium
1607 3618 1671 3670 dett.
1690 3620 1719 3669 0.
1741 3646 1772 3656 -

449 3690 473 3743 l.
486 3693 505 3740 ii
516 3693 537 3739 V
549 3694 600 3744 st:
618 3694 653 3742 bii
663 3695 715 3753 liii:
732 3695 758 3743 bi
769 3695 798 3744 0.
814 3723 842 3732 -
860 3694 923 3744 obici
939 3696 1004 3744 nuile
1021 3696 1063 3758 qui
1079 3708 1105 3744 οο
1119 3695 1234 3757 fortuma
1251 3694 1436 3743 comminuunt
1447 3694 1476 3742 li.
1492 3720 1518 3729 —
1538 3693 1561 3742 6.
1574 3699 1686 3745 uersatm
1702 3696 1775 3745 4444444

448 3766 602 3816 calamitates
618 3769 715 3830 quidem
730 3768 761 3818 V.
782 3770 842 3832 (tir.)
871 3797 898 3805 -
924 3775 983 3818 tuae
999 3769 1035 3818 V:
1054 3775 1098 3819 tua
1115 3768 1179 3818 dett.
1202 3796 1227 3804 -
1255 3767 1775 3830 7.praeth;praus1t.-couoioa

448 3843 478 3892 li.
499 3869 526 3879 -
548 3844 689 3904 periclitam·
711 3842 820 3895 sant:
841 3845 986 3907 periclitam
1003 3845 1084 3907 4349ς
1111 3849 1207 3893 tentare
1225 3844 1363 3905 periclitari
1384 3842 1449 3892 dett.
1474 3842 1576 3892 «Altera
1593 3843 1690 3894 locutio
1708 3856 1773 3894 cum

448 3917 534 3966 rarior
550 3919 622 3967 esset
639 3920 666 3968 et
682 3918 822 3970 obscurior
837 3920 973 3970 videretur
991 3920 1051 3982 (vid.
1071 3921 1148 3969 Caes.
1166 3920 1195 3968 li.
1214 3919 1244 3967 C.
1262 3918 1304 3967 144.
1319 3917 1382 3978 444.),
1399 3918 1530 3980 interpres
1546 3918 1708 3968 usitatiorem
1727 3915 1772 3980 (ct.

450 3991 521 4042 Cart.
540 3991 573 4040 ad
591 3990 651 4042 Sall.
670 3993 726 4043 Cat.
745 3995 790 4054 37,
808 3996 843 4058 b.)
861 3993 982 4046 adiecit.»
1001 3997 1092 4044 Gisia.
1111 3995 1142 4043 ll.
1163 4020 1188 4030 ··
1209 3993 1232 4044 8.
1248 3995 1275 4043 iu
1290 3995 1361 4043 Viam
1371 3993 1403 4042 V.
1418 4021 1446 4030 -
1464 3994 1632 4045 calamitatem
1647 3996 1720 4058 apr.
1732 4006 1772 4044 m.

449 4066 481 4115 V.
505 4065 589 4127 (antea
613 4069 702 4118 autem
725 4068 748 4118 V
763 4068 840 4119 solem
863 4072 936 4120 recte
953 4068 1053 4132 habet.)
1072 4095 1100 4106 -
1126 4069 1292 4120 manumitti.
1313 4097 1340 4105 -
1366 4069 1391 4120 9.
1406 4071 1529 4132 pominus
1544 4070 1574 4118 V.
1596 4097 1623 4106 -
1649 4068 1693 4118 tibi
1708 4068 1775 4119 obici

449 4143 482 4192 li:
503 4142 547 4191 tibi
563 4155 616 4192 om.
635 4144 657 4191 V
675 4144 748 4206 itini:
769 4143 813 4194 tibi
829 4143 932 4196 obiicere
948 4145 1027 4203 dett:
1045 4144 1118 4193 obiici
1133 4143 1177 4192 tibi
1194 4144 1229 4194 63
1242 4145 1271 4194 0.
1291 4171 1318 4180 -
1338 4144 1377 4194 44.
1393 4145 1527 4205 praecidas
1543 4144 1579 4195 443
1591 4140 1607 4192 λ
1618 4145 1651 4194 C:
1666 4144 1775 4205 praedi-

449 4231 488 4269 ces
503 4218 540 4277 V:
554 4220 689 4282 praedicas
705 4217 770 4270 dett.
791 4247 818 4255 -
837 4226 860 4269 te
876 4217 972 4283 iuges
984 4220 1017 4268 V:
1036 4219 1070 4268 iu'i
1086 4220 1122 4277 a;
1147 4218 1195 4266 bii:
1211 4217 1259 4278 033
1277 4218 1307 4267 de
1322 4218 1360 4266 bi:
1376 4219 1442 4278 quod
1458 4219 1575 4282 Zumpt:
1593 4223 1616 4268 tc
1631 4230 1685 4268 om.
1704 4215 1772 4268 dett.

452 4320 479 4329 -
498 4293 538 4342 ta.
557 4297 580 4342 et
597 4293 623 4342 in
639 4294 760 4343 inuidiam
776 4294 798 4343 V
816 4295 892 4358 itini:
911 4297 937 4345 in
955 4307 1008 4345 om.
1027 4292 1105 4344 codd.
1124 4291 1180 4343 reli.
1204 4291 1312 4356 [Novam
1328 4292 1469 4344 lectionem
1487 4307 1536 4343 nos
1552 4291 1722 4360 recepimus]
1743 4319 1772 4327 -

450 4368 495 4419 43.
507 4373 618 4418 vertetur
634 4369 698 4419 1th
713 4371 746 4429 i:
768 4375 905 4421 uerteretur
925 4370 972 4421 444.
997 4395 1023 4404 -
1045 4383 1096 4418 non
1118 4381 1163 4431 434
1186 4381 1335 4430 quanquam
1350 4383 1383 4419 ae
1397 4382 1426 4418 rc
1441 4369 1548 4418 mitiori
1564 4367 1600 4418 113
1616 4380 1721 4417 mauce.
1743 4393 1772 4403 -

448 4457 511 4508 nepo
527 4444 607 4494 semri
623 4444 654 4493 V.
674 4443 737 4508 [Hoc
755 4443 850 4496 saltem
866 4444 938 4506 loco,
956 4444 1050 4496 abilii
1067 4445 1154 4494 manci
1168 4446 1243 4504 sunt,
1262 4443 1360 4494 codicis
1372 4445 1394 4492 V
1406 4443 1552 4494 auctoritati
1568 4442 1660 4506 reliqui
1673 4440 1774 4493 cedere

450 4519 609 4570 debuerunt.
629 4520 720 4584 444444]
741 4547 767 4557 -
787 4520 827 4572 ti.
846 4526 959 4584 oportere
973 4522 1010 4569 V:
1029 4520 1115 4570 debme
1130 4519 1187 4570 rell.
1205 4521 1234 4570 0.
1250 4548 1277 4557 -
1296 4519 1337 4584 aa]
1354 4522 1381 4569 in
1397 4520 1428 4570 V.
1455 4521 1491 4569 lta
1509 4529 1590 4582 saepe
1608 4519 1774 4583 peecaturin

450 4592 529 4646 codd.
548 4594 580 4644 ct.
600 4593 624 4656 ἓ,
644 4593 700 4645 tio.
723 4596 766 4647 444.
785 4595 809 4659 5.
827 4597 883 4645 itt.
903 4596 944 4645 lV.
969 4595 992 4659 ἓ.
1012 4596 1067 4646 tos.
1084 4598 1135 4647 cet.
1165 4623 1192 4631 -
1218 4610 1269 4645 nou
1290 4598 1446 4646 securitatem
1469 4594 1511 4645 ed.
1534 4591 1626 4643 lamb.
1647 4591 1720 4642 4534.
1743 4619 1772 4629 -

448 4670 537 4733 imperi
552 4671 581 4720 R.
602 4695 629 4705 -
650 4671 689 4720 ts.
708 4670 770 4734 44444]
788 4671 821 4720 da
832 4670 877 4720 443.
892 4697 919 4706 -
939 4671 979 4720 lb.
997 4671 1058 4720 ciui:
1069 4672 1098 4720 ii.
1114 4698 1141 4706 -
1160 4684 1209 4720 esse
1224 4683 1281 4720 cere
1297 4672 1374 4734 4433.
1391 4671 1456 4720 dett.
1472 4698 1497 4706 -
1517 4670 1557 4719 48.
1576 4674 1599 4719 44
1615 4671 1676 4719 ante
1691 4668 1774 4731 pretio

449 4758 502 4796 om.
517 4746 594 4807 4433.
610 4772 636 4782 -
650 4745 739 4795 milites
754 4747 905 4810 sonipesque
921 4747 998 4810 lagg.
1018 4746 1082 4796 dett.
1096 4747 1125 4796 0.
1141 4774 1168 4782 —
1182 4747 1222 4796 43.
1240 4748 1332 4796 ducunt
1348 4748 1377 4795 44.
1398 4773 1424 4780 -
1443 4747 1484 4796 20.
1503 4746 1548 4794 boc
1563 4743 1636 4793 Herb.
1654 4743 1699 4792 boc
1714 4742 1771 4792 Am.

448 4820 471 4869 V
489 4820 548 4883 (tir.)
567 4819 631 4870 dett.
650 4821 679 4870 0.
699 4849 726 4857 -
745 4823 881 4871 Hennenses
898 4823 976 4884 4433.
994 4821 1129 4886 plerique:
1147 4822 1271 4871 Ennmses
1283 4823 1318 4881 V,
1336 4821 1468 4870 Etiamne:
1484 4818 1539 4878 alii:
1557 4819 1685 4869 dammae:
1701 4818 1771 4867 coni.

448 4894 547 4955 Halm.;
565 4897 610 4946 boc
626 4897 762 4946 Hennenses
778 4910 831 4946 0111.
850 4898 879 4946 ii.
900 4925 927 4932 -
946 4899 987 4948 at.
1006 4898 1169 4962 epaunenses
1185 4897 1266 4947 lth:
1284 4896 1438 4959 Apranemes
1453 4897 1489 4945 Gt
1502 4895 1563 4954 l.d.;
1581 4895 1727 4958 Apriuenses
1738 4893 1771 4951 V:

447 4972 494 5020 boc
511 4971 589 5036 Agar.
610 4971 675 5022 dett.
697 4971 726 5022 0.
743 4998 763 5009 -
790 4972 952 5032 Tyndaritani
971 4973 1041 5022 hav
1059 4972 1153 5035 [Madv.
1169 4986 1195 5035 p.
1209 4971 1275 5034 lli:
1295 4971 1457 5034 andomtani
1472 4973 1603 5021 Locrenses
1619 4968 1683 5018 dett.
1700 4969 1728 5018 0.
1742 4995 1771 5004 -

447 5047 489 5097 ti.
511 5052 568 5095 tuus
583 5047 643 5108 imp.
663 5046 716 5108 (sic)
734 5046 765 5095 V.
779 5072 808 5082 -
827 5050 884 5094 tuus
901 5047 1012 5096 aemulus
1029 5047 1064 5096 R3
1076 5045 1125 5096 itV
1142 5047 1273 5110 (tucmutus
1288 5045 1308 5097 R
1326 5060 1365 5110 pr.
1384 5047 1445 5110 mi:
1466 5059 1519 5097 om.
1534 5044 1598 5094 dett.
1617 5043 1646 5092 0.
1667 5070 1694 5079 -
1713 5041 1774 5090 dicit

448 5134 499 5171 esse
514 5122 541 5170 iu
556 5125 627 5170 tecua
642 5134 693 5170 osse
703 5120 734 5168 V.
750 5148 777 5156 -
795 5120 836 5170 23.
850 5121 982 5186 agressum]
997 5123 1136 5184 proiectum
1152 5124 1229 5185 lagg.
1246 5149 1273 5157 -
1291 5121 1328 5169 uti
1346 5122 1426 5184 Naug.
1440 5122 1469 5171 0.
1486 5147 1509 5158 -
1530 5119 1637 5169 Paetino
1652 5117 1688 5175 V;
1705 5116 1774 5165 Plia-

448 5197 527 5259 cbpno
544 5198 573 5247 a.
588 5223 615 5232 -
634 5196 655 5260 4]
672 5196 743 5258 deV,
761 5200 790 5246 ut
805 5196 918 5246 videtur.
939 5197 998 5259 (tir.)
1019 5225 1045 5232 -
1064 5199 1104 5248 it.
1121 5199 1224 5250 nauium
1243 5201 1440 5262 acutarumque
1461 5198 1538 5262 lagg.
1559 5194 1638 5254 dett.;
1664 5196 1774 5244 mnata·

447 5282 553 5336 rumque
568 5282 622 5322 om.
640 5270 671 5321 V.
691 5297 719 5306 -
736 5271 778 5322 td.
792 5276 890 5333 possent
906 5270 943 5321 443
955 5269 1032 5334 4349.
