4367 6109
662 603 732 669 Lls.
753 604 791 668 V.
821 602 895 669 Cae.
917 604 1183 671 LXV—LXVII.
1207 603 1265 692 ss.
1287 603 1476 676 467-473.
1667 611 1730 679 437

419 773 536 840 cidium
563 792 689 837 necare:
722 772 798 858 quid
827 772 929 836 dicam
949 773 982 838 in
1004 794 1127 839 crucem
1148 775 1282 840 tolleret
1325 779 1429 842 Verbo
1452 781 1528 845 satis
1550 780 1644 866 digno
1666 792 1730 853 tam

417 869 538 935 nefaria
564 888 614 932 res
642 868 793 953 appellari
824 868 912 932 nullo
945 870 1038 932 modo
1070 877 1185 954 potest.
1234 872 1304 935 Non
1331 871 1392 935 luit
1420 873 1470 937 his
1499 876 1643 941 omnibus
1670 878 1729 944 iste

417 969 593 1029 contentus.
636 962 775 1046 Spectet,
803 962 920 1046 inquit,
943 963 1091 1044 patriam:
1124 963 1158 1026 in
1179 972 1349 1048 conspectu
1378 965 1483 1049 legum
1512 969 1729 1057 libertatisque

415 1058 578 1123 moriatur.
621 1058 691 1121 Non
712 1062 747 1120 tu
768 1055 919 1120 hocloco
941 1056 1083 1130 Gavium,
1106 1077 1170 1121 non
1192 1080 1290 1122 unum
1312 1058 1471 1124 bominem
1492 1063 1600 1126 nescio
1623 1085 1729 1148 quem,

416 1148 527 1238 [civem
539 1146 736 1233 Romanum]
759 1150 815 1214 sed
837 1169 1032 1214 communem
1053 1149 1207 1215 libertatis
1230 1161 1261 1217 et
1282 1153 1417 1217 civitatis
1439 1175 1564 1221 causam
1586 1157 1619 1221 iu
1640 1159 1753 1223 illumo

415 1244 587 1310 emdatum
608 1250 641 1308 et
661 1265 784 1308 enicem
806 1243 908 1327 egisti.
951 1244 1016 1308 lam
1036 1263 1112 1307 vero
1134 1245 1236 1310 videte
1257 1247 1395 1310 hominis
1417 1248 1596 1315 audaciam!
1618 1255 1730 1317 Nonne

415 1360 488 1404 eum
515 1341 651 1422 graviter
678 1337 787 1401 tulisse
813 1335 1021 1410 arbitramini,
1051 1337 1137 1420 quod
1166 1338 1251 1403 illam
1280 1339 1400 1405 civibus
1427 1343 1576 1409 Romanis
1606 1368 1730 1411 crucem

415 1454 481 1498 uon
501 1440 610 1518 posset
630 1433 663 1495 iu
683 1432 763 1504 loro,
785 1450 849 1494 non
870 1430 905 1492 in
926 1430 1063 1503 comitio,
1083 1450 1147 1492 non
1168 1432 1202 1495 in
1217 1434 1325 1496 rostris
1341 1430 1501 1517 deligeret
1534 1437 1629 1515 Quod
1644 1441 1728 1504 enim

413 1527 464 1593 bis
491 1527 568 1591 locis
597 1526 631 1589 in
658 1524 821 1609 provincia
851 1543 908 1586 sua
939 1524 1118 1587 celebritate
1150 1524 1360 1603 simillimum,
1391 1529 1520 1611 regione
1551 1534 1730 1616 proximum

412 1621 533 1708 potuit,
567 1619 676 1703 elegit:
708 1626 945 1681 monumentum
971 1616 1099 1682 sceleris
1127 1618 1340 1704 audaciaeque
1369 1641 1443 1685 suae
1472 1624 1574 1688 voluit
1601 1646 1670 1690 esse
1697 1629 1767 1690 into

415 1719 587 1797 conspectu
610 1712 732 1785 ltaliae,
759 1710 916 1774 vestibulo
939 1710 1080 1786 Siciliae,
1101 1714 1368 1796 praetervectione
1390 1717 1547 1793 omnium,
1570 1719 1626 1802 qui
1645 1720 1729 1783 ultro

415 1809 557 1891 citroque
580 1808 772 1888 navigarent
814 1805 937 1867 LXVII.
968 1799 1038 1869 474.
1061 1805 1095 1869 si
1117 1805 1195 1869 baec
1216 1826 1282 1870 non
1303 1807 1343 1870 ad
1365 1810 1449 1874 cives
1471 1812 1644 1888 Romanos,
1666 1833 1731 1877 non

414 1903 454 1968 ad
482 1901 603 1984 aliquos
631 1898 747 1963 amicos
776 1906 901 1961 nostrae
930 1898 1075 1974 civitatis,
1112 1921 1176 1964 uon
1203 1900 1243 1962 ad
1273 1921 1342 1978 eos,
1376 1903 1432 1988 qui
1459 1904 1570 1988 populi
1597 1907 1730 1968 llomaui

414 2016 530 2062 nomen
559 1995 740 2067 audissent,
768 1991 905 2075 denique
934 1991 961 2054 si
990 2013 1053 2056 non
1075 1993 1116 2056 ad
1136 1993 1299 2072 homines,
1326 2016 1436 2062 verum
1462 1998 1503 2062 ad
1530 1998 1648 2063 bestias
1677 2007 1732 2065 aut

415 2093 524 2165 etiam,
553 2095 588 2151 ut
618 2087 743 2169 longius
770 2085 969 2170 progrediar,
1000 2085 1026 2149 si
1053 2088 1085 2150 in
1115 2087 1223 2171 aliqua
1251 2089 1465 2155 desertissima
1490 2092 1662 2158 solitudine
1691 2097 1768 2159 ad'ts

417 2204 496 2251 saxa
517 2189 548 2245 et
569 2182 608 2245 ad
631 2180 777 2263 scopulos
798 2179 876 2242 baeo
898 2181 1047 2264 conqueri
1076 2200 1112 2244 ac
1141 2181 1303 2265 deplorare
1329 2183 1461 2248 vellem:
1494 2192 1598 2250 nmen
1627 2191 1732 2254 omnia

417 2284 505 2343 muta
527 2283 623 2359 atque
644 2273 814 2338 inanimata
835 2280 920 2337 tanta
942 2281 974 2336 et
995 2281 1056 2337 tam
1079 2273 1208 2357 indigna
1229 2296 1334 2340 rerum
1364 2278 1534 2344 acerbitate
1555 2301 1732 2346 commove·

417 2379 535 2437 rentur.
577 2371 668 2432 Nunc
689 2387 763 2430 vero
786 2387 856 2430 oum
877 2366 990 2450 loquar
1017 2367 1098 2450 apud
1127 2375 1288 2433 senatores
1317 2371 1428 2456 populi
1449 2373 1599 2452 Romani,
1626 2376 1731 2460 legum

419 2475 452 2532 et
472 2464 665 2528 iudiciorum
688 2467 719 2524 et
738 2460 817 2524 iuris
838 2468 997 2534 auctores,
1027 2461 1136 2524 timere
1163 2482 1228 2524 uon
1255 2463 1372 2541 debeo,
1399 2485 1440 2529 ne
1467 2487 1533 2531 uon
1560 2490 1644 2534 unus
1671 2472 1731 2534 isto

419 2561 498 2626 civis
519 2561 678 2621 Romanus
701 2553 756 2617 illa
777 2573 867 2617 cruca
889 2551 1019 2637 dignus,
1049 2556 1143 2618 ceteri
1167 2575 1275 2621 omnes
1301 2559 1395 2621 simili
1416 2560 1558 2645 periculo
1579 2564 1768 2649 indignis-ao

419 2654 492 2720 simi
521 2651 708 2715 iudicentur.
757 2643 828 2710 ⁴72.
857 2648 955 2711 Paulo
977 2656 1064 2724 ante,
1091 2649 1229 2736 iudices,
1258 2652 1402 2717 lacrimas
1429 2654 1461 2718 in
1489 2665 1590 2721 morte
1618 2660 1732 2723 misera

418 2757 515 2835 atque
537 2745 668 2826 indigna
688 2740 915 2806 navarchorum
937 2762 1000 2805 nou
1025 2743 1208 2809 tenebamus
1231 2754 1262 2809 et
1282 2753 1366 2810 recte
1388 2767 1424 2811 ac
1446 2750 1558 2813 merito
1574 2753 1730 2816 sociorum

416 2842 635 2907 innocentium
668 2838 792 2901 miseria
826 2836 1113 2900 commovebamur:
1150 2840 1226 2922 quid
1256 2860 1341 2903 nuno
1372 2841 1405 2904 in
1438 2850 1545 2907 nostro
1578 2846 1730 2929 sanquine

417 2934 545 3001 tandem
566 2935 670 2999 iacere
693 2933 861 2997 debemus?
886 2935 964 2998 Nam
987 2935 1100 2998 civium
1114 2937 1325 2998 Romanorum
1347 2935 1488 3000 omnium
1509 2939 1637 3023 sanquis
1658 2961 1732 3004 con·

417 3033 543 3095 iunctus
576 3028 803 3093 existimandus
832 3034 894 3101 est,
925 3028 1075 3112 quoniam
1106 3036 1136 3091 et
1164 3027 1273 3091 salutis
1303 3029 1444 3092 omnium
1464 3031 1544 3095 ratio
1566 3039 1597 3095 et
1615 3034 1769 3098 veritasao

415 3123 566 3211 postulat.
612 3123 729 3186 Omnes
750 3122 810 3184 boc
831 3121 901 3185 loco
924 3122 1007 3185 cives
1034 3122 1181 3196 Romani,
1210 3128 1241 3184 et
1264 3123 1318 3205 qui
1340 3121 1454 3187 adsunt
1474 3132 1506 3187 et
1527 3126 1583 3209 qui
1610 3126 1731 3212 ubique

416 3226 500 3293 sunt,
519 3222 653 3280 vestram
676 3216 874 3279 severitatem
896 3215 1092 3290 desiderant,
1114 3223 1249 3278 vestram
1272 3210 1366 3278 fidem
1388 3216 1571 3301 implorant,
1592 3226 1731 3284 vestrum

420 3313 573 3377 auxilium
596 3309 776 3394 requirunt:
805 3308 910 3371 omnia
931 3329 988 3371 sua
1008 3308 1093 3382 iura,
1116 3309 1296 3384 commoda,
1318 3310 1450 3384 auxilia,
1472 3317 1570 3375 totam
1593 3312 1730 3397 deniquo

417 3406 593 3470 libertatem
613 3404 646 3466 in
667 3403 779 3466 vestris
801 3403 963 3465 sententiis
988 3403 1105 3465 versari
1133 3402 1331 3466 arbitrantur.
1373 3398 1443 3465 473.
1472 3406 1499 3467 Α
1528 3426 1578 3469 me
1607 3398 1731 3471 44444444

417 3501 493 3564 satis
515 3499 642 3572 babent,
665 3506 779 3572 tamen,
803 3498 828 3559 si
850 3516 900 3559 res
922 3497 1012 3559 aliter
1033 3496 1192 3570 acciderit,
1213 3496 1284 3581 plus
1297 3495 1458 3562 habebunt
1469 3498 1614 3575 sortasse,
1636 3516 1768 3585 quanm

417 3593 591 3677 postulant.
634 3593 712 3654 Nam
735 3592 761 3653 si
783 3610 846 3676 qua
866 3591 913 3653 vis
935 3590 1028 3653 istum
1051 3591 1090 3653 de
1111 3598 1213 3655 vestra
1235 3591 1401 3655 severitate
1416 3592 1577 3675 eripuerit,
1597 3593 1630 3657 id
1645 3593 1731 3678 quod

417 3706 522 3774 neque
551 3694 672 3761 metuo,
701 3684 835 3759 iudices,
861 3703 966 3768 nequo
992 3684 1059 3748 ullo
1088 3683 1183 3748 modo
1212 3682 1281 3747 lieri
1307 3704 1401 3770 posse
1428 3685 1537 3761 rideo;
1570 3686 1626 3750 sed
1648 3686 1675 3750 si
1696 3687 1731 3751 in

415 3781 478 3846 boo
499 3799 550 3843 me
571 3778 652 3842 ratio
673 3777 831 3853 fefellerit,
854 3779 951 3842 Siculi
971 3796 1096 3842 oausam
1119 3796 1208 3842 suam
1228 3779 1348 3863 perisso
1370 3786 1542 3862 querentur
1563 3787 1595 3843 et
1608 3796 1730 3845 mecum

481 4032 506 4083 4.
528 4029 611 4080 tollore
630 4028 723 4080 codd:
746 4028 798 4079 44444
819 4029 849 4079 0.
869 4054 896 4065 ·-
918 4033 970 4079 4444
990 4040 1044 4079 om.
1067 4027 1144 4091 4349.
1164 4052 1191 4063 -
1210 4025 1235 4077 4.
1252 4039 1302 4075 ooo
1323 4029 1351 4075 444
1370 4025 1416 4075 044
1435 4026 1488 4077 loco
1510 4039 1571 4092 sqq.
1594 4028 1729 4081 &venae

416 4119 443 4172 p.
462 4103 518 4156 344.
534 4131 560 4140 -
574 4106 598 4154 3.
617 4106 693 4154 444444
709 4105 777 4154 44444.
796 4116 849 4153 orn.
870 4104 958 4153 Sever.
977 4101 1066 4153 4444
1081 4101 1232 4166 glossatoris
1243 4100 1323 4165 inepti
1335 4113 1443 4151 manum
1455 4101 1522 4152 baec
1533 4115 1576 4152 vv.
1588 4106 1729 4168 perspicue

416 4180 542 4246 produnt,
560 4180 605 4244 qui
623 4177 684 4229 illud
701 4180 781 4229 444444
798 4192 869 4241 quem
884 4179 1049 4242 interpretari
1066 4177 1116 4228 sibi
1133 4174 1284 4234 videbatur3
1304 4176 1380 4238 igitur
1396 4188 1457 4226 cum
1469 4172 1570 4228 llalmio
1586 4192 1617 4229 ea
1630 4180 1731 4230 uncinis

417 4252 653 4305 circumcluslmus.
673 4279 701 4291 -
720 4253 745 4302 l.
764 4253 947 4303 orbttrobsntm'
963 4252 983 4302 0
1000 4266 1091 4303 errore
1108 4255 1222 4318 typogr„
1239 4253 1269 4300 ut
1284 4249 1396 4301 videtur.
1415 4278 1442 4289 -
1461 4251 1501 4302 40.
1520 4252 1588 4317 444344
1603 4252 1681 4318 4339.
1701 4279 1728 4290 -

416 4326 458 4378 43.
476 4341 526 4377 ooo
543 4328 577 4377 od
592 4327 640 4392 444]
657 4328 700 4378 bic
717 4341 809 4379 rursus
825 4330 936 4393 pergunt
953 4327 989 4378 443
1006 4325 1031 4377 λ.
1052 4354 1077 4362 -
1098 4327 1138 4377 43.
1157 4331 1180 4376 44
1196 4325 1237 4390 od]
1255 4325 1289 4375 od
1305 4337 1358 4375 om.
1378 4325 1414 4376 Ga
1430 4325 1478 4375 bd.
1498 4327 1632 4379 34444444.
1654 4355 1681 4364 -
1700 4342 1732 4379 oc

416 4405 436 4456 44
453 4403 525 4468 4349
541 4404 646 4454 Seven:
669 4408 692 4453 44
711 4404 747 4453 (43
764 4404 827 4457 dett.
846 4403 876 4453 0.
895 4430 921 4439 -
942 4405 981 4454 47.
1004 4404 1144 4452 inanimato
1165 4401 1201 4450 443
1224 4402 1313 4450 sever.
1338 4398 1388 4466 [ηε
1414 4401 1550 4462 cambo,
1571 4401 1730 4465 4444444444,

416 4480 531 4530 sumto
546 4478 610 4528 dett.
628 4478 787 4542 (4444444444
803 4483 883 4539 tanto,
902 4484 954 4528 tom
970 4478 1073 4542 tndtqno
1090 4475 1149 4527 cod.
1168 4476 1238 4526 llon.
1255 4476 1369 4535 sever.);
1387 4474 1502 4525 44444444
1516 4477 1599 4540 44443.
1616 4477 1637 4527 0
1653 4475 1730 4541 prob.

416 4554 502 4606 ldadv·
518 4552 552 4603 ad
567 4554 619 4603 Ftn.
635 4565 661 4617 p.
672 4553 729 4604 344.
750 4553 798 4615 [Ct.
817 4551 909 4603 llalmil
923 4553 995 4602 Anat.
1013 4553 1126 4602 44444444
1143 4553 1163 4601 l.
1177 4552 1230 4600 not.
1244 4552 1268 4600 3.
1281 4563 1307 4615 p.
1321 4549 1353 4599 33
1362 4561 1402 4613 sq.
1421 4548 1509 4600 Simile
1521 4553 1562 4600 est
1570 4551 1662 4600 vidum
1675 4551 1732 4602 4444

415 4641 443 4694 p.
455 4627 513 4687 433,
525 4628 551 4690 2,
570 4627 615 4677 ubi
627 4627 707 4679 habet
719 4628 801 4677 443444
814 4632 911 4677 musmo
921 4638 969 4693 pro
980 4627 1035 4676 4444
1051 4627 1167 4691 tomam]
1182 4654 1209 4664 -
1222 4627 1356 4677 4444044444
1366 4626 1411 4689 443,
1423 4626 1502 4678 codd.
1516 4627 1618 4689 bamb,
1630 4629 1732 4679 sever:

416 4703 547 4753 40440444
563 4700 627 4752 dett.
647 4702 675 4752 0.
698 4726 725 4737 ·-
743 4702 783 4752 49.
802 4706 824 4752 44
840 4702 988 4752 iudiciorum
1004 4704 1023 4751 44
1040 4699 1057 4750 λ
1072 4701 1155 4764 ngas:
1173 4708 1197 4752 44
1213 4715 1266 4754 om.
1285 4702 1330 4763 G3,
1349 4701 1428 4761 dett.;
1446 4702 1641 4764 indiamque
1655 4701 1685 4751 0.
1701 4727 1728 4740 -

415 4782 441 4829 44
457 4780 518 4828 aute
534 4777 598 4826 444444
614 4788 666 4827 om.
684 4777 763 4840 4349.
783 4802 811 4814 -
828 4790 860 4827 44
875 4791 926 4827 oon
946 4776 1017 4827 delet
1037 4777 1070 4827 (le
1088 4776 1185 4827 Woltbl
1202 4779 1269 4828 coni.
1288 4778 1374 4829 lladv.
1391 4790 1418 4843 p.
1437 4777 1494 4829 434.
1524 4780 1556 4828 at
1572 4779 1645 4827 recte
1661 4778 1731 4829 Balla

416 4866 445 4919 p.
458 4852 515 4904 34.;
539 4854 625 4906 «Unus
642 4853 691 4902 iste
710 4854 774 4904 civis
790 4855 923 4903 Romanus
940 4855 980 4903 est
995 4852 1091 4903 Verres
1108 4853 1173 4916 ipse.
1196 4853 1360 4904 servandum
1382 4855 1423 4904 est
1438 4865 1470 4903 44
1484 4866 1535 4902 ooo
1549 4853 1595 4903 4444
1610 4850 1668 4902 coll.
1686 4852 1729 4903 lv.

417 4928 442 4993 5.
455 4930 495 4980 33.
513 4928 544 4978 v.
563 4928 586 4993 5.
599 4929 657 4978 ta·
676 4927 714 4978 Cl.
733 4928 812 4978 etlam
829 4927 913 4978 Halm.
933 4927 966 4977 ad
984 4928 1009 4977 h.
1025 4926 1042 4977 l.
1062 4928 1087 4977 ln
1105 4927 1148 4977 ed.
1167 4928 1235 4993 lips.
1250 4955 1278 4966 -
1290 4930 1331 4979 2⁴.
1349 4931 1476 4979 4444444444
1491 4929 1521 4978 44.
1536 4954 1563 4963 -
1575 4928 1616 4976 22.
1628 4927 1732 4991 lndtpno

415 5003 454 5053 443
471 5000 488 5052 λ
503 5004 584 5067 4349ι
603 5003 774 5067 tndtqntsss'mo
789 5003 853 5053 dett.
872 5004 901 5053 0.
921 5028 949 5038 -
966 5001 1007 5053 al.
1026 5004 1136 5053 44444444
1151 5016 1204 5054 om.
1223 5003 1287 5054 dett.
1305 5004 1335 5054 0.
1350 5030 1377 5040 -
1395 5005 1437 5055 43.
1454 5002 1641 5054 mammons
1656 5003 1685 5052 44.
1700 5027 1728 5039 -

417 5078 536 5140 4444444444
552 5079 579 5128 id
594 5084 617 5129 44
639 5079 702 5129 dett.
726 5080 755 5129 0.
776 5104 803 5114 —
820 5079 913 5128 veritos
933 5080 1043 5128 omoiom
1065 5080 1130 5129 dett.
1149 5105 1176 5114 -
1195 5079 1235 5130 26.
1259 5078 1397 5143 4044444444
1418 5079 1486 5143 4349
1503 5078 1543 5130 43.
1563 5101 1590 5110 -
1609 5075 1650 5124 ill.
1673 5080 1731 5127 4444.

417 5165 495 5204 noer.
513 5154 652 5204 4444344444
668 5166 721 5205 om.
739 5154 784 5215 443,
802 5154 878 5204 uncis
896 5152 955 5205 incl.
974 5153 1058 5205 Halm.
1078 5180 1106 5191 -
1122 5152 1250 5217 4444444444
1265 5154 1293 5204 a.
1314 5154 1347 5189 —'
1360 5152 1401 5204 29.
1418 5155 1516 5203 ocreas-t
1532 5162 1584 5201 om.
1603 5150 1680 5212 4349.
1701 5176 1728 5187 —

419 5227 459 5278 30.
477 5227 593 5278 baberent
609 5229 684 5292 4349.
705 5255 731 5264 -
750 5227 841 5292 444444]
863 5233 915 5278 mm
931 5230 965 5290 44;
988 5227 1088 5280 addidit
1104 5242 1140 5280 m.
1158 5230 1182 5279 2.
1201 5233 1232 5278 ot.
1251 5254 1278 5264 —
1297 5228 1411 5278 cocidertt
1427 5229 1495 5278 coni.
1513 5223 1681 5277 Gullielmlus.
1700 5250 1727 5261 —

419 5302 460 5356 34.
472 5305 587 5357 somata
598 5318 648 5370 quo
659 5307 736 5372 4433.
749 5305 857 5374 praeter
865 5304 907 5368 99,
920 5304 950 5359 0.
969 5303 1007 5356 Cl.
1020 5303 1106 5358 Madv.
1120 5316 1146 5371 p.
1158 5303 1216 5356 433.
1231 5329 1258 5342 -
1271 5302 1401 5368 4444444444.
1412 5326 1441 5341 -
1454 5302 1494 5354 39.
1504 5313 1576 5367 potas
1589 5300 1692 5370 444403
1703 5297 1728 5353 4.
