4367 6109
458 595 522 665 ioh
844 598 888 663 IN
907 597 1075 664 VERREM
1095 596 1219 664 ACTIO
1243 597 1426 664 SECUNDA

457 791 509 835 me
530 767 663 855 produci
684 773 782 853 atque
802 766 836 830 in
858 785 1014 831 carcerem
1030 769 1125 832 condi
1140 768 1315 853 imperavit.
1348 768 1452 831 XXX.
1474 765 1570 844 Quod
1584 769 1635 830 est
1648 762 1787 828 huiusce

456 867 503 930 rei
524 864 596 927 iusi
618 881 700 946 quaa
722 863 939 925 consuetudo?
961 862 1049 946 quod
1071 862 1274 948 exemplum?
1317 864 1450 926 Hostem
1472 861 1662 926 acerrimum
1684 865 1785 944 atque

455 957 695 1022 infestissimum
730 955 842 1038 populi
869 956 1003 1019 Romani
1036 976 1093 1020 seu
1122 958 1230 1042 potius
1257 977 1457 1021 communem
1482 956 1607 1021 hostem
1639 954 1787 1038 gentium

455 1053 687 1134 nationumque
705 1049 847 1113 omnium
862 1051 1030 1135 quisquam
1047 1053 1188 1115 omnium
1204 1053 1384 1117 mortalium
1399 1052 1541 1136 privatus
1555 1051 1641 1114 intra
1653 1046 1787 1113 moenia

431 1145 543 1210 edomi
563 1148 639 1209 suae
660 1145 797 1208 retinere
818 1145 957 1228 poterit?
988 1142 1040 1208 77.
1063 1146 1170 1221 Quid?
1193 1147 1220 1209 si
1241 1147 1353 1229 pridie,
1377 1166 1473 1229 quam
1495 1166 1515 1210 a
1535 1151 1636 1209 metu
1650 1149 1786 1209 coactus

454 1258 489 1303 es
511 1235 653 1304 confiteri
675 1238 798 1303 civibus
818 1238 967 1303 Romanis
998 1240 1102 1302 securi
1128 1241 1287 1322 percussis
1308 1240 1506 1323 praedonum
1527 1238 1643 1303 ducem
1662 1239 1786 1312 vivere,

453 1334 595 1399 habitare
616 1333 701 1417 apud
724 1339 773 1409 te,
796 1333 839 1409 ei,
860 1335 1007 1416 inquam,
1030 1333 1133 1415 pridie
1156 1334 1252 1397 domo
1273 1341 1328 1397 tua
1350 1334 1561 1417 profugisset,
1588 1335 1617 1399 si
1639 1333 1786 1418 aliquam

453 1450 581 1494 manum
609 1435 719 1492 contra
747 1447 814 1491 rem
844 1427 1003 1511 publicam
1023 1426 1128 1490 iacere
1151 1428 1321 1511 potuisset:
1350 1428 1428 1512 quid
1456 1429 1601 1493 diceros?
1622 1424 1786 1510 -Apud

453 1544 504 1588 me
524 1522 692 1591 habitavit:
721 1540 843 1585 mecum
873 1520 949 1584 fuit:
977 1541 1036 1605 ego
1064 1521 1155 1585 illum
1183 1521 1222 1585 ad
1251 1522 1403 1586 iudicium
1426 1542 1542 1600 meum,
1565 1542 1630 1608 quo
1651 1519 1785 1585 facilium

415 1618 573 1683 socrimen
594 1617 796 1681 inimicorum
818 1615 939 1680 diluere
952 1635 1088 1701 possem,
1109 1617 1217 1679 vivum
1231 1624 1327 1700 atque
1343 1617 1534 1682 incolumem
1556 1615 1785 1681 reservavi.-

452 1714 540 1778 Itane
562 1713 661 1775 vero?
693 1715 728 1772 tu
749 1717 803 1773 tua
824 1710 966 1793 pericula
995 1710 1154 1774 communi
1181 1709 1323 1794 periculo
1346 1710 1522 1775 defendes?
1554 1720 1590 1776 tu
1612 1708 1786 1796 supplicia,

452 1827 535 1894 quae
565 1805 720 1868 debentur
745 1802 891 1868 hostibus
919 1803 1028 1878 victis,
1060 1804 1099 1867 ad
1128 1811 1234 1878 tuum,
1262 1824 1328 1868 non
1354 1804 1394 1869 ad
1416 1805 1629 1890 reipublicae
1652 1812 1786 1887 tempus

452 1901 620 1966 conferes?
652 1897 765 1982 populi
787 1897 920 1961 Romani
950 1898 1052 1961 bostis
1074 1898 1188 1981 privati
1210 1897 1348 1962 bominis
1370 1899 1523 1963 custodiis
1544 1898 1786 1963 asservabituri

450 1994 492 2058 ht
513 1994 608 2058 etiam
630 1993 686 2077 qui
707 1992 903 2075 triumphant
923 2011 1026 2089 eoqup
1049 1992 1171 2055 diutius
1197 1993 1288 2056 vivos
1315 1990 1456 2056 hostium
1484 1991 1582 2057 duces
1602 1999 1786 2068 recenant,

414 2103 442 2150 ce
451 2097 487 2153 ut
517 2089 567 2152 bis
597 2107 654 2170 per
688 2086 882 2170 triumphum
915 2086 1017 2148 ductis
1050 2083 1297 2168 pulcherrimum
1330 2088 1555 2174 spectaculum,
1576 2086 1786 2171 fructumque

450 2178 603 2248 victoriae
635 2179 773 2265 populus
805 2179 965 2242 Romanus
996 2180 1161 2263 percipere
1192 2181 1310 2263 possit,
1340 2189 1446 2245 tumen
1475 2201 1547 2245 cum
1576 2183 1617 2246 de
1643 2180 1718 2245 foro
1749 2179 1786 2242 in

452 2275 644 2363 Capitolium
666 2293 777 2337 currus
799 2273 923 2337 flectere
945 2272 1112 2357 incipiunt,
1133 2273 1206 2338 illos
1228 2275 1300 2338 duci
1322 2276 1357 2337 in
1378 2295 1537 2339 carcerem
1552 2276 1664 2340 iubant
1677 2274 1786 2338 idem-

450 2391 513 2457 que
535 2371 602 2435 dies
625 2375 657 2432 et
676 2367 849 2432 victoribus
877 2367 1001 2452 imperii
1030 2375 1062 2431 et
1088 2368 1180 2432 victis
1206 2368 1289 2432 vitae
1310 2365 1405 2432 finem
1427 2369 1511 2433 iacit.
1555 2367 1606 2432 78.
1628 2370 1672 2433 Et
1692 2387 1785 2432 nunc

450 2467 600 2551 cuiquam
622 2463 717 2528 credo
740 2482 810 2526 esse
834 2461 981 2537 dubium,
1005 2461 1083 2546 quin
1105 2469 1140 2526 tu
1161 2462 1194 2526 id
1216 2463 1442 2527 commissurus
1463 2482 1529 2526 non
1548 2462 1666 2539 haeris,
1688 2480 1786 2546 prae·

412 2560 560 2626 atsertim
582 2579 654 2623 cum
676 2557 856 2630 statuisses,
878 2565 914 2621 ut
935 2557 992 2630 ais,
1015 2555 1072 2619 tibi
1095 2576 1222 2621 causam
1244 2577 1314 2621 esse
1337 2557 1520 2632 dicendam,
1541 2566 1578 2623 ut
1598 2557 1655 2622 ille
1676 2556 1785 2621 archi·

449 2654 551 2738 pirata
571 2673 637 2716 non
659 2651 766 2737 potius
789 2652 891 2716 securi
913 2649 1069 2724 feriretur,
1093 2670 1198 2735 quam,
1223 2650 1311 2736 quod
1332 2658 1399 2715 erat
1412 2658 1486 2714 ante
1500 2651 1610 2716 ocados
1624 2651 1784 2735 positum,

449 2755 505 2813 tuo
533 2746 675 2833 periculo
701 2746 832 2811 viveret.
882 2744 916 2809 Si
946 2745 1031 2809 enim
1060 2750 1145 2808 esset
1172 2753 1331 2822 mortuus,
1360 2754 1412 2821 tu,
1440 2745 1494 2829 qui
1524 2747 1644 2810 crimen
1672 2744 1723 2808 aie
1749 2749 1783 2806 te

449 2841 611 2917 metuisse,
633 2860 764 2925 quaero,
787 2841 839 2904 cui
860 2841 1035 2923 probares?
1057 2859 1127 2902 cum
1150 2847 1318 2915 constaret,
1340 2843 1438 2904 istum
1460 2839 1625 2924 Syracusis
1647 2837 1780 2904 anulio

448 2935 552 3000 visum
574 2954 645 2998 esse
666 2934 899 3017 archipiratam,
920 2934 960 2997 ab
982 2932 1129 2997 omnibus
1151 2931 1381 3010 desideratum}
1402 2954 1474 2998 cum
1497 2933 1657 2997 dubitaret
1670 2950 1780 3009 nemo,

411 3029 530 3114 aequin
551 3029 608 3093 abs
629 3034 661 3091 te
682 3029 819 3113 pecunia
839 3028 989 3091 liberatus
1011 3033 1111 3103 esset3
1138 3047 1209 3089 cum
1230 3029 1324 3111 vulgo
1347 3029 1554 3112 loquerentur
1573 3027 1779 3111 suppositum

448 3123 482 3187 in
504 3124 573 3187 eius
595 3123 716 3198 locum,
747 3143 842 3207 quem
870 3142 927 3206 pro
956 3122 1012 3185 illo
1041 3122 1176 3204 probare
1197 3120 1313 3196 velles3
1342 3142 1413 3186 cum
1435 3129 1470 3184 tu
1497 3129 1528 3184 te
1554 3121 1660 3186 faesus
1687 3139 1778 3184 esses

447 3217 481 3281 id
504 3217 622 3282 crimen
645 3223 734 3279 tanto
757 3222 830 3281 ante
851 3215 1019 3279 metuisse:
1050 3214 1077 3278 si
1101 3234 1173 3277 eum
1202 3215 1324 3279 diceres
1346 3235 1417 3279 esse
1439 3222 1618 3291 mortuum,
1646 3215 1722 3299 quie
1744 3221 1777 3277 te

448 3310 594 3375 audiret?
637 3306 689 3372 79.
711 3312 818 3385 Nunc,
850 3330 921 3373 cum
942 3309 1049 3373 vivum
1080 3307 1191 3371 nescio
1219 3329 1315 3392 mem
1348 3309 1444 3372 iatum
1472 3308 1641 3394 producis,
1667 3315 1778 3371 tamen

446 3415 479 3472 te
508 3403 644 3468 derideri
672 3403 778 3468 vides:
807 3403 906 3488 quida
936 3404 963 3466 si
985 3401 1175 3485 euhagisset,
1198 3403 1225 3464 si
1247 3402 1372 3466 vincula
1394 3402 1533 3487 rupisset
1553 3401 1615 3477 ita,
1636 3408 1672 3495 ut
1693 3400 1777 3464 Nico

410 3498 524 3574 eoille,
545 3496 766 3561 nobilissimus
787 3497 900 3582 pirata,
922 3496 1008 3572 iecit,
1031 3516 1127 3581 quem
1148 3497 1181 3558 P.
1204 3496 1356 3559 Servilius
1378 3516 1442 3579 qua
1462 3495 1613 3560 felicitate
1636 3500 1777 3579 ceperat,

447 3592 557 3656 eadem
580 3592 793 3677 recuperavit,
817 3590 895 3675 quid
917 3591 1062 3655 diceres?
1105 3592 1223 3653 Verum
1244 3590 1306 3654 boc
1327 3597 1411 3653 erat:
1433 3589 1461 3653 si
1482 3589 1537 3652 ille
1557 3587 1658 3652 semel
1670 3594 1777 3652 ‘verus

445 3688 549 3773 pirata
570 3687 673 3750 securi
694 3705 865 3769 percussus
887 3691 981 3760 esset,
1002 3686 1172 3768 pecuniam
1193 3685 1280 3747 illam
1302 3704 1367 3747 non
1389 3683 1537 3747 haberes:
1559 3682 1587 3746 si
1607 3681 1660 3746 hic
1673 3681 1777 3746 iabus

449 3787 534 3846 esset
555 3789 699 3845 mortuus
722 3786 776 3843 aut
789 3779 990 3864 profugisset,
1012 3799 1077 3842 non
1093 3785 1179 3844 esset
1194 3775 1320 3842 difficile
1336 3778 1432 3840 alium
1447 3778 1480 3842 in
1495 3775 1653 3861 suppositi
1666 3775 1776 3840 iocum

447 3896 637 3960 supponere.
685 3875 780 3938 Plura
812 3873 895 3947 dixi,
930 3893 1025 3956 quam
1059 3873 1161 3947 volui,
1196 3872 1235 3936 de
1265 3873 1321 3937 illo
1357 3872 1563 3956 archipirata,
1600 3878 1633 3936 et
1666 3877 1776 3935 tamen

409 3990 502 4047 acea,
532 3989 616 4056 quse
638 3968 814 4034 certissima
835 3975 909 4033 sunt
928 3967 1023 4032 huius
1045 3967 1185 4032 criminis
1207 3974 1408 4051 argumenta,
1437 3964 1645 4052 praetermisi.
1689 3962 1774 4029 Volo

1440 4094 1449 4133 t

512 4335 537 4387 b.
556 4335 690 4398 qaisquam
706 4331 816 4383 ananim
833 4342 886 4381 om.
905 4330 951 4381 Ra.
966 4357 993 4367 -
1013 4332 1037 4382 b.
1056 4333 1100 4395 qus
1115 4333 1137 4382 si
1153 4333 1231 4397 Lagg.
1252 4359 1280 4370 -
1294 4331 1415 4395 postridie
1430 4331 1475 4381 113.
1495 4329 1552 4394 (sed
1568 4331 1603 4383 lt:
1621 4329 1774 4395 poemate.)

448 4438 476 4449 -
489 4411 514 4461 7.
533 4411 602 4474 opud
617 4415 641 4460 te
656 4408 769 4459 babitare
785 4407 863 4469 Lagg.
882 4407 989 4470 praeter
1003 4406 1045 4469 29,
1064 4409 1093 4457 0.
1109 4435 1137 4444 -
1149 4409 1174 4460 8.
1190 4422 1244 4458 run
1257 4423 1285 4471 p.
1299 4408 1335 4457 R3
1347 4405 1377 4458 λι
1394 4406 1594 4470 populandam.
1612 4405 1677 4457 dett.
1697 4407 1728 4457 0.
1742 4430 1773 4442 -

446 4485 471 4537 9.
490 4484 532 4550 od]
555 4485 582 4534 ta
598 4485 675 4548 Lgi9.
696 4510 723 4519 -
741 4480 831 4547 mam]
854 4494 950 4532 ameum
967 4482 996 4530 fl.
1017 4507 1042 4519 -
1064 4483 1104 4532 42.
1122 4485 1161 4533 ret
1173 4498 1200 4546 p.
1224 4484 1260 4533 fla
1277 4481 1293 4532 λ
1309 4483 1391 4547 Lgitt:
1415 4483 1502 4546 popuii
1518 4484 1588 4533 Rue.
1605 4481 1671 4533 dett.
1691 4483 1721 4533 0.
1743 4506 1772 4519 -

445 4559 487 4611 43.
510 4560 606 4623 edoce
624 4559 730 4609 bominis
748 4557 784 4607 113
807 4555 885 4608 codd.
904 4554 1012 4617 bamb,
1031 4556 1117 4619 agae:
1141 4559 1250 4621 prtcctts
1268 4558 1332 4609 dett.
1351 4559 1381 4608 0.
1401 4582 1429 4595 ·-
1448 4558 1555 4608 mstodts
1575 4558 1672 4609 adeam.
1690 4558 1721 4608 a.
1741 4580 1773 4595 -

446 4633 488 4685 ti.
501 4647 577 4697 coque
587 4632 624 4684 113
636 4634 714 4698 Lagss.
733 4645 839 4683 omnes:
858 4645 886 4683 eo
898 4632 988 4694 quodi
1001 4632 1078 4682 codd.
1091 4633 1201 4694 bamb.;
1219 4648 1248 4684 eo
1260 4632 1467 4697 pampoeuliquot
1477 4632 1539 4684 edd.
1553 4633 1617 4683 vett.
1630 4658 1658 4669 -
1670 4635 1777 4683 mne

447 4708 511 4760 dett.
530 4710 560 4760 0.
575 4735 603 4746 -
623 4710 664 4760 ti.
682 4721 773 4758 curras
788 4708 824 4758 aa
836 4705 866 4757 λι
884 4720 988 4757 cunam
1004 4705 1069 4758 dett.
1088 4709 1119 4758 0.
1139 4736 1166 4743 —
1181 4708 1221 4760 48.
1237 4712 1312 4774 tiam
1328 4709 1395 4758 oica
1412 4709 1480 4772 Lgii
1491 4708 1533 4758 29.
1548 4732 1576 4743 -
1594 4711 1618 4757 at
1632 4719 1701 4757 sacac
1715 4706 1776 4757 cai-

447 4795 524 4847 oacm
538 4785 678 4841 eradeesu
694 4783 795 4835 dubiam
811 4783 847 4834 fle
864 4780 894 4832 i:
921 4785 1143 4847 etmnmtqaom
1159 4784 1260 4834 decima
1282 4783 1365 4846 L8²93
1392 4789 1415 4834 ct
1435 4797 1487 4832 aaa
1506 4782 1580 4833 credo
1600 4793 1651 4832 osae
1669 4780 1776 4831 debens

446 4858 511 4910 dett.
531 4885 558 4896 —
577 4859 618 4910 20.
637 4859 683 4925 cta]
701 4859 759 4910 atita
774 4858 819 4909 aa.
836 4885 862 4893 -
882 4859 923 4909 it.
942 4857 1027 4923 quom]
1044 4872 1119 4922 quom
1135 4860 1155 4909 R
1172 4871 1212 4922 pr.
1231 4870 1268 4909 m.
1284 4885 1311 4895 -
1324 4858 1365 4908 23.
1384 4871 1402 4907 a
1416 4857 1485 4908 num
1501 4856 1553 4907 R3:
1571 4856 1603 4908 ab
1619 4857 1689 4909 cado
1704 4857 1772 4908 dett

445 4932 474 4983 0.
496 4959 524 4969 -
541 4933 583 4984 25.
601 4933 675 4998 colpe
692 4934 712 4984 h
728 4944 769 4998 pr.
788 4945 825 4982 m.
840 4959 867 4969 -
885 4933 926 4982 27.
944 4933 971 4982 td
987 4932 1065 4983 nat:
1084 4939 1107 4984 ta
1122 4934 1150 4982 td
1165 4933 1230 4984 dett.
1249 4935 1285 4994 0,
1304 4934 1330 4983 in
1349 4932 1445 4997 quibus
1462 4935 1504 4985 est
1520 4937 1571 4984 tata
1585 4945 1635 4999 pro
1652 4937 1681 4983 tu
1696 4937 1770 4985 te.-

443 5005 485 5059 28.
504 5019 580 5070 quom
595 5008 624 5059 R.
645 5033 672 5046 -
690 5007 766 5058 baum
781 5006 861 5057 macic
878 5020 950 5069 pacm
967 5007 1031 5058 dett.
1051 5009 1080 5059 0.
1102 5034 1130 5046 -
1144 5011 1268 5071 produces
1283 5009 1361 5073 bagg.
1380 5011 1489 5074 praeter
1503 5008 1545 5060 29.
1560 5035 1588 5045 -
1601 5008 1694 5074 mmm]
1711 5012 1774 5058 aas·

443 5085 497 5132 aaa
512 5084 562 5143 Gi,
580 5088 694 5134 comem
709 5083 737 5132 td
752 5083 820 5133 credi
835 5081 918 5132 coles?
935 5083 1002 5133 coni.
1021 5085 1125 5135 Hotom.
1149 5087 1183 5135 At
1198 5085 1232 5136 ci.
1250 5085 1337 5137 Madv.
1357 5087 1404 5150 Op.
1423 5086 1443 5135 1.
1462 5096 1488 5150 p.
1507 5084 1565 5135 368.
1585 5111 1613 5121 -
1631 5083 1673 5135 29.
1692 5081 1773 5147 cedd?

443 5156 515 5207 stoa
536 5156 629 5224 Lagg.:
647 5157 842 5220 puodcthdi
860 5156 1109 5224 Ld-cattbptsset
1124 5160 1169 5211 lid.
1185 5160 1247 5211 -ai
1263 5162 1296 5211 R:
1316 5157 1770 5211 emeca-Maereat:

441 5229 527 5283 mach
547 5234 580 5283 Gt
601 5233 667 5285 dett.
685 5233 714 5284 0.
734 5259 763 5269 -
779 5233 843 5284 Nico
864 5233 907 5285 ed.
927 5234 1012 5285 Cret:
1038 5236 1065 5285 ia
1081 5248 1110 5285 co
1131 5232 1209 5286 codd.
1230 5261 1258 5273 -
1277 5235 1318 5288 30.
1337 5236 1426 5300 piretu
1447 5233 1484 5288 bd
1500 5234 1584 5301 agae:
1610 5232 1772 5298 mute

445 5303 513 5360 dett.
530 5306 560 5359 0.
579 5333 608 5346 -
626 5305 667 5361 di.
684 5307 766 5362 matti
781 5318 836 5362 om.
853 5307 932 5374 bart.
952 5332 979 5351 ι·-
999 5309 1040 5362 33.
1058 5320 1109 5365 cm
1123 5309 1223 5377 difficile
1238 5311 1268 5364 e.
