<?xml version="1.0" encoding="UTF-8"?>
<!DOCTYPE html PUBLIC "-//W3C//DTD XHTML 1.0 Transitional//EN"
    "http://www.w3.org/TR/xhtml1/DTD/xhtml1-transitional.dtd">
<html xmlns="http://www.w3.org/1999/xhtml" xml:lang="en" lang="en">
 <head>
  <title>
</title>
<meta http-equiv="Content-Type" content="text/html;charset=utf-8" />
  <meta name='ocr-system' content='tesseract 3.04.00' />
  <meta name='ocr-capabilities' content='ocr_page ocr_carea ocr_par ocr_line ocrx_word'/>
</head>
<body>
  <div class='ocr_page' id='page_1' title='image "./operaquaesupers02halmgoog_0234.png"; bbox 0 0 4367 6109; ppageno 0'>
   <div class='ocr_carea' id='block_1_1' title="bbox 450 578 1396 665">
    <p class='ocr_par' dir='ltr' id='par_1_1' title="bbox 450 578 1396 665">
     <span class='ocr_line' id='line_1_1' title="bbox 450 578 1396 665; baseline 0.006 -14"><span class='ocrx_word' id='word_1_1' title='bbox 450 578 514 651; x_wconf 76' lang='lat'><strong>220</strong></span> <span class='ocrx_word' id='word_1_2' title='bbox 818 593 861 657; x_wconf 90' lang='lat' dir='ltr'><strong>IN</strong></span> <span class='ocrx_word' id='word_1_3' title='bbox 880 589 1047 659; x_wconf 77' lang='lat' dir='ltr'><strong>VERREM</strong></span> <span class='ocrx_word' id='word_1_4' title='bbox 1066 589 1190 657; x_wconf 81' lang='lat' dir='ltr'><strong>scr10</strong></span> <span class='ocrx_word' id='word_1_5' title='bbox 1212 590 1396 665; x_wconf 76' lang='lat' dir='ltr'><strong>SECUNDA</strong></span> 
     </span>
    </p>
   </div>
   <div class='ocr_carea' id='block_1_2' title="bbox 376 757 1778 4136">
    <p class='ocr_par' dir='ltr' id='par_1_2' title="bbox 408 757 1775 2154">
     <span class='ocr_line' id='line_1_2' title="bbox 451 757 1770 845; baseline 0.005 -24"><span class='ocrx_word' id='word_1_6' title='bbox 451 757 561 842; x_wconf 89' lang='lat' dir='ltr'><strong>pulum</strong></span> <span class='ocrx_word' id='word_1_7' title='bbox 589 758 648 822; x_wconf 77' lang='lat' dir='ltr'><strong>HS</strong></span> <span class='ocrx_word' id='word_1_8' title='bbox 677 777 713 823; x_wconf 89' lang='lat' dir='ltr'><strong>cc</strong></span> <span class='ocrx_word' id='word_1_9' title='bbox 742 760 829 824; x_wconf 91' lang='lat' dir='ltr'><strong>milia</strong></span> <span class='ocrx_word' id='word_1_10' title='bbox 854 761 997 845; x_wconf 81' lang='lat' dir='ltr'><strong>poposcit</strong></span> <span class='ocrx_word' id='word_1_11' title='bbox 1020 779 1121 843; x_wconf 89' lang='lat' dir='ltr'><strong>eaque</strong></span> <span class='ocrx_word' id='word_1_12' title='bbox 1142 761 1246 844; x_wconf 79' lang='lat' dir='ltr'><strong>coegit</strong></span> <span class='ocrx_word' id='word_1_13' title='bbox 1265 769 1360 844; x_wconf 87' lang='lat' dir='ltr'><strong>atque</strong></span> <span class='ocrx_word' id='word_1_14' title='bbox 1382 760 1526 836; x_wconf 85' lang='lat' dir='ltr'><strong>abstulit,</strong></span> <span class='ocrx_word' id='word_1_15' title='bbox 1554 780 1631 826; x_wconf 91' lang='lat' dir='ltr'><strong>num</strong></span> <span class='ocrx_word' id='word_1_16' title='bbox 1651 761 1770 827; x_wconf 88' lang='lat' dir='ltr'><strong>idcirco</strong></span> 
     </span>
     <span class='ocr_line' id='line_1_3' title="bbox 451 849 1771 938; baseline 0.005 -25"><span class='ocrx_word' id='word_1_17' title='bbox 451 849 646 927; x_wconf 85' lang='lat' dir='ltr'><strong>absolvetur,</strong></span> <span class='ocrx_word' id='word_1_18' title='bbox 669 852 754 936; x_wconf 90' lang='lat' dir='ltr'><strong>quod</strong></span> <span class='ocrx_word' id='word_1_19' title='bbox 776 853 967 938; x_wconf 87' lang='lat' dir='ltr'><strong>adscriptum</strong></span> <span class='ocrx_word' id='word_1_20' title='bbox 989 862 1038 918; x_wconf 87' lang='lat' dir='ltr'><strong>est</strong></span> <span class='ocrx_word' id='word_1_21' title='bbox 1052 874 1121 919; x_wconf 89' lang='lat' dir='ltr'><strong>earn</strong></span> <span class='ocrx_word' id='word_1_22' title='bbox 1137 855 1301 938; x_wconf 90' lang='lat' dir='ltr'><strong>pecuniam</strong></span> <span class='ocrx_word' id='word_1_23' title='bbox 1315 854 1421 917; x_wconf 87' lang='lat' dir='ltr'><strong>datam</strong></span> <span class='ocrx_word' id='word_1_24' title='bbox 1435 861 1607 920; x_wconf 79' lang='lat' dir='ltr'><strong>statuanm</strong></span> <span class='ocrx_word' id='word_1_25' title='bbox 1620 859 1771 922; x_wconf 83' lang='lat' dir='ltr'><strong>nominei</strong></span> 
     </span>
     <span class='ocr_line' id='line_1_4' title="bbox 452 943 1771 1031; baseline 0.003 -23"><span class='ocrx_word' id='word_1_26' title='bbox 452 943 536 1020; x_wconf 92' lang='lat' dir='ltr'><strong>Non,</strong></span> <span class='ocrx_word' id='word_1_27' title='bbox 558 947 684 1031; x_wconf 86' lang='lat' dir='ltr'>opinor:</span> <span class='ocrx_word' id='word_1_28' title='bbox 706 948 768 1012; x_wconf 92' lang='lat' dir='ltr'><strong>nisi</strong></span> <span class='ocrx_word' id='word_1_29' title='bbox 787 946 870 1011; x_wconf 78' lang='lat' dir='ltr'><strong>forte</strong></span> <span class='ocrx_word' id='word_1_30' title='bbox 891 946 924 1010; x_wconf 94' lang='lat' dir='ltr'><strong>id</strong></span> <span class='ocrx_word' id='word_1_31' title='bbox 945 949 1084 1030; x_wconf 82' lang='lat' dir='ltr'><strong>agimus,</strong></span> <span class='ocrx_word' id='word_1_32' title='bbox 1112 969 1174 1010; x_wconf 93' lang='lat' dir='ltr'><strong>non</strong></span> <span class='ocrx_word' id='word_1_33' title='bbox 1205 955 1240 1011; x_wconf 93' lang='lat' dir='ltr'><strong>ut</strong></span> <span class='ocrx_word' id='word_1_34' title='bbox 1260 949 1492 1031; x_wconf 89' lang='lat' dir='ltr'><strong>magistratibus</strong></span> <span class='ocrx_word' id='word_1_35' title='bbox 1513 952 1630 1014; x_wconf 89' lang='lat' dir='ltr'><strong>nostris</strong></span> <span class='ocrx_word' id='word_1_36' title='bbox 1650 969 1771 1014; x_wconf 88' lang='lat' dir='ltr'><strong>moram</strong></span> 
     </span>
     <span class='ocr_line' id='line_1_5' title="bbox 453 1039 1772 1123; baseline 0.002 -21"><span class='ocrx_word' id='word_1_37' title='bbox 453 1039 645 1123; x_wconf 85' lang='lat' dir='ltr'><strong>accipiendi,</strong></span> <span class='ocrx_word' id='word_1_38' title='bbox 666 1039 723 1105; x_wconf 91' lang='lat' dir='ltr'><strong>sed</strong></span> <span class='ocrx_word' id='word_1_39' title='bbox 746 1047 782 1104; x_wconf 92' lang='lat' dir='ltr'><strong>ut</strong></span> <span class='ocrx_word' id='word_1_40' title='bbox 802 1041 896 1104; x_wconf 88' lang='lat' dir='ltr'><strong>sociis</strong></span> <span class='ocrx_word' id='word_1_41' title='bbox 918 1061 1044 1105; x_wconf 91' lang='lat' dir='ltr'><strong>causam</strong></span> <span class='ocrx_word' id='word_1_42' title='bbox 1066 1041 1164 1104; x_wconf 87' lang='lat' dir='ltr'><strong>dandi</strong></span> <span class='ocrx_word' id='word_1_43' title='bbox 1184 1041 1297 1104; x_wconf 81' lang='lat' dir='ltr'><strong>afferre</strong></span> <span class='ocrx_word' id='word_1_44' title='bbox 1318 1039 1490 1105; x_wconf 85' lang='lat' dir='ltr'><strong>videamur.</strong></span> <span class='ocrx_word' id='word_1_45' title='bbox 1524 1042 1618 1118; x_wconf 89' lang='lat' dir='ltr'><strong>Quod</strong></span> <span class='ocrx_word' id='word_1_46' title='bbox 1633 1044 1772 1123; x_wconf 88' lang='lat' dir='ltr'><strong>siquem</strong></span> 
     </span>
     <span class='ocr_line' id='line_1_6' title="bbox 425 1133 1773 1219; baseline 0.001 -23"><span class='ocrx_word' id='word_1_47' title='bbox 425 1139 575 1196; x_wconf 73' lang='lat' dir='ltr'><strong>scotusc</strong></span> <span class='ocrx_word' id='word_1_48' title='bbox 595 1152 709 1216; x_wconf 87' lang='lat' dir='ltr'><strong>magno</strong></span> <span class='ocrx_word' id='word_1_49' title='bbox 730 1154 826 1218; x_wconf 94' lang='lat' dir='ltr'><strong>opere</strong></span> <span class='ocrx_word' id='word_1_50' title='bbox 849 1133 1008 1198; x_wconf 89' lang='lat' dir='ltr'><strong>delectant</strong></span> <span class='ocrx_word' id='word_1_51' title='bbox 1028 1140 1061 1198; x_wconf 93' lang='lat' dir='ltr'><strong>et</strong></span> <span class='ocrx_word' id='word_1_52' title='bbox 1081 1136 1108 1198; x_wconf 88' lang='lat' dir='ltr'><strong>si</strong></span> <span class='ocrx_word' id='word_1_53' title='bbox 1130 1136 1202 1216; x_wconf 92' lang='lat' dir='ltr'><strong>quis</strong></span> <span class='ocrx_word' id='word_1_54' title='bbox 1224 1155 1331 1199; x_wconf 88' lang='lat' dir='ltr'><strong>earum</strong></span> <span class='ocrx_word' id='word_1_55' title='bbox 1352 1135 1473 1199; x_wconf 89' lang='lat' dir='ltr'><strong>honore</strong></span> <span class='ocrx_word' id='word_1_56' title='bbox 1494 1144 1549 1200; x_wconf 89' lang='lat' dir='ltr'><strong>aut</strong></span> <span class='ocrx_word' id='word_1_57' title='bbox 1569 1135 1670 1219; x_wconf 90' lang='lat' dir='ltr'><strong>gloria</strong></span> <span class='ocrx_word' id='word_1_58' title='bbox 1683 1134 1773 1198; x_wconf 89' lang='lat' dir='ltr'><strong>duci·</strong></span> 
     </span>
     <span class='ocr_line' id='line_1_7' title="bbox 449 1227 1774 1313; baseline 0.002 -23"><span class='ocrx_word' id='word_1_59' title='bbox 449 1232 516 1300; x_wconf 89' lang='lat' dir='ltr'><strong>tur,</strong></span> <span class='ocrx_word' id='word_1_60' title='bbox 538 1229 566 1291; x_wconf 92' lang='lat' dir='ltr'><strong>is</strong></span> <span class='ocrx_word' id='word_1_61' title='bbox 585 1228 666 1291; x_wconf 88' lang='lat' dir='ltr'><strong>haec</strong></span> <span class='ocrx_word' id='word_1_62' title='bbox 686 1236 791 1292; x_wconf 87' lang='lat' dir='ltr'><strong>tamen</strong></span> <span class='ocrx_word' id='word_1_63' title='bbox 813 1229 982 1292; x_wconf 90' lang='lat' dir='ltr'><strong>constituat</strong></span> <span class='ocrx_word' id='word_1_64' title='bbox 1001 1249 1133 1293; x_wconf 87' lang='lat' dir='ltr'><strong>necesse</strong></span> <span class='ocrx_word' id='word_1_65' title='bbox 1155 1235 1217 1292; x_wconf 89' lang='lat' dir='ltr'><strong>est:</strong></span> <span class='ocrx_word' id='word_1_66' title='bbox 1242 1231 1379 1313; x_wconf 90' lang='lat' dir='ltr'><strong>primum</strong></span> <span class='ocrx_word' id='word_1_67' title='bbox 1408 1231 1506 1294; x_wconf 84' lang='lat' dir='ltr'><strong>averti</strong></span> <span class='ocrx_word' id='word_1_68' title='bbox 1526 1230 1694 1313; x_wconf 90' lang='lat' dir='ltr'><strong>pecuniam</strong></span> <span class='ocrx_word' id='word_1_69' title='bbox 1716 1227 1774 1292; x_wconf 88' lang='lat' dir='ltr'><strong>do-</strong></span> 
     </span>
     <span class='ocr_line' id='line_1_8' title="bbox 447 1321 1775 1407; baseline 0.004 -27"><span class='ocrx_word' id='word_1_70' title='bbox 447 1338 535 1382; x_wconf 90' lang='lat' dir='ltr'><strong>mum</strong></span> <span class='ocrx_word' id='word_1_71' title='bbox 556 1339 620 1384; x_wconf 93' lang='lat' dir='ltr'><strong>non</strong></span> <span class='ocrx_word' id='word_1_72' title='bbox 640 1321 780 1405; x_wconf 90' lang='lat' dir='ltr'><strong>placere:</strong></span> <span class='ocrx_word' id='word_1_73' title='bbox 804 1321 918 1385; x_wconf 92' lang='lat' dir='ltr'><strong>deinde</strong></span> <span class='ocrx_word' id='word_1_74' title='bbox 939 1324 1079 1405; x_wconf 89' lang='lat' dir='ltr'><strong>ipsarum</strong></span> <span class='ocrx_word' id='word_1_75' title='bbox 1095 1330 1267 1386; x_wconf 90' lang='lat' dir='ltr'><strong>statuarum</strong></span> <span class='ocrx_word' id='word_1_76' title='bbox 1282 1321 1410 1386; x_wconf 92' lang='lat' dir='ltr'><strong>modum</strong></span> <span class='ocrx_word' id='word_1_77' title='bbox 1424 1322 1583 1405; x_wconf 86' lang='lat' dir='ltr'><strong>quendam</strong></span> <span class='ocrx_word' id='word_1_78' title='bbox 1596 1342 1667 1387; x_wconf 88' lang='lat' dir='ltr'><strong>esse</strong></span> <span class='ocrx_word' id='word_1_79' title='bbox 1681 1342 1775 1407; x_wconf 90' lang='lat' dir='ltr'><strong>opor-</strong></span> 
     </span>
     <span class='ocr_line' id='line_1_9' title="bbox 447 1410 1774 1499; baseline 0.002 -23"><span class='ocrx_word' id='word_1_80' title='bbox 447 1418 536 1476; x_wconf 87' lang='lat' dir='ltr'><strong>tere:</strong></span> <span class='ocrx_word' id='word_1_81' title='bbox 566 1412 681 1480; x_wconf 91' lang='lat' dir='ltr'><strong>deinde</strong></span> <span class='ocrx_word' id='word_1_82' title='bbox 711 1415 807 1492; x_wconf 91' lang='lat' dir='ltr'><strong>illud,</strong></span> <span class='ocrx_word' id='word_1_83' title='bbox 836 1425 920 1480; x_wconf 87' lang='lat' dir='ltr'><strong>certe</strong></span> <span class='ocrx_word' id='word_1_84' title='bbox 943 1416 983 1481; x_wconf 85' lang='lat' dir='ltr'><strong>ab</strong></span> <span class='ocrx_word' id='word_1_85' title='bbox 1010 1417 1116 1479; x_wconf 87' lang='lat' dir='ltr'><strong>invitis</strong></span> <span class='ocrx_word' id='word_1_86' title='bbox 1138 1416 1224 1497; x_wconf 83' lang='lat' dir='ltr'><strong>exigi</strong></span> <span class='ocrx_word' id='word_1_87' title='bbox 1245 1436 1310 1479; x_wconf 92' lang='lat' dir='ltr'><strong>non</strong></span> <span class='ocrx_word' id='word_1_88' title='bbox 1331 1423 1486 1499; x_wconf 80' lang='lat' dir='ltr'><strong>oportere.</strong></span> <span class='ocrx_word' id='word_1_89' title='bbox 1529 1416 1610 1479; x_wconf 83' lang='lat' dir='ltr'><strong>LIX.</strong></span> <span class='ocrx_word' id='word_1_90' title='bbox 1633 1410 1705 1477; x_wconf 82' lang='grc'><strong>444.</strong></span> <span class='ocrx_word' id='word_1_91' title='bbox 1727 1417 1774 1478; x_wconf 77' lang='lat' dir='ltr'><strong>Ac</strong></span> 
     </span>
     <span class='ocr_line' id='line_1_10' title="bbox 448 1507 1775 1594; baseline 0.002 -23"><span class='ocrx_word' id='word_1_92' title='bbox 448 1507 487 1572; x_wconf 90' lang='lat' dir='ltr'><strong>de</strong></span> <span class='ocrx_word' id='word_1_93' title='bbox 516 1509 687 1574; x_wconf 85' lang='lat' dir='ltr'><strong>avertenda</strong></span> <span class='ocrx_word' id='word_1_94' title='bbox 712 1511 847 1594; x_wconf 90' lang='lat' dir='ltr'><strong>pecunia</strong></span> <span class='ocrx_word' id='word_1_95' title='bbox 875 1530 992 1594; x_wconf 81' lang='lat' dir='ltr'><strong>quaero</strong></span> <span class='ocrx_word' id='word_1_96' title='bbox 1020 1509 1076 1573; x_wconf 90' lang='lat' dir='ltr'><strong>abs</strong></span> <span class='ocrx_word' id='word_1_97' title='bbox 1098 1517 1146 1584; x_wconf 91' lang='lat' dir='ltr'><strong>te,</strong></span> <span class='ocrx_word' id='word_1_98' title='bbox 1176 1516 1281 1572; x_wconf 76' lang='lat' dir='ltr'><strong>uuum</strong></span> <span class='ocrx_word' id='word_1_99' title='bbox 1302 1510 1389 1592; x_wconf 84' lang='lat' dir='ltr'><strong>ipsae</strong></span> <span class='ocrx_word' id='word_1_100' title='bbox 1412 1511 1555 1574; x_wconf 81' lang='lat' dir='ltr'><strong>civitates</strong></span> <span class='ocrx_word' id='word_1_101' title='bbox 1577 1509 1688 1573; x_wconf 92' lang='lat' dir='ltr'><strong>solitae</strong></span> <span class='ocrx_word' id='word_1_102' title='bbox 1709 1510 1775 1574; x_wconf 91' lang='lat' dir='ltr'><strong>sint</strong></span> 
     </span>
     <span class='ocr_line' id='line_1_11' title="bbox 408 1603 1774 1688; baseline 0.005 -28"><span class='ocrx_word' id='word_1_103' title='bbox 408 1612 438 1662; x_wconf 88' lang='grc' dir='ltr'><strong>4ο</strong></span> <span class='ocrx_word' id='word_1_104' title='bbox 448 1610 568 1667; x_wconf 88' lang='lat' dir='ltr'><strong>statuas</strong></span> <span class='ocrx_word' id='word_1_105' title='bbox 590 1605 647 1668; x_wconf 86' lang='lat' dir='ltr'><strong>tibi</strong></span> <span class='ocrx_word' id='word_1_106' title='bbox 669 1603 832 1668; x_wconf 76' lang='lat' dir='ltr'><strong>faciundas</strong></span> <span class='ocrx_word' id='word_1_107' title='bbox 854 1603 958 1668; x_wconf 84' lang='lat' dir='ltr'><strong>locare</strong></span> <span class='ocrx_word' id='word_1_108' title='bbox 980 1604 1022 1678; x_wconf 93' lang='lat' dir='ltr'><strong>ei,</strong></span> <span class='ocrx_word' id='word_1_109' title='bbox 1045 1605 1098 1667; x_wconf 91' lang='lat' dir='ltr'><strong>cui</strong></span> <span class='ocrx_word' id='word_1_110' title='bbox 1113 1610 1242 1686; x_wconf 83' lang='lat' dir='ltr'><strong>possent</strong></span> <span class='ocrx_word' id='word_1_111' title='bbox 1256 1605 1374 1688; x_wconf 88' lang='lat' dir='ltr'><strong>optima</strong></span> <span class='ocrx_word' id='word_1_112' title='bbox 1388 1603 1575 1668; x_wconf 92' lang='lat' dir='ltr'><strong>condicione</strong></span> <span class='ocrx_word' id='word_1_113' title='bbox 1589 1603 1709 1677; x_wconf 91' lang='lat' dir='ltr'><strong>locare,</strong></span> <span class='ocrx_word' id='word_1_114' title='bbox 1732 1622 1774 1667; x_wconf 86' lang='lat' dir='ltr'><strong>an</strong></span> 
     </span>
     <span class='ocr_line' id='line_1_12' title="bbox 447 1694 1773 1781; baseline 0.002 -23"><span class='ocrx_word' id='word_1_115' title='bbox 447 1695 588 1779; x_wconf 84' lang='lat' dir='ltr'><strong>aliquem</strong></span> <span class='ocrx_word' id='word_1_116' title='bbox 609 1705 783 1761; x_wconf 84' lang='lat' dir='ltr'><strong>curatorem</strong></span> <span class='ocrx_word' id='word_1_117' title='bbox 803 1694 989 1781; x_wconf 87' lang='lat' dir='ltr'><strong>praeficere,</strong></span> <span class='ocrx_word' id='word_1_118' title='bbox 1012 1699 1067 1780; x_wconf 93' lang='lat' dir='ltr'><strong>qui</strong></span> <span class='ocrx_word' id='word_1_119' title='bbox 1089 1697 1202 1760; x_wconf 76' lang='lat' dir='ltr'><strong>statuis</strong></span> <span class='ocrx_word' id='word_1_120' title='bbox 1223 1696 1379 1761; x_wconf 76' lang='lat' dir='ltr'><strong>faciundis</strong></span> <span class='ocrx_word' id='word_1_121' title='bbox 1400 1705 1578 1781; x_wconf 78' lang='lat' dir='ltr'><strong>praeesset,</strong></span> <span class='ocrx_word' id='word_1_122' title='bbox 1599 1717 1641 1762; x_wconf 88' lang='lat' dir='ltr'><strong>an</strong></span> <span class='ocrx_word' id='word_1_123' title='bbox 1656 1696 1715 1761; x_wconf 87' lang='lat' dir='ltr'><strong>tibi</strong></span> <span class='ocrx_word' id='word_1_124' title='bbox 1732 1718 1773 1761; x_wconf 88' lang='lat' dir='ltr'><strong>an</strong></span> 
     </span>
     <span class='ocr_line' id='line_1_13' title="bbox 448 1787 1775 1875; baseline 0.001 -23"><span class='ocrx_word' id='word_1_125' title='bbox 448 1790 501 1853; x_wconf 91' lang='lat' dir='ltr'><strong>cui</strong></span> <span class='ocrx_word' id='word_1_126' title='bbox 522 1797 557 1853; x_wconf 93' lang='lat' dir='ltr'><strong>tu</strong></span> <span class='ocrx_word' id='word_1_127' title='bbox 578 1791 780 1875; x_wconf 91' lang='lat' dir='ltr'><strong>imperasses,</strong></span> <span class='ocrx_word' id='word_1_128' title='bbox 807 1791 1014 1856; x_wconf 87' lang='lat' dir='ltr'><strong>adnumerare</strong></span> <span class='ocrx_word' id='word_1_129' title='bbox 1042 1792 1231 1875; x_wconf 74' lang='lat' dir='ltr'><strong>pecuniam?</strong></span> <span class='ocrx_word' id='word_1_130' title='bbox 1267 1794 1346 1855; x_wconf 89' lang='lat' dir='ltr'><strong>Nam</strong></span> <span class='ocrx_word' id='word_1_131' title='bbox 1368 1793 1395 1856; x_wconf 93' lang='lat' dir='ltr'><strong>si</strong></span> <span class='ocrx_word' id='word_1_132' title='bbox 1420 1812 1477 1875; x_wconf 87' lang='lat' dir='ltr'><strong>per</strong></span> <span class='ocrx_word' id='word_1_133' title='bbox 1498 1813 1553 1857; x_wconf 89' lang='lat' dir='ltr'><strong>eos</strong></span> <span class='ocrx_word' id='word_1_134' title='bbox 1575 1799 1697 1855; x_wconf 87' lang='lat' dir='ltr'><strong>statuae</strong></span> <span class='ocrx_word' id='word_1_135' title='bbox 1717 1787 1775 1854; x_wconf 89' lang='lat' dir='ltr'><strong>lie·</strong></span> 
     </span>
     <span class='ocr_line' id='line_1_14' title="bbox 447 1881 1775 1970; baseline 0.004 -26"><span class='ocrx_word' id='word_1_136' title='bbox 447 1881 541 1958; x_wconf 83' lang='lat' dir='ltr'><strong>bant,</strong></span> <span class='ocrx_word' id='word_1_137' title='bbox 564 1903 584 1947; x_wconf 91' lang='lat' dir='ltr'><strong>a</strong></span> <span class='ocrx_word' id='word_1_138' title='bbox 605 1885 720 1969; x_wconf 91' lang='lat' dir='ltr'><strong>quibus</strong></span> <span class='ocrx_word' id='word_1_139' title='bbox 742 1885 800 1950; x_wconf 86' lang='lat' dir='ltr'><strong>tibi</strong></span> <span class='ocrx_word' id='word_1_140' title='bbox 820 1887 881 1951; x_wconf 91' lang='lat' dir='ltr'><strong>iste</strong></span> <span class='ocrx_word' id='word_1_141' title='bbox 894 1887 995 1950; x_wconf 90' lang='lat' dir='ltr'><strong>honos</strong></span> <span class='ocrx_word' id='word_1_142' title='bbox 1018 1885 1207 1960; x_wconf 83' lang='lat' dir='ltr'><strong>habebatur,</strong></span> <span class='ocrx_word' id='word_1_143' title='bbox 1229 1885 1343 1950; x_wconf 85' lang='lat' dir='ltr'><strong>audio:</strong></span> <span class='ocrx_word' id='word_1_144' title='bbox 1364 1887 1414 1950; x_wconf 92' lang='lat' dir='ltr'><strong>sin</strong></span> <span class='ocrx_word' id='word_1_145' title='bbox 1429 1887 1620 1951; x_wconf 86' lang='lat' dir='ltr'><strong>Timarchidi</strong></span> <span class='ocrx_word' id='word_1_146' title='bbox 1638 1887 1775 1970; x_wconf 90' lang='lat' dir='ltr'><strong>pecunia</strong></span> 
     </span>
     <span class='ocr_line' id='line_1_15' title="bbox 432 1978 1774 2064; baseline 0.004 -25"><span class='ocrx_word' id='word_1_147' title='bbox 432 1978 687 2054; x_wconf 79' lang='lat' dir='ltr'><strong>¹numerabatur,</strong></span> <span class='ocrx_word' id='word_1_148' title='bbox 709 1979 839 2057; x_wconf 90' lang='lat' dir='ltr'><strong>desine,</strong></span> <span class='ocrx_word' id='word_1_149' title='bbox 861 2000 997 2064; x_wconf 87' lang='lat' dir='ltr'><strong>quaeso,</strong></span> <span class='ocrx_word' id='word_1_150' title='bbox 1019 1980 1167 2044; x_wconf 88' lang='lat' dir='ltr'><strong>simulare</strong></span> <span class='ocrx_word' id='word_1_151' title='bbox 1188 1988 1237 2052; x_wconf 90' lang='lat' dir='ltr'><strong>te,</strong></span> <span class='ocrx_word' id='word_1_152' title='bbox 1264 2000 1334 2043; x_wconf 93' lang='lat' dir='ltr'><strong>cum</strong></span> <span class='ocrx_word' id='word_1_153' title='bbox 1356 1981 1390 2043; x_wconf 93' lang='lat' dir='ltr'><strong>in</strong></span> <span class='ocrx_word' id='word_1_154' title='bbox 1412 1980 1669 2045; x_wconf 79' lang='lat' dir='ltr'><strong>manifestissimo</strong></span> <span class='ocrx_word' id='word_1_155' title='bbox 1689 1979 1774 2044; x_wconf 78' lang='lat' dir='ltr'><strong>lirrto</strong></span> 
     </span>
     <span class='ocr_line' id='line_1_16' title="bbox 411 2072 1413 2154; baseline 0.005 -24"><span class='ocrx_word' id='word_1_156' title='bbox 411 2082 440 2130; x_wconf 82' lang='lat' dir='ltr'><strong>tc</strong></span> <span class='ocrx_word' id='word_1_157' title='bbox 449 2077 591 2147; x_wconf 89' lang='lat' dir='ltr'><strong>teneare,</strong></span> <span class='ocrx_word' id='word_1_158' title='bbox 613 2072 733 2154; x_wconf 89' lang='lat' dir='ltr'><strong>gloriae</strong></span> <span class='ocrx_word' id='word_1_159' title='bbox 755 2073 929 2139; x_wconf 91' lang='lat' dir='ltr'><strong>studiosum</strong></span> <span class='ocrx_word' id='word_1_160' title='bbox 951 2094 988 2138; x_wconf 91' lang='lat' dir='ltr'><strong>ac</strong></span> <span class='ocrx_word' id='word_1_161' title='bbox 1008 2080 1282 2138; x_wconf 89' lang='lat' dir='ltr'><strong>monumentorum</strong></span> <span class='ocrx_word' id='word_1_162' title='bbox 1304 2073 1413 2137; x_wconf 84' lang='lat' dir='ltr'><strong>luisse.</strong></span> 
     </span>
    </p>

    <p class='ocr_par' dir='ltr' id='par_1_3' title="bbox 449 2166 1775 2535">
     <span class='ocr_line' id='line_1_17' title="bbox 534 2166 1775 2255; baseline 0.003 -25"><span class='ocrx_word' id='word_1_163' title='bbox 534 2166 618 2244; x_wconf 87' lang='lat' dir='ltr'><strong>Quid</strong></span> <span class='ocrx_word' id='word_1_164' title='bbox 639 2172 738 2232; x_wconf 80' lang='lat' dir='ltr'><strong>rerol</strong></span> <span class='ocrx_word' id='word_1_165' title='bbox 759 2168 887 2233; x_wconf 91' lang='lat' dir='ltr'><strong>modum</strong></span> <span class='ocrx_word' id='word_1_166' title='bbox 909 2177 1080 2234; x_wconf 88' lang='lat' dir='ltr'><strong>statuarum</strong></span> <span class='ocrx_word' id='word_1_167' title='bbox 1102 2167 1211 2230; x_wconf 87' lang='lat' dir='ltr'><strong>haberi</strong></span> <span class='ocrx_word' id='word_1_168' title='bbox 1229 2167 1351 2230; x_wconf 90' lang='lat' dir='ltr'><strong>nullum</strong></span> <span class='ocrx_word' id='word_1_169' title='bbox 1364 2167 1489 2255; x_wconf 85' lang='lat' dir='ltr'><strong>placetl</strong></span> <span class='ocrx_word' id='word_1_170' title='bbox 1510 2168 1607 2250; x_wconf 73' lang='lat' dir='ltr'><strong>Atqui</strong></span> <span class='ocrx_word' id='word_1_171' title='bbox 1620 2168 1775 2234; x_wconf 83' lang='lat' dir='ltr'><strong>habeatur</strong></span> 
     </span>
     <span class='ocr_line' id='line_1_18' title="bbox 449 2256 1775 2344; baseline -0.002 -14"><span class='ocrx_word' id='word_1_172' title='bbox 449 2282 581 2330; x_wconf 87' lang='lat' dir='ltr'><strong>necesse</strong></span> <span class='ocrx_word' id='word_1_173' title='bbox 605 2269 662 2326; x_wconf 80' lang='lat' dir='ltr'><strong>est</strong></span> <span class='ocrx_word' id='word_1_174' title='bbox 706 2256 778 2326; x_wconf 82' lang='grc'><strong>445.</strong></span> <span class='ocrx_word' id='word_1_175' title='bbox 799 2263 925 2326; x_wconf 87' lang='lat' dir='ltr'><strong>Etenim</strong></span> <span class='ocrx_word' id='word_1_176' title='bbox 951 2263 997 2326; x_wconf 91' lang='lat' dir='ltr'><strong>sic</strong></span> <span class='ocrx_word' id='word_1_177' title='bbox 1025 2260 1235 2326; x_wconf 92' lang='lat' dir='ltr'><strong>considerate.</strong></span> <span class='ocrx_word' id='word_1_178' title='bbox 1279 2260 1475 2344; x_wconf 83' lang='lat' dir='ltr'><strong>Syracusana</strong></span> <span class='ocrx_word' id='word_1_179' title='bbox 1496 2262 1624 2337; x_wconf 84' lang='lat' dir='ltr'><strong>civitas,</strong></span> <span class='ocrx_word' id='word_1_180' title='bbox 1647 2271 1683 2327; x_wconf 95' lang='lat' dir='ltr'><strong>nt</strong></span> <span class='ocrx_word' id='word_1_181' title='bbox 1704 2283 1775 2328; x_wconf 86' lang='lat' dir='ltr'><strong>eam</strong></span> 
     </span>
     <span class='ocr_line' id='line_1_19' title="bbox 449 2353 1775 2445; baseline 0.002 -25"><span class='ocrx_word' id='word_1_182' title='bbox 449 2358 646 2445; x_wconf 91' lang='lat' dir='ltr'><strong>potissimum</strong></span> <span class='ocrx_word' id='word_1_183' title='bbox 667 2357 836 2430; x_wconf 88' lang='lat' dir='ltr'><strong>nominem,</strong></span> <span class='ocrx_word' id='word_1_184' title='bbox 860 2354 947 2421; x_wconf 90' lang='lat' dir='ltr'><strong>dedit</strong></span> <span class='ocrx_word' id='word_1_185' title='bbox 968 2357 1029 2440; x_wconf 92' lang='lat' dir='ltr'><strong>ipsi</strong></span> <span class='ocrx_word' id='word_1_186' title='bbox 1051 2364 1202 2429; x_wconf 83' lang='lat' dir='ltr'><strong>statuam3</strong></span> <span class='ocrx_word' id='word_1_187' title='bbox 1225 2360 1274 2416; x_wconf 89' lang='lat' dir='ltr'><strong>est</strong></span> <span class='ocrx_word' id='word_1_188' title='bbox 1293 2353 1411 2417; x_wconf 86' lang='lat' dir='ltr'><strong>honos:</strong></span> <span class='ocrx_word' id='word_1_189' title='bbox 1434 2361 1466 2417; x_wconf 87' lang='lat' dir='ltr'><strong>et</strong></span> <span class='ocrx_word' id='word_1_190' title='bbox 1478 2354 1576 2438; x_wconf 85' lang='lat' dir='ltr'><strong>patri3</strong></span> <span class='ocrx_word' id='word_1_191' title='bbox 1597 2355 1683 2420; x_wconf 88' lang='lat' dir='ltr'><strong>bella</strong></span> <span class='ocrx_word' id='word_1_192' title='bbox 1695 2357 1775 2422; x_wconf 90' lang='lat' dir='ltr'><strong>haec</strong></span> 
     </span>
     <span class='ocr_line' id='line_1_20' title="bbox 449 2446 1775 2535; baseline 0.001 -20"><span class='ocrx_word' id='word_1_193' title='bbox 449 2451 575 2535; x_wconf 90' lang='lat' dir='ltr'><strong>pietatis</strong></span> <span class='ocrx_word' id='word_1_194' title='bbox 598 2456 630 2512; x_wconf 92' lang='lat' dir='ltr'><strong>et</strong></span> <span class='ocrx_word' id='word_1_195' title='bbox 651 2457 840 2534; x_wconf 87' lang='lat' dir='ltr'><strong>quaestuosa</strong></span> <span class='ocrx_word' id='word_1_196' title='bbox 861 2449 1036 2513; x_wconf 84' lang='lat' dir='ltr'><strong>simulatio:</strong></span> <span class='ocrx_word' id='word_1_197' title='bbox 1066 2457 1099 2512; x_wconf 91' lang='lat' dir='ltr'><strong>et</strong></span> <span class='ocrx_word' id='word_1_198' title='bbox 1122 2447 1206 2522; x_wconf 90' lang='lat' dir='ltr'><strong>filio;</strong></span> <span class='ocrx_word' id='word_1_199' title='bbox 1237 2447 1313 2511; x_wconf 85' lang='lat' dir='ltr'><strong>ierri</strong></span> <span class='ocrx_word' id='word_1_200' title='bbox 1339 2446 1399 2510; x_wconf 92' lang='lat' dir='ltr'><strong>hoc</strong></span> <span class='ocrx_word' id='word_1_201' title='bbox 1429 2456 1549 2531; x_wconf 85' lang='lat' dir='ltr'><strong>potest3</strong></span> <span class='ocrx_word' id='word_1_202' title='bbox 1577 2450 1662 2515; x_wconf 89' lang='lat' dir='ltr'><strong>hunc</strong></span> <span class='ocrx_word' id='word_1_203' title='bbox 1689 2454 1775 2516; x_wconf 91' lang='lat' dir='ltr'><strong>enim</strong></span> 
     </span>
    </p>

    <p class='ocr_par' dir='ltr' id='par_1_4' title="bbox 376 2541 1778 4136">
     <span class='ocr_line' id='line_1_21' title="bbox 411 2541 1775 2631; baseline 0.004 -26"><span class='ocrx_word' id='word_1_204' title='bbox 411 2554 581 2631; x_wconf 86' lang='lat' dir='ltr'><strong>atpnerum</strong></span> <span class='ocrx_word' id='word_1_205' title='bbox 602 2563 667 2619; x_wconf 90' lang='lat' dir='ltr'><strong>non</strong></span> <span class='ocrx_word' id='word_1_206' title='bbox 688 2541 837 2606; x_wconf 87' lang='lat' dir='ltr'><strong>oderant:</strong></span> <span class='ocrx_word' id='word_1_207' title='bbox 865 2562 975 2606; x_wconf 89' lang='lat' dir='ltr'><strong>verum</strong></span> <span class='ocrx_word' id='word_1_208' title='bbox 1006 2544 1130 2627; x_wconf 90' lang='lat' dir='ltr'><strong>quoties</strong></span> <span class='ocrx_word' id='word_1_209' title='bbox 1163 2549 1196 2605; x_wconf 89' lang='lat' dir='ltr'><strong>et</strong></span> <span class='ocrx_word' id='word_1_210' title='bbox 1224 2549 1302 2625; x_wconf 89' lang='lat' dir='ltr'><strong>quot</strong></span> <span class='ocrx_word' id='word_1_211' title='bbox 1328 2543 1507 2606; x_wconf 91' lang='lat' dir='ltr'><strong>nominibus</strong></span> <span class='ocrx_word' id='word_1_212' title='bbox 1529 2562 1549 2606; x_wconf 90' lang='lat' dir='ltr'><strong>a</strong></span> <span class='ocrx_word' id='word_1_213' title='bbox 1570 2543 1775 2628; x_wconf 82' lang='lat' dir='ltr'><strong>Syracusanis</strong></span> 
     </span>
     <span class='ocr_line' id='line_1_22' title="bbox 450 2636 1774 2723; baseline -0.003 -18"><span class='ocrx_word' id='word_1_214' title='bbox 450 2647 569 2706; x_wconf 87' lang='lat' dir='ltr'><strong>statuas</strong></span> <span class='ocrx_word' id='word_1_215' title='bbox 590 2637 737 2701; x_wconf 69' lang='lat' dir='ltr'><strong>auferes?</strong></span> <span class='ocrx_word' id='word_1_216' title='bbox 779 2637 820 2702; x_wconf 89' lang='lat' dir='ltr'><strong>Ut</strong></span> <span class='ocrx_word' id='word_1_217' title='bbox 840 2637 874 2702; x_wconf 93' lang='lat' dir='ltr'><strong>in</strong></span> <span class='ocrx_word' id='word_1_218' title='bbox 893 2636 963 2702; x_wconf 84' lang='lat' dir='ltr'><strong>foro</strong></span> <span class='ocrx_word' id='word_1_219' title='bbox 985 2645 1178 2711; x_wconf 87' lang='lat' dir='ltr'><strong>statuerent,</strong></span> <span class='ocrx_word' id='word_1_220' title='bbox 1201 2637 1375 2700; x_wconf 86' lang='lat' dir='ltr'><strong>abstulisti:</strong></span> <span class='ocrx_word' id='word_1_221' title='bbox 1396 2639 1486 2700; x_wconf 90' lang='lat' dir='ltr'><strong>utin</strong></span> <span class='ocrx_word' id='word_1_222' title='bbox 1508 2639 1603 2713; x_wconf 89' lang='lat' dir='ltr'><strong>ouria,</strong></span> <span class='ocrx_word' id='word_1_223' title='bbox 1626 2642 1774 2723; x_wconf 71' lang='lat' dir='ltr'><strong>coegisti:</strong></span> 
     </span>
     <span class='ocr_line' id='line_1_23' title="bbox 449 2730 1775 2816; baseline 0 -18"><span class='ocrx_word' id='word_1_224' title='bbox 449 2740 485 2799; x_wconf 88' lang='lat' dir='ltr'><strong>ut</strong></span> <span class='ocrx_word' id='word_1_225' title='bbox 502 2733 670 2816; x_wconf 89' lang='lat' dir='ltr'><strong>pecuniam</strong></span> <span class='ocrx_word' id='word_1_226' title='bbox 685 2730 865 2796; x_wconf 79' lang='lat' dir='ltr'><strong>conferrent</strong></span> <span class='ocrx_word' id='word_1_227' title='bbox 878 2733 911 2796; x_wconf 94' lang='lat' dir='ltr'><strong>in</strong></span> <span class='ocrx_word' id='word_1_228' title='bbox 927 2752 980 2795; x_wconf 89' lang='lat' dir='ltr'><strong>cas</strong></span> <span class='ocrx_word' id='word_1_229' title='bbox 995 2739 1124 2806; x_wconf 85' lang='lat' dir='ltr'><strong>statuas,</strong></span> <span class='ocrx_word' id='word_1_230' title='bbox 1147 2748 1228 2813; x_wconf 91' lang='lat' dir='ltr'><strong>quae</strong></span> <span class='ocrx_word' id='word_1_231' title='bbox 1244 2731 1360 2793; x_wconf 84' lang='lat' dir='ltr'><strong>Romae</strong></span> <span class='ocrx_word' id='word_1_232' title='bbox 1373 2739 1575 2812; x_wconf 88' lang='lat' dir='ltr'><strong>ponerentur,</strong></span> <span class='ocrx_word' id='word_1_233' title='bbox 1597 2733 1775 2816; x_wconf 69' lang='lat' dir='ltr'><strong>imperastis</strong></span> 
     </span>
     <span class='ocr_line' id='line_1_24' title="bbox 450 2822 1775 2913; baseline 0.002 -22"><span class='ocrx_word' id='word_1_234' title='bbox 450 2833 485 2891; x_wconf 94' lang='lat' dir='ltr'><strong>ut</strong></span> <span class='ocrx_word' id='word_1_235' title='bbox 506 2826 603 2890; x_wconf 93' lang='lat' dir='ltr'><strong>iidem</strong></span> <span class='ocrx_word' id='word_1_236' title='bbox 625 2824 736 2890; x_wconf 88' lang='lat' dir='ltr'><strong>darent</strong></span> <span class='ocrx_word' id='word_1_237' title='bbox 756 2826 902 2890; x_wconf 90' lang='lat' dir='ltr'><strong>homines</strong></span> <span class='ocrx_word' id='word_1_238' title='bbox 923 2834 1081 2889; x_wconf 89' lang='lat' dir='ltr'><strong>aratorum</strong></span> <span class='ocrx_word' id='word_1_239' title='bbox 1095 2824 1239 2898; x_wconf 89' lang='lat' dir='ltr'><strong>nomine;</strong></span> <span class='ocrx_word' id='word_1_240' title='bbox 1263 2822 1434 2886; x_wconf 86' lang='lat' dir='ltr'><strong>dederunt:</strong></span> <span class='ocrx_word' id='word_1_241' title='bbox 1455 2831 1490 2887; x_wconf 94' lang='lat' dir='ltr'><strong>ut</strong></span> <span class='ocrx_word' id='word_1_242' title='bbox 1503 2824 1600 2890; x_wconf 95' lang='lat' dir='ltr'><strong>iidem</strong></span> <span class='ocrx_word' id='word_1_243' title='bbox 1614 2848 1672 2912; x_wconf 95' lang='lat' dir='ltr'><strong>pro</strong></span> <span class='ocrx_word' id='word_1_244' title='bbox 1686 2837 1775 2913; x_wconf 90' lang='lat' dir='ltr'><strong>parte</strong></span> 
     </span>
     <span class='ocr_line' id='line_1_25' title="bbox 450 2916 1775 2994; baseline 0.001 -8"><span class='ocrx_word' id='word_1_245' title='bbox 450 2923 484 2986; x_wconf 89' lang='lat' dir='ltr'><strong>in</strong></span> <span class='ocrx_word' id='word_1_246' title='bbox 506 2940 671 2985; x_wconf 89' lang='lat' dir='ltr'><strong>commune</strong></span> <span class='ocrx_word' id='word_1_247' title='bbox 694 2919 821 2984; x_wconf 90' lang='lat' dir='ltr'><strong>Siciliae</strong></span> <span class='ocrx_word' id='word_1_248' title='bbox 843 2919 1039 2994; x_wconf 80' lang='lat' dir='ltr'><strong>conferrent;</strong></span> <span class='ocrx_word' id='word_1_249' title='bbox 1063 2921 1157 2983; x_wconf 87' lang='lat' dir='ltr'><strong>etiam</strong></span> <span class='ocrx_word' id='word_1_250' title='bbox 1179 2917 1212 2980; x_wconf 93' lang='lat' dir='ltr'><strong>id</strong></span> <span class='ocrx_word' id='word_1_251' title='bbox 1235 2916 1444 2981; x_wconf 84' lang='lat' dir='ltr'><strong>contulerunt.</strong></span> <span class='ocrx_word' id='word_1_252' title='bbox 1478 2919 1547 2983; x_wconf 86' lang='lat' dir='ltr'><strong>Una</strong></span> <span class='ocrx_word' id='word_1_253' title='bbox 1568 2921 1680 2985; x_wconf 85' lang='lat' dir='ltr'><strong>civitas</strong></span> <span class='ocrx_word' id='word_1_254' title='bbox 1702 2943 1775 2988; x_wconf 93' lang='lat' dir='ltr'><strong>cum</strong></span> 
     </span>
     <span class='ocr_line' id='line_1_26' title="bbox 412 3010 1775 3098; baseline -0.001 -16"><span class='ocrx_word' id='word_1_255' title='bbox 412 3023 497 3082; x_wconf 71' lang='lat' dir='ltr'><strong>sotot</strong></span> <span class='ocrx_word' id='word_1_256' title='bbox 517 3015 698 3080; x_wconf 85' lang='lat' dir='ltr'><strong>nominibus</strong></span> <span class='ocrx_word' id='word_1_257' title='bbox 719 3015 884 3098; x_wconf 91' lang='lat' dir='ltr'><strong>pecuniam</strong></span> <span class='ocrx_word' id='word_1_258' title='bbox 907 3013 1076 3078; x_wconf 89' lang='lat' dir='ltr'><strong>contulerit</strong></span> <span class='ocrx_word' id='word_1_259' title='bbox 1096 3010 1245 3095; x_wconf 90' lang='lat' dir='ltr'><strong>idemque</strong></span> <span class='ocrx_word' id='word_1_260' title='bbox 1258 3012 1319 3075; x_wconf 90' lang='lat' dir='ltr'><strong>hoc</strong></span> <span class='ocrx_word' id='word_1_261' title='bbox 1333 3013 1476 3076; x_wconf 84' lang='lat' dir='ltr'><strong>civitates</strong></span> <span class='ocrx_word' id='word_1_262' title='bbox 1491 3023 1615 3078; x_wconf 86' lang='lat' dir='ltr'><strong>ceterae</strong></span> <span class='ocrx_word' id='word_1_263' title='bbox 1630 3016 1775 3093; x_wconf 81' lang='lat' dir='ltr'><strong>iecerint,</strong></span> 
     </span>
     <span class='ocr_line' id='line_1_27' title="bbox 376 3102 1772 3194; baseline 0.001 -18"><span class='ocrx_word' id='word_1_264' title='bbox 376 3127 381 3135; x_wconf 85' lang='lat'>&#39;</span> <span class='ocrx_word' id='word_1_265' title='bbox 451 3130 557 3176; x_wconf 93' lang='lat' dir='ltr'><strong>nonne</strong></span> <span class='ocrx_word' id='word_1_266' title='bbox 578 3129 629 3172; x_wconf 94' lang='lat' dir='ltr'><strong>res</strong></span> <span class='ocrx_word' id='word_1_267' title='bbox 650 3111 720 3193; x_wconf 88' lang='lat' dir='ltr'><strong>ipsa</strong></span> <span class='ocrx_word' id='word_1_268' title='bbox 742 3129 797 3172; x_wconf 89' lang='lat' dir='ltr'><strong>vos</strong></span> <span class='ocrx_word' id='word_1_269' title='bbox 818 3107 980 3184; x_wconf 90' lang='lat' dir='ltr'><strong>admonet,</strong></span> <span class='ocrx_word' id='word_1_270' title='bbox 1004 3105 1050 3192; x_wconf 92' lang='lat' dir='ltr'><strong>[ut</strong></span> <span class='ocrx_word' id='word_1_271' title='bbox 1069 3102 1198 3192; x_wconf 89' lang='lat' dir='ltr'><strong>putetis]</strong></span> <span class='ocrx_word' id='word_1_272' title='bbox 1222 3102 1349 3169; x_wconf 89' lang='lat' dir='ltr'><strong>modum</strong></span> <span class='ocrx_word' id='word_1_273' title='bbox 1368 3106 1505 3189; x_wconf 91' lang='lat' dir='ltr'><strong>aliquem</strong></span> <span class='ocrx_word' id='word_1_274' title='bbox 1518 3108 1594 3172; x_wconf 92' lang='lat' dir='ltr'><strong>huic</strong></span> <span class='ocrx_word' id='word_1_275' title='bbox 1607 3110 1772 3194; x_wconf 89' lang='lat' dir='ltr'><strong>cupiditati</strong></span> 
     </span>
     <span class='ocr_line' id='line_1_28' title="bbox 450 3199 1776 3287; baseline 0.002 -19"><span class='ocrx_word' id='word_1_276' title='bbox 450 3205 600 3269; x_wconf 88' lang='lat' dir='ltr'><strong>constitui</strong></span> <span class='ocrx_word' id='word_1_277' title='bbox 629 3205 797 3287; x_wconf 72' lang='lat' dir='ltr'><strong>oportere?</strong></span> <span class='ocrx_word' id='word_1_278' title='bbox 841 3202 934 3278; x_wconf 87' lang='lat' dir='ltr'><strong>Quod</strong></span> <span class='ocrx_word' id='word_1_279' title='bbox 962 3203 989 3266; x_wconf 93' lang='lat' dir='ltr'><strong>si</strong></span> <span class='ocrx_word' id='word_1_280' title='bbox 1017 3202 1078 3267; x_wconf 90' lang='lat' dir='ltr'><strong>hoc</strong></span> <span class='ocrx_word' id='word_1_281' title='bbox 1100 3201 1260 3266; x_wconf 84' lang='lat' dir='ltr'><strong>voluntate</strong></span> <span class='ocrx_word' id='word_1_282' title='bbox 1283 3217 1339 3262; x_wconf 93' lang='lat' dir='ltr'><strong>sua</strong></span> <span class='ocrx_word' id='word_1_283' title='bbox 1368 3199 1456 3263; x_wconf 88' lang='lat' dir='ltr'><strong>nulla</strong></span> <span class='ocrx_word' id='word_1_284' title='bbox 1485 3201 1596 3266; x_wconf 86' lang='lat' dir='ltr'><strong>civitas</strong></span> <span class='ocrx_word' id='word_1_285' title='bbox 1622 3205 1715 3280; x_wconf 85' lang='lat' dir='ltr'><strong>lecit,</strong></span> <span class='ocrx_word' id='word_1_286' title='bbox 1747 3207 1776 3270; x_wconf 92' lang='lat' dir='ltr'><strong>si</strong></span> 
     </span>
     <span class='ocr_line' id='line_1_29' title="bbox 450 3294 1776 3383; baseline -0.001 -17"><span class='ocrx_word' id='word_1_287' title='bbox 450 3321 560 3366; x_wconf 87' lang='lat' dir='ltr'><strong>omnes</strong></span> <span class='ocrx_word' id='word_1_288' title='bbox 581 3297 730 3383; x_wconf 90' lang='lat' dir='ltr'><strong>imperio,</strong></span> <span class='ocrx_word' id='word_1_289' title='bbox 762 3305 864 3373; x_wconf 90' lang='lat' dir='ltr'><strong>metu,</strong></span> <span class='ocrx_word' id='word_1_290' title='bbox 892 3298 941 3373; x_wconf 83' lang='lat' dir='ltr'><strong>vi,</strong></span> <span class='ocrx_word' id='word_1_291' title='bbox 971 3297 1053 3361; x_wconf 85' lang='lat' dir='ltr'><strong>malo</strong></span> <span class='ocrx_word' id='word_1_292' title='bbox 1082 3296 1236 3360; x_wconf 88' lang='lat' dir='ltr'><strong>adductae</strong></span> <span class='ocrx_word' id='word_1_293' title='bbox 1263 3294 1429 3376; x_wconf 86' lang='lat' dir='ltr'><strong>pecuniam</strong></span> <span class='ocrx_word' id='word_1_294' title='bbox 1452 3301 1623 3361; x_wconf 88' lang='lat' dir='ltr'><strong>statuarum</strong></span> <span class='ocrx_word' id='word_1_295' title='bbox 1646 3301 1776 3364; x_wconf 86' lang='lat' dir='ltr'><strong>nomine</strong></span> 
     </span>
     <span class='ocr_line' id='line_1_30' title="bbox 451 3386 1776 3477; baseline 0 -20"><span class='ocrx_word' id='word_1_296' title='bbox 451 3391 665 3457; x_wconf 89' lang='lat' dir='ltr'><strong>contulerunt:</strong></span> <span class='ocrx_word' id='word_1_297' title='bbox 691 3412 749 3476; x_wconf 91' lang='lat' dir='ltr'><strong>per</strong></span> <span class='ocrx_word' id='word_1_298' title='bbox 770 3392 847 3456; x_wconf 90' lang='lat' dir='ltr'><strong>deos</strong></span> <span class='ocrx_word' id='word_1_299' title='bbox 876 3391 1080 3456; x_wconf 79' lang='lat' dir='ltr'><strong>immortales!</strong></span> <span class='ocrx_word' id='word_1_300' title='bbox 1110 3411 1185 3454; x_wconf 90' lang='lat' dir='ltr'><strong>num</strong></span> <span class='ocrx_word' id='word_1_301' title='bbox 1207 3388 1257 3451; x_wconf 90' lang='lat' dir='ltr'><strong>cui</strong></span> <span class='ocrx_word' id='word_1_302' title='bbox 1279 3386 1409 3450; x_wconf 89' lang='lat' dir='ltr'><strong>dubium</strong></span> <span class='ocrx_word' id='word_1_303' title='bbox 1431 3408 1501 3453; x_wconf 89' lang='lat' dir='ltr'><strong>esse</strong></span> <span class='ocrx_word' id='word_1_304' title='bbox 1522 3393 1657 3472; x_wconf 93' lang='lat' dir='ltr'><strong>poterit,</strong></span> <span class='ocrx_word' id='word_1_305' title='bbox 1686 3396 1776 3477; x_wconf 93' lang='lat' dir='ltr'><strong>quin,</strong></span> 
     </span>
     <span class='ocr_line' id='line_1_31' title="bbox 412 3479 1775 3571; baseline 0.003 -25"><span class='ocrx_word' id='word_1_306' title='bbox 412 3488 545 3551; x_wconf 76' lang='lat' dir='ltr'><strong>aetiam</strong></span> <span class='ocrx_word' id='word_1_307' title='bbox 568 3486 596 3550; x_wconf 90' lang='lat' dir='ltr'><strong>si</strong></span> <span class='ocrx_word' id='word_1_308' title='bbox 617 3487 760 3550; x_wconf 90' lang='lat' dir='ltr'><strong>statuerit</strong></span> <span class='ocrx_word' id='word_1_309' title='bbox 781 3486 924 3569; x_wconf 90' lang='lat' dir='ltr'><strong>accipere</strong></span> <span class='ocrx_word' id='word_1_310' title='bbox 946 3485 986 3547; x_wconf 93' lang='lat' dir='ltr'><strong>ad</strong></span> <span class='ocrx_word' id='word_1_311' title='bbox 1009 3495 1127 3551; x_wconf 87' lang='lat' dir='ltr'><strong>statuas</strong></span> <span class='ocrx_word' id='word_1_312' title='bbox 1149 3484 1261 3555; x_wconf 91' lang='lat' dir='ltr'><strong>licere,</strong></span> <span class='ocrx_word' id='word_1_313' title='bbox 1282 3479 1367 3545; x_wconf 90' lang='lat' dir='ltr'><strong>idem</strong></span> <span class='ocrx_word' id='word_1_314' title='bbox 1388 3489 1493 3546; x_wconf 73' lang='lat' dir='ltr'><strong>tanmn</strong></span> <span class='ocrx_word' id='word_1_315' title='bbox 1515 3491 1630 3549; x_wconf 88' lang='lat' dir='ltr'><strong>statuat</strong></span> <span class='ocrx_word' id='word_1_316' title='bbox 1652 3489 1775 3571; x_wconf 90' lang='lat' dir='ltr'><strong>eripere</strong></span> 
     </span>
     <span class='ocr_line' id='line_1_32' title="bbox 452 3575 1777 3662; baseline -0.002 -14"><span class='ocrx_word' id='word_1_317' title='bbox 452 3589 535 3649; x_wconf 82' lang='lat' dir='ltr'><strong>certo</strong></span> <span class='ocrx_word' id='word_1_318' title='bbox 557 3601 620 3644; x_wconf 94' lang='lat' dir='ltr'><strong>non</strong></span> <span class='ocrx_word' id='word_1_319' title='bbox 643 3580 760 3645; x_wconf 75' lang='lat' dir='ltr'><strong>liceret</strong></span> <span class='ocrx_word' id='word_1_320' title='bbox 792 3575 864 3641; x_wconf 84' lang='grc'><strong>446.</strong></span> <span class='ocrx_word' id='word_1_321' title='bbox 878 3580 1016 3645; x_wconf 90' lang='lat' dir='ltr'><strong>Primum</strong></span> <span class='ocrx_word' id='word_1_322' title='bbox 1037 3581 1133 3662; x_wconf 91' lang='lat' dir='ltr'><strong>igitur</strong></span> <span class='ocrx_word' id='word_1_323' title='bbox 1155 3580 1189 3643; x_wconf 96' lang='lat' dir='ltr'><strong>in</strong></span> <span class='ocrx_word' id='word_1_324' title='bbox 1210 3575 1293 3639; x_wconf 90' lang='lat' dir='ltr'><strong>hanc</strong></span> <span class='ocrx_word' id='word_1_325' title='bbox 1313 3595 1380 3638; x_wconf 90' lang='lat' dir='ltr'><strong>rem</strong></span> <span class='ocrx_word' id='word_1_326' title='bbox 1394 3582 1507 3639; x_wconf 90' lang='lat' dir='ltr'><strong>testem</strong></span> <span class='ocrx_word' id='word_1_327' title='bbox 1522 3584 1620 3642; x_wconf 90' lang='lat' dir='ltr'><strong>totam</strong></span> <span class='ocrx_word' id='word_1_328' title='bbox 1635 3581 1777 3645; x_wconf 87' lang='lat' dir='ltr'><strong>Siciliam</strong></span> 
     </span>
     <span class='ocr_line' id='line_1_33' title="bbox 404 3673 1777 3757; baseline 0.001 -19"><span class='ocrx_word' id='word_1_329' title='bbox 404 3730 409 3738; x_wconf 94' lang='lat'><strong>.</strong></span> <span class='ocrx_word' id='word_1_330' title='bbox 451 3675 570 3740; x_wconf 86' lang='lat' dir='ltr'><strong>citabo:</strong></span> <span class='ocrx_word' id='word_1_331' title='bbox 594 3694 674 3757; x_wconf 91' lang='lat' dir='ltr'><strong>quae</strong></span> <span class='ocrx_word' id='word_1_332' title='bbox 697 3673 775 3737; x_wconf 91' lang='lat' dir='ltr'><strong>mihi</strong></span> <span class='ocrx_word' id='word_1_333' title='bbox 795 3693 859 3735; x_wconf 93' lang='lat' dir='ltr'><strong>una</strong></span> <span class='ocrx_word' id='word_1_334' title='bbox 880 3694 957 3737; x_wconf 88' lang='lat' dir='ltr'><strong>voce</strong></span> <span class='ocrx_word' id='word_1_335' title='bbox 980 3681 1152 3738; x_wconf 85' lang='lat' dir='ltr'><strong>statuarum</strong></span> <span class='ocrx_word' id='word_1_336' title='bbox 1167 3675 1294 3737; x_wconf 90' lang='lat' dir='ltr'><strong>nomine</strong></span> <span class='ocrx_word' id='word_1_337' title='bbox 1309 3674 1474 3757; x_wconf 88' lang='lat' dir='ltr'><strong>pecuniam</strong></span> <span class='ocrx_word' id='word_1_338' title='bbox 1489 3676 1622 3757; x_wconf 87' lang='lat' dir='ltr'><strong>pervim</strong></span> <span class='ocrx_word' id='word_1_339' title='bbox 1636 3686 1777 3740; x_wconf 90' lang='lat' dir='ltr'><strong>coactam</strong></span> 
     </span>
     <span class='ocr_line' id='line_1_34' title="bbox 452 3767 1778 3850; baseline 0 -17"><span class='ocrx_word' id='word_1_340' title='bbox 452 3790 522 3833; x_wconf 88' lang='lat' dir='ltr'><strong>esse</strong></span> <span class='ocrx_word' id='word_1_341' title='bbox 545 3768 747 3833; x_wconf 90' lang='lat' dir='ltr'><strong>demonstrat.</strong></span> <span class='ocrx_word' id='word_1_342' title='bbox 790 3769 869 3831; x_wconf 87' lang='lat' dir='ltr'><strong>Nam</strong></span> <span class='ocrx_word' id='word_1_343' title='bbox 892 3768 1065 3850; x_wconf 81' lang='lat' dir='ltr'><strong>legationes</strong></span> <span class='ocrx_word' id='word_1_344' title='bbox 1091 3768 1231 3831; x_wconf 92' lang='lat' dir='ltr'><strong>omnium</strong></span> <span class='ocrx_word' id='word_1_345' title='bbox 1261 3767 1422 3830; x_wconf 81' lang='lat' dir='ltr'><strong>civitatum</strong></span> <span class='ocrx_word' id='word_1_346' title='bbox 1450 3767 1483 3829; x_wconf 92' lang='lat' dir='ltr'><strong>in</strong></span> <span class='ocrx_word' id='word_1_347' title='bbox 1505 3768 1670 3850; x_wconf 88' lang='lat' dir='ltr'><strong>postulatis</strong></span> <span class='ocrx_word' id='word_1_348' title='bbox 1692 3790 1778 3833; x_wconf 87' lang='lat' dir='ltr'><strong>corn·</strong></span> 
     </span>
     <span class='ocr_line' id='line_1_35' title="bbox 452 3861 1777 3944; baseline 0.001 -18"><span class='ocrx_word' id='word_1_349' title='bbox 452 3862 608 3935; x_wconf 84' lang='lat' dir='ltr'><strong>munibus,</strong></span> <span class='ocrx_word' id='word_1_350' title='bbox 630 3882 711 3944; x_wconf 89' lang='lat' dir='ltr'><strong>quae</strong></span> <span class='ocrx_word' id='word_1_351' title='bbox 732 3862 798 3924; x_wconf 86' lang='lat' dir='ltr'><strong>lere</strong></span> <span class='ocrx_word' id='word_1_352' title='bbox 821 3864 927 3926; x_wconf 91' lang='lat' dir='ltr'><strong>omnia</strong></span> <span class='ocrx_word' id='word_1_353' title='bbox 948 3882 990 3925; x_wconf 80' lang='lat' dir='ltr'><strong>ex</strong></span> <span class='ocrx_word' id='word_1_354' title='bbox 1007 3863 1069 3925; x_wconf 87' lang='lat' dir='ltr'><strong>tuis</strong></span> <span class='ocrx_word' id='word_1_355' title='bbox 1085 3862 1209 3924; x_wconf 91' lang='lat' dir='ltr'><strong>iniuriis</strong></span> <span class='ocrx_word' id='word_1_356' title='bbox 1224 3869 1297 3924; x_wconf 89' lang='lat' dir='ltr'><strong>nata</strong></span> <span class='ocrx_word' id='word_1_357' title='bbox 1311 3869 1393 3936; x_wconf 89' lang='lat' dir='ltr'><strong>sunt,</strong></span> <span class='ocrx_word' id='word_1_358' title='bbox 1415 3862 1509 3924; x_wconf 88' lang='lat' dir='ltr'><strong>etiam</strong></span> <span class='ocrx_word' id='word_1_359' title='bbox 1522 3861 1584 3925; x_wconf 93' lang='lat' dir='ltr'><strong>hoc</strong></span> <span class='ocrx_word' id='word_1_360' title='bbox 1598 3863 1777 3939; x_wconf 86' lang='lat' dir='ltr'><strong>ediderunt,</strong></span> 
     </span>
     <span class='ocr_line' id='line_1_36' title="bbox 412 3967 1776 4031; baseline 0.003 -15"><span class='ocrx_word' id='word_1_361' title='bbox 412 3967 492 4021; x_wconf 78' lang='lat' dir='ltr'><strong>soar</strong></span> <span class='ocrx_word' id='word_1_362' title='bbox 510 3976 644 4020; x_wconf 78' lang='lat' dir='ltr'><strong>scarras</strong></span> <span class='ocrx_word' id='word_1_363' title='bbox 666 3977 706 4019; x_wconf 82' lang='lat' dir='ltr'><strong>ua</strong></span> <span class='ocrx_word' id='word_1_364' title='bbox 730 3976 791 4031; x_wconf 84' lang='lat' dir='ltr'><strong>cvr,</strong></span> <span class='ocrx_word' id='word_1_365' title='bbox 812 3977 873 4021; x_wconf 81' lang='lat' dir='ltr'><strong>arsi</strong></span> <span class='ocrx_word' id='word_1_366' title='bbox 896 3976 959 4020; x_wconf 86' lang='lat' dir='ltr'><strong>ovar</strong></span> <span class='ocrx_word' id='word_1_367' title='bbox 974 3977 1001 4019; x_wconf 87' lang='lat' dir='ltr'><strong>rs</strong></span> <span class='ocrx_word' id='word_1_368' title='bbox 1016 3975 1058 4018; x_wconf 84' lang='lat' dir='ltr'><strong>oa</strong></span> <span class='ocrx_word' id='word_1_369' title='bbox 1074 3971 1246 4018; x_wconf 79' lang='lat' dir='ltr'><strong>rnovracrs</strong></span> <span class='ocrx_word' id='word_1_370' title='bbox 1267 3973 1485 4029; x_wconf 83' lang='lat' dir='ltr'><strong>oacassrssnr,</strong></span> <span class='ocrx_word' id='word_1_371' title='bbox 1507 3972 1776 4020; x_wconf 78' lang='lat' dir='ltr'><strong>roccrcnaaurvn.</strong></span> 
     </span>
     <span class='ocr_line' id='line_1_37' title="bbox 452 4048 1778 4136; baseline -0.002 -20"><span class='ocrx_word' id='word_1_372' title='bbox 452 4053 518 4116; x_wconf 81' lang='lat' dir='ltr'><strong>Lx.</strong></span> <span class='ocrx_word' id='word_1_373' title='bbox 541 4053 601 4116; x_wconf 88' lang='lat' dir='ltr'><strong>Tot</strong></span> <span class='ocrx_word' id='word_1_374' title='bbox 621 4059 781 4136; x_wconf 91' lang='lat' dir='ltr'><strong>praetores</strong></span> <span class='ocrx_word' id='word_1_375' title='bbox 805 4053 837 4115; x_wconf 94' lang='lat' dir='ltr'><strong>in</strong></span> <span class='ocrx_word' id='word_1_376' title='bbox 862 4051 968 4115; x_wconf 91' lang='lat' dir='ltr'><strong>Sicilia</strong></span> <span class='ocrx_word' id='word_1_377' title='bbox 988 4050 1133 4125; x_wconf 77' lang='lat' dir='ltr'><strong>ficerunt3</strong></span> <span class='ocrx_word' id='word_1_378' title='bbox 1155 4051 1248 4113; x_wconf 91' lang='lat' dir='ltr'><strong>toties</strong></span> <span class='ocrx_word' id='word_1_379' title='bbox 1270 4048 1352 4134; x_wconf 88' lang='lat' dir='ltr'><strong>apud</strong></span> <span class='ocrx_word' id='word_1_380' title='bbox 1375 4051 1509 4113; x_wconf 87' lang='lat' dir='ltr'><strong>maiores</strong></span> <span class='ocrx_word' id='word_1_381' title='bbox 1529 4057 1654 4114; x_wconf 91' lang='lat' dir='ltr'><strong>nostros</strong></span> <span class='ocrx_word' id='word_1_382' title='bbox 1678 4050 1778 4114; x_wconf 92' lang='lat' dir='ltr'><strong>Siculi</strong></span> 
     </span>
    </p>
   </div>
   <div class='ocr_carea' id='block_1_3' title="bbox 448 4251 1781 5378">
    <p class='ocr_par' dir='ltr' id='par_1_5' title="bbox 448 4251 1781 5378">
     <span class='ocr_line' id='line_1_38' title="bbox 517 4251 1775 4320; baseline -0.002 -14"><span class='ocrx_word' id='word_1_383' title='bbox 517 4258 541 4306; x_wconf 97' lang='grc'><strong>4.</strong></span> <span class='ocrx_word' id='word_1_384' title='bbox 560 4256 606 4308; x_wconf 81' lang='lat' dir='ltr'><strong>CC.</strong></span> <span class='ocrx_word' id='word_1_385' title='bbox 623 4257 696 4306; x_wconf 87' lang='lat' dir='ltr'><strong>milio</strong></span> <span class='ocrx_word' id='word_1_386' title='bbox 711 4257 780 4307; x_wconf 91' lang='lat' dir='ltr'><strong>coni.</strong></span> <span class='ocrx_word' id='word_1_387' title='bbox 799 4256 918 4320; x_wconf 79' lang='lat' dir='ltr'><strong>Zumpt:</strong></span> <span class='ocrx_word' id='word_1_388' title='bbox 938 4255 984 4306; x_wconf 86' lang='lat' dir='ltr'><strong>CC.</strong></span> <span class='ocrx_word' id='word_1_389' title='bbox 997 4254 1020 4303; x_wconf 89' lang='lat' dir='ltr'>V</span> <span class='ocrx_word' id='word_1_390' title='bbox 1031 4255 1059 4304; x_wconf 91' lang='lat' dir='ltr'><strong>et</strong></span> <span class='ocrx_word' id='word_1_391' title='bbox 1069 4251 1154 4317; x_wconf 86' lang='grc'><strong>4344;</strong></span> <span class='ocrx_word' id='word_1_392' title='bbox 1173 4253 1232 4304; x_wconf 78' lang='lat' dir='ltr'><strong>CCC</strong></span> <span class='ocrx_word' id='word_1_393' title='bbox 1244 4253 1317 4302; x_wconf 81' lang='lat' dir='ltr'><strong>mitio</strong></span> <span class='ocrx_word' id='word_1_394' title='bbox 1332 4254 1379 4302; x_wconf 90' lang='lat' dir='ltr'><strong>ctt.</strong></span> <span class='ocrx_word' id='word_1_395' title='bbox 1392 4253 1421 4303; x_wconf 91' lang='lat'><strong>0.</strong></span> <span class='ocrx_word' id='word_1_396' title='bbox 1437 4279 1464 4291; x_wconf 80' lang='lat'><strong>—-</strong></span> <span class='ocrx_word' id='word_1_397' title='bbox 1482 4254 1507 4304; x_wconf 90' lang='grc'><strong>4.</strong></span> <span class='ocrx_word' id='word_1_398' title='bbox 1527 4254 1695 4305; x_wconf 70' lang='lat' dir='ltr'><strong>absolvaraur</strong></span> <span class='ocrx_word' id='word_1_399' title='bbox 1703 4253 1735 4305; x_wconf 86' lang='lat' dir='ltr'><strong>V.</strong></span> <span class='ocrx_word' id='word_1_400' title='bbox 1747 4278 1775 4292; x_wconf 91' lang='lat'>-</span> 
     </span>
     <span class='ocr_line' id='line_1_39' title="bbox 452 4328 1776 4396; baseline -0.008 -9"><span class='ocrx_word' id='word_1_401' title='bbox 452 4331 477 4387; x_wconf 88' lang='grc'><strong>4.</strong></span> <span class='ocrx_word' id='word_1_402' title='bbox 496 4333 637 4395; x_wconf 79' lang='lat' dir='ltr'><strong>accipiundi</strong></span> <span class='ocrx_word' id='word_1_403' title='bbox 659 4333 768 4396; x_wconf 86' lang='lat' dir='ltr'><strong>Zumpt,</strong></span> <span class='ocrx_word' id='word_1_404' title='bbox 792 4330 841 4381; x_wconf 93' lang='lat' dir='ltr'><strong>sed</strong></span> <span class='ocrx_word' id='word_1_405' title='bbox 859 4329 928 4380; x_wconf 90' lang='lat' dir='ltr'><strong>nulla</strong></span> <span class='ocrx_word' id='word_1_406' title='bbox 946 4329 1048 4380; x_wconf 87' lang='lat' dir='ltr'><strong>adiecta</strong></span> <span class='ocrx_word' id='word_1_407' title='bbox 1065 4328 1190 4379; x_wconf 88' lang='lat' dir='ltr'><strong>codicum</strong></span> <span class='ocrx_word' id='word_1_408' title='bbox 1206 4329 1372 4379; x_wconf 88' lang='lat' dir='ltr'><strong>auctoritate.</strong></span> <span class='ocrx_word' id='word_1_409' title='bbox 1391 4352 1420 4365; x_wconf 91' lang='lat'><em>-</em></span> <span class='ocrx_word' id='word_1_410' title='bbox 1439 4331 1533 4391; x_wconf 72' lang='lat' dir='ltr'><strong>cffme</strong></span> <span class='ocrx_word' id='word_1_411' title='bbox 1550 4329 1618 4393; x_wconf 87' lang='grc'><strong>4344</strong></span> <span class='ocrx_word' id='word_1_412' title='bbox 1635 4342 1661 4393; x_wconf 90' lang='lat' dir='ltr'><strong>p.</strong></span> <span class='ocrx_word' id='word_1_413' title='bbox 1680 4340 1717 4378; x_wconf 91' lang='lat' dir='ltr'><strong>m.</strong></span> <span class='ocrx_word' id='word_1_414' title='bbox 1735 4330 1776 4378; x_wconf 86' lang='lat' dir='ltr'><strong>ll:</strong></span> 
     </span>
     <span class='ocr_line' id='line_1_40' title="bbox 452 4401 1776 4472; baseline -0.005 -14"><span class='ocrx_word' id='word_1_415' title='bbox 452 4409 553 4472; x_wconf 70' lang='lat' dir='ltr'><strong>aufem</strong></span> <span class='ocrx_word' id='word_1_416' title='bbox 569 4409 614 4458; x_wconf 85' lang='lat' dir='ltr'><strong>ott.</strong></span> <span class='ocrx_word' id='word_1_417' title='bbox 628 4433 655 4444; x_wconf 88' lang='lat'>-</span> <span class='ocrx_word' id='word_1_418' title='bbox 673 4408 697 4457; x_wconf 79' lang='grc'><strong>3.</strong></span> <span class='ocrx_word' id='word_1_419' title='bbox 715 4412 738 4457; x_wconf 88' lang='lat' dir='ltr'><strong>et</strong></span> <span class='ocrx_word' id='word_1_420' title='bbox 755 4404 855 4470; x_wconf 79' lang='lat' dir='ltr'><strong>siquis]</strong></span> <span class='ocrx_word' id='word_1_421' title='bbox 874 4410 896 4456; x_wconf 84' lang='lat' dir='ltr'><strong>st</strong></span> <span class='ocrx_word' id='word_1_422' title='bbox 913 4418 966 4455; x_wconf 90' lang='lat' dir='ltr'><strong>om.</strong></span> <span class='ocrx_word' id='word_1_423' title='bbox 984 4404 1084 4455; x_wconf 85' lang='lat' dir='ltr'><strong>Nonius</strong></span> <span class='ocrx_word' id='word_1_424' title='bbox 1102 4402 1179 4468; x_wconf 89' lang='lat' dir='ltr'><strong>prob.</strong></span> <span class='ocrx_word' id='word_1_425' title='bbox 1198 4405 1284 4454; x_wconf 87' lang='lat' dir='ltr'><strong>Garat.</strong></span> <span class='ocrx_word' id='word_1_426' title='bbox 1300 4404 1368 4454; x_wconf 91' lang='lat' dir='ltr'><strong>ll.-</strong></span> <span class='ocrx_word' id='word_1_427' title='bbox 1386 4408 1432 4453; x_wconf 80' lang='lat' dir='ltr'><strong>out</strong></span> <span class='ocrx_word' id='word_1_428' title='bbox 1447 4401 1472 4463; x_wconf 89' lang='grc'><strong>4,</strong></span> <span class='ocrx_word' id='word_1_429' title='bbox 1491 4405 1558 4454; x_wconf 88' lang='lat' dir='ltr'><strong>Non.</strong></span> <span class='ocrx_word' id='word_1_430' title='bbox 1572 4418 1598 4469; x_wconf 91' lang='lat' dir='ltr'><strong>p.</strong></span> <span class='ocrx_word' id='word_1_431' title='bbox 1610 4403 1672 4454; x_wconf 87' lang='grc'><strong>488;</strong></span> <span class='ocrx_word' id='word_1_432' title='bbox 1691 4407 1715 4453; x_wconf 87' lang='lat' dir='ltr'><strong>et</strong></span> <span class='ocrx_word' id='word_1_433' title='bbox 1730 4405 1776 4453; x_wconf 87' lang='lat' dir='ltr'><strong>ott.</strong></span> 
     </span>
     <span class='ocr_line' id='line_1_41' title="bbox 452 4477 1775 4547; baseline -0.005 -11"><span class='ocrx_word' id='word_1_434' title='bbox 452 4484 481 4536; x_wconf 92' lang='lat'><strong>0.</strong></span> <span class='ocrx_word' id='word_1_435' title='bbox 502 4509 530 4518; x_wconf 96' lang='lat'>-</span> <span class='ocrx_word' id='word_1_436' title='bbox 547 4483 571 4533; x_wconf 94' lang='grc'><strong>8.</strong></span> <span class='ocrx_word' id='word_1_437' title='bbox 590 4482 629 4546; x_wconf 86' lang='lat' dir='ltr'><strong>uc]</strong></span> <span class='ocrx_word' id='word_1_438' title='bbox 647 4494 695 4547; x_wconf 83' lang='lat' dir='ltr'><strong>ope</strong></span> <span class='ocrx_word' id='word_1_439' title='bbox 710 4480 780 4544; x_wconf 82' lang='lat' dir='ltr'><strong>1.ng</strong></span> <span class='ocrx_word' id='word_1_440' title='bbox 797 4494 823 4545; x_wconf 90' lang='lat' dir='ltr'><strong>p.</strong></span> <span class='ocrx_word' id='word_1_441' title='bbox 843 4492 879 4531; x_wconf 91' lang='lat' dir='ltr'><strong>m.</strong></span> <span class='ocrx_word' id='word_1_442' title='bbox 899 4481 917 4529; x_wconf 70' lang='lat'><strong>1²</strong></span> <span class='ocrx_word' id='word_1_443' title='bbox 934 4480 969 4531; x_wconf 82' lang='lat' dir='ltr'><strong>N.</strong></span> <span class='ocrx_word' id='word_1_444' title='bbox 989 4506 1016 4515; x_wconf 93' lang='lat'>-</span> <span class='ocrx_word' id='word_1_445' title='bbox 1036 4481 1076 4530; x_wconf 89' lang='grc'><strong>40.</strong></span> <span class='ocrx_word' id='word_1_446' title='bbox 1093 4479 1223 4542; x_wconf 68' lang='lat' dir='ltr'><strong>[cosmum</strong></span> <span class='ocrx_word' id='word_1_447' title='bbox 1238 4477 1315 4541; x_wconf 90' lang='grc'><strong>4344.</strong></span> <span class='ocrx_word' id='word_1_448' title='bbox 1336 4505 1363 4516; x_wconf 90' lang='grc'><strong>-</strong></span> <span class='ocrx_word' id='word_1_449' title='bbox 1381 4480 1418 4538; x_wconf 84' lang='lat' dir='ltr'><strong>ei,</strong></span> <span class='ocrx_word' id='word_1_450' title='bbox 1439 4478 1489 4542; x_wconf 80' lang='lat' dir='ltr'><strong>cui]</strong></span> <span class='ocrx_word' id='word_1_451' title='bbox 1506 4484 1530 4529; x_wconf 87' lang='lat' dir='ltr'><strong>et</strong></span> <span class='ocrx_word' id='word_1_452' title='bbox 1546 4482 1589 4540; x_wconf 83' lang='lat' dir='ltr'><strong>qui</strong></span> <span class='ocrx_word' id='word_1_453' title='bbox 1607 4479 1675 4542; x_wconf 86' lang='grc'><strong>4344</strong></span> <span class='ocrx_word' id='word_1_454' title='bbox 1693 4493 1719 4544; x_wconf 93' lang='lat' dir='ltr'><strong>p.</strong></span> <span class='ocrx_word' id='word_1_455' title='bbox 1738 4491 1775 4529; x_wconf 90' lang='lat' dir='ltr'><strong>m.</strong></span> 
     </span>
     <span class='ocr_line' id='line_1_42' title="bbox 454 4553 1779 4621; baseline -0.004 -13"><span class='ocrx_word' id='word_1_456' title='bbox 454 4583 481 4594; x_wconf 92' lang='lat'>-</span> <span class='ocrx_word' id='word_1_457' title='bbox 499 4558 583 4608; x_wconf 72' lang='lat' dir='ltr'><strong>iocum</strong></span> <span class='ocrx_word' id='word_1_458' title='bbox 599 4570 653 4607; x_wconf 91' lang='lat' dir='ltr'><strong>om.</strong></span> <span class='ocrx_word' id='word_1_459' title='bbox 673 4555 741 4619; x_wconf 90' lang='grc'><strong>4344</strong></span> <span class='ocrx_word' id='word_1_460' title='bbox 757 4568 783 4621; x_wconf 90' lang='lat' dir='ltr'><strong>p.</strong></span> <span class='ocrx_word' id='word_1_461' title='bbox 805 4568 841 4607; x_wconf 92' lang='lat' dir='ltr'><strong>m.</strong></span> <span class='ocrx_word' id='word_1_462' title='bbox 867 4555 968 4619; x_wconf 62' lang='lat' dir='ltr'><strong>[Recte</strong></span> <span class='ocrx_word' id='word_1_463' title='bbox 991 4556 1021 4605; x_wconf 92' lang='lat' dir='ltr'><strong>ut</strong></span> <span class='ocrx_word' id='word_1_464' title='bbox 1036 4553 1160 4617; x_wconf 76' lang='lat' dir='ltr'><strong>videtur]</strong></span> <span class='ocrx_word' id='word_1_465' title='bbox 1180 4578 1208 4590; x_wconf 94' lang='lat'><strong>·-</strong></span> <span class='ocrx_word' id='word_1_466' title='bbox 1232 4553 1273 4603; x_wconf 91' lang='grc'><strong>44.</strong></span> <span class='ocrx_word' id='word_1_467' title='bbox 1288 4558 1480 4616; x_wconf 69' lang='lat' dir='ltr'><strong>procuratores</strong></span> <span class='ocrx_word' id='word_1_468' title='bbox 1496 4553 1565 4618; x_wconf 84' lang='grc'><strong>4344</strong></span> <span class='ocrx_word' id='word_1_469' title='bbox 1582 4568 1609 4619; x_wconf 92' lang='lat' dir='ltr'><strong>p.</strong></span> <span class='ocrx_word' id='word_1_470' title='bbox 1626 4567 1663 4605; x_wconf 90' lang='lat' dir='ltr'><strong>m.</strong></span> <span class='ocrx_word' id='word_1_471' title='bbox 1683 4580 1711 4590; x_wconf 90' lang='lat'><strong>·-</strong></span> <span class='ocrx_word' id='word_1_472' title='bbox 1733 4558 1779 4603; x_wconf 72' lang='lat' dir='ltr'><strong>oie</strong></span> 
     </span>
     <span class='ocr_line' id='line_1_43' title="bbox 450 4627 1778 4695; baseline -0.005 -11"><span class='ocrx_word' id='word_1_473' title='bbox 450 4635 492 4684; x_wconf 78' lang='lat' dir='ltr'><strong>oui</strong></span> <span class='ocrx_word' id='word_1_474' title='bbox 508 4635 536 4684; x_wconf 87' lang='lat' dir='ltr'><strong>L.</strong></span> <span class='ocrx_word' id='word_1_475' title='bbox 553 4659 577 4671; x_wconf 94' lang='lat'>-</span> <span class='ocrx_word' id='word_1_476' title='bbox 600 4633 640 4682; x_wconf 90' lang='grc'><strong>44.</strong></span> <span class='ocrx_word' id='word_1_477' title='bbox 659 4633 700 4682; x_wconf 81' lang='lat' dir='ltr'><strong>cui</strong></span> <span class='ocrx_word' id='word_1_478' title='bbox 716 4633 860 4694; x_wconf 81' lang='lat' dir='ltr'><strong>imperasset</strong></span> <span class='ocrx_word' id='word_1_479' title='bbox 882 4628 950 4694; x_wconf 87' lang='grc'><strong>4344</strong></span> <span class='ocrx_word' id='word_1_480' title='bbox 967 4642 993 4695; x_wconf 89' lang='lat' dir='ltr'><strong>p.</strong></span> <span class='ocrx_word' id='word_1_481' title='bbox 1013 4643 1050 4681; x_wconf 90' lang='lat' dir='ltr'><strong>m.</strong></span> <span class='ocrx_word' id='word_1_482' title='bbox 1072 4656 1099 4665; x_wconf 95' lang='lat'><em>-</em></span> <span class='ocrx_word' id='word_1_483' title='bbox 1118 4629 1281 4680; x_wconf 65' lang='lat' dir='ltr'><strong>mmsis</strong></span> <span class='ocrx_word' id='word_1_484' title='bbox 1298 4629 1366 4693; x_wconf 88' lang='grc'><strong>4349</strong></span> <span class='ocrx_word' id='word_1_485' title='bbox 1383 4631 1402 4679; x_wconf 87' lang='lat' dir='ltr'>B</span> <span class='ocrx_word' id='word_1_486' title='bbox 1420 4629 1468 4679; x_wconf 91' lang='lat' dir='ltr'><strong>dtt.</strong></span> <span class='ocrx_word' id='word_1_487' title='bbox 1488 4656 1515 4665; x_wconf 95' lang='lat'><em>-</em></span> <span class='ocrx_word' id='word_1_488' title='bbox 1535 4628 1575 4680; x_wconf 90' lang='grc'><strong>44.</strong></span> <span class='ocrx_word' id='word_1_489' title='bbox 1593 4629 1619 4677; x_wconf 82' lang='lat' dir='ltr'><strong>ia</strong></span> <span class='ocrx_word' id='word_1_490' title='bbox 1636 4640 1691 4678; x_wconf 90' lang='lat' dir='ltr'><strong>om.</strong></span> <span class='ocrx_word' id='word_1_491' title='bbox 1709 4627 1778 4691; x_wconf 91' lang='grc'><strong>4344</strong></span> 
     </span>
     <span class='ocr_line' id='line_1_44' title="bbox 452 4702 1776 4773; baseline -0.006 -12"><span class='ocrx_word' id='word_1_492' title='bbox 452 4709 481 4760; x_wconf 89' lang='lat' dir='ltr'><strong>C.</strong></span> <span class='ocrx_word' id='word_1_493' title='bbox 500 4709 617 4761; x_wconf 84' lang='lat' dir='ltr'><strong>Tuentur</strong></span> <span class='ocrx_word' id='word_1_494' title='bbox 633 4708 856 4773; x_wconf 86' lang='lat' dir='ltr'><strong>praepositionem</strong></span> <span class='ocrx_word' id='word_1_495' title='bbox 869 4710 925 4763; x_wconf 83' lang='lat' dir='ltr'><strong>ott..</strong></span> <span class='ocrx_word' id='word_1_496' title='bbox 944 4707 1023 4757; x_wconf 86' lang='lat' dir='ltr'><strong>etiam</strong></span> <span class='ocrx_word' id='word_1_497' title='bbox 1035 4708 1065 4758; x_wconf 92' lang='lat' dir='ltr'><strong>N.</strong></span> <span class='ocrx_word' id='word_1_498' title='bbox 1078 4703 1112 4755; x_wconf 89' lang='lat' dir='ltr'><strong>cl.</strong></span> <span class='ocrx_word' id='word_1_499' title='bbox 1125 4705 1228 4767; x_wconf 85' lang='lat' dir='ltr'><strong>Zumpt.</strong></span> <span class='ocrx_word' id='word_1_500' title='bbox 1240 4703 1275 4754; x_wconf 88' lang='lat' dir='ltr'><strong>ad</strong></span> <span class='ocrx_word' id='word_1_501' title='bbox 1286 4705 1328 4754; x_wconf 93' lang='lat' dir='ltr'><strong>lll.</strong></span> <span class='ocrx_word' id='word_1_502' title='bbox 1342 4703 1365 4766; x_wconf 72' lang='lat'><strong>5.</strong></span> <span class='ocrx_word' id='word_1_503' title='bbox 1379 4703 1435 4755; x_wconf 88' lang='grc'><strong>449.</strong></span> <span class='ocrx_word' id='word_1_504' title='bbox 1454 4717 1503 4754; x_wconf 89' lang='lat' dir='ltr'><strong>nos</strong></span> <span class='ocrx_word' id='word_1_505' title='bbox 1514 4704 1548 4754; x_wconf 90' lang='lat' dir='ltr'><strong>ed</strong></span> <span class='ocrx_word' id='word_1_506' title='bbox 1560 4704 1666 4754; x_wconf 85' lang='lat' dir='ltr'><strong>Caesio.</strong></span> <span class='ocrx_word' id='word_1_507' title='bbox 1679 4716 1705 4766; x_wconf 92' lang='lat' dir='ltr'><strong>p.</strong></span> <span class='ocrx_word' id='word_1_508' title='bbox 1719 4702 1776 4754; x_wconf 82' lang='grc'><strong>447.</strong></span> 
     </span>
     <span class='ocr_line' id='line_1_45' title="bbox 452 4775 1776 4849; baseline -0.008 -12"><span class='ocrx_word' id='word_1_509' title='bbox 452 4782 511 4841; x_wconf 80' lang='lat' dir='ltr'><strong>coll.</strong></span> <span class='ocrx_word' id='word_1_510' title='bbox 529 4786 548 4835; x_wconf 90' lang='lat' dir='ltr'><strong>l.</strong></span> <span class='ocrx_word' id='word_1_511' title='bbox 568 4784 592 4849; x_wconf 73' lang='lat'><strong>5.</strong></span> <span class='ocrx_word' id='word_1_512' title='bbox 613 4785 638 4834; x_wconf 89' lang='grc'><strong>4.</strong></span> <span class='ocrx_word' id='word_1_513' title='bbox 656 4785 687 4833; x_wconf 95' lang='lat' dir='ltr'><strong>ll.</strong></span> <span class='ocrx_word' id='word_1_514' title='bbox 711 4782 735 4846; x_wconf 73' lang='grc'><strong>5.</strong></span> <span class='ocrx_word' id='word_1_515' title='bbox 751 4782 792 4833; x_wconf 85' lang='grc'><strong>99.</strong></span> <span class='ocrx_word' id='word_1_516' title='bbox 809 4781 865 4832; x_wconf 93' lang='grc'><strong>484.</strong></span> <span class='ocrx_word' id='word_1_517' title='bbox 888 4780 945 4830; x_wconf 87' lang='grc'><strong>494.</strong></span> <span class='ocrx_word' id='word_1_518' title='bbox 958 4781 999 4830; x_wconf 90' lang='grc'><strong>444.</strong></span> <span class='ocrx_word' id='word_1_519' title='bbox 1014 4780 1038 4845; x_wconf 71' lang='lat' dir='ltr'><strong>g.</strong></span> <span class='ocrx_word' id='word_1_520' title='bbox 1055 4780 1112 4831; x_wconf 79' lang='grc'><strong>448.</strong></span> <span class='ocrx_word' id='word_1_521' title='bbox 1132 4805 1158 4816; x_wconf 88' lang='lat'><em>-</em></span> <span class='ocrx_word' id='word_1_522' title='bbox 1173 4778 1371 4842; x_wconf 59' lang='lat' dir='ltr'><strong>maliciose</strong></span> <span class='ocrx_word' id='word_1_523' title='bbox 1381 4775 1492 4839; x_wconf 77' lang='lat' dir='ltr'><strong>Lgttu:</strong></span> <span class='ocrx_word' id='word_1_524' title='bbox 1505 4779 1634 4841; x_wconf 72' lang='lat' dir='ltr'><strong>manifesto</strong></span> <span class='ocrx_word' id='word_1_525' title='bbox 1646 4779 1691 4827; x_wconf 88' lang='lat' dir='ltr'><strong>ctt.</strong></span> <span class='ocrx_word' id='word_1_526' title='bbox 1703 4777 1733 4827; x_wconf 88' lang='grc'><strong>0.</strong></span> <span class='ocrx_word' id='word_1_527' title='bbox 1748 4801 1776 4813; x_wconf 91' lang='lat'>-</span> 
     </span>
     <span class='ocr_line' id='line_1_46' title="bbox 452 4851 1780 4923; baseline -0.005 -15"><span class='ocrx_word' id='word_1_528' title='bbox 452 4859 493 4908; x_wconf 89' lang='grc'><strong>46.</strong></span> <span class='ocrx_word' id='word_1_529' title='bbox 506 4864 581 4921; x_wconf 79' lang='lat' dir='ltr'><strong>otqtsa</strong></span> <span class='ocrx_word' id='word_1_530' title='bbox 592 4858 660 4922; x_wconf 86' lang='grc'><strong>4344</strong></span> <span class='ocrx_word' id='word_1_531' title='bbox 673 4872 698 4923; x_wconf 91' lang='lat' dir='ltr'><strong>p.</strong></span> <span class='ocrx_word' id='word_1_532' title='bbox 713 4871 749 4909; x_wconf 91' lang='lat' dir='ltr'><strong>m.</strong></span> <span class='ocrx_word' id='word_1_533' title='bbox 770 4884 797 4896; x_wconf 85' lang='lat'>-</span> <span class='ocrx_word' id='word_1_534' title='bbox 815 4858 856 4908; x_wconf 89' lang='grc'><strong>43.</strong></span> <span class='ocrx_word' id='word_1_535' title='bbox 875 4857 939 4907; x_wconf 83' lang='lat' dir='ltr'><strong>idem</strong></span> <span class='ocrx_word' id='word_1_536' title='bbox 957 4855 1015 4919; x_wconf 78' lang='lat' dir='ltr'><strong>(bis)</strong></span> <span class='ocrx_word' id='word_1_537' title='bbox 1032 4858 1095 4920; x_wconf 90' lang='grc'><strong>433.</strong></span> <span class='ocrx_word' id='word_1_538' title='bbox 1114 4867 1217 4906; x_wconf 90' lang='lat' dir='ltr'><strong>omnes.</strong></span> <span class='ocrx_word' id='word_1_539' title='bbox 1234 4878 1261 4889; x_wconf 90' lang='lat'><strong>·-</strong></span> <span class='ocrx_word' id='word_1_540' title='bbox 1279 4854 1321 4904; x_wconf 88' lang='grc'><strong>46.</strong></span> <span class='ocrx_word' id='word_1_541' title='bbox 1339 4866 1419 4902; x_wconf 77' lang='lat' dir='ltr'><strong>nonos</strong></span> <span class='ocrx_word' id='word_1_542' title='bbox 1430 4851 1512 4914; x_wconf 75' lang='grc' dir='ltr'><strong>4344ε</strong></span> <span class='ocrx_word' id='word_1_543' title='bbox 1530 4867 1580 4903; x_wconf 78' lang='lat' dir='ltr'><strong>ooo</strong></span> <span class='ocrx_word' id='word_1_544' title='bbox 1597 4855 1643 4903; x_wconf 88' lang='lat' dir='ltr'><strong>ctt.</strong></span> <span class='ocrx_word' id='word_1_545' title='bbox 1661 4853 1690 4902; x_wconf 95' lang='lat'><strong>0.</strong></span> <span class='ocrx_word' id='word_1_546' title='bbox 1706 4878 1733 4888; x_wconf 90' lang='lat'><em>-</em></span> <span class='ocrx_word' id='word_1_547' title='bbox 1750 4856 1780 4901; x_wconf 84' lang='lat' dir='ltr'><strong>ut</strong></span> 
     </span>
     <span class='ocr_line' id='line_1_47' title="bbox 448 4926 1779 4997; baseline -0.005 -14"><span class='ocrx_word' id='word_1_548' title='bbox 448 4934 541 4996; x_wconf 87' lang='lat' dir='ltr'><strong>putetis</strong></span> <span class='ocrx_word' id='word_1_549' title='bbox 556 4946 610 4984; x_wconf 88' lang='lat' dir='ltr'><strong>orn.</strong></span> <span class='ocrx_word' id='word_1_550' title='bbox 624 4933 701 4996; x_wconf 89' lang='grc'><strong>4344.</strong></span> <span class='ocrx_word' id='word_1_551' title='bbox 719 4932 784 4997; x_wconf 88' lang='lat' dir='ltr'><strong>[Nos</strong></span> <span class='ocrx_word' id='word_1_552' title='bbox 800 4931 969 4991; x_wconf 88' lang='lat' dir='ltr'><strong>inclusimus;</strong></span> <span class='ocrx_word' id='word_1_553' title='bbox 988 4930 1065 4982; x_wconf 88' lang='lat' dir='ltr'><strong>deest</strong></span> <span class='ocrx_word' id='word_1_554' title='bbox 1080 4931 1153 4982; x_wconf 87' lang='lat' dir='ltr'><strong>enim</strong></span> <span class='ocrx_word' id='word_1_555' title='bbox 1170 4927 1248 4980; x_wconf 90' lang='lat' dir='ltr'><strong>lectio</strong></span> <span class='ocrx_word' id='word_1_556' title='bbox 1264 4929 1361 4993; x_wconf 88' lang='lat' dir='ltr'><strong>optima</strong></span> <span class='ocrx_word' id='word_1_557' title='bbox 1374 4926 1443 4991; x_wconf 90' lang='lat' dir='ltr'><strong>opud</strong></span> <span class='ocrx_word' id='word_1_558' title='bbox 1456 4928 1494 4991; x_wconf 84' lang='lat' dir='ltr'><strong>Z.]</strong></span> <span class='ocrx_word' id='word_1_559' title='bbox 1508 4953 1535 4962; x_wconf 85' lang='lat'><strong>—</strong></span> <span class='ocrx_word' id='word_1_560' title='bbox 1553 4928 1594 4977; x_wconf 84' lang='grc'><strong>47.</strong></span> <span class='ocrx_word' id='word_1_561' title='bbox 1608 4927 1699 4988; x_wconf 80' lang='lat' dir='ltr'><strong>quidsi</strong></span> <span class='ocrx_word' id='word_1_562' title='bbox 1710 4926 1779 4989; x_wconf 83' lang='grc'><strong>4349</strong></span> 
     </span>
     <span class='ocr_line' id='line_1_48' title="bbox 453 4999 1779 5071; baseline -0.007 -12"><span class='ocrx_word' id='word_1_563' title='bbox 453 5010 482 5059; x_wconf 85' lang='lat' dir='ltr'><strong>B.</strong></span> <span class='ocrx_word' id='word_1_564' title='bbox 503 5033 530 5044; x_wconf 92' lang='lat'><em>-</em></span> <span class='ocrx_word' id='word_1_565' title='bbox 549 5008 591 5058; x_wconf 86' lang='grc'><strong>48.</strong></span> <span class='ocrx_word' id='word_1_566' title='bbox 612 5010 748 5071; x_wconf 77' lang='lat' dir='ltr'><strong>pecuniam</strong></span> <span class='ocrx_word' id='word_1_567' title='bbox 765 5007 832 5070; x_wconf 91' lang='grc'><strong>4344</strong></span> <span class='ocrx_word' id='word_1_568' title='bbox 850 5020 877 5071; x_wconf 90' lang='lat' dir='ltr'><strong>p.</strong></span> <span class='ocrx_word' id='word_1_569' title='bbox 896 5020 948 5057; x_wconf 91' lang='lat' dir='ltr'><strong>m.:</strong></span> <span class='ocrx_word' id='word_1_570' title='bbox 970 5006 1014 5056; x_wconf 79' lang='lat' dir='ltr'><strong>tibi</strong></span> <span class='ocrx_word' id='word_1_571' title='bbox 1032 5019 1086 5069; x_wconf 86' lang='lat' dir='ltr'><strong>pcc.</strong></span> <span class='ocrx_word' id='word_1_572' title='bbox 1110 5007 1157 5056; x_wconf 89' lang='lat' dir='ltr'><strong>ctt.</strong></span> <span class='ocrx_word' id='word_1_573' title='bbox 1175 5005 1205 5055; x_wconf 89' lang='lat'><strong>0.</strong></span> <span class='ocrx_word' id='word_1_574' title='bbox 1223 5005 1253 5054; x_wconf 90' lang='lat' dir='ltr'><strong>ut</strong></span> <span class='ocrx_word' id='word_1_575' title='bbox 1269 5004 1293 5067; x_wconf 69' lang='grc'><strong>3.</strong></span> <span class='ocrx_word' id='word_1_576' title='bbox 1312 5004 1368 5054; x_wconf 81' lang='lat' dir='ltr'><strong>tot.</strong></span> <span class='ocrx_word' id='word_1_577' title='bbox 1395 5005 1428 5053; x_wconf 77' lang='lat' dir='ltr'><strong>lt</strong></span> <span class='ocrx_word' id='word_1_578' title='bbox 1443 5001 1469 5051; x_wconf 86' lang='lat' dir='ltr'><strong>h.</strong></span> <span class='ocrx_word' id='word_1_579' title='bbox 1489 4999 1517 5061; x_wconf 80' lang='lat'><strong>1..</strong></span> <span class='ocrx_word' id='word_1_580' title='bbox 1536 5013 1598 5051; x_wconf 91' lang='lat' dir='ltr'><strong>cum</strong></span> <span class='ocrx_word' id='word_1_581' title='bbox 1615 5000 1649 5050; x_wconf 93' lang='lat' dir='ltr'><strong>de</strong></span> <span class='ocrx_word' id='word_1_582' title='bbox 1666 5001 1779 5065; x_wconf 88' lang='lat' dir='ltr'><strong>pecunia</strong></span> 
     </span>
     <span class='ocr_line' id='line_1_49' title="bbox 453 5078 1779 5144; baseline -0.007 -11"><span class='ocrx_word' id='word_1_583' title='bbox 453 5085 601 5134; x_wconf 87' lang='lat' dir='ltr'><strong>statuarum</strong></span> <span class='ocrx_word' id='word_1_584' title='bbox 625 5085 732 5135; x_wconf 87' lang='lat' dir='ltr'><strong>nomine</strong></span> <span class='ocrx_word' id='word_1_585' title='bbox 754 5082 846 5134; x_wconf 85' lang='lat' dir='ltr'><strong>collata</strong></span> <span class='ocrx_word' id='word_1_586' title='bbox 871 5083 994 5133; x_wconf 86' lang='lat' dir='ltr'><strong>universe</strong></span> <span class='ocrx_word' id='word_1_587' title='bbox 1011 5094 1043 5131; x_wconf 90' lang='lat' dir='ltr'><strong>oc</strong></span> <span class='ocrx_word' id='word_1_588' title='bbox 1059 5081 1206 5144; x_wconf 78' lang='lat' dir='ltr'><strong>generatim</strong></span> <span class='ocrx_word' id='word_1_589' title='bbox 1223 5084 1330 5143; x_wconf 88' lang='lat' dir='ltr'><strong>agatur,</strong></span> <span class='ocrx_word' id='word_1_590' title='bbox 1353 5089 1502 5143; x_wconf 90' lang='lat' dir='ltr'><strong>pronomen</strong></span> <span class='ocrx_word' id='word_1_591' title='bbox 1526 5078 1706 5126; x_wconf 87' lang='lat' dir='ltr'><strong>necessarlum</strong></span> <span class='ocrx_word' id='word_1_592' title='bbox 1725 5088 1779 5125; x_wconf 91' lang='lat' dir='ltr'><strong>oon</strong></span> 
     </span>
     <span class='ocr_line' id='line_1_50' title="bbox 452 5149 1780 5222; baseline -0.008 -14"><span class='ocrx_word' id='word_1_593' title='bbox 452 5157 566 5209; x_wconf 78' lang='lat' dir='ltr'><strong>videtur.</strong></span> <span class='ocrx_word' id='word_1_594' title='bbox 587 5185 615 5195; x_wconf 96' lang='lat'>-</span> <span class='ocrx_word' id='word_1_595' title='bbox 633 5158 674 5208; x_wconf 88' lang='grc'><strong>30.</strong></span> <span class='ocrx_word' id='word_1_596' title='bbox 692 5159 714 5208; x_wconf 89' lang='lat' dir='ltr'><strong>si</strong></span> <span class='ocrx_word' id='word_1_597' title='bbox 729 5163 786 5209; x_wconf 81' lang='lat' dir='ltr'><strong>stat.</strong></span> <span class='ocrx_word' id='word_1_598' title='bbox 805 5157 873 5222; x_wconf 87' lang='grc'><strong>4344</strong></span> <span class='ocrx_word' id='word_1_599' title='bbox 890 5171 916 5222; x_wconf 88' lang='lat' dir='ltr'><strong>p.</strong></span> <span class='ocrx_word' id='word_1_600' title='bbox 936 5170 987 5208; x_wconf 92' lang='lat' dir='ltr'><strong>m.:</strong></span> <span class='ocrx_word' id='word_1_601' title='bbox 1009 5158 1032 5207; x_wconf 86' lang='lat' dir='ltr'><strong>ri</strong></span> <span class='ocrx_word' id='word_1_602' title='bbox 1048 5158 1104 5220; x_wconf 81' lang='lat' dir='ltr'><strong>quia</strong></span> <span class='ocrx_word' id='word_1_603' title='bbox 1125 5161 1185 5206; x_wconf 82' lang='lat' dir='ltr'><strong>atet.</strong></span> <span class='ocrx_word' id='word_1_604' title='bbox 1210 5157 1255 5206; x_wconf 89' lang='lat' dir='ltr'><strong>ctt.</strong></span> <span class='ocrx_word' id='word_1_605' title='bbox 1273 5154 1303 5204; x_wconf 91' lang='lat'><strong>0.</strong></span> <span class='ocrx_word' id='word_1_606' title='bbox 1324 5180 1351 5190; x_wconf 91' lang='lat'>-</span> <span class='ocrx_word' id='word_1_607' title='bbox 1369 5154 1448 5203; x_wconf 66' lang='grc'><strong>444444</strong></span> <span class='ocrx_word' id='word_1_608' title='bbox 1464 5149 1542 5215; x_wconf 89' lang='grc'><strong>4344.</strong></span> <span class='ocrx_word' id='word_1_609' title='bbox 1562 5173 1589 5185; x_wconf 96' lang='grc'>-</span> <span class='ocrx_word' id='word_1_610' title='bbox 1609 5150 1649 5200; x_wconf 85' lang='grc'><strong>84.</strong></span> <span class='ocrx_word' id='word_1_611' title='bbox 1668 5151 1780 5212; x_wconf 54' lang='lat' dir='ltr'><strong>pomum</strong></span> 
     </span>
     <span class='ocr_line' id='line_1_51' title="bbox 453 5223 1781 5300; baseline -0.011 -12"><span class='ocrx_word' id='word_1_612' title='bbox 453 5234 536 5297; x_wconf 71' lang='lat' dir='ltr'><strong>Naue.</strong></span> <span class='ocrx_word' id='word_1_613' title='bbox 554 5234 595 5284; x_wconf 86' lang='lat'><strong>0·:</strong></span> <span class='ocrx_word' id='word_1_614' title='bbox 611 5235 723 5297; x_wconf 63' lang='lat' dir='ltr'><strong>mosam</strong></span> <span class='ocrx_word' id='word_1_615' title='bbox 739 5235 816 5300; x_wconf 79' lang='lat' dir='ltr'><strong>lagg.</strong></span> <span class='ocrx_word' id='word_1_616' title='bbox 835 5234 943 5300; x_wconf 88' lang='lat' dir='ltr'><strong>praeter</strong></span> <span class='ocrx_word' id='word_1_617' title='bbox 958 5231 998 5284; x_wconf 89' lang='grc'><strong>44.</strong></span> <span class='ocrx_word' id='word_1_618' title='bbox 1013 5258 1041 5269; x_wconf 93' lang='grc'>-</span> <span class='ocrx_word' id='word_1_619' title='bbox 1060 5231 1101 5282; x_wconf 85' lang='grc'><strong>34.</strong></span> <span class='ocrx_word' id='word_1_620' title='bbox 1116 5231 1250 5295; x_wconf 68' lang='lat' dir='ltr'><strong>permicat</strong></span> <span class='ocrx_word' id='word_1_621' title='bbox 1265 5226 1335 5292; x_wconf 85' lang='grc'><strong>4344</strong></span> <span class='ocrx_word' id='word_1_622' title='bbox 1351 5240 1377 5292; x_wconf 89' lang='lat' dir='ltr'><strong>p.</strong></span> <span class='ocrx_word' id='word_1_623' title='bbox 1391 5239 1429 5278; x_wconf 91' lang='lat' dir='ltr'><strong>m.</strong></span> <span class='ocrx_word' id='word_1_624' title='bbox 1448 5227 1490 5291; x_wconf 77' lang='lat' dir='ltr'><strong>[cl.</strong></span> <span class='ocrx_word' id='word_1_625' title='bbox 1509 5225 1533 5290; x_wconf 73' lang='lat'><strong>5.</strong></span> <span class='ocrx_word' id='word_1_626' title='bbox 1549 5223 1604 5276; x_wconf 88' lang='grc'><strong>448.</strong></span> <span class='ocrx_word' id='word_1_627' title='bbox 1624 5225 1707 5286; x_wconf 69' lang='lat' dir='ltr'><strong>titul:</strong></span> <span class='ocrx_word' id='word_1_628' title='bbox 1723 5237 1781 5274; x_wconf 87' lang='lat' dir='ltr'><strong>mc·</strong></span> 
     </span>
     <span class='ocr_line' id='line_1_52' title="bbox 453 5310 1315 5378; baseline -0.014 -10"><span class='ocrx_word' id='word_1_629' title='bbox 453 5322 598 5378; x_wconf 67' lang='lat' dir='ltr'><strong>mosa.</strong></span> <span class='ocrx_word' id='word_1_630' title='bbox 617 5311 663 5367; x_wconf 84' lang='lat' dir='ltr'><strong>cit.</strong></span> <span class='ocrx_word' id='word_1_631' title='bbox 682 5310 713 5364; x_wconf 90' lang='grc' dir='ltr'><strong>ο.</strong></span> <span class='ocrx_word' id='word_1_632' title='bbox 1114 5355 1117 5362; x_wconf 89' lang='grc'><strong>,</strong></span> <span class='ocrx_word' id='word_1_633' title='bbox 1313 5314 1315 5319; x_wconf 94' lang='grc'><strong><em>·</em></strong></span> 
     </span>
    </p>
   </div>
   <div class='ocr_carea' id='block_1_4' title="bbox 0 0 2200 6100">
    <p class='ocr_par' dir='ltr' id='par_1_6' title="bbox 0 0 2200 6100">
     <span class='ocr_line' id='line_1_53' title="bbox 0 0 2200 6100; baseline 0 0"><span class='ocrx_word' id='word_1_634' title='bbox 0 0 2200 6100; x_wconf 95' lang='lat' dir='ltr'><strong> </strong></span> 
     </span>
    </p>
   </div>
  </div>
 </body>
</html>
