4367 6109
804 575 1049 644 amru-rr.
1075 569 1260 657 §st-s.
1627 563 1690 631 aaa

376 750 440 825 tui,
462 767 557 833 quam
579 746 727 829 cogebar,
757 764 822 808 non
844 765 939 828 quam
959 744 1120 808 volebam:
1153 762 1253 816 nunc,
1283 762 1354 806 cum
1375 759 1485 804 omnes
1505 756 1556 800 me
1578 755 1692 801 causae

377 841 418 905 ad
439 840 686 905 misericordiam
706 849 802 924 atquc
824 839 865 902 ad
886 840 1113 903 humanitatem
1136 844 1264 911 vocent,
1293 842 1411 920 quanto
1436 832 1563 898 tandem
1584 830 1691 894 studio

377 936 478 999 debeo
499 941 631 998 naturae
653 954 742 998 meae
763 934 1051 1017 consuetudinique
1073 933 1214 996 serviret
1247 934 1292 995 Ac
1314 931 1353 993 de
1374 925 1480 992 officio
1498 925 1691 1025 detensionis

378 1048 466 1092 meae
488 1047 525 1092 ac
548 1027 587 1091 de
607 1028 730 1091 ratione
751 1027 959 1091 accusationis
982 1035 1054 1091 tuac
1075 1026 1208 1090 sortasse
1231 1024 1325 1089 ctiam
1346 1023 1410 1088 alia
1424 1022 1459 1085 in
1474 1027 1561 1106 parte
1576 1024 1692 1082 oratio-

377 1123 427 1185 nis
450 1121 617 1186 dicendum
639 1122 730 1186 nobis
753 1123 821 1184 erit.
1700 1126 1716 1170 ⁶

461 1213 492 1277 7.
514 1216 577 1279 Sed
599 1236 668 1290 me,
697 1215 833 1288 iudices,
862 1234 926 1278 non
952 1215 1054 1278 minus
1075 1213 1216 1277 bominis
1238 1211 1463 1295 sapientissimi
1484 1215 1580 1291 atque
1602 1223 1694 1267 orna·

378 1310 509 1384 tissimi,
531 1309 632 1372 Servii
654 1308 785 1392 Sulpicii
807 1308 1010 1391 conquestio,
1032 1327 1128 1391 quam
1144 1307 1271 1371 Catonis
1289 1306 1447 1369 accusatio
1462 1299 1693 1368 commovebat:

378 1405 435 1487 qui
456 1402 639 1486 gravissime
661 1410 693 1465 et
714 1401 914 1465 acerbissime
936 1422 971 1464 se
991 1401 1073 1464 serre
1097 1401 1193 1475 dixit,
1216 1420 1266 1464 me
1286 1398 1509 1463 familiaritatis
1522 1394 1695 1459 necessitu-

379 1497 527 1580 dinisque
556 1496 688 1560 oblitum
718 1491 845 1559 causam
872 1495 907 1557 L.
929 1496 1079 1559 ldurenae
1110 1503 1219 1559 contra
1240 1516 1275 1558 se
1297 1493 1477 1558 defendere.
1521 1490 1603 1554 Huic
1625 1507 1694 1570 eqo,

381 1590 518 1665 iudices,
540 1588 734 1653 satisfacere
756 1589 850 1671 cupio
866 1609 986 1672 vosque
1008 1589 1159 1652 adbibere
1178 1588 1323 1651 arbitros.
1359 1589 1437 1649 Nam
1452 1605 1524 1647 cum
1538 1602 1632 1665 grave
1648 1589 1696 1643 est
1704 1595 1732 1642 so

381 1704 454 1747 vere
476 1683 616 1748 accusari
638 1684 671 1746 in
691 1682 844 1757 amicitia,
867 1692 950 1758 tum,
972 1683 1066 1746 stiam
1089 1683 1117 1746 si
1138 1682 1219 1745 falso
1239 1682 1414 1754 accuseris,
1442 1697 1507 1742 uon
1529 1685 1577 1740 est
1597 1673 1696 1758 negli-

379 1775 527 1860 gendum.
570 1778 655 1860 Ego,
678 1775 766 1839 Serri
789 1776 926 1859 Sulpici,
949 1797 998 1840 me
1020 1777 1054 1840 in
1075 1776 1229 1860 petitione
1252 1785 1305 1838 tua
1326 1773 1384 1837 tibi
1399 1773 1505 1836 omnia
1525 1768 1629 1834 studia
1649 1775 1696 1831 at-

382 1892 445 1956 que
466 1870 570 1935 officia
589 1890 647 1952 pro
669 1877 777 1932 nostra
797 1870 1029 1934 necessitudine
1055 1879 1086 1934 et
1110 1871 1256 1934 debuisse
1278 1865 1430 1932 confiteor
1450 1874 1482 1928 et
1502 1863 1695 1948 praestitisse

381 1965 523 2029 arbitror.
565 1963 652 2029 Nihil
674 1964 731 2027 tibi
753 1964 949 2028 consulatum
970 1965 1090 2048 petenti
1112 1985 1130 2029 a
1152 1984 1203 2028 me
1225 1963 1341 2037 defuit,
1368 1960 1455 2043 quod
1477 1965 1560 2022 esset
1581 1963 1636 2019 aut
1656 1955 1695 2018 ab

380 2060 482 2122 amico
510 2065 564 2121 ant
591 2077 610 2121 a
638 2057 776 2139 gratioso
803 2065 858 2121 aut
886 2058 1055 2120 aconsule
1077 2057 1311 2141 postulandum.
1353 2053 1442 2117 Abiit
1463 2051 1541 2116 illud
1564 2061 1734 2134 tempus,ts

382 2159 503 2214 mutata
523 2151 604 2214 ratio
627 2159 684 2213 est.
722 2151 773 2213 Sic
796 2151 958 2225 existimo,
981 2152 1028 2213 sic
1051 2151 1126 2213 mibi
1148 2150 1341 2234 persuadeo,
1362 2168 1412 2211 me
1434 2147 1490 2211 tibi
1513 2154 1621 2209 contra
1640 2145 1698 2207 bo-

381 2264 492 2307 norem
513 2245 681 2319 ldurenae,
704 2251 859 2327 qnantum
880 2252 914 2306 tu
935 2263 955 2306 a
973 2264 1023 2307 me
1037 2243 1198 2327 postulare
1214 2264 1309 2308 ausus
1324 2243 1382 2318 sis,
1404 2248 1527 2305 tantum
1541 2239 1698 2311 debuisse,

382 2346 489 2402 contra
511 2337 644 2401 salutem
666 2337 745 2401 nibil
766 2338 892 2402 debere.
934 2336 964 2399 8.
986 2340 1097 2422 Neque
1119 2339 1221 2413 enim,
1250 2339 1278 2401 si
1300 2337 1356 2400 tibi
1378 2343 1461 2410 tum,
1483 2354 1554 2397 cum
1575 2339 1699 2415 peteres

382 2430 597 2506 consulatum,
625 2431 730 2505 adsui,
762 2452 863 2505 nnnc,
890 2451 962 2494 cum
990 2434 1155 2495 Murenam
1185 2432 1288 2515 ipsum
1309 2438 1414 2512 petas,
1441 2428 1566 2494 adiutor
1587 2425 1699 2490 eodem

382 2532 474 2606 pasto
503 2543 573 2588 esse
602 2525 714 2589 debeo.
755 2527 858 2608 atque
887 2526 948 2589 boc
970 2546 1033 2589 non
1056 2525 1150 2589 modo
1173 2545 1236 2588 non
1257 2524 1395 2599 landari,
1427 2523 1484 2588 sed
1504 2541 1546 2586 ne
1567 2519 1737 2584 concedito

382 2618 510 2700 quidem
540 2626 659 2703 potest,
692 2625 728 2682 ut
755 2617 866 2682 amisis
894 2619 1010 2683 nostris
1038 2618 1258 2684 accusantibus
1287 2638 1350 2681 non
1372 2619 1466 2683 etiam
1488 2614 1699 2680 alienissimos

383 2710 597 2775 defendamus.
640 2713 693 2784 IV.
714 2713 792 2775 blibi
813 2721 917 2775 autem
940 2734 1011 2777 cum
1032 2715 1178 2788 Murena,
1210 2709 1348 2787 iudices,
1371 2720 1536 2794 etmagna
1557 2715 1699 2773 etvetus

382 2805 519 2869 amicitia
546 2812 611 2880 est,
644 2826 727 2890 quae
755 2806 788 2868 in
817 2807 928 2889 capitis
958 2807 1161 2872 dimicatione
1190 2827 1209 2870 a
1238 2807 1304 2870 Ser.
1327 2805 1470 2888 Sulpicio
1493 2824 1557 2869 uon
1579 2803 1698 2867 idcirco
1751 2871 1757 2880 ,

383 2899 551 2974 obruetur,
585 2900 672 2983 quod
700 2900 739 2963 ab
769 2919 807 2962 eo
830 2900 1013 2964 inhonoris
1042 2901 1244 2964 contentione
1274 2908 1420 2984 superata
1449 2907 1506 2963 est
1556 2897 1645 2974 Quae
1672 2897 1700 2959 si

383 3012 478 3057 cansa
508 3012 575 3055 non
604 3002 702 3068 esset,
735 3001 839 3056 tamur
861 2994 910 3057 vel
941 2994 1076 3077 dignitas
1105 2994 1244 3058 bominis
1272 2995 1322 3056 vel
1350 2994 1481 3056 honoris
1510 2992 1578 3055 sins
1605 3001 1738 3075 qucum

383 3085 518 3169 adeptus
547 3093 595 3150 est
622 3085 796 3171 amplitudo
827 3108 980 3151 summam
1008 3087 1085 3151 mibi
1115 3088 1281 3172 superbiae
1302 3087 1561 3171 crudelitatisque
1585 3085 1700 3150 samam

383 3179 567 3253 inussisset,
589 3179 616 3243 si
638 3180 792 3254 bominis,
815 3188 848 3245 et
868 3180 934 3244 suis
957 3190 989 3244 et
1009 3181 1120 3265 populi
1141 3182 1274 3246 Romani
1295 3182 1485 3246 ornamentis
1506 3180 1701 3264 amplissimi,

384 3291 511 3336 causam
539 3274 617 3337 tanti
645 3273 776 3357 periculi
805 3275 1032 3357 repudiassem.
1076 3278 1188 3359 Neque
1216 3275 1384 3339 animiam
1404 3276 1481 3339 mibi
1503 3274 1579 3338 licet
1597 3295 1701 3359 neque

384 3374 433 3429 est
452 3366 628 3450 integrum,
649 3375 686 3431 ut
705 3387 809 3431 meum
831 3367 970 3432 laborem
992 3369 1157 3434 bominum
1179 3369 1328 3453 periculis
1341 3369 1544 3435 sublevandis
1563 3390 1629 3434 non
1642 3371 1702 3434 im·

384 3459 528 3542 pertiam.
571 3462 649 3523 Nam
682 3482 754 3525 cum
786 3464 926 3543 praemia
957 3463 1034 3526 mibi
1064 3471 1150 3527 tanta
1182 3483 1239 3546 pro
1266 3462 1326 3527 bac
1352 3463 1507 3529 industria
1533 3465 1598 3529 sint
1617 3464 1738 3538 datam

385 3562 504 3636 quanta
523 3560 616 3619 antea
636 3555 772 3618 nemini:
802 3555 824 3635 †
847 3554 893 3618 sic
921 3558 1001 3620 etsi
1023 3557 1143 3640 ceperis
1165 3575 1237 3632 eos,
1265 3578 1337 3621 cum
1359 3557 1491 3642 adeptus
1512 3559 1574 3636 sis,
1601 3557 1702 3641 depo·

450 3776 675 3829 l.oamcom.ti.
695 3792 919 3830 -msonmsau
939 3804 966 3814 —
986 3779 1234 3841 zotquslrteex.
1254 3808 1280 3816 -
1300 3781 1699 3839 eosboosromadacao.

367 3842 416 3902 ⁴11.
434 3852 458 3902 2.
479 3851 550 3903 -·t.
568 3853 680 3904 otdcl..
699 3879 726 3888 —
746 3854 771 3904 e.
789 3853 1008 3904 sobtroru.T.-
1028 3853 1051 3903 Ἰ.
1070 3855 1211 3905 masne.
1231 3882 1258 3893 -
1276 3855 1412 3921 sommia]
1429 3859 1593 3911 macc-
1611 3863 1700 3930 &quq

385 3938 463 3987 quom
479 3927 509 3975 G.
530 3952 556 3961 —
575 3939 600 3977 sc
614 3926 681 3989 serre
696 3928 730 3976 L:
747 3927 825 3990 [οοοιο
840 3929 893 3978 met
910 3930 938 3978 et
953 3929 969 3977 5
986 3929 1064 3988 One,
1081 3928 1148 3990 serre
1164 3941 1189 3979 re
1205 3928 1291 3989 Klotz,
1308 3931 1376 3994 serre
1391 3932 1420 3983 0.
1445 3934 1512 3984 Cum
1529 3936 1607 3989 codd.
1624 3938 1702 4001 fonce

385 3999 513 4061 babeant,
531 4012 584 4051 non
601 4001 643 4051 est
658 4001 808 4052 mirandum
825 4004 904 4054 etiem
920 4015 945 4052 ss
962 4000 1096 4053 abiectum
1113 4015 1183 4053 esse.
1203 4030 1230 4041 —
1249 4006 1288 4055 42,
1307 4006 1378 4056 Sunt
1394 4008 1463 4057 mei:
1488 4009 1543 4061 Ser.
1562 4012 1592 4062 0.
1613 4037 1639 4049 -
1658 4013 1702 4063 tibi

386 4087 440 4125 om.
459 4076 488 4124 G.
509 4100 535 4108 —
563 4073 666 4125 taust
687 4074 727 4139 ob]
749 4081 880 4138 otq.—
908 4077 1111 4128 ⁴5.obs'tG.-
1138 4081 1404 4141 unaccoun-
1432 4085 1698 4138 td.tibtom.G.-

386 4151 427 4200 47.
446 4150 565 4199 Murenae
581 4151 634 4199 met
652 4152 679 4198 et
694 4164 726 4208 χε
744 4151 772 4200 l..
790 4153 858 4200 dtur.
876 4153 932 4202 Lo.
952 4179 981 4190 -
1000 4154 1040 4203 48.
1058 4153 1143 4218 neque]
1160 4154 1236 4203 obiit
1251 4156 1280 4204 G.
1302 4182 1328 4192 -
1347 4162 1400 4206 tom
1416 4170 1469 4209 om.
1483 4160 1513 4210 tl.
1528 4187 1555 4196 -
1573 4174 1631 4211 man
1646 4175 1700 4213 om.

386 4225 415 4275 E.
435 4250 462 4260 -
477 4228 587 4286 potorem
602 4225 664 4287 Lag.
682 4224 706 4273 a.
722 4251 746 4262 -
767 4225 807 4275 49.
825 4226 979 4277 cosmam
994 4228 1066 4290 odfst
1080 4242 1147 4278 same
1163 4241 1217 4278 om.
1230 4229 1320 4290 EGv,
1338 4232 1354 4282 c
1369 4231 1447 4292 0u.;
1466 4232 1566 4285 babent
1580 4234 1629 4285 solt
1646 4237 1702 4288 illl

387 4302 415 4351 et
430 4301 492 4363 Lag.
511 4299 540 4362 9,
558 4298 608 4350 sed
623 4300 649 4350 bt
665 4299 746 4363 obfui,
763 4301 824 4363 Lag.
843 4302 868 4352 9.
885 4302 953 4364 soot;
971 4304 1138 4365 ommno,
1156 4305 1240 4367 odsst,
1257 4306 1350 4356 idesco
1365 4320 1431 4357 omre
1448 4308 1496 4360 Lo
1514 4312 1606 4360 contra
1623 4311 1701 4362 codd.

388 4375 539 4438 -pcttsb
563 4400 591 4410 -
618 4374 660 4424 22.
677 4379 701 4424 et
720 4380 1019 4438 moqnoctostormei:
1042 4382 1343 4444 ovsmomspaao.
1368 4410 1396 4418 -
1422 4383 1651 4436 ibobssrntov.
1673 4414 1699 4425 -

386 4449 428 4500 st.
446 4448 478 4499 ab
494 4462 523 4499 οο
539 4451 599 4499 Gv:
621 4449 654 4499 ob
672 4450 755 4500 sedern
771 4450 891 4502 EthO.
912 4478 939 4491 -
963 4453 1004 4503 26.
1021 4453 1162 4516 superbiam
1178 4455 1236 4514 Ηχ.
1258 4481 1283 4493 -
1301 4456 1411 4517 smisso
1426 4457 1463 4515 E;
1484 4459 1617 4522 hfomtm
1633 4462 1703 4512 coni.

388 4521 548 4573 Gulielmius.
563 4551 591 4561 -
608 4525 650 4575 27.
667 4525 814 4576 omasus
830 4527 858 4576 T.
872 4553 899 4562 -
918 4528 968 4577 nab
984 4540 1038 4578 om.
1054 4533 1078 4578 ο4
1094 4529 1159 4579 4.-
1178 4530 1336 4592 nuntiatoris
1351 4532 1417 4589 ctu
1438 4546 1491 4584 om.
1510 4535 1538 4585 Ε.
1553 4563 1581 4571 -
1598 4535 1640 4585 29.
1657 4537 1703 4586 44η-

385 4599 500 4660 possm
515 4599 544 4649 Ε.
564 4625 590 4635 -
610 4600 651 4650 at.
667 4602 703 4651 stc
719 4606 742 4651 st
758 4603 779 4651 rt
793 4603 886 4664 ceperis
902 4615 942 4652 eoa
957 4614 1014 4651 uon
1030 4602 1159 4663 ectio,
1177 4605 1260 4663 Parc,
1278 4605 1338 4667 bag.
1351 4605 1392 4656 20.
1405 4606 1454 4657 86:
1473 4607 1507 4656 sic
1523 4610 1648 4671 mopso
1663 4623 1705 4660 eos

387 4686 446 4724 msa
461 4674 583 4734 illitu,
600 4675 663 4736 Lag.
682 4675 722 4725 48.
739 4674 781 4727 24.
799 4676 841 4726 26.
860 4675 900 4726 65.
919 4676 976 4739 (sed
991 4678 1017 4728 bt
1032 4679 1137 4738 οοροοίο,
1156 4680 1177 4728 G
1193 4680 1355 4741 οωοίροοοήο,
1373 4681 1393 4731 Τ
1408 4684 1527 4745 wopa,
1544 4684 1606 4746 Lag.
1624 4682 1665 4733 24.
1683 4684 1704 4733 st

389 4762 438 4812 pro
453 4749 501 4810 sic,
524 4752 554 4799 ut
568 4750 594 4800 bt
611 4761 691 4813 super
707 4751 741 4799 ric
758 4763 796 4800 m.
812 4752 838 4801 2.
856 4750 958 4814 habet);
981 4752 1016 4800 sic
1035 4753 1112 4801 ettam
1127 4753 1149 4802 si
1164 4755 1257 4816 coperia
1271 4768 1312 4805 soa
1327 4769 1384 4806 οοοη
1400 4759 1461 4820 Lag.
1479 4760 1509 4812 tc
1532 4760 1567 4808 sic
1583 4759 1647 4793 Η·
1663 4773 1704 4810 eoa

388 4836 446 4872 man
463 4823 508 4873 Ox.
527 4837 559 4884 χ,
578 4824 638 4885 Lag.
659 4824 683 4872 4.
702 4823 726 4874 3.
744 4826 769 4876 8.
788 4828 832 4884 444;
855 4829 946 4877 eontra
963 4826 1044 4876 habet
1060 4828 1122 4889 Lag.
1140 4828 1169 4878 9:
1191 4830 1226 4879 stc
1242 4831 1356 4881 atatim
1371 4832 1393 4881 at
1409 4834 1502 4895 seperta
1516 4846 1547 4883 es
1562 4847 1632 4897 caan,
1650 4848 1702 4898 qam

389 4894 502 4948 lectione
520 4897 601 4949 tretus
618 4896 776 4950 Niebubrtus
794 4902 942 4966 suspicatus
960 4903 1014 4951 est:
1032 4914 1057 4962 q.
1069 4914 1096 4952 o.
1113 4904 1220 4963 mist,
1238 4905 1273 4954 sic
1288 4905 1416 4967 sciam,
1434 4919 1465 4958 so
1480 4920 1537 4957 m
1552 4910 1656 4972 adeptis
1670 4912 1704 4960 aia

389 4971 512 5034 ἀοείοοοο,
531 4977 590 5022 essct
604 4970 709 5023 minis
724 4975 776 5025 cet.
802 4977 890 5027 Lectio
906 4973 1023 5038 vulgata:
1049 4977 1160 5027 sonim:
1185 4978 1293 5040 toboroe,
1316 4993 1363 5043 per
1384 4994 1446 5043 qnos
1466 4994 1497 5033 so
1515 4984 1622 5046 οομοήο,
1646 4998 1704 5035 ossa

389 5045 493 5107 adeptos
507 5047 554 5108 sta,
575 5047 695 5110 ἀοροοονο
711 5053 761 5100 eet.
779 5063 829 5115 per
845 5065 874 5102 se
890 5052 947 5115 ipsa
963 5049 1063 5102 bonam
1079 5054 1238 5105 sententiam
1254 5054 1350 5118 babet,
1371 5055 1420 5107 sed
1443 5069 1476 5107 ex
1492 5056 1570 5109 codd.
1588 5060 1703 5124 vestigia

389 5123 501 5184 apparet
516 5119 588 5171 aliud
601 5122 665 5186 quid
680 5121 763 5176 latere
779 5127 806 5177 in
823 5125 881 5177 loeo
898 5129 1021 5190 corrupto
1038 5129 1066 5177 ct
1081 5124 1215 5179 lacunoso.
1235 5129 1276 5180 Ad
1292 5131 1449 5181 senteutiam
1466 5130 1557 5184 similis
1573 5136 1615 5185 est
1630 5133 1704 5186 locos

391 5194 498 5247 Catonis
519 5196 590 5261 apud
606 5198 686 5248 Prisc.
704 5200 724 5249 1.
743 5214 769 5264 p.
788 5202 844 5253 too.
863 5200 905 5253 ed.
923 5203 982 5251 ltr.:
1008 5202 1075 5252 Nora
1093 5203 1261 5265 portatas-taso
1278 5206 1337 5268 flat,
1358 5217 1415 5254 cam
1436 5206 1497 5256 mita
1513 5205 1543 5257 ob
1558 5220 1600 5259 eos
1613 5223 1703 5273 mores,

391 5271 640 5336 qrsorprtosbobst,
658 5274 833 5338 morasse,
850 5276 1043 5340 sbidottstctt,
1060 5278 1629 5342 smasmmstonotqecotttmostm.
