4367 6109
463 560 484 627 2
861 560 1012 629 ORATIO
1034 560 1114 627 PRO
1135 561 1170 627 P.
1192 561 1386 639 QUINCTIO

463 740 570 797 essent
590 731 700 795 saltem
722 729 908 794 mediocria:
930 752 1040 795 verum
1061 733 1107 796 ita
1129 753 1162 796 se
1184 754 1234 797 res
1249 734 1359 809 habet,
1383 740 1419 796 ut
1432 754 1506 817 ego,
1530 735 1585 819 qui
1598 755 1703 820 neque
1718 756 1779 800 usu

461 828 538 891 satis
569 834 601 891 et
629 825 758 909 ingenio
788 845 900 908 parum
929 845 1077 908 possum,
1114 849 1187 891 cum
1215 836 1350 912 patrono
1374 828 1582 894 disertissimo
1607 851 1781 915 comparer,

461 921 494 984 P.
517 922 702 998 Quinctius,
726 920 778 983 cui
801 926 912 982 tenues
935 939 1028 1003 opes,
1050 922 1157 985 nullae
1178 923 1361 998 facultates,
1385 925 1517 1007 exiguae
1537 925 1710 989 amicorum
1728 946 1782 988 co·

461 1017 533 1098 piae
548 1026 635 1091 sunt,
655 1035 727 1079 cum
741 1014 921 1077 adversario
939 1016 1168 1096 gratiosissimo
1182 1019 1362 1080 contendat.
1393 1016 1423 1080 3.
1445 1019 1527 1082 lllud
1543 1039 1672 1105 quoque
1688 1022 1780 1084 nobis

437 1112 583 1177 iaccedit
604 1110 857 1181 incommodum,
881 1110 967 1192 quod
989 1111 1031 1172 M.
1045 1111 1172 1184 lunius,
1198 1112 1253 1195 qui
1268 1111 1350 1175 hanc
1366 1133 1510 1188 causam,
1534 1115 1566 1177 C.
1582 1116 1700 1199 Aquili,
1722 1115 1780 1177 ali-

461 1207 586 1290 quoties
610 1207 693 1289 apud
716 1213 747 1268 te
770 1204 848 1286 egit,
870 1202 967 1265 homo
991 1212 1022 1266 et
1044 1205 1077 1266 in
1100 1205 1170 1267 aliis
1192 1207 1296 1268 causis
1312 1209 1502 1270 exercitatus
1525 1217 1556 1272 et
1578 1211 1611 1271 in
1624 1211 1684 1273 hac
1699 1210 1780 1271 mul-

460 1306 526 1363 tum
549 1307 581 1363 et
603 1320 698 1383 saepe
712 1305 871 1372 versatus,
892 1298 954 1360 hoo
977 1306 1119 1381 tempore
1141 1299 1230 1362 abest
1250 1321 1334 1364 nova
1356 1301 1514 1383 legatione
1536 1302 1724 1386 impeditus,
1747 1309 1780 1365 et

460 1395 501 1459 ad
528 1416 578 1458 me
605 1403 734 1460 ventum
762 1399 824 1466 est,
851 1392 923 1476 qui,
952 1400 988 1454 ut
1009 1413 1132 1455 summa
1152 1393 1301 1456 haberem
1324 1401 1445 1470 cetera,
1475 1399 1626 1479 temporis
1649 1399 1778 1483 quidem

460 1499 544 1555 certe
566 1491 620 1556 vix
642 1491 718 1554 satis
739 1487 854 1562 habui,
876 1495 998 1549 utrem
1013 1495 1151 1562 tantam,
1174 1496 1222 1551 tot
1236 1490 1461 1554 controversiis
1478 1492 1680 1573 implicatam,
1704 1513 1778 1575 pos·

423 1591 526 1649 iisem
555 1604 755 1670 cognoscere.
808 1580 839 1646 i.
868 1583 930 1656 lta,
963 1583 1050 1666 quod
1079 1583 1158 1644 mihi
1188 1585 1354 1648 consuevit
1381 1585 1414 1646 in
1446 1587 1560 1649 ceteris
1582 1589 1685 1651 causis
1707 1607 1777 1650 esse

459 1681 657 1756 adiumento,
686 1680 719 1741 id
741 1698 870 1761 quoque
893 1676 926 1738 in
947 1675 1007 1738 hac
1029 1696 1125 1739 causa
1148 1676 1262 1741 delicit.
1306 1681 1400 1755 Nam,
1432 1700 1498 1764 quo
1520 1680 1625 1743 minus
1647 1683 1775 1763 ingenio

457 1795 604 1858 possum,
635 1772 812 1838 subsidium
834 1771 912 1832 mihi
934 1770 1130 1852 diligentiam
1153 1774 1351 1855 comparavi:
1387 1793 1470 1858 quae
1496 1783 1615 1859 quanm
1637 1776 1691 1851 sit,
1713 1777 1774 1839 nisi

457 1877 582 1952 tempus
604 1876 636 1932 et
657 1868 793 1951 spatium
815 1868 923 1929 datum
938 1865 995 1938 sit,
1017 1865 1153 1948 intelligi
1170 1887 1235 1929 non
1251 1875 1365 1950 potest.
1400 1868 1490 1944 Quae
1505 1890 1570 1954 quo
1585 1871 1678 1954 plura
1693 1877 1775 1944 suut,

459 1963 492 2025 C.
506 1964 632 2047 Aquili,
654 1984 692 2027 eo
715 1970 746 2026 te
768 1962 896 2034 ethos,
920 1960 975 2043 qui
998 1959 1054 2025 tibi
1077 1960 1111 2021 in
1134 1962 1269 2023 consilio
1285 1970 1376 2038 sunt,
1399 1963 1532 2027 meliore
1547 1973 1652 2028 mente
1667 1972 1777 2029 nostra

420 2059 552 2121 tiverba
574 2059 684 2121 audire
707 2055 882 2140 oportebit,
906 2061 943 2116 ut
964 2054 1072 2116 multis
1095 2055 1305 2119 incommodis
1326 2055 1442 2120 verius
1463 2057 1630 2122 debilitata
1648 2059 1775 2123 tandem

456 2153 616 2237 aequitate
638 2152 750 2215 talium
771 2151 912 2212 virorum
932 2157 1103 2212 recreetur.
1136 2148 1165 2211 5.
1189 2151 1284 2225 Quod
1307 2151 1334 2213 si
1350 2159 1385 2214 tu
1399 2151 1497 2214 iudex
1510 2151 1599 2216 nullo
1614 2153 1774 2237 praesidio

454 2245 553 2312 tuisse
574 2248 722 2312 videbere
745 2253 855 2309 contra
876 2244 941 2307 vim
963 2250 994 2306 et
1016 2244 1149 2327 gratiam
1171 2244 1336 2307 solitudini
1359 2252 1454 2329 atquc
1476 2243 1621 2329 inopiae3
1643 2249 1671 2311 si
1689 2247 1774 2331 apud

454 2340 515 2405 hoc
538 2341 707 2405 consilium
730 2343 771 2405 ex
793 2339 923 2423 opibus,
947 2357 1011 2400 non
1027 2358 1068 2401 ex
1080 2339 1214 2402 veritate
1229 2359 1325 2403 causa
1337 2340 1512 2423 pendetur:
1537 2341 1679 2423 profecto
1693 2342 1774 2406 nihil

455 2444 504 2501 est
533 2437 596 2501 iam
628 2443 771 2500 sanctum
799 2443 895 2518 atque
917 2433 1076 2497 sincerum
1098 2435 1132 2496 in
1154 2434 1297 2510 civitate,
1325 2432 1424 2510 nibil,
1454 2435 1542 2519 quod
1562 2434 1773 2500 humilitatem

416 2532 643 2617 tocuiusquam
671 2531 808 2616 gravitas
836 2536 868 2592 et
896 2527 996 2593 virtus
1018 2527 1133 2591 iudicis
1157 2528 1348 2593 consoletur.
1394 2527 1485 2594 Corte
1506 2536 1562 2595 aut
1581 2530 1667 2614 apud
1688 2539 1719 2594 tc
1741 2541 1773 2595 et

454 2648 525 2704 eos,
555 2628 612 2712 qui
640 2627 698 2690 tibi
725 2626 858 2699 adsunt,
889 2624 1006 2688 veritas
1033 2623 1164 2698 valebit,
1198 2631 1253 2687 aut
1279 2645 1320 2688 ex
1345 2622 1407 2688 boc
1434 2623 1508 2688 loco
1536 2625 1665 2708 repulsa
1686 2625 1718 2688 ri
1741 2633 1773 2689 et

452 2723 553 2806 gratia
575 2723 698 2797 locum,
720 2721 775 2783 ubi
797 2719 964 2793 consistat,
990 2718 1130 2801 reperire
1151 2738 1223 2781 non*
1239 2719 1367 2802 poterit
1409 2719 1449 2782 Il.
1471 2721 1542 2783 Non
1565 2740 1603 2784 eo
1627 2720 1715 2797 dieo,
1740 2722 1772 2784 C.

450 2816 575 2900 Aquili,
601 2837 664 2900 quo
687 2815 765 2878 mihi
787 2813 894 2876 veniat
914 2814 947 2875 in
970 2811 1102 2875 dubium
1123 2820 1179 2877 tua
1199 2809 1278 2876 fides
1293 2821 1326 2877 et
1340 2813 1533 2889 constantia,
1556 2821 1612 2878 aut
1627 2835 1691 2898 quo
1706 2836 1772 2878 non

450 2911 484 2972 iu
511 2912 580 2986 his,
611 2931 691 2994 quos
721 2909 778 2971 tibi
807 2907 984 2981 advocasti,
1017 2907 1093 2969 viris
1116 2907 1296 2971 lectissimis
1318 2908 1471 2982 civitatis,
1503 2928 1593 2991 spem
1616 2929 1770 2973 summam

412 3003 566 3067 attrahere
587 3007 621 3067 P.
637 3004 806 3079 Quinctius
829 3002 951 3065 debeat.
992 2999 1021 3063 6.
1045 3001 1131 3077 Quid
1153 3022 1228 3084 ergo
1251 3005 1320 3066 esti
1353 3001 1493 3064 Primum
1508 3003 1693 3086 magnitudo
1715 3025 1771 3087 pe-

449 3099 542 3162 riculi
573 3117 695 3162 summo
725 3097 839 3160 timore
867 3097 1029 3159 hominem
1059 3092 1177 3171 afficit,
1209 3097 1296 3181 quod
1324 3117 1388 3158 uno
1421 3096 1540 3159 iudicio
1573 3099 1612 3160 de
1634 3098 1769 3161 fortunis

450 3193 597 3257 omnibus
620 3192 777 3264 decernit;
799 3191 897 3275 idque
919 3191 994 3253 dum
1017 3191 1151 3273 cogitat,
1175 3211 1239 3253 non
1255 3192 1360 3254 minus
1379 3211 1474 3273 saepe
1490 3191 1519 3254 ei
1533 3191 1620 3255 venit
1634 3193 1668 3255 in
1682 3212 1769 3254 men-

449 3295 512 3351 tem
541 3287 707 3371 potestatis
736 3305 833 3369 quam
860 3285 1031 3369 aequitatis
1059 3292 1148 3359 tuae,
1175 3293 1344 3369 propterea
1367 3287 1453 3369 quod
1476 3305 1602 3360 omnes,
1632 3306 1768 3370 quorum

447 3383 481 3444 in
502 3383 632 3445 alterius
655 3401 750 3444 manu
771 3379 837 3442 vita
859 3382 965 3463 posita
986 3388 1051 3455 cst,
1075 3381 1203 3463 saepius
1225 3381 1306 3442 illud
1329 3381 1488 3463 cogitant,
1512 3381 1590 3465 quid
1612 3381 1766 3464 possitis,

409 3477 538 3542 aocuius
561 3478 594 3539 in
617 3477 738 3538 ditione
754 3495 791 3538 ac
806 3482 963 3557 potestate
979 3482 1068 3551 sunt,
1092 3495 1188 3559 quam
1211 3476 1288 3559 quid
1305 3476 1419 3539 debeat
1440 3475 1553 3539 facere.
1595 3472 1625 3537 7.
1646 3476 1768 3538 Deinde

445 3570 542 3636 babet
569 3570 785 3634 adversarium
807 3572 839 3633 Ρ.
862 3570 1032 3646 Quinctius
1061 3571 1157 3634 verbo
1189 3571 1261 3634 Sex.
1284 3572 1455 3647 Naevium,
1484 3592 1519 3635 re
1540 3590 1616 3635 vera
1635 3568 1768 3633 huiusce

493 3853 518 3902 4.
535 3864 576 3901 res
591 3863 616 3900 ss
627 3850 657 3899 V.
670 3876 697 3887 -
715 3862 794 3912 usqua
809 3849 854 3901 ioc
869 3863 917 3900 usu
927 3850 952 3900 k.
969 3875 997 3886 -·
1014 3851 1039 3901 2.
1048 3850 1142 3912 possim
1152 3850 1183 3899 V.
1198 3876 1224 3885 —·
1238 3848 1263 3900 3.
1277 3851 1349 3899 cuius
1358 3863 1420 3901 cum
1432 3849 1511 3901 codd.
1524 3848 1728 3901 Helmstadiensl
1739 3849 1767 3899 et

443 3927 587 3981 Dresdensi
603 3924 717 3976 Klotzius
731 3924 849 3989 (edati.)
868 3924 927 3976 coll.
945 3938 972 3990 p.
987 3924 1066 3977 ciac.
1079 3925 1121 3985 ii,
1134 3924 1175 3974 78.
1190 3948 1218 3961 ·-
1237 3925 1365 3974 uacuus
1382 3925 1463 3988 (quod
1474 3927 1587 3976 coniecit
1597 3918 1706 3990 quidam
1721 3939 1763 3990 ap.

442 4001 608 4064 Lambinum)
621 4003 710 4050 tiam.
730 3999 768 4051 ct.
782 4000 805 4063 g.
817 4002 857 4050 ut.
872 4003 898 4051 et
914 3998 1043 4051 Ruhnken
1054 3998 1088 4050 ad
1103 3997 1177 4050 liutil.
1190 4001 1293 4063 Lupum
1304 4013 1330 4063 p.
1342 3999 1367 4049 3.
1382 4027 1410 4036 -
1421 4000 1486 4049 tuuc
1497 4014 1609 4063 causam,
1629 4002 1655 4052 G.
1667 4002 1763 4064 Aquili,

442 4079 572 4140 aliquoties
583 4075 697 4127 Klotzius
710 4076 761 4138 (ed.
777 4074 844 4137 alti:
862 4075 927 4126 huuc
938 4077 1068 4138 utiquoties
1079 4075 1182 4140 (mediis
1195 4075 1308 4136 omissis)
1325 4076 1345 4124 Β
1358 4077 1379 4124 G
1390 4089 1405 4123 a
1416 4074 1434 4124 b
1446 4088 1461 4126 c
1474 4075 1492 4124 d
1503 4076 1587 4139 eigh
1597 4078 1604 4126 i
1613 4076 1621 4126 l
1630 4090 1683 4127 mn
1696 4079 1723 4128 et
1733 4079 1763 4138 A,

440 4155 504 4205 huuc
521 4166 637 4212 casuum,
655 4151 752 4213 Aquili,
775 4152 905 4213 aliquoties
921 4151 1004 4205 Luc.
1022 4150 1098 4218 (bunc
1113 4151 1259 4214 uiiquotims
1275 4153 1344 4214 cpssd
1360 4156 1383 4201 ts
1398 4151 1448 4215 egit
1463 4165 1568 4201 causum
1583 4151 1666 4214 Aquili
1682 4152 1718 4214 k.)
1735 4179 1763 4188 -

440 4225 904 4289 ti.muitmnucsuspsiiGIklm.·-
917 4220 1066 4278 cummi.
1080 4225 1762 4288 -impttcitumeetA.-posstmuacdshiitn.

441 4328 470 4341 -
483 4306 524 4355 44.
538 4316 635 4366 quoquo
644 4316 684 4354 me
694 4303 721 4352 in
735 4304 754 4352 4.
766 4302 800 4352 dc
818 4301 978 4354 contectura.
993 4328 1020 4338 —
1039 4315 1088 4366 quo
1103 4302 1187 4352 missus
1203 4301 1264 4366 cet]
1287 4301 1457 4363 Quintilianus
1474 4304 1494 4353 1.
1508 4303 1537 4352 0.
1550 4303 1591 4364 44,
1604 4303 1629 4365 4,
1647 4302 1696 4353 tu:
1715 4316 1765 4366 quo

439 4379 490 4445 (alii
503 4381 576 4442 quod,
587 4378 629 4429 aiii
641 4379 716 4442 quiu;
729 4377 819 4429 malim
831 4373 880 4440 qud
893 4378 910 4428 i.
922 4392 947 4428 e.
960 4377 1089 4443 quonium)
1100 4377 1198 4442 iugenio
1208 4377 1292 4427 miuus
1297 4390 1408 4439 possum,
1420 4377 1554 4428 subsidium
1564 4377 1625 4427 mibi
1636 4379 1765 4443 dVIqsrstiu

439 4454 489 4520 (alii
501 4458 573 4506 recte
586 4453 749 4519 diligentiam}
760 4454 913 4517 comparavi.
925 4481 953 4491 -
967 4455 1007 4504 43.
1020 4453 1156 4504 subsidium
1173 4452 1279 4503 codices
1291 4450 1452 4512 Quintiliani:
1466 4452 1573 4504 subsidio
1584 4466 1647 4505 cum
1658 4455 1765 4506 Cicero-

437 4532 477 4582 nis
495 4530 631 4582 codicibus
648 4529 761 4583 ALtO.
790 4531 827 4582 ct.
848 4530 901 4580 cic.
922 4529 955 4580 de
974 4530 1043 4580 Orat.
1058 4528 1248 4591 t,to‚teo.-
1267 4526 1307 4578 44.
1325 4533 1382 4577 sum
1397 4527 1762 4593 Btiabcdotghilmn:

435 4607 527 4657 udsuut
542 4605 657 4659 Abeo.
675 4629 703 4641 -
721 4605 822 4654 meliors
832 4603 948 4654 Klotzius
965 4602 1017 4666 (ed.
1029 4603 1096 4667 pr.):
1113 4603 1211 4653 meliori
1222 4604 1312 4653 ceteri.
1324 4629 1353 4640 -
1373 4605 1383 4653 4
1388 4603 1412 4653 6.
1425 4604 1489 4654 nulii
1499 4606 1527 4656 i..
1547 4605 1586 4656 ct.
1599 4605 1634 4655 ad
1644 4605 1761 4656 liorem.

435 4680 460 4742 2,
478 4682 520 4743 it,
532 4682 577 4731 ts:
595 4680 664 4730 uutto
678 4680 820 4730 adiumento
837 4692 894 4730 esse.
912 4693 939 4743 p.
958 4680 1052 4731 Roscio
1070 4679 1145 4729 Com.
1164 4677 1188 4742 5.
1206 4679 1254 4731 ta:
1273 4680 1335 4730 uuiti
1351 4681 1455 4730 sonuit.
1475 4707 1504 4718 -
1522 4681 1563 4732 43.
1581 4682 1642 4746 ium]
1660 4687 1714 4733 tum
1728 4685 1760 4734 A.

436 4780 465 4794 ·-
484 4755 567 4819 atquc]
589 4769 667 4817 usque
685 4756 767 4806 elim
786 4757 812 4805 et
828 4757 858 4805 A.
880 4781 907 4791 -
930 4754 1047 4804 utibilest
1069 4754 1235 4816 quodIiGd
1257 4757 1377 4805 etA.-
1400 4755 1699 4808 22.tocumom.k.-
1719 4755 1762 4807 ubi

433 4842 474 4879 rss
489 4829 606 4879 consistat
623 4827 854 4892 Gubcdetgkl
872 4831 899 4878 et
915 4830 947 4889 A,
973 4829 1046 4892 quod
1063 4827 1178 4892 probant
1194 4827 1307 4879 Klotqus
1323 4829 1434 4881 Praetat.
1453 4830 1497 4882 ed.
1514 4844 1555 4896 pr.
1578 4846 1605 4896 p.
1624 4831 1701 4882 LVIII
1718 4843 1760 4895 sq.

434 4905 462 4955 ct
477 4903 592 4968 scyliert
607 4902 641 4954 ad
658 4903 728 4955 Lael.
746 4918 772 4969 p.
789 4905 846 4955 443.
876 4906 914 4954 I'u
931 4903 964 4953 cl.
983 4903 1006 4967 5.
1021 4903 1061 4952 40.
1074 4902 1116 4952 te.
1132 4928 1158 4941 -
1178 4902 1219 4953 2³.
1238 4904 1304 4966 quod
1318 4905 1379 4954 miii
1395 4904 1453 4968 erg
1470 4907 1497 4956 et
1513 4918 1606 4969 mergo
1622 4905 1649 4960 3.
1670 4932 1698 4943 -
1717 4910 1763 4956 cui

432 4981 499 5043 quod
514 4993 568 5044 mg.
581 4979 608 5033 e.
630 5004 658 5016 -
677 4978 718 5030 il.
736 4980 764 5029 iu
781 4979 850 5044 (ante
866 4978 950 5042 ubis)
968 4990 1022 5028 om.
1039 4976 1338 5042 BGabcdetgimn
1355 4981 1383 5030 et
1398 4979 1455 5033 Au.
1475 5007 1504 5018 -
1521 4981 1570 5031 iiis
1585 4993 1612 5043 n,
1630 4980 1760 5035 uranu

433 5080 461 5095 -
481 5057 617 5107 lectissimis
632 5053 791 5106 Lambinus:
810 5054 959 5105 suctuumts
974 5065 1037 5103 cum
1054 5053 1191 5105 codicibus
1207 5053 1293 5107 Atto.
1317 5053 1383 5105 Vide
1400 5056 1571 5107 Garatonium
1586 5054 1623 5106 ed
1639 5053 1714 5108 Catil.
1733 5055 1759 5118 i,

432 5131 458 5193 6,
475 5131 516 5182 43.
535 5145 561 5196 p.
580 5131 637 5182 339.
658 5157 685 5166 -
704 5143 827 5180 summum
847 5129 961 5193 Quintius
975 5127 1065 5178 bubsrs
1081 5128 1166 5179 debeat
1181 5129 1207 5179 k.
1227 5156 1255 5166 -
1272 5130 1313 5181 26.
1332 5131 1417 5196 officii]
1434 5132 1533 5197 conficit
1550 5143 1565 5181 o
1581 5131 1610 5181 ss
1624 5132 1656 5184 A.
1682 5130 1757 5183 Coni.

430 5206 512 5272 Epist.
531 5205 566 5257 sd
583 5206 673 5257 famil.
693 5207 732 5268 44,
752 5207 777 5269 i,
796 5205 821 5257 3.
841 5232 869 5242 -
894 5204 935 5258 28.
953 5203 1091 5270 potcstatis]
1117 5206 1157 5257 uis
1173 5205 1304 5268 posumus
1320 5205 1448 5272 usum,
1471 5205 1519 5259 luc
1535 5205 1666 5274 pensatis
1681 5218 1707 5259 a.
1728 5231 1757 5245 -

431 5279 472 5333 34.
490 5281 599 5335 Nouium
615 5283 665 5334 At.
681 5279 791 5347 ubique.
