4367 6109
447 560 511 631 580
839 565 990 634 ORATIO
1012 566 1091 633 PRO
1112 567 1151 632 A.
1173 566 1374 634 cinnamo

451 738 559 803 iuncta
578 745 667 813 sunt,
688 738 897 822 respondebo.
930 738 987 801 Est
1008 737 1093 801 enim
1116 737 1267 821 quiddam
1289 738 1323 801 in
1343 739 1404 802 bac
1418 758 1529 814 musa,
1551 738 1647 823 quod
1663 740 1778 805 Cluen-

451 833 514 896 tius
535 832 576 896 ad
597 852 648 908 se,
669 841 717 897 est
736 831 877 916 aliquid,
898 833 985 917 quod
1008 852 1066 915 ego
1089 833 1129 896 ad
1144 851 1194 896 me
1209 840 1318 915 putem
1332 833 1502 916 pertinere.
1535 832 1599 896 llic
1614 854 1679 898 sua
1692 842 1779 919 putat

450 926 619 1003 interesse,
640 948 676 992 se
696 947 731 990 re
752 927 822 1009 ipsa
843 933 876 990 et
895 934 984 1009 gesto
1006 926 1152 1009 negotio,
1173 944 1239 988 non
1253 926 1323 1007 lege
1337 926 1485 991 defendi:
1507 945 1568 1009 ego
1583 936 1697 992 autem
1711 947 1779 994 mer

450 1018 598 1084 existimo
619 1021 789 1095 interesse,
819 1039 869 1084 me
891 1019 979 1085 nulla
999 1019 1034 1083 in
1056 1019 1271 1102 disputatione
1293 1021 1333 1082 ab
1354 1020 1440 1084 Attio
1462 1019 1564 1085 rideri
1588 1041 1664 1086 esre
1685 1042 1779 1106 supe·

426 1119 560 1177 aratum.
602 1115 673 1179 Non
694 1115 780 1178 enim
801 1114 878 1177 mihi
899 1114 977 1178 haec
999 1132 1097 1178 causa
1117 1112 1187 1176 sola
1207 1111 1342 1177 dicenda
1364 1121 1428 1176 est:
1450 1114 1602 1180 omnibus
1618 1116 1677 1180 bic
1690 1116 1779 1181 labar

449 1226 537 1269 meus
559 1207 740 1291 propositus
763 1216 828 1281 eet,
858 1208 1051 1291 quicumque
1071 1207 1133 1271 bac
1158 1205 1305 1269 facultate
1326 1205 1522 1270 defensionis
1542 1212 1691 1274 contenti
1711 1229 1779 1274 eree

448 1307 592 1381 possunt.
624 1301 706 1365 Nolo
729 1319 922 1384 quemquam
943 1321 1072 1375 eorum,
1101 1300 1158 1384 qui
1179 1298 1313 1374 adsunt,
1336 1301 1517 1364 existimare
1538 1320 1608 1376 me,
1630 1321 1719 1385 quae
1738 1303 1779 1368 de

448 1390 519 1474 lege
546 1393 588 1458 ab
608 1395 695 1458 ertio
717 1395 802 1458 dicta
828 1401 921 1470 sunt,
953 1395 979 1457 si
1011 1394 1209 1469 reticuerim,
1239 1394 1455 1477 comprobare.
1501 1393 1605 1471 Quam
1627 1395 1779 1473 obrem,

449 1483 592 1563 Cluenti,
626 1486 666 1551 de
698 1496 729 1553 te
756 1487 814 1552 tibi
836 1487 1006 1572 obsequor:
1037 1508 1142 1572 neque
1164 1506 1224 1570 ego
1245 1486 1348 1569 legem
1369 1488 1468 1551 recito
1490 1507 1600 1572 neque
1620 1488 1687 1553 boc
1710 1490 1779 1557 loon

411 1593 505 1663 repro
526 1586 558 1644 te
579 1580 669 1644 dico:
691 1581 747 1645 sed
770 1600 823 1654 ea,
846 1601 929 1663 quae
950 1602 970 1644 a
990 1602 1042 1647 me
1063 1581 1238 1647 desiderari
1259 1581 1414 1657 arbitror,
1435 1601 1500 1646 non
1521 1582 1717 1667 relinquam.

531 1673 595 1738 LV.
610 1669 682 1737 450.
703 1675 851 1757 Iniquum
873 1674 930 1739 tibi
952 1675 1095 1749 ridetur,
1117 1676 1200 1749 etti,
1222 1694 1303 1750 esse,
1324 1695 1390 1739 non
1408 1675 1510 1739 isdem
1524 1675 1650 1758 legibus
1666 1697 1778 1744 omres

447 1766 558 1831 teneri.
590 1767 743 1842 Primum,
772 1776 809 1832 ut
829 1767 862 1833 id
883 1768 1120 1853 iniquissimum
1142 1789 1212 1833 esse
1242 1768 1409 1844 confitear,
1438 1771 1507 1833 eius
1535 1770 1624 1835 modi
1655 1780 1723 1848 est,
1743 1779 1779 1838 st

447 1860 647 1924 commutatis
670 1861 717 1925 eis
738 1881 819 1944 opus
841 1860 883 1925 sit
903 1860 1039 1945 legibus,
1062 1883 1127 1927 non
1150 1871 1186 1927 ut
1207 1863 1273 1937 his,
1295 1882 1378 1946 quae
1399 1871 1488 1937 sunt,
1508 1882 1575 1926 non
1596 1883 1778 1949 pacamur.

398 1984 400 1987 ⁴
447 1952 569 2017 Deinde
598 1955 669 2037 quis
691 1973 840 2038 umquam
860 1954 922 2019 boc
944 1965 1072 2020 senator
1091 1957 1264 2032 recusarit,
1298 1978 1356 2031 ne,
1385 1977 1456 2022 cum
1477 1957 1621 2021 altiorem
1643 1959 1778 2042 gradun

411 2061 440 2107 se
448 2047 611 2131 dignitatis
639 2044 793 2112 beneficio
817 2048 928 2131 populi
950 2050 1083 2113 Romani
1107 2058 1192 2114 esset
1212 2057 1422 2125 consecutus,
1451 2068 1546 2114 eoae
1567 2053 1778 2134 004000401-

447 2142 582 2206 rioribus
603 2140 710 2223 legum
729 2141 969 2207 condicionibus
991 2144 1040 2207 uti
1060 2146 1232 2227 oporteret
1267 2145 1369 2220 Quam
1390 2143 1488 2207 multa
1510 2151 1585 2208 sunt
1598 2146 1777 2222 commoda,

447 2236 564 2320 quibus
584 2255 743 2312 caremus,
767 2255 862 2320 quam
884 2237 981 2301 multa
1002 2237 1138 2302 molesta
1158 2247 1190 2301 et
1212 2237 1370 2312 difficilia,
1391 2255 1473 2321 quae
1490 2238 1657 2302 subimus!
1680 2246 1777 2324 atque

446 2330 526 2393 haee
546 2331 651 2394 omnia
672 2337 793 2395 tantum
807 2330 938 2395 bonoris
953 2338 985 2393 et
998 2329 1216 2413 amplitudinis
1232 2330 1400 2395 commodo
1415 2338 1672 2415 compensantur.
1695 2332 1777 2398 Corr-

446 2434 535 2489 rerte
554 2445 639 2488 nunc
660 2425 702 2487 ad
723 2431 902 2508 equestrem
923 2424 1067 2488 ordinem
1088 2432 1184 2509 atque
1206 2426 1240 2487 in
1262 2433 1384 2489 eeteros
1402 2425 1530 2490 ordines
1545 2425 1679 2490 easdem
1693 2427 1777 2492 vitae

409 2519 668 2584 aeondieionee:
689 2538 754 2582 non
774 2517 943 2602 perferent
984 2520 1099 2582 Putant
1120 2520 1204 2582 enim
1226 2520 1331 2583 minue
1353 2519 1469 2583 multos
1492 2520 1553 2583 sibi
1574 2519 1710 2604 laqueos
1730 2522 1776 2586 le·

447 2634 520 2695 gum
541 2623 573 2678 et
594 2613 815 2678 condicionum
837 2632 875 2676 ac
904 2611 1096 2676 iudiciorum
1117 2615 1298 2697 propositos
1320 2633 1390 2677 esse
1412 2621 1577 2695 oportere,
1609 2615 1668 2698 qui
1690 2635 1776 2680 surr·

446 2729 531 2771 mum
557 2708 664 2773 locum
695 2706 829 2771 civitatis
853 2713 993 2771 autnon
1014 2713 1185 2789 potuerunt
1205 2706 1398 2771 adscendere
1420 2713 1474 2770 aut
1494 2726 1561 2770 non
1581 2707 1774 2790 petiverunt.

447 2795 644 2884 libetque
673 2810 710 2865 ut
738 2800 879 2866 omittam
902 2800 989 2883 leges
1010 2801 1088 2865 alias
1111 2821 1236 2876 omnes,
1266 2802 1382 2886 quibus
1403 2821 1463 2865 nos
1484 2807 1646 2877 tenemur,
1676 2802 1775 2867 ceteri

447 2903 552 2960 autem
573 2901 647 2960 sunt
667 2894 795 2959 ordines
816 2894 955 2969 liberati,
976 2894 1059 2957 banc
1080 2896 1183 2977 ipsam
1204 2895 1323 2978 legem,
1344 2916 1386 2960 ns
1408 2915 1477 2969 eus
1499 2914 1618 2961 rvorcro
1640 2914 1776 2962 crum

409 3000 638 3064 wesenerus,
670 2989 703 3053 C.
727 2988 886 3053 Gracchus
916 2987 1007 3051 tulit:
1038 3007 1109 3052 eam
1136 2990 1238 3072 legem
1265 3009 1324 3072 pro
1352 2990 1464 3072 plebe,
1491 3010 1556 3054 non
1582 2991 1618 3054 in
1647 2991 1775 3075 plebe·

447 3085 528 3151 tulit.
571 3086 685 3150 Postea
706 3085 741 3147 L.
765 3083 869 3158 Sulla,
890 3083 986 3146 bomo
1008 3102 1028 3145 a
1049 3083 1160 3166 populi
1182 3103 1277 3149 causa
1291 3086 1533 3159 remotissimus,
1555 3090 1680 3161 tamem
1703 3106 1775 3152 cunr

447 3180 517 3243 eius
544 3181 591 3244 rei
617 3177 836 3263 quaestionem
862 3177 922 3240 hac
951 3177 1020 3260 ipsa
1041 3176 1113 3259 lege
1134 3179 1359 3251 constitueret,
1387 3198 1451 3261 qua
1471 3198 1527 3242 ros
1547 3176 1610 3242 boc
1631 3187 1775 3265 tempore

447 3272 609 3347 iudicatis,
638 3269 792 3355 populum
814 3271 1008 3344 Romanum,
1038 3291 1133 3354 quem
1155 3272 1195 3334 ab
1215 3271 1277 3335 boc
1299 3292 1414 3356 genere
1435 3272 1568 3336 liberum
1589 3281 1774 3357 acceperat,

446 3367 575 3448 alligare
608 3385 691 3429 novo
724 3364 922 3449 quaestionis
953 3383 1069 3447 genere
1098 3384 1195 3428 ausus
1221 3385 1286 3428 nou
1316 3374 1373 3430 est.
1418 3365 1510 3442 Quod
1538 3366 1565 3429 si
1586 3366 1657 3431 lieri
1678 3388 1776 3452 posse

409 3461 674 3536 lteristimasset,
707 3479 765 3543 pro
792 3457 855 3522 illo‘
878 3458 967 3533 odio,
998 3457 1085 3541 quod
1107 3458 1217 3522 habuit
1238 3459 1271 3522 in
1294 3467 1475 3544 equestrem
1497 3459 1659 3534 ordinem,
1693 3460 1775 3525 nibil

446 3554 575 3618 fecisset
601 3554 768 3628 libentius,
799 3573 893 3637 quam
922 3572 1048 3617 omnem
1076 3552 1163 3615 illam
1192 3552 1393 3616 acerbitatem
1414 3552 1655 3636 proscriptionis
1678 3573 1774 3629 suec,

446 3669 509 3732 qua
531 3655 580 3712 est
600 3669 677 3712 usus
700 3648 734 3711 in
748 3655 872 3712 veteres
893 3647 1034 3722 iudices,
1056 3648 1090 3710 in
1113 3647 1194 3711 hanc
1216 3667 1312 3711 unam
1334 3646 1553 3730 quaestionem
1574 3646 1773 3712 contulisset.

447 3736 517 3805 450.
540 3744 604 3806 Nec
626 3762 710 3807 nunc
732 3741 909 3826 quidquam
930 3742 1034 3824 agitur
1054 3773 1096 3788 -
1118 3740 1195 3804 mibi
1217 3741 1352 3815 credite,
1382 3741 1518 3814 iudices,
1548 3746 1580 3803 et
1599 3742 1775 3824 prospicite

446 3834 495 3910 id,
517 3835 604 3920 quod
627 3836 856 3919 providendum
879 3845 989 3900 est-
1010 3835 1072 3899 nisi
1094 3843 1129 3898 ut
1151 3841 1299 3918 equester
1320 3835 1399 3898 ordo
1420 3834 1453 3896 in
1472 3833 1605 3897 huiusce
1619 3835 1703 3917 legis
1718 3855 1774 3918 pe·

408 3929 579 3995 sericorum
601 3929 816 3994 concludatur.
847 3931 957 4011 Neque
978 3928 1040 3992 hoc
1062 3930 1164 4011 agitur
1185 3927 1225 3992 ab
1247 3927 1410 4002 omnibus,
1431 3927 1488 3991 s'ed
1504 3946 1525 3991 a
1542 3927 1663 4011 paucis.
1692 3932 1774 3994 Nam

445 4024 468 4085 ii
489 4030 668 4097 senatores,
697 4024 753 4106 qui
783 4043 817 4086 se
839 4021 930 4086 facile
954 4030 1081 4086 tuentur
1103 4022 1281 4105 integritate
1302 4028 1335 4084 et
1356 4022 1552 4095 innocentia,
1581 4022 1720 4104 quales,
1737 4031 1775 4088 ut

445 4136 518 4180 vere
541 4114 659 4191 dicam,
687 4136 744 4180 ros
767 4115 844 4180 estis
873 4123 904 4179 et
937 4118 1048 4190 ceteri,
1078 4118 1135 4200 qui
1162 4117 1231 4179 sine
1261 4115 1432 4198 eupiditate
1453 4116 1616 4189 vixerunt,
1646 4118 1773 4199 equites

445 4210 549 4273 ordini
571 4210 729 4274 senatorio
751 4209 903 4293 dignitate
923 4210 1102 4293 proximos,
1132 4209 1301 4273 concordia
1322 4209 1598 4273 coniunctissimos
1620 4228 1694 4273 esse
1716 4231 1773 4275 cu·

444 4304 552 4388 piunt:
579 4305 636 4367 sed
665 4305 704 4380 ii,
738 4305 792 4389 qui
815 4324 884 4369 sese
905 4304 1017 4368 volunt
1037 4323 1131 4387 posse
1154 4304 1261 4367 omnia
1281 4323 1386 4388 neque
1407 4311 1570 4386 praeterea
1592 4302 1772 4389 quidquam

509 4593 534 4641 4.
551 4592 728 4654 respondeas.
749 4621 776 4631 -
794 4595 818 4645 t.
838 4599 942 4646 estona
960 4595 1018 4647 ΡΑ.
1041 4620 1067 4631 -
1085 4595 1111 4646 3.
1129 4606 1225 4646 soom.
1243 4594 1297 4644 st.
1318 4619 1345 4628 -
1364 4593 1390 4643 b.
1410 4592 1515 4642 diemde
1530 4590 1574 4655 ert]
1599 4591 1772 4659 llincusqoe

444 4667 478 4718 ad
494 4678 615 4730 rapace
631 4671 689 4718 taerc
705 4668 920 4733 (§.tbl.ldeticit
935 4670 968 4721 bt.
983 4695 1010 4706 -
1029 4670 1211 4721 0040001-
1230 4668 1255 4719 9.
1273 4667 1327 4732 eqo]
1344 4668 1410 4718 enen
1426 4668 1454 4718 T.
1470 4694 1497 4704 -
1517 4667 1557 4717 40.
1575 4681 1642 4729 quae
1657 4673 1682 4719 te
1697 4683 1717 4719 a
1732 4684 1773 4723 nr

443 4744 583 4793 dcdderare
598 4743 688 4793 ST.-
708 4744 748 4794 42.
760 4745 946 4795 etuarwdisl':
964 4745 1105 4797 huiusmodi
1121 4743 1301 4798 RAL20.—
1320 4748 1419 4794 004οω.
1432 4743 1498 4793 Τ.-
1513 4742 1553 4792 43.
1566 4741 1771 4807 ammentum

444 4815 742 4876 crotonienses.
762 4819 1129 4872 -ttrst:a·rastt0.
1150 4847 1177 4857 -
1198 4819 1578 4872 at.reeorooceeeomnos:
1597 4819 1773 4871 000ωο044444

443 4905 500 4942 enen
516 4888 635 4951 0440ος
653 4895 778 4944 reeuroott
793 4895 853 4956 0040
869 4895 962 4955 0001..
988 4894 1027 4945 Cl.
1045 4894 1070 4958 5.
1089 4894 1147 4947 itt.
1168 4922 1194 4931 -
1218 4896 1259 4946 46.
1276 4897 1313 4945 arti
1329 4908 1380 4945 nors
1395 4899 1509 4957 oportere
1524 4904 1587 4942 cum
1604 4893 1633 4941 P.
1651 4891 1770 4944 uenatio

444 4970 479 5028 (a.
498 4965 581 5029 tato.)
598 4965 653 5021 00.
669 4989 697 5004 ··
716 4969 756 5019 lt.
774 4969 877 5019 moleste
893 4981 946 5019 om.
960 4970 988 5019 T.
1005 4996 1031 5007 —
1050 4976 1073 5021 et
1089 4971 1147 5021 ST:
1166 4984 1197 5021 oc
1213 4966 1356 5020 44444.οΟ.
1372 4995 1399 5005 -
1418 4967 1458 5019 48.
1477 4964 1583 5029 melreo]
1600 4970 1684 5017 terrere
1699 4968 1769 5019 1..-

444 5041 570 5091 commodo
586 5038 621 5094 ti:
640 5042 903 5097 momenta
925 5069 950 5081 -
971 5044 1166 5095 4000440001.
1184 5046 1214 5096 T.
1233 5070 1260 5078 -
1279 5042 1409 5107 inludi..
1429 5068 1457 5078 -
1475 5040 1671 5093 0000040001.
1690 5042 1720 5093 T.
1740 5068 1768 5079 ··

444 5115 1772 5182 ttrammrenST:emmerammo.-26.porteoom.T.-decumana-3241·

444 5191 584 5242 --tadr'cer
600 5205 653 5242 om.
668 5194 737 5243 4..-
756 5205 807 5254 qao
823 5198 933 5243 marra
948 5195 1222 5246 cumt’.blenuti00:
1241 5185 1637 5257 prastaaqsamaat-
1656 5190 1771 5244 bbere·

445 5265 561 5320 cludatur
577 5268 637 5322 st:
655 5267 799 5320 irrcledotrer
815 5266 956 5322 betto.
975 5296 1003 5307 ·-
1021 5269 1062 5323 37.
1079 5282 1139 5321 oro
1155 5269 1211 5321 st.
1231 5295 1258 5304 -
1277 5266 1319 5320 39.
1336 5279 1387 5320 aare
1402 5267 1461 5319 st:
1478 5279 1505 5319 ae
1519 5259 1665 5317 nanto.
