4367 6109
783 580 1384 668 cu.xu1x-1.ss.rao-lsc.
1704 586 1748 656 so

507 751 581 821 443.
603 756 720 822 Verum
741 754 821 819 haec
842 754 946 817 omnis
968 755 1084 831 oratio,
1106 756 1226 820 utiam
1247 764 1321 822 ante
1340 757 1424 834 dixi,
1445 766 1595 835 meaest,
1616 780 1681 845 qua
1695 782 1747 828 me

419 851 469 917 nti
493 870 546 918 res
574 850 703 935 publica
730 857 764 914 et
784 850 876 915 dolor
896 868 987 912 meus
1009 856 1041 912 et
1061 849 1197 914 istorum
1217 850 1335 916 iniuria
1355 852 1481 935 coegit:
1515 855 1589 918 Sex.
1611 856 1746 934 Roscius

418 947 536 1015 horum
556 945 638 1010 nihil
658 944 823 1027 indignum
844 944 1135 1026 putataneminem
1157 953 1301 1021 accusat,
1322 945 1403 1008 nihil
1425 947 1465 1010 de
1479 968 1538 1026 suo
1552 949 1745 1033 patrimonio

421 1041 581 1127 queriturr,
603 1045 695 1123 putat
714 1038 810 1101 homo
832 1037 998 1121 imperitus
1015 1056 1155 1112 morum,
1176 1038 1316 1121 agricola
1331 1046 1363 1102 et
1375 1042 1530 1117 nrsticm,
1551 1043 1614 1109 ists
1628 1044 1745 1122 omnia,

419 1155 504 1220 quae
524 1154 583 1199 vos
604 1153 662 1219 per
683 1132 803 1195 Sullam
825 1137 913 1214 gesta
935 1149 1005 1194 esse
1023 1131 1147 1207 dicitis,
1169 1150 1272 1207 more,
1294 1131 1382 1215 lege,
1404 1133 1474 1198 iure
1489 1135 1631 1219 gentium
1644 1137 1745 1202 lacta:
1767 1150 1784 1199 4

420 1230 515 1314 culpa
527 1230 680 1293 liberatus
694 1233 727 1289 et
741 1226 872 1289 crimine
889 1224 1012 1288 nefario
1028 1225 1153 1289 solutus
1168 1225 1257 1308 cupit
1270 1244 1290 1289 a
1303 1225 1396 1289 vobis
1413 1226 1588 1294 discedere.
1621 1226 1694 1294 444.
1710 1233 1746 1296 si

418 1323 479 1388 huo
510 1323 641 1406 indigna
673 1319 855 1402 suspicione
887 1326 1008 1394 careat,
1041 1320 1148 1382 animo
1177 1338 1280 1403 aequo
1310 1338 1345 1382 se
1374 1339 1481 1386 carere
1507 1324 1574 1388 suis
1596 1326 1745 1390 omnihus

420 1418 596 1486 commodis
618 1417 711 1490 dicit;
731 1423 824 1497 rogat
838 1422 971 1498 oratque
986 1420 1034 1489 te,
1059 1412 1280 1497 Chrysogono,
1302 1412 1331 1476 si
1345 1413 1426 1478 nihil
1440 1415 1480 1479 de
1495 1420 1594 1501 patris
1607 1419 1744 1484 fortunis

419 1512 623 1599 amplissimis
645 1511 679 1573 in
701 1527 790 1573 suam
811 1528 878 1571 rem
900 1508 1072 1582 convertit,
1102 1507 1129 1569 si
1150 1506 1239 1569 nulla
1259 1507 1294 1568 in
1315 1527 1351 1571 re
1373 1516 1405 1572 te
1426 1508 1605 1589 fraudavit,
1635 1515 1663 1578 si
1685 1515 1744 1579 tihi

419 1608 540 1693 optima
559 1602 622 1670 fide
643 1623 701 1667 sna
727 1602 834 1665 omnia
861 1601 1033 1676 concessit,
1065 1601 1300 1675 annumeravit,
1329 1603 1499 1686 appendit,
1530 1606 1559 1669 si
1579 1608 1782 1684 vestitum,to

419 1721 484 1787 quo
516 1701 587 1784 ipse
615 1705 718 1763 tectus
745 1703 828 1769 erat,
861 1695 1057 1779 anulumque
1087 1695 1127 1758 de
1152 1695 1252 1777 digito
1278 1716 1371 1759 suum
1393 1697 1451 1760 tihi
1473 1698 1621 1775 tradidit,
1653 1701 1680 1764 si
1703 1721 1746 1765 ex

418 1794 567 1860 omnihus
588 1794 683 1857 rehns
705 1811 739 1854 se
760 1790 866 1872 ipsum
888 1789 1008 1852 nudum
1029 1807 1135 1871 neque
1158 1794 1321 1871 praeterea
1343 1791 1521 1876 quidquam
1541 1793 1687 1877 excepit,
1707 1802 1745 1859 ut

419 1888 480 1954 sihi
502 1906 561 1971 per
590 1893 622 1950 te
644 1886 740 1949 liceat
764 1884 926 1947 innocenti
949 1882 1123 1945 amicorum
1145 1882 1268 1966 opihus'
1281 1884 1378 1947 vitam
1400 1885 1435 1948 in
1456 1894 1596 1969 egestate
1618 1889 1743 1972 degere.

418 1985 455 2047 1.
477 1979 549 2045 445.
571 1980 704 2044 Praedia
725 1998 796 2042 mea
811 1985 846 2042 tu
860 1978 1022 2062 possides,
1045 1996 1105 2060 ego
1120 1977 1226 2042 aliena
1239 1977 1458 2044 misericordia
1471 1981 1562 2045 vivo:
1585 1982 1743 2058 concedo,

419 2086 452 2143 et
472 2077 560 2163 quod
582 2075 707 2140 animus
729 2092 851 2156 aequus
873 2078 922 2136 est
943 2078 976 2134 et
997 2071 1075 2155 quia
1096 2090 1226 2135 necesse
1248 2079 1307 2135 est.
1337 2074 1408 2138 hlea
1429 2075 1544 2138 domus
1565 2074 1624 2138 tihi
1645 2082 1743 2159 patet,
1752 2090 1781 2138 44

386 2224 389 2230 .
416 2173 496 2238 mihi
518 2171 626 2236 clausa
648 2175 714 2232 est:
736 2166 815 2230 iero.
843 2166 976 2230 Familia
997 2184 1068 2228 mea
1082 2167 1221 2229 maxima
1234 2173 1269 2230 tu
1284 2168 1401 2242 uteris,
1424 2188 1483 2252 ego
1498 2189 1625 2234 sermm
1638 2169 1742 2240 haheo

415 2266 557 2331 nullum:
580 2263 684 2348 patior
706 2261 923 2326 atterendum
945 2265 1034 2342 puto.
1080 2259 1235 2334 Quidvis
1257 2262 1419 2344 amplios?
1441 2263 1520 2348 quid
1540 2264 1742 2348 insequeris?

417 2359 496 2446 quid
517 2359 706 2442 oppugnas?
728 2375 792 2440 qua
812 2355 846 2417 in
866 2373 901 2416 re
923 2361 1010 2417 tuam
1032 2352 1228 2417 voluntatem
1249 2354 1333 2418 laedi
1355 2376 1443 2420 ame
1463 2362 1578 2440 pulasl
1599 2359 1655 2422 uhi
1677 2359 1742 2423 tuis

417 2452 594 2520 commodis
622 2447 753 2514 officio‘t
782 2447 860 2533 quid
888 2447 945 2510 tihi
976 2447 1090 2510 ohstol
1125 2447 1158 2510 Si
1190 2448 1365 2531 spoliorum
1394 2470 1490 2514 causa
1510 2453 1558 2516 vis
1579 2454 1741 2517 hominem

416 2548 578 2621 occidere,
606 2543 771 2629 spoliasti3
799 2541 876 2625 quid
899 2541 1025 2625 quaeris
1048 2540 1207 2624 amplius?
1235 2543 1263 2606 si
1286 2543 1540 2621 inimicitiarum,
1562 2567 1645 2632 quae
1666 2554 1780 2610 suntao

416 2642 475 2708 tihi
503 2639 688 2705 inimicitiae
716 2657 788 2701 cnm
817 2655 873 2710 eo,
906 2635 997 2699 cuius
1026 2642 1100 2699 ante
1128 2637 1259 2720 praedia
1285 2639 1475 2721 possedisti,
1509 2660 1604 2725 quam
1635 2641 1742 2725 ipsum

416 2735 618 2822 cognovisti?
640 2733 667 2796 si
689 2739 808 2806 metus,
831 2731 870 2795 ah
893 2750 973 2794 eone
996 2730 1119 2815 aliquid
1141 2731 1270 2806 metuis,
1293 2751 1389 2815 44444
1405 2733 1496 2796 vides
1517 2735 1623 2818 ipsum
1645 2736 1685 2800 ah
1706 2755 1742 2800 se

416 2841 482 2897 tam
511 2837 650 2894 atrocem
678 2826 826 2889 iniuriam
854 2825 1040 2908 propulsare
1069 2844 1135 2887 non
1163 2828 1282 2909 pessel
1312 2827 1378 2903 sin,
1412 2828 1500 2912 quod
1525 2828 1625 2906 hona,
1658 2849 1742 2916 quae

416 2924 526 2990 Roscii
546 2923 691 2993 fnenrnt,
713 2926 769 2982 tua
788 2918 872 2982 facta
892 2925 982 2993 sunt,
1003 2918 1122 2981 idcirco
1143 2918 1230 2982 hunc
1252 2919 1339 2983 illius
1358 2918 1459 2984 lilium
1473 2923 1583 2987 studes
1598 2926 1741 3009 perdere,

418 3039 524 3085 nonne
556 3015 698 3081 ostendis
725 3013 758 3075 id
786 3020 818 3076 te
838 3013 956 3087 vereri,
979 3013 1067 3096 quod
1089 3019 1215 3096 praeter
1236 3021 1358 3077 ceteros
1379 3022 1415 3079 tn
1435 3021 1577 3081 metuere
1597 3038 1664 3082 non
1683 3019 1779 3084 deae

417 3116 509 3189 heas,
531 3131 572 3175 ne
589 3109 717 3193 quando
732 3107 840 3170 liberis
854 3108 1104 3191 proscriptorum
1118 3107 1203 3171 hona
1215 3108 1320 3190 patria
1333 3109 1529 3174 reddantur?
1561 3106 1634 3174 446.
1648 3111 1740 3175 Facis

417 3206 582 3279 iniuriam,
606 3202 824 3286 Chrysogono,
846 3201 875 3263 si
895 3201 1047 3263 maiorem
1069 3221 1160 3283 spem
1181 3201 1351 3284 emptionis
1373 3210 1446 3268 tuae
1467 3205 1502 3267 in
1519 3204 1617 3269 huius
1640 3204 1739 3268 exitio

418 3301 511 3387 ponis
534 3317 629 3384 quam
651 3296 685 3358 in
706 3296 746 3358 iis
768 3296 880 3370 rebus,
903 3313 983 3378 quas
1005 3294 1041 3356 L.
1064 3294 1153 3357 Sulla
1174 3294 1283 3378 gessit
1318 3295 1413 3370 Quod
1427 3297 1455 3360 si
1469 3297 1527 3360 tibi
1542 3319 1638 3363 causa
1651 3300 1741 3365 nulla

419 3403 479 3471 est,
512 3413 570 3457 cur
596 3391 680 3454 hunc
711 3389 861 3452 miserum
883 3394 969 3451 tanta
990 3389 1167 3453 calamitate
1188 3386 1270 3452 affici
1293 3389 1391 3463 velis,
1424 3391 1452 3455 si
1473 3392 1531 3454 tihi
1554 3394 1661 3458 omnia
1682 3413 1740 3459 sua

416 3495 542 3576 praeter
573 3486 710 3550 animam
742 3483 887 3557 tradidit,
919 3502 978 3546 nec
1007 3483 1069 3546 sihi
1084 3485 1268 3569 -quidquam
1289 3491 1456 3568 paternum
1477 3506 1519 3549 ne
1540 3487 1779 3559 monumentiss

419 3583 548 3668 quidem
576 3599 672 3643 causa
702 3579 784 3642 olam
811 3577 1001 3652 reservavit,
1029 3597 1087 3661 per
1113 3578 1191 3642 deos
1218 3579 1429 3654 immortales,
1458 3600 1542 3665 quae
1570 3581 1632 3643 ista
1652 3588 1741 3645 44444

416 3674 587 3740 crudelitas
608 3675 676 3736 est‘l
700 3692 783 3758 quae
804 3681 868 3736 tam
890 3671 957 3734 fera
972 3671 1186 3756 immanisque
1201 3675 1334 3736 natural
1357 3673 1438 3748 Quis
1452 3693 1606 3759 nmquam
1619 3676 1739 3759 praedo

481 3880 505 3928 l.
523 3879 591 3929 sotio
608 3880 637 3928 G.
652 3904 679 3914 -
698 3877 722 3927 4.
741 3877 802 3928 Secu.
815 3878 916 3928 Roscios
931 3876 1034 3940 Madvig
1046 3877 1102 3941 (Op.
1116 3879 1136 3928 l.
1148 3890 1175 3942 p.
1189 3876 1269 3941 real:
1287 3878 1330 3928 ssd
1347 3879 1448 3929 Roscius
1459 3877 1548 3942 codd,
1566 3880 1596 3931 0.
1611 3907 1639 3917 -
1657 3878 1682 3931 4.
1694 3880 1742 3929 im·

411 3954 510 4020 poitur
524 3965 625 4004 moreto
639 3952 750 4002 44444444
765 3965 796 4011 νς
814 3953 944 4015 imperitus
958 3965 1044 4002 renen
1059 3965 1116 4002 var.
1135 3950 1212 4003 lectio
1229 3954 1257 4003 in
1273 3965 1358 4018 marg.
1371 3953 1476 4015 hamb..
1494 3967 1564 4020 qnae
1580 3955 1672 4020 utique
1690 3953 1741 4005 tre-

415 4031 539 4098 gnentior
556 4027 652 4080 locutio
670 4029 719 4078 est.
734 4054 762 4063 -
780 4028 830 4077 isto
846 4029 939 4091 444444]
956 4028 1041 4078 omnio
1056 4027 1102 4077 itta
1118 4029 1156 4087 G;
1175 4040 1228 4078 om.
1246 4029 1297 4078 isto
1308 4029 1339 4079 ll.
1355 4055 1382 4065 -
1401 4028 1426 4079 6.
1439 4042 1456 4079 o
1468 4029 1539 4080 codis
1549 4030 1579 4080 G.
1594 4056 1622 4065 -
1641 4027 1682 4078 40.
1695 4028 1742 4078 od·

414 4105 557 4158 murrii
573 4105 651 4154 Gao.
671 4128 698 4140 —
717 4103 834 4166 adpendit
850 4105 879 4154 G.
901 4130 928 4140 -
947 4104 987 4153 44.
1005 4102 1297 4167 commodique
1314 4103 1566 4155 multosdidit
1581 4105 1611 4154 4.
1629 4104 1742 4154 4444444-

414 4194 495 4235 raeus
512 4177 659 4231 etiamn:
677 4179 828 4242 eoumque
843 4179 909 4230 dedit
924 4192 952 4229 os
966 4191 1039 4229 44444
1055 4177 1099 4228 tihi
1115 4178 1373 4239 tradiditGllvac,
1392 4177 1471 4230 codd.
1490 4177 1547 4230 rell.
1561 4203 1589 4217 -
1609 4177 1651 4229 44.
1668 4176 1743 4228 sedus

414 4271 469 4311 om.
487 4257 518 4309 G.
539 4279 567 4293 -
587 4254 629 4306 44.
642 4267 690 4318 per
704 4253 736 4320 ts]
755 4259 839 4318 petere
854 4256 906 4307 444.
925 4280 954 4291 -
970 4254 999 4304 io
1014 4257 1147 4318 4444444444
1162 4252 1298 4314 GSl'xv.
1319 4280 1347 4291 -
1372 4254 1413 4304 44.
1430 4258 1466 4305 sat
1480 4259 1505 4306 st
1520 4266 1552 4305 c:
1577 4258 1639 4305 44444
1655 4254 1740 4305 (illc

414 4335 505 4394 lim
523 4329 711 4393 mulae:
733 4331 810 4381 sats.
832 4356 859 4365 —
878 4328 948 4393 4444]
965 4341 1086 4391 quamv.
1107 4355 1135 4365 -
1158 4327 1198 4378 46.
1216 4328 1371 4378 44444444.
1390 4353 1420 4365 -
1438 4328 1642 4381 amulii
1664 4328 1739 4378 eti:

414 4421 469 4460 om.
486 4411 516 4458 44
530 4417 610 4468 vac,
637 4402 715 4456 oodd.
733 4403 790 4455 rell.
808 4406 876 4466 noti,
894 4404 924 4455 0.
945 4430 972 4440 -
990 4404 1096 4466 souma]
1118 4415 1209 4467 ssooor
1224 4405 1246 4453 G
1263 4403 1359 4466 (ortum
1375 4415 1409 4454 ex
1424 4407 1540 4471 asrsom).
1560 4432 1588 4442 -
1616 4402 1657 4454 48.
1674 4403 1742 4454 laedi

415 4488 486 4534 44444
499 4480 596 4532 colent.
614 4491 639 4530 a
653 4505 682 4516 -
696 4484 774 4543 pulos
789 4491 842 4530 om.
857 4482 886 4530 G.
901 4506 929 4515 —
948 4479 989 4529 40.
1002 4478 1245 4541 4444444444ίνοτ
1265 4491 1319 4528 orn.
1332 4477 1478 4542 Glisma.
1494 4507 1521 4515 -
1539 4479 1581 4530 44.
1599 4478 1737 4529 mutili:

415 4563 491 4610 satec
506 4557 611 4608 Orac.
626 4581 653 4592 -
671 4555 713 4607 44.
731 4556 866 4620 cogitootsll
877 4555 992 4605 GTvo:
1010 4554 1120 4618 cognosti
1136 4554 1224 4605 lllOa.
1250 4552 1320 4603 Vera
1331 4551 1438 4603 ridetur
1455 4550 1558 4618 plenior
1573 4551 1659 4604 torma
1675 4565 1740 4617 pro-

415 4634 475 4699 pter
490 4629 731 4683 homoeoteleuton.
746 4658 774 4668 -
792 4632 907 4682 44444444
917 4627 1021 4694 hladvig
1038 4630 1092 4693 (op.
1106 4630 1126 4680 l.
1145 4642 1171 4693 p.
1185 4626 1267 4691 444.);
1284 4628 1323 4678 ato
1338 4628 1427 4679 motois
1443 4627 1521 4680 codd.
1534 4629 1570 4688 0;
1590 4633 1670 4679 444444
1684 4627 1739 4678 iam

416 4707 564 4771 heusinger
587 4707 750 4767 coniecerst;
777 4706 811 4757 de
831 4707 853 4757 ss·
874 4707 963 4756 autem
980 4719 1007 4755 v.
1025 4704 1059 4756 44.
1077 4702 1199 4767 seyderti
1220 4705 1291 4765 spot.
1308 4703 1424 4754 44444444
1439 4716 1467 4769 p.
1484 4704 1509 4753 o.
1528 4695 1739 4767 (lirandenburgl

416 4780 498 4846 4448.)
518 4807 547 4818 -
572 4781 669 4846 ollpold
687 4787 783 4834 metues
799 4781 876 4844 dud..
899 4783 1007 4840 Frena,
1034 4777 1082 4831 sed
1104 4778 1193 4829 firmet
1209 4777 1381 4829 indicativum
1396 4779 1474 4830 arus.
1492 4779 1571 4829 lless.
1589 4788 1616 4841 p.
1629 4774 1686 4826 444.
1706 4799 1735 4812 -

416 4856 488 4908 slas
504 4857 606 4908 Gllll:
625 4870 683 4907 oss
699 4857 787 4917 CTv3
806 4856 838 4906 ob
854 4869 904 4908 seso
920 4858 997 4908 an.
1018 4882 1045 4890 -
1063 4855 1105 4905 43.
1123 4855 1162 4904 sis
1178 4855 1244 4917 oasod
1260 4867 1292 4904 c:
1311 4867 1364 4905 om.
1384 4855 1584 4918 orsodGllva,
1601 4850 1735 4903 ton.-

416 4932 456 4983 44.
473 4937 497 4983 ts
513 4944 567 4982 om.
584 4945 610 4983 v.
631 4959 658 4968 -
677 4931 779 4983 4444444
794 4932 862 4981 coni.
882 4932 1037 4995 Heusinger.
1057 4957 1085 4966 -
1103 4929 1145 4980 46.
1162 4930 1226 4993 focis
1241 4929 1364 4980 esium
1378 4930 1408 4980 1..
1425 4929 1522 4993 844444,
1540 4929 1696 4991 &casopolis
1706 4928 1735 4978 1..

419 5007 503 5057 -47,
522 5007 750 5058 dmotorsrnom.
769 5020 794 5056 v.
815 5033 842 5043 —
860 5005 902 5058 48.
920 5005 1036 5056 tirel:
1055 5004 1218 5056 44444444.
1239 5032 1267 5041 -
1285 5005 1377 5056 aiom.
1395 5018 1421 5056 v.
1441 5031 1470 5043 -
1487 5004 1735 5055 4444444444.-

418 5081 458 5132 44.
475 5082 551 5146 adfici
567 5082 596 5131 G.
616 5108 644 5118 -
662 5081 703 5130 30.
718 5080 828 5146 4444444]
843 5086 948 5144 propter
964 5081 997 5131 44.
1013 5104 1040 5116 -
1058 5093 1089 5130 44
1105 5081 1222 5130 maeoti
1238 5082 1305 5144 ou.
1320 5107 1348 5116 -
1366 5080 1407 5132 34.
1424 5078 1585 5130 cosmatum
1600 5077 1738 5128 mavorte

419 5154 469 5224 Pal.
488 5158 512 5206 4.
531 5157 559 5207 44
573 5162 617 5219 sp:
636 5169 715 5206 coros
730 5156 798 5207 ctare
813 5157 922 5207 seroooit
937 5156 1082 5215 GCllSv,
1102 5154 1155 5206 Pal.
1169 5155 1207 5215 3.;
1226 5170 1306 5207 coreo
1320 5157 1384 5207 dore
1399 5155 1506 5206 movit
1521 5154 1582 5216 Τχ,
1600 5154 1637 5204 st.
1655 5152 1734 5213 vict,

419 5229 469 5282 Pal.
487 5232 525 5293 8.;
551 5244 629 5282 corun
653 5233 788 5282 rcewoott
811 5232 837 5284 44
845 5234 865 5283 0
874 5245 890 5282 4
899 5245 931 5293 4,
959 5230 1031 5295 quod
1052 5230 1170 5295 praefert
1185 5233 1272 5285 Garat.
1292 5232 1338 5296 (4),
1361 5230 1407 5296 qui
1422 5232 1525 5283 ceteras
1541 5228 1684 5280 4444444444
1701 5239 1735 5279 ex

416 5304 586 5373 dtwmphia
600 5319 660 5359 voc.
678 5307 823 5373 caroasco)
840 5308 912 5359 ortas
928 5307 1071 5360 eruumat.
