4367 6109
660 622 730 688 nn.
752 623 806 687 ru.
836 622 909 687 cu.
932 621 1247 688 nxxv-nxxvr.
1277 619 1334 705 33.
1356 616 1546 685 trs-rra.
1702 606 1765 679 299

441 790 673 857 Halesinorum.
696 793 752 856 Cui
767 792 932 874 pecuniam
948 791 1052 855 datam
1067 790 1163 856 diciti
1184 793 1253 867 nic,
1268 793 1319 856 dic
1332 791 1427 856 etiam
1442 791 1571 854 clariust
1586 790 1764 859 Voccarto,

440 888 651 962 Tuncrum,
675 888 812 952 Maavro.
855 885 996 949 LXXVI.
1025 886 1110 962 Quid
1133 893 1196 962 est,
1219 889 1353 951 Verres?
1382 908 1422 950 ne
1444 886 1529 949 illam
1553 881 1680 967 quidem
1701 879 1760 945 tibi

441 981 657 1046 defensionem
685 979 840 1063 reliquam
873 978 992 1053 fecisti,
1025 982 1186 1064 mancipes
1215 984 1249 1047 in
1279 983 1350 1045 istis
1378 982 1471 1045 rebus
1501 999 1570 1042 esse
1599 973 1763 1039 versatos?

438 1075 598 1159 mancipes
618 1075 809 1137 frumentum
829 1072 1043 1157 improbasse?
1073 1074 1234 1157 mancipes
1256 1075 1358 1158 pretio
1382 1094 1452 1136 cum
1476 1070 1654 1135 civitatibus
1676 1064 1762 1128 deci·

440 1167 524 1232 disse
551 1174 584 1231 ot
610 1169 738 1231 eosdem
769 1166 825 1230 abs
854 1175 884 1231 te
907 1167 1031 1230 illarum
1058 1167 1218 1231 civitatum
1246 1167 1374 1230 nomine
1404 1167 1557 1251 pecunias
1587 1160 1789 1235 abstulissem

440 1260 555 1324 deinde
576 1261 664 1344 ipsos
685 1261 746 1324 sibi
767 1261 959 1325 frumentum
981 1260 1145 1334 coemisse,
1168 1260 1248 1323 nihil
1268 1260 1348 1324 haec
1362 1260 1402 1323 ad
1418 1267 1448 1322 te
1463 1259 1643 1345 pertineret
1672 1252 1766 1327 blalo,

439 1354 634 1430 mehercule,
662 1376 699 1419 ac
721 1357 835 1419 misera
856 1355 1001 1419 defensio
1023 1362 1200 1438 praetorem
1226 1354 1287 1417 boc
1309 1355 1435 1429 dicere,
1469 1356 1553 1436 «Ego
1574 1352 1765 1414 frumentum

440 1469 544 1533 neque
573 1449 677 1533 attigi,
700 1470 805 1534 neque
835 1448 985 1534 adspexi:
1022 1446 1219 1530 mancipibus
1248 1455 1437 1531 potestatem
1466 1445 1618 1532 probandi
1648 1442 1767 1523 impro-

438 1542 600 1627 bandique
622 1544 769 1626 permisi:
793 1544 951 1628 mancipes
974 1564 992 1606 a
1015 1542 1194 1606 civitatibus
1216 1541 1367 1625 pecunias
1390 1546 1608 1604 extorserunt:
1630 1554 1688 1618 ego
1711 1552 1767 1596 au-

439 1647 513 1709 tem,
536 1656 630 1720 quam
652 1639 816 1722 pecuniam
839 1636 965 1721 populis
990 1637 1065 1700 dare
1088 1635 1201 1709 debui,
1224 1635 1419 1719 mancipibus
1442 1633 1545 1696 dedi.»
1591 1627 1662 1694 t7o.
1684 1628 1803 1692 blalato

440 1740 488 1796 est
508 1732 586 1795 baec
609 1732 756 1814 quidem,
785 1739 820 1794 ut
842 1731 926 1805 dixi,
950 1731 1109 1804 defensio,
1132 1750 1168 1792 ac
1190 1729 1297 1812 potius
1319 1728 1444 1811 perdita
1466 1728 1672 1790 maximomm
1694 1743 1768 1807 pec·

440 1833 596 1901 catorum,
624 1823 720 1889 buius
741 1835 847 1890 autem
871 1835 901 1889 et
923 1825 1099 1908 iniquitatis
1123 1832 1155 1887 et
1176 1823 1311 1886 inertiae
1334 1820 1508 1896 confessio,
1537 1840 1601 1883 non
1624 1818 1767 1882 defensio

440 1919 598 1984 criminis:
620 1918 676 1983 sed
698 1927 803 1982 tamen
824 1918 884 1982 hac
906 1920 975 2003 ipsa
997 1918 1064 1992 tibi,
1087 1920 1115 1982 si
1137 1919 1185 1980 uti
1207 1918 1327 2000 cupias,
1350 1916 1523 1981 nonlicet:
1546 1922 1631 1978 vetat
1646 1923 1677 1976 tc
1694 1912 1768 1977 Vol'-

440 2012 551 2087 catius,
575 2022 647 2077 tuae
670 2020 860 2096 tuorumque
883 2012 1025 2087 deliciae,
1048 2011 1240 2075 mentionem
1264 2012 1417 2096 mancipis
1438 2010 1552 2073 facere.
1596 2005 1769 2075 Timarchi-

440 2106 496 2171 des
518 2114 633 2181 auom,
656 2106 801 2171 columen
823 2107 961 2171 familiae
983 2115 1116 2181 vestrae,
1138 2107 1253 2189 premit
1274 2105 1380 2169 fauces
1403 2103 1597 2169 defensionis
1612 2111 1695 2175 tuae,
1717 2098 1806 2162 cutes

439 2199 533 2264 simul
555 2207 587 2264 et
600 2200 745 2264 Volcatio
767 2202 903 2285 pecunia
923 2222 942 2265 a
964 2201 1091 2264 civitate
1114 2209 1279 2264 numerata
1301 2209 1359 2263 est.
1388 2200 1454 2264 lam
1477 2220 1551 2263 vero
1574 2197 1675 2261 scriba
1696 2203 1769 2260 tuus

439 2293 535 2358 anulo
563 2312 660 2357 aureo
691 2314 765 2368 suo,
798 2316 891 2378 quem
922 2316 963 2357 ex
991 2293 1042 2357 his
1068 2294 1163 2357 rebus
1191 2295 1330 2368 invenit,
1360 2295 1420 2358 ista
1442 2301 1472 2357 te
1494 2293 1616 2356 ratione
1636 2289 1682 2354 uti
1704 2308 1769 2353 non

440 2388 533 2451 sinet
577 2386 663 2463 Quid
686 2388 782 2471 igitur
804 2395 852 2451 est
874 2389 1047 2472 reliquum,
1076 2388 1138 2452 nisi
1161 2389 1207 2451 uti
1229 2388 1348 2453 fateare
1371 2398 1401 2451 te
1423 2390 1552 2452 Romam
1578 2385 1768 2450 frumentum

439 2487 579 2563 emptum
601 2481 779 2546 Siculorum
809 2484 946 2567 pecunia
973 2482 1113 2556 misisse,
1143 2482 1299 2566 publicam
1330 2483 1497 2567 pecuniam
1526 2480 1653 2545 domum
1683 2484 1770 2542 tuam

439 2574 654 2639 convertisset
699 2575 726 2638 0
749 2577 945 2641 consuetudo
974 2575 1140 2662 peccandi,
1168 2581 1317 2659 quantam
1344 2577 1441 2639 habes
1463 2574 1690 2640 iucunditatem
1711 2571 1806 2637 ini-to

439 2669 545 2752 probis
569 2676 600 2731 et
621 2668 803 2745 audacibus,
826 2692 896 2735 cum
919 2692 1022 2754 poena
1037 2669 1137 2734 abfuit
1153 2680 1185 2734 et
1198 2671 1327 2734 licentia
1341 2679 1511 2735 consecuta
1526 2669 1589 2733 estl
1619 2663 1691 2730 ⁴77.
1705 2666 1769 2730 lste

439 2765 473 2826 in
494 2761 556 2824 hoc
578 2781 694 2844 genere
715 2764 881 2847 peculatus
904 2786 969 2827 non
992 2786 1075 2829 nunc
1097 2765 1233 2848 primum
1256 2766 1433 2840 invenitur,
1459 2764 1515 2827 sed
1539 2783 1621 2828 nunc
1643 2761 1768 2826 demum

440 2864 577 2920 tenetur.
631 2856 776 2922 Vidimus
808 2856 881 2922 huic
914 2859 952 2922 ab
985 2859 1107 2922 aerario
1141 2859 1307 2942 pecuniam
1340 2860 1498 2922 numerari
1533 2857 1693 2945 quaestori
1729 2854 1768 2920 sd

441 2958 598 3035 sumptum
621 2951 780 3015 exercitus
803 2952 996 3015 consularis:
1026 2952 1164 3015 vidimus
1184 2953 1293 3037 paucis
1320 2961 1393 3037 post
1414 2952 1575 3017 mensibus
1597 2959 1629 3014 et
1650 2948 1770 3014 exerci-

441 3050 505 3107 tum
528 3051 560 3106 et
582 3044 743 3109 consulem
771 3046 952 3128 spoliatum.
994 3045 1053 3109 Illa
1081 3045 1185 3109 omnis
1211 3048 1346 3131 pecunia
1374 3046 1466 3110 latuit
1494 3049 1527 3111 in
1555 3047 1609 3110 illa
1636 3044 1807 3129 caliginosa

439 3158 475 3201 ac
499 3136 655 3213 tenebris,
685 3159 767 3225 quae
794 3148 893 3204 totam
916 3146 986 3203 'rem
1008 3138 1166 3224 publicam
1195 3150 1260 3205 tum
1289 3150 1490 3225 occuparant.
1533 3142 1649 3205 ltemm
1672 3140 1770 3224 gessit

440 3230 664 3296 hereditariam
690 3241 913 3319 quaesturam,
940 3254 1011 3297 cum
1042 3253 1061 3297 a
1087 3230 1251 3297 Dolabella
1279 3254 1423 3318 magnam
1450 3235 1617 3320 pecuniam
1647 3232 1769 3315 avertit,

441 3325 496 3389 sed
527 3328 596 3390 cius
624 3327 779 3389 rationem
809 3348 881 3389 cnm
914 3326 1115 3391 damnatione
1143 3327 1328 3391 Dolabellae
1357 3329 1547 3412 permiscuit.
1597 3327 1770 3391 Commissa

441 3429 490 3484 est
510 3420 644 3503 pecunia
668 3428 752 3483 tanta
774 3421 928 3505 praetori:
960 3437 1025 3483 non
1051 3421 1216 3506 reperietis
1240 3404 1405 3486 bominem
1437 3422 1545 3485 timide
1571 3442 1631 3486 nec
1658 3419 1770 3484 leviter

440 3513 517 3577 haec
545 3513 776 3598 improbissima
799 3512 890 3577 lucra
910 3514 1130 3597 ligurientem3
1159 3514 1311 3580 devorare
1334 3537 1458 3580 omnem
1480 3516 1644 3599 pecuniam
1666 3512 1806 3598 publi-³0

441 3628 507 3671 cam
530 3628 595 3670 non
618 3603 783 3671 dubitavit.
824 3606 874 3669 lta
895 3607 995 3691 serpit
1011 3607 1096 3671 'illud
1119 3609 1249 3672 insitum
1271 3612 1305 3673 in
1327 3617 1440 3673 natura
1461 3608 1577 3675 malum
1600 3612 1769 3672 consuetu·

440 3701 514 3766 dine
536 3700 688 3786 peccandi
710 3699 824 3774 libera,
848 3700 948 3765 finem
970 3701 1122 3789 audaciae
1145 3711 1180 3766 ut
1202 3711 1340 3768 statuere
1359 3705 1431 3787 'ipse
1453 3723 1519 3767 non
1541 3704 1651 3787 possit
1695 3693 1768 3761 478.

440 3796 580 3857 Tenetur
608 3794 704 3877 igitur
730 3792 918 3878 aliquando,
955 3804 988 3860 et
1015 3796 1048 3858 in
1076 3797 1170 3861 rebus
1200 3819 1271 3861 cum
1301 3798 1463 3873 maximis,
1497 3805 1563 3861 tum
1593 3795 1768 3863 manifestis

506 4119 530 4169 4.
543 4120 583 4169 dic
593 4117 677 4170 semel
690 4119 862 4182 habentVo.
877 4120 910 4171 ci.
921 4121 946 4185 g.
957 4122 1013 4173 too.
1026 4121 1081 4172 497.
1102 4120 1207 4187 filecto,
1225 4122 1303 4174 abest
1313 4121 1425 4174 alterum
1437 4124 1477 4175 dic
1488 4125 1569 4175 ettam
1580 4137 1596 4174 a
1608 4123 1676 4187 4344
1688 4124 1716 4174 ct
1725 4122 1768 4184 43,

439 4195 473 4246 de
491 4208 543 4260 qua
560 4208 590 4246 re
601 4196 628 4245 Ζ.
646 4194 735 4260 tacet]
752 4224 779 4233 -
797 4197 821 4246 4.
839 4196 972 4261 MAEVIO]
988 4198 1071 4248 uicino
1087 4197 1173 4262 4344;
1192 4199 1302 4250 Meniod
1319 4197 1369 4249 alii.
1385 4227 1413 4236 -
1431 4198 1476 4248 tibi
1492 4200 1591 4262 quiden
1606 4197 1684 4262 4344.
1699 4226 1727 4236 -
1743 4198 1767 4249 8.

438 4271 527 4334 aspexi
537 4270 575 4329 V,
592 4270 690 4333 tmpecr'
701 4269 770 4334 4344
781 4270 812 4322 N.
832 4271 900 4322 «Sed
916 4270 1001 4323 levius
1013 4286 1072 4323 voc.
1086 4273 1206 4325 hocloco
1218 4276 1329 4339 aptius».
1343 4275 1388 4325 Os.
1401 4275 1420 4324 1.
1439 4275 1522 4339 idque
1534 4277 1673 4339 praeterea
1685 4285 1770 4324 anno-

440 4346 589 4397 minationis
600 4344 683 4409 figura
701 4346 727 4396 in
744 4345 852 4412 paribus
868 4346 997 4398 membris
1015 4349 1184 4400 usitatissima
1202 4348 1413 4401 commendatur.
1426 4377 1453 4386 -
1472 4349 1497 4400 9.
1512 4349 1679 4411 pecuotumV
1696 4349 1767 4414 (ert.

442 4448 469 4458 -
489 4422 528 4471 to.
546 4420 616 4470 molo
632 4426 667 4471 est
682 4446 697 4458 -
714 4448 728 4459 ·
744 4421 856 4471 criminis
872 4420 905 4473 l:
930 4422 1001 4472 moto
1024 4429 1059 4473 est
1074 4424 1136 4474 boec
1153 4425 1264 4487 widem,
1287 4430 1316 4474 nt
1335 4425 1402 4483 dixi,
1426 4438 1458 4474 oc
1469 4429 1555 4487 potios
1567 4426 1667 4488 perdito
1682 4424 1770 4474 moal·

438 4508 538 4544 morum
550 4501 720 4558 peccatorum,
740 4496 813 4546 buius
824 4498 906 4547 cutem
917 4498 1059 4560 iniquitatis
1068 4504 1092 4548 et
1109 4499 1215 4549 inertiae
1225 4499 1375 4562 confessione
1386 4499 1540 4563 (confession.
1553 4500 1582 4564 F)
1599 4502 1706 4565 defensio
1716 4500 1770 4550 cri-

439 4570 513 4620 minis
528 4570 593 4628 VF;
610 4571 681 4621 molo
696 4576 731 4621 est
748 4571 823 4630 baec,
842 4576 870 4621 ut
885 4573 953 4633 dici,
980 4573 1085 4636 &senno
1101 4574 1174 4623 crim.
1194 4573 1272 4624 codd.
1292 4573 1372 4631 dett.;
1393 4574 1463 4624 mdo
1478 4580 1513 4624 est
1528 4575 1589 4625 bncc
1608 4576 1719 4639 quidm,
1741 4578 1770 4624 ut

440 4645 508 4705 ttici,
527 4643 567 4710 [uc
581 4646 664 4706 potios
677 4646 787 4711 perdito]
805 4647 911 4710 defensio
927 4649 999 4698 crim.
1013 4647 1042 4698 0.
1058 4674 1086 4685 -
1107 4647 1147 4698 43.
1166 4652 1248 4699 tomen
1265 4661 1320 4698 om.
1338 4649 1430 4700 Maius.
1450 4648 1501 4714 [est
1516 4651 1541 4700 in
1554 4651 1575 4699 V
1587 4653 1654 4702 teste
1671 4650 1725 4713 Br.]
1739 4676 1767 4686 -

440 4718 480 4771 tl.
493 4720 626 4784 moorripiis
635 4722 666 4772 V.
681 4722 741 4783 (br.)
754 4749 780 4758 ·
799 4722 839 4773 46.
853 4723 1021 4773 ocioitodbos
1032 4723 1062 4772 V.
1076 4751 1105 4761 ·-
1124 4728 1164 4773 tos
1173 4724 1203 4773 V.
1216 4751 1241 4760 -
1258 4725 1297 4774 43.
1317 4725 1393 4774 anuto
1403 4725 1426 4772 V
1438 4727 1465 4775 et
1482 4725 1497 4774 7
1515 4726 1608 4789 Lngg.:
1627 4727 1721 4776 annoto
1737 4724 1766 4776 0.

441 4824 467 4832 -
480 4796 525 4862 bis]
543 4797 564 4847 ts
581 4798 605 4860 (i.
620 4811 645 4848 e.
657 4798 695 4856 iis)
707 4798 739 4847 V.
750 4826 776 4834 -
795 4797 836 4849 48.
848 4798 952 4849 relicom
968 4799 1015 4847 nui
1031 4803 1058 4847 ot
1068 4798 1100 4848 V.
1116 4823 1142 4834 -
1163 4798 1203 4850 43.
1219 4799 1353 4861 pemntcm
1369 4801 1425 4851 mis.
1437 4800 1460 4848 V
1472 4800 1521 4862 (est
1534 4802 1667 4863 pecuniam
1678 4803 1703 4851 in
1716 4800 1768 4852 dne

438 4872 587 4935 versus).—
598 4874 733 4935 pecuniam
750 4886 803 4923 orn.
815 4871 894 4936 4344.
910 4901 937 4911 -
956 4874 997 4923 444.
1016 4874 1134 4923 αυονιίεω
1151 4874 1179 4923 4.
1195 4902 1222 4910 -
1241 4874 1267 4922 tn
1284 4875 1360 4936 impr.
1374 4873 1482 4924 detto·
1497 4903 1524 4912 -
1542 4877 1583 4926 44,
1599 4889 1707 4939 poenam
1721 4876 1770 4940 fult

437 4948 458 4998 Α
471 4947 491 4997 Β
510 4950 543 5010 tp.
556 4948 603 5011 m.)
616 4949 637 4997 V
655 4946 751 5012 [ortum
770 4961 802 4998 ex
819 4948 1031 5007 POENAAFVIT,
1050 4951 1079 4998 ut
1090 4949 1174 4999 edidit
1189 4948 1311 5015 Lamb.];
1326 4963 1410 5012 poeno
1421 4950 1503 5012 adsuit
1513 4951 1581 5014 4349
1594 4950 1634 5000 li.
1650 4975 1677 4986 -
1696 4948 1766 5001 ticon

438 5023 501 5072 tium
518 5023 547 5072 V.
568 5051 595 5060 -
614 5023 655 5074 43.
673 5024 783 5074 uidentes
798 5021 876 5087 4344.
898 5051 924 5060 -
943 5021 984 5074 et.
1003 5036 1078 5073 meos.
1096 5030 1153 5087 post
1165 5025 1256 5087 poecis
1273 5022 1350 5088 4344.
1366 5052 1394 5061 -
1413 5025 1453 5074 45.
1472 5025 1557 5074 omnio
1574 5024 1636 5088 (om.
1651 5025 1767 5090 pecunia)

440 5096 517 5161 4344.
528 5125 555 5134 -
567 5098 608 5148 46.
622 5104 775 5161 occuparunt
785 5097 855 5162 4344
864 5115 887 5161 φ
899 5113 904 5148 :
923 5105 1108 5162 occupaverant
1120 5100 1188 5164 4349
1197 5099 1230 5157 0;
1249 5105 1415 5163 occupaverat
1432 5096 1488 5150 rell.
1500 5126 1528 5136 -
1547 5100 1588 5150 47.
1602 5113 1659 5149 com
1670 5114 1687 5150 o
1698 5097 1768 5164 4344

440 5173 478 5223 N:
497 5185 515 5221 a
526 5185 579 5223 orn.
593 5176 638 5224 ctt.
652 5175 686 5232 0,
706 5173 915 5238 interpunctione
928 5175 967 5225 sic
981 5177 1096 5225 mutata:
1115 5179 1276 5238 quaesturam
1291 5188 1348 5225 nen
1364 5175 1511 5227 Dolabella:
1528 5188 1649 5238 mopnom
1664 5187 1725 5241 sqq.
1738 5202 1765 5213 -

440 5246 480 5297 34.
500 5246 620 5297 dubitabit
639 5247 717 5312 4344,
743 5274 771 5285 -
797 5249 823 5298 tc
840 5261 894 5299 om.
914 5246 990 5312 4344.
1011 5276 1038 5285 -
1067 5249 1107 5300 34.
1127 5250 1250 5300 auduom
1265 5255 1293 5299 ot
1309 5247 1396 5315 Lglft
1420 5255 1448 5300 ret
1464 5249 1524 5300 oud.
1543 5248 1601 5300 rell.
1620 5250 1650 5302 0.
1670 5275 1697 5288 ··
1716 5251 1768 5316 ipsc

437 5320 483 5371 sibi
499 5321 565 5373 dett.
584 5322 613 5373 0.
635 5349 662 5360 ·-
680 5321 721 5373 33.
739 5335 797 5374 com
812 5323 961 5393 44443444
980 5338 1057 5391 qoam
1073 5321 1155 5391 4344;
1173 5330 1227 5378 tren
1243 5323 1309 5379 dett.
1327 5324 1357 5381 0.
1377 5348 1405 5363 -
1423 5325 1557 5379 miror&
1572 5322 1650 5393 4344.
