4367 6109
453 575 516 643 432
823 579 866 642 IN
886 578 1053 643 VERREM
1072 577 1196 642 ACTIO
1220 578 1403 644 SECUNDA

453 748 582 811 haberet
604 765 644 810 ex
665 753 822 810 conventu
846 747 1059 829 Syracusano,
1082 747 1231 830 quicum
1251 769 1315 813 non
1337 749 1441 813 solum
1455 754 1702 832 cognoscerent,
1726 746 1784 812 sed

454 843 549 906 etiarn
579 839 776 904 lacrimantes
805 860 842 903 ac
870 848 901 903 te
924 840 1130 924 implorantes
1153 840 1374 917 defenderent,
1401 852 1505 906 tamen
1528 842 1784 927 inspectantibus

453 935 599 998 omnibus
622 935 828 1019 Syracusanis
851 936 953 998 securi
981 955 1149 1017 percussus
1176 944 1234 999 est.
1276 937 1368 999 Hunc
1390 956 1518 1019 quoque
1539 944 1654 1002 testem
1675 956 1782 1001 meum

452 1027 554 1091 refelli
577 1037 609 1091 et
629 1028 719 1091 illum
741 1029 937 1091 Herennium
959 1029 1171 1091 Sertorianum
1193 1028 1290 1093 fuisse
1312 1031 1367 1093 abs
1387 1038 1418 1092 te
1434 1031 1640 1096 demonstrari
1657 1040 1689 1096 et
1706 1050 1783 1115 pro·

428 1123 519 1185 abari
542 1123 625 1186 volo.
669 1123 735 1184 Lx.
758 1117 829 1184 156.
853 1122 938 1197 Quid
960 1121 999 1183 de
1027 1121 1081 1184 illa
1104 1121 1304 1187 multitudine
1327 1124 1467 1187 dicemus
1489 1143 1614 1198 eorum,
1650 1124 1708 1208 qui
1731 1142 1784 1186 ca·

452 1216 570 1298 pitibus
603 1216 753 1302 involutis
784 1216 817 1277 in
850 1216 1023 1298 piratarum
1052 1216 1246 1298 captivorum
1278 1237 1410 1281 numero
1439 1216 1714 1300 producebantur,
1747 1223 1783 1281 ut

452 1310 552 1373 securi
573 1308 764 1372 ferirentur?
808 1308 898 1384 Quae
929 1310 988 1370 ista
1017 1329 1099 1372 nova
1126 1309 1306 1391 diligentia,
1336 1332 1432 1395 quam
1458 1312 1499 1375 ob
1521 1331 1649 1374 causam
1669 1312 1783 1376 abste

451 1405 649 1486 excogitata?
678 1424 717 1466 an
751 1411 781 1466 te
808 1404 842 1465 L.
869 1402 969 1465 Flavii
997 1410 1238 1486 ceterorumque
1268 1404 1307 1467 de
1338 1405 1372 1466 L.
1399 1405 1561 1468 Herennio
1590 1405 1782 1469 vociferatio

451 1498 689 1561 commovebat?
722 1519 761 1561 an
791 1499 832 1561 Μ.
854 1497 965 1570 Annii,
997 1498 1171 1579 gravissimi
1195 1505 1292 1581 atque
1314 1498 1530 1562 honestissimi
1550 1499 1626 1574 viri,
1655 1519 1782 1563 summa

413 1609 441 1656 4ο
451 1593 619 1656 auctoritas
648 1593 743 1676 paulo
775 1592 1006 1675 diligentiorem
1039 1591 1295 1675 timidioremque
1323 1591 1462 1654 fecerat?
1503 1593 1558 1675 qui
1588 1613 1693 1676 nuper
1719 1613 1780 1677 pro

451 1686 633 1749 testimonio
660 1707 723 1750 non
752 1687 906 1750 advenam
936 1686 1043 1748 nescio
1079 1705 1173 1768 quem
1209 1705 1267 1748 nec
1297 1686 1452 1759 alienum,
1486 1685 1543 1748 sed
1573 1706 1648 1750 enm
1675 1687 1781 1750 civem

450 1781 643 1856 Romanum,
670 1781 726 1865 qui
755 1782 901 1846 omnihus
932 1781 964 1842 in
994 1779 1049 1841 illo
1080 1787 1238 1842 conventu
1268 1787 1381 1854 notus,
1411 1780 1466 1863 qui
1491 1780 1655 1864 Syracusis
1683 1789 1780 1845 natus

451 1882 544 1949 esset,
566 1876 622 1938 abs
644 1882 674 1939 te
696 1877 798 1939 securi
821 1895 1006 1958 percussum
1028 1894 1098 1936 csse
1121 1873 1212 1935 dixit.
1249 1869 1320 1937 157.
1343 1877 1418 1938 Post
1438 1875 1520 1938 banc
1541 1875 1668 1940 illorum
1691 1875 1782 1939 roci·

450 1968 646 2044 serationem,
670 1972 844 2053 posthanc
866 1990 1064 2034 communem
1085 1969 1201 2033 famam
1223 1977 1318 2053 atque
1340 1970 1572 2054 querimoniam
1587 1989 1653 2032 non
1669 1968 1781 2032 mitior

413 2063 483 2126 ltin
498 2064 664 2147 supplicio,
686 2065 741 2127 sed
757 2064 939 2147 diligentior
953 2084 1022 2127 esse
1038 2064 1160 2146 coepit:
1182 2064 1336 2148 capitibus
1352 2065 1502 2129 involutis
1517 2065 1603 2128 cives
1617 2066 1780 2127 Rommos

451 2157 491 2220 nd
514 2178 623 2221 necem
644 2160 817 2242 producere
839 2158 990 2232 instituit,
1021 2177 1101 2242 quos
1124 2165 1228 2221 tamen
1244 2157 1362 2222 idcirco
1384 2159 1519 2222 necabat
1538 2156 1658 2241 palam,
1689 2156 1780 2241 quod

451 2250 594 2315 homines
617 2251 651 2314 in
673 2260 840 2326 conventu,
864 2253 896 2314 id
919 2252 1005 2335 quod
1026 2260 1119 2315 antea
1140 2251 1218 2327 dixi,
1240 2253 1373 2315 nimium
1395 2253 1564 2334 diligenter
1577 2251 1780 2334 praedonum

450 2366 616 2409 numerum
638 2347 851 2431 requirebant.
884 2346 1022 2409 Haecine
1043 2343 1130 2429 plebi
1152 2347 1311 2409 Romanae
1333 2354 1364 2409 te
1385 2353 1530 2430 praetore
1545 2353 1594 2408 est
1607 2345 1781 2409 constituta

450 2439 621 2504 condicio?
655 2440 734 2504 haec
763 2442 880 2524 negotii
911 2440 1041 2523 gerendi
1071 2444 1166 2523 spes‘l
1197 2439 1258 2502 hoc
1281 2440 1392 2522 capitis
1415 2440 1561 2522 vitaeque
1583 2437 1780 2503 discrimen?

413 2536 603 2598 soParumne
625 2536 724 2597 multa
745 2535 970 2598 mercatoribus
993 2541 1068 2598 sunt
1089 2534 1269 2597 necessario
1283 2533 1424 2617 pericula
1439 2530 1605 2596 subeunda
1619 2532 1779 2607 fortunae,

450 2629 512 2691 nisi
534 2628 628 2692 etiam
649 2627 709 2691 hae
731 2626 917 2690 formidines
939 2627 979 2691 ab
1003 2628 1119 2689 nostris
1141 2626 1375 2709 magistratibus
1397 2636 1493 2710 atque
1514 2627 1548 2688 in
1571 2627 1688 2691 nostris
1702 2647 1780 2709 pro·

450 2723 562 2786 vinciis
593 2721 838 2806 impendebunt‘l
888 2721 937 2784 lld
965 2741 1075 2783 eamne
1104 2741 1171 2783 rem
1200 2720 1259 2783 fuit
1286 2721 1364 2783 haec
1399 2721 1578 2784 suburbana
1607 2742 1644 2785 ac
1672 2718 1778 2785 fidelis

450 2816 572 2890 Sicilia,
605 2815 699 2898 plena
727 2815 919 2897 optimorum
952 2814 1111 2877 sociorum
1138 2814 1498 2897 honestissimorumque
1526 2815 1659 2890 civium,
1692 2834 1778 2899 quae

451 2912 532 2974 cives
554 2911 712 2971 Romanos
735 2928 844 2972 omnes
867 2909 932 2972 suis
954 2909 1024 2992 ipsa
1045 2909 1171 2972 sedibus
1195 2908 1403 2971 libentissime
1426 2928 1552 2991 semper
1572 2909 1705 2991 accepit,
1730 2916 1777 2982 ut,

412 3006 504 3088 toqui
527 3023 627 3086 usque
650 3022 691 3064 ex
713 3001 824 3064 ultima
839 3003 930 3086 Syria
951 3010 1046 3083 atque
1060 3002 1204 3084 Aegypto
1226 3003 1420 3084 navigarent,
1443 3004 1498 3086 qui
1521 3004 1606 3085 apud
1622 3002 1777 3067 barbaros

449 3103 580 3181 propter
602 3104 692 3179 togae
714 3115 829 3157 nomen
851 3096 884 3157 in
906 3096 1027 3158 honore
1049 3095 1156 3179 aliquo
1179 3095 1323 3170 fuissent,
1345 3098 1463 3181 quiex
1484 3081 1682 3180 praeddnum
1696 3095 1777 3160 insi·

450 3192 520 3266 diis,
542 3192 601 3277 qui·
619 3210 660 3252 ex
681 3198 903 3273 tempestatum
924 3190 1074 3274 periculis
1096 3189 1319 3274 profugissent,
1342 3192 1375 3254 in
1391 3191 1500 3255 Sicilia
1521 3192 1624 3255 securi
1640 3189 1776 3276 feriren-

450 3291 510 3359 tnr,
533 3306 604 3347 curn
626 3306 660 3348 se
683 3285 745 3347 iam
770 3282 898 3348 domum
920 3285 1044 3348 venisse
1067 3285 1317 3348 arbitrarentur?
1750 3335 1754 3342 .

533 3379 614 3440 LXl.
645 3372 715 3440 l58.
737 3380 817 3441 Nam
839 3376 917 3463 quid
939 3399 998 3461 ego
1022 3379 1061 3440 de
1083 3380 1116 3441 P.
1139 3379 1254 3453 Gavio,
1286 3380 1431 3446 Consano
1455 3380 1629 3463 municipe,
1660 3377 1774 3452 dicam

411 3471 591 3538 soiudices‘l
620 3472 811 3553 autquasi
834 3473 937 3548 vocis,
967 3493 1031 3555 qua
1051 3472 1202 3553 gravitue
1232 3473 1417 3549 verborum,
1447 3493 1512 3559 quo
1539 3472 1650 3536 dolore
1675 3471 1775 3536 animi

448 3567 570 3630 dicam?
600 3567 725 3628 tametsi
754 3566 844 3629 dolor
871 3587 921 3630 me
943 3587 1007 3629 non
1030 3566 1152 3629 deficit:
1182 3574 1216 3628 nt
1237 3575 1342 3631 cetera
1364 3568 1441 3631 mihi
1463 3568 1497 3630 in
1519 3566 1656 3631 dicendo
1678 3565 1773 3648 digna

447 3681 495 3734 re,
525 3659 621 3742 digna
643 3660 753 3722 dolore
776 3681 847 3723 meo
870 3667 1053 3744 suppetant,
1083 3660 1188 3743 magis·
1209 3659 1415 3725 laborandum
1437 3669 1494 3725 est.
1539 3657 1633 3736 Quod
1655 3659 1773 3723 crimen

448 3755 517 3817 eius
546 3752 631 3815 modi
661 3760 724 3828 est,
753 3761 803 3828 ut,
832 3773 902 3817 cum
931 3754 1066 3835 primum
1095 3751 1134 3816 ad
1157 3772 1206 3815 me
1236 3754 1375 3818 delatum
1397 3761 1460 3830 est,
1488 3774 1621 3817 usurum
1642 3771 1693 3815 me
1714 3752 1773 3815 illo

447 3866 512 3911 non
533 3854 694 3931 putarem:
722 3849 845 3911 tametsi
867 3848 951 3910 enim
972 3848 1169 3912 verissimum
1189 3868 1260 3912 esse
1281 3849 1513 3932 intelligebam,
1542 3855 1649 3911 tamen
1670 3846 1775 3912 credi·

411 3940 511 4007 achile
532 3939 600 4005 fore
622 3960 687 4003 non
708 3941 890 4004 arbitrabar.
932 3942 1066 4005 Coactus
1087 3941 1224 4005 lacrimis
1246 3943 1388 4006 omnium
1410 3942 1525 4006 civium
1547 3942 1772 4015 Romanorum,

449 4033 558 4120 quiin
581 4035 687 4099 Sicilia
708 4036 927 4117 negotiantur,
957 4034 1110 4100 adductus
1132 4035 1388 4112 Valentinorum,
1416 4036 1583 4101 hominum
1612 4035 1774 4099 honestis·

513 4376 537 4428 1.
555 4377 716 4438 saracenam
733 4373 768 4423 [13
779 4370 812 4422 l:
831 4374 1016 4434 Syracusarum
1033 4371 1097 4424 dett.
1116 4374 1145 4424 Ο.
1168 4401 1192 4412 -
1214 4375 1238 4425 9,
1257 4374 1318 4438 iapl.
1337 4376 1366 4425 n.
1387 4402 1414 4412 -
1433 4379 1517 4426 tenua
1533 4380 1556 4425 te
1572 4376 1668 4438 Lagg.;
1687 4379 1773 4424 tannae

446 4469 464 4507 a
480 4460 503 4505 te
520 4456 548 4504 0.
564 4479 590 4488 —-
605 4451 629 4501 3.
648 4450 781 4510 Syracusis
797 4445 869 4498 931.
886 4447 951 4499 -1,
970 4463 987 4498 a
1003 4454 1026 4499 te
1042 4449 1121 4512 1399.
1137 4476 1163 4485 -
1177 4449 1201 4498 6.
1219 4453 1376 4512 captivorum
1391 4450 1473 4501 sot:
1491 4451 1695 4513 captiommqae
1711 4447 1770 4500 rell.

447 4535 475 4583 ο,
497 4559 523 4568 -
543 4531 567 4578 7.
586 4526 735 4589 α1ο1399.
756 4550 783 4561 -·
802 4525 826 4575 3.
845 4526 956 4589 cesima
972 4527 1050 4588 lagg.
1069 4519 1176 4590 praeter
1192 4526 1233 4575 99.
1248 4530 1312 4574 -te
1328 4537 1372 4575 orn
1390 4524 1435 4574 63.
1450 4551 1477 4560 -
1495 4525 1567 4575 Flavi
1583 4527 1611 4576 n.
1626 4551 1655 4562 ·-
1668 4525 1692 4574 9.
1704 4524 1772 4575 Anat

446 4607 476 4668 ll,
495 4605 571 4668 ngas.
592 4626 618 4638 ω-
639 4603 679 4652 19.
695 4601 772 4664 panto
789 4601 840 4650 aa:
861 4602 938 4664 paolo
954 4606 1012 4651 ante
1029 4600 1108 4660 dett.;
1130 4600 1208 4662 paulo
1224 4605 1248 4650 te
1263 4599 1340 4663 uulgo
1358 4601 1385 4650 et
1401 4601 1430 4651 0.
1450 4627 1477 4634 —
1497 4601 1536 4650 19.
1556 4601 1599 4663 qut
1614 4597 1728 4648 amnibus
1743 4599 1771 4648 ta

445 4680 497 4745 tuo]
515 4678 601 4742 qulbus
616 4678 658 4726 illo
675 4679 709 4733 R;
729 4677 772 4739 qai
788 4676 830 4725 itta
847 4674 919 4726 631.
935 4702 961 4710 -
976 4689 1109 4736 syracusas
1125 4678 1154 4725 R.
1170 4702 1196 4711 -
1212 4674 1251 4724 13.
1270 4688 1288 4724 o
1299 4679 1322 4724 te
1338 4673 1403 4724 dett.
1417 4674 1446 4723 0.
1461 4701 1487 4709 -
1501 4675 1668 4726 secarollm.
1681 4686 1723 4738 pr.
1739 4698 1767 4710 -

446 4758 486 4807 ts.
505 4757 567 4805 cluis
584 4755 612 4804 R.
633 4780 660 4789 —
680 4752 719 4801 to.
739 4752 827 4801 ducem
844 4751 920 4813 1399.
942 4775 968 4787 -
989 4752 1029 4799 tl.
1048 4750 1158 4799 dicimis
1174 4749 1238 4799 dett.
1257 4749 1287 4798 0.
1303 4775 1328 4785 -·
1342 4748 1381 4797 l8.
1400 4747 1501 4798 lasciue
1517 4751 1549 4799 R:
1567 4749 1654 4798 tamn
1671 4749 1767 4811 Lagg.;

445 4830 560 4881 maiae
576 4831 605 4877 0.
625 4855 652 4863 -
668 4827 738 4890 plebs
754 4827 832 4890 Legg.
852 4827 893 4890 [ex
906 4826 993 4888 plebei,
1013 4828 1042 4875 ut
1057 4824 1181 4889 videtne]
1200 4850 1228 4859 -
1248 4823 1288 4872 19.
1306 4835 1359 4884 spes
1375 4836 1428 4873 om.
1449 4824 1525 4888 1399.
1541 4851 1568 4860 -
1580 4825 1622 4874 90.
1640 4823 1770 4874 mimda

444 4905 521 4968 perte.
545 4904 622 4967 1399.
644 4930 670 4941 -
688 4903 728 4953 93.
748 4903 835 4952 Slcttta
856 4901 991 4964 931399,
1017 4900 1076 4950 cod.
1095 4901 1214 4951 flotam:
1238 4897 1371 4960 praefacio
1391 4897 1478 4947 Sicilia
1496 4897 1561 4949 dett.
1580 4900 1609 4950 0.
1628 4925 1656 4934 -
1675 4900 1769 4949 dom

446 4978 482 5030 113
499 4976 515 5029 λ
533 4978 626 5040 (Madv.
646 4989 672 5041 p.
689 4976 753 5038 90.);
771 4977 863 5026 dotum
878 4976 947 5024 Rau.
967 4974 1031 5025 dett.
1050 4976 1080 5025 0.
1096 5003 1123 5012 -
1141 4974 1183 5026 91.
1201 4973 1264 5024 cina
1277 4985 1398 5022 conrasas
1413 4973 1532 5022 amaturos
1547 4975 1576 5023 R.
1591 5000 1619 5010 -
1631 4974 1673 5024 93.
1689 4987 1770 5036 suque

446 5053 647 5115 0133333.-
665 5051 763 5101 wama
778 5056 850 5113 syrte
871 5051 900 5101 a.
920 5076 947 5085 -
966 5051 1006 5100 99.
1026 5051 1122 5101 Granio
1143 5049 1221 5114 1399.
1241 5072 1268 5084 -
1288 5047 1401 5099 maana
1421 5048 1458 5098 33
1475 5049 1502 5098 et
1518 5047 1534 5098 6
1551 5049 1644 5111 lagg:
1671 5048 1769 5100 Οοωηο

447 5137 516 5201 ngas
527 5136 561 5195 0;
575 5137 681 5187 Cossano
692 5134 744 5186 alil.
755 5163 782 5172 -
794 5135 835 5186 39.
848 5134 928 5184 catat
938 5160 975 5172 --
986 5134 1070 5185 dolore
1080 5147 1135 5185 om.
1148 5133 1196 5185 Ld.
1213 5160 1240 5170 -
1256 5132 1298 5184 31.
1310 5115 1454 5182 ⁶010er
1464 5133 1494 5193 R;
1511 5131 1642 5183 ἀοὶονηοη
1653 5134 1721 5184 (119.
1736 5157 1766 5170 -·

449 5209 675 5338 3-9.ἐξ11>νωιὲ1ιὲηζηιυιῖι3
688 5210 725 5339 lad
741 5211 822 5275 ngas:
841 5209 1020 5262 sauronam
1036 5209 1101 5261 dett.
1114 5210 1143 5260 0.
1158 5235 1186 5246 -
1199 5208 1241 5260 33.
1258 5211 1294 5260 ott
1309 5210 1371 5258 aute
1386 5213 1415 5259 st
1431 5219 1484 5259 om.
1503 5209 1540 5259 Gi
1557 5207 1621 5270 Ld.;
1639 5209 1671 5259 sit
1687 5208 1766 5262 not.
