4367 6109
786 562 1119 629 cruxxr-xxn.
1146 561 1371 650 spor-ra.
1677 559 1739 629 444

411 730 511 796 babet
538 732 679 816 populns
701 733 880 809 Romanus,
909 754 990 820 quos
1014 742 1051 799 ut
1070 735 1247 800 incolumes
1268 754 1473 811 conservare,
1499 735 1599 810 tueri,
1628 730 1741 799 confir·

413 844 501 889 mare
522 844 560 889 ac
581 846 769 911 recuperare
790 829 967 911 possimus,
989 830 1075 892 omni
1097 830 1219 893 ratione
1233 830 1294 893 erit
1307 829 1533 894 dimicandum.
1558 829 1663 893 Habet
1682 829 1743 893 bo·

414 938 541 996 norem,
572 940 667 1005 quern
688 922 844 1006 petimus3
871 923 967 986 babet
988 943 1093 1006 spem,
1122 942 1218 1007 quam
1240 924 1436 1008 propositam
1457 924 1549 986 nobis
1569 923 1741 1000 habemus3

412 1013 511 1077 babet
531 1014 814 1091 existimationem,
836 1017 936 1080 multo
958 1016 1092 1091 sudore,
1115 1016 1225 1081 labore
1239 1017 1421 1102 vigiliisque
1435 1017 1618 1081 collectam:
1640 1025 1690 1093 ut,
1713 1017 1741 1081 si

413 1108 447 1170 in
466 1107 528 1170 bec
551 1127 647 1171 causa
667 1117 811 1173 nostrum
834 1108 973 1174 officium
994 1130 1031 1174 ac
1054 1111 1250 1193 diligentiam
1264 1113 1518 1195 probaverimus,
1539 1111 1635 1188 baec,
1657 1128 1741 1194 quae
1764 1128 1779 1177 4

416 1199 501 1276 dixi,
523 1202 660 1266 retinere
686 1224 746 1287 per
773 1204 930 1288 populum
950 1206 1128 1268 Romanum
1151 1205 1322 1269 incolumia
1343 1226 1380 1269 ac
1402 1207 1489 1271 salva
1509 1207 1686 1292 possimus3
1714 1204 1743 1268 si

415 1295 572 1358 tantulum
594 1297 752 1360 offensum
772 1299 1007 1383 titubatumque
1029 1298 1084 1372 sit,
1111 1305 1148 1360 ut
1169 1317 1224 1373 ea,
1246 1318 1330 1384 quae
1351 1301 1533 1383 singillatim
1555 1320 1592 1365 ac
1607 1300 1663 1363 diu
1677 1297 1744 1362 col·

414 1387 497 1451 lecta
525 1397 615 1465 sunt,
643 1411 709 1455 uno
731 1399 874 1476 tempore
895 1393 1044 1456 universa
1063 1391 1245 1475 perdamus.
1289 1389 1340 1456 73.
1364 1393 1581 1479 Quapropter,
1608 1392 1743 1467 indices,

414 1488 556 1545 vestrum
578 1491 628 1547 est
647 1484 801 1568 deligere,
823 1505 919 1570 quem
933 1486 1121 1550 existimetis
1134 1485 1281 1550 facillime
1297 1507 1392 1572 posse
1407 1489 1654 1573 magnitudinem
1669 1507 1745 1550 cau-

415 1594 470 1638 sae
497 1594 535 1638 eo
563 1576 672 1641 iudicii
702 1578 859 1643 sustinere
889 1576 967 1656 fide,
995 1578 1175 1662 diligentia,
1205 1582 1355 1658 consilio,
1383 1585 1579 1648 auctoritate.
1621 1584 1687 1647 Vos
1715 1583 1781 1648 sito

416 1668 493 1732 mibi
515 1668 555 1746 Q.
578 1670 749 1738 Caecilium
770 1674 1030 1756 anteposueritis,
1052 1692 1113 1756 ego
1134 1694 1185 1737 me
1208 1675 1357 1759 dignitate
1378 1685 1561 1761 superatum
1575 1697 1641 1741 non
1662 1676 1744 1740 arbi·

416 1762 539 1826 trabor:
567 1767 706 1850 populus
733 1769 961 1831 Romanusne
989 1774 1052 1829 tam
1079 1766 1264 1844 honestam,
1295 1778 1358 1834 tam
1380 1767 1523 1835 severam
1546 1772 1744 1855 diligentem-

416 1877 480 1942 que
500 1860 735 1923 accumtionem
757 1879 863 1946 neque
885 1861 974 1925 vobis
995 1861 1155 1944 placuisse
1175 1882 1281 1948 neque
1303 1865 1406 1929 ordini
1420 1873 1525 1931 vestro
1545 1865 1672 1948 placere
1694 1860 1744 1928 ai·-

415 1952 565 2028 bitretur,
586 1954 759 2037 providete.

1181 2131 1185 2141 1

967 2154 1193 2169 *-

931 2357 1226 2425 ACCUSATIONIS

1064 2495 1095 2541 444

784 2635 839 2714 c.
906 2635 1380 2716 VERREM

974 2813 1070 2866 acmo
1087 2811 1195 2863 PlllblA.

484 3109 556 3159 llaec
573 3107 657 3158 oratio
674 3105 770 3159 iisdem
787 3106 938 3168 codicibus,
958 3106 1055 3172 quibus
1072 3107 1203 3157 Divinatio
1221 3106 1246 3155 in
1264 3101 1423 3164 Caeciliam,
1442 3102 1601 3154 continetur.
1622 3101 1751 3153 744444444-

420 3184 456 3234 444
477 3184 499 3235 D
520 3185 610 3234 tamen
635 3181 670 3232 ad
694 3183 763 3232 banc
789 3184 936 3233 orationem
958 3185 985 3233 et
1008 3182 1042 3233 ad
1059 3183 1176 3233 Actionis
1192 3180 1329 3233 secundae
1346 3178 1428 3230 libros
1445 3191 1499 3228 non
1516 3180 1558 3229 est
1573 3175 1684 3229 collatus
1700 3178 1750 3229 nisi

419 3258 509 3323 paucis
526 3256 601 3308 locis.
630 3256 775 3321 Aliquoties
792 3258 862 3322 apud
877 3258 1028 3323 Zumptium
1045 3260 1168 3309 enotatas
1185 3258 1247 3309 sunt
1262 3257 1352 3306 vanae
1369 3255 1518 3319 scripturae
1536 3267 1568 3305 ex
1585 3252 1663 3304 codd.
1676 3255 1750 3305 Pan.

421 3346 460 3385 nr.
479 3332 554 3382 7776.
573 3331 615 3397 (Β)
633 3333 660 3381 44
676 3344 716 3382 nr.
736 3332 808 3383 7786.
828 3331 867 3396 (G)

503 3458 527 3519 l.
550 3451 580 3517 4.
604 3454 698 3531 Quod
721 3462 788 3519 erat
808 3457 983 3538 optandum
1005 3459 1159 3533 maxime,
1180 3456 1317 3530 iudices,
1341 3463 1372 3518 et
1394 3454 1481 3540 quod
1495 3475 1595 3517 unum
1609 3454 1649 3518 ad
1671 3454 1789 3522 invi-te

421 3554 503 3619 diam
523 3552 621 3615 vestri
643 3548 762 3612 ordinis
783 3549 1008 3634 infamiamque
1023 3552 1211 3615 iudiciorum
1227 3550 1398 3614 sedandam
1415 3550 1550 3612 maxime
1565 3548 1751 3630 pertinebat,

420 3647 452 3712 id
473 3666 539 3710 non
560 3644 700 3707 bumano
723 3644 872 3718 consilio,
895 3644 951 3707 sed
973 3666 1073 3729 prope
1097 3646 1245 3710 divinitus
1267 3643 1376 3708 datum
1396 3650 1492 3727 atque
1508 3642 1647 3705 oblatum
1661 3641 1752 3706 vobis

421 3759 543 3804 summo
564 3739 611 3802 rei
632 3739 777 3821 publicae
799 3746 941 3822 tempore
963 3741 1098 3804 videtur.
1141 3739 1332 3804 lnveteravit
1353 3738 1437 3801 enim
1464 3738 1528 3799 iam
1550 3737 1658 3819 opinio
1680 3754 1753 3819 per·

421 3834 540 3897 niciosa
569 3832 615 3896 rei
642 3833 787 3916 publicae
817 3835 971 3918 vobisque
1000 3835 1195 3918 periculosa,
1230 3852 1312 3918 quae
1337 3851 1402 3895 non
1423 3831 1519 3895 modo
1541 3834 1672 3905 Itomae,
1703 3829 1754 3893 sed

421 3930 511 3991 etium
536 3927 622 4010 apud
653 3936 777 3991 exteras
803 3929 948 3991 nationes
974 3931 1115 3992 omnium
1138 3948 1282 3994 sermone
1304 3927 1517 4011 percrebruit,
1543 3926 1595 3990 bis
1616 3924 1791 4000 iudicium

421 4042 504 4106 quac
524 4042 610 4085 nnnc
632 4029 719 4097 sunt,
749 4023 957 4104 pecuniosum
988 4024 1167 4098 bominem,
1197 4022 1341 4108 quamvis
1371 4023 1412 4084 sit
1431 4040 1565 4096 nocens,
1594 4019 1753 4082 neminem

485 4238 511 4287 7.
529 4235 716 4300 reciperarat,
737 4239 848 4300 recipere
865 4238 941 4302 ngas.
963 4266 989 4273 —
1010 4241 1034 4289 5.
1054 4239 1256 4303 diligentiamque
1273 4237 1319 4288 Ld.
1342 4264 1368 4274 -
1387 4237 1412 4286 7.
1431 4236 1578 4300 4444ρὶ404404
1595 4237 1647 4286 Gt:
1667 4235 1755 4301 4444344-

421 4313 493 4364 4044444
509 4313 539 4362 O.
566 4312 600 4362 04.
619 4312 652 4361 ad
670 4311 694 4376 5.
711 4313 752 4363 bt.
774 4339 801 4348 -
820 4312 844 4361 9.
863 4314 966 4377 diligere
982 4316 1027 4364 64.
1049 4343 1076 4352 -
1098 4314 1139 4366 43.
1157 4313 1227 4364 nobb
1244 4315 1288 4363 64.
1310 4339 1337 4349 -
1355 4317 1440 4362 nostro
1457 4311 1489 4361 Gt
1502 4312 1590 4376 3433.
1608 4308 1703 4375 pleriq.
1724 4337 1752 4346 -

423 4390 462 4440 46.
482 4388 556 4437 restet
573 4388 606 4437 64
619 4387 730 4451 aegla:
748 4389 828 4438 nostri
844 4384 860 4437 t
877 4387 967 4452 8ng.
983 4416 1011 4426 -
1030 4391 1069 4440 47.
1087 4390 1157 4440 vobis
1174 4389 1272 4453 67433
1283 4386 1415 4439 rotata:
1433 4385 1503 4436 uobis
1519 4387 1551 4436 64
1574 4386 1663 4449 6433,
1678 4382 1711 4434 al.
1724 4410 1752 4422 —

423 4464 462 4515 48.
481 4466 535 4513 tum
551 4463 618 4512 enim
635 4463 680 4513 Gt.
707 4461 846 4526 vulgatam
864 4465 953 4513 tuetur
970 4466 1049 4514 etium
1067 4462 1153 4514 schol.
1173 4463 1208 4514 ad
1225 4463 1249 4526 S.
1267 4465 1291 4515 2.
1310 4475 1337 4527 p.
1356 4462 1413 4512 387,
1433 4461 1476 4512 ed.
1495 4462 1538 4512 Or.
1560 4489 1587 4497 -
1615 4460 1655 4511 49.
1672 4459 1755 4510 00444-

422 4551 470 4600 que
491 4535 575 4588 GtLd
594 4537 655 4601 ng.
674 4537 715 4589 ta.
734 4536 774 4588 48.
794 4536 843 4588 al.:
869 4537 987 4600 4404444340
1003 4542 1035 4589 64
1049 4541 1091 4601 gs
1108 4539 1198 4603 7433.
1226 4541 1255 4588 444
1278 4537 1339 4588 Gla
1362 4538 1520 4603 pronomina
1536 4550 1582 4586 uos
1598 4538 1626 4586 et
1640 4548 1684 4585 oor
1700 4537 1753 4586 cet.

423 4612 522 4677 ubtque
545 4611 752 4672 contunduntur,
779 4614 806 4662 ct
828 4626 909 4677 saepe
931 4614 973 4662 vix
994 4613 1145 4674 discernas,
1171 4614 1257 4678 prima
1275 4610 1359 4663 littera
1377 4627 1395 4662 44
1411 4612 1445 4663 444
1462 4626 1496 4662 an
1512 4626 1538 4663 u.
1560 4638 1587 4647 -
1605 4610 1699 4661 Romae
1713 4609 1756 4659 sed

423 4686 507 4751 4440444]
532 4687 603 4738 llaec
626 4701 668 4736 vv.
692 4688 719 4740 in
740 4688 773 4738 64
786 4688 848 4739 tLd
866 4689 912 4739 04.
931 4696 958 4751 ψ
980 4686 1089 4751 aliisque
1113 4687 1178 4738 dett.
1198 4701 1267 4747 om.;
1294 4689 1320 4738 in
1345 4686 1401 4738 aliis
1418 4687 1484 4738 dett.
1503 4686 1606 4737 tantum
1622 4685 1664 4735 sed
1679 4684 1756 4734 4440444

423 4764 519 4814 deesse
535 4762 659 4824 traditur,
679 4754 720 4813 de'
730 4776 784 4827 quo
801 4763 985 4813 dubitandum.
1012 4762 1151 4827 Vulgatam
1168 4765 1261 4814 llemue
1275 4764 1356 4814 sedet
1372 4763 1475 4827 primus
1493 4760 1567 4812 dedit
1583 4762 1666 4824 Naug.
1680 4759 1754 4820 tota,

424 4837 472 4890 aed
489 4838 634 4897 incertum,
653 4836 724 4887 unde
741 4838 898 4902 sumpserit3
918 4851 967 4888 nos
985 4839 1095 4889 auctore
1113 4837 1216 4889 llalrnio
1233 4839 1308 4889 ettam
1325 4850 1374 4902 pro
1391 4843 1414 4888 et
1424 4836 1588 4903 scripsimus.
1615 4833 1756 4898 (Equidem

423 4915 510 4964 statuo
526 4909 647 4962 lacunam
665 4914 807 4976 propterea
826 4915 945 4962 exortam
963 4924 1035 4973 esse,
1057 4913 1130 4978 quod
1147 4912 1269 4964 librarius
1287 4913 1439 4978 archetypi,
1466 4924 1528 4962 cum
1547 4922 1630 4961 unum
1647 4906 1755 4972 aliquod

423 4985 583 5038 uocabulum
604 4989 666 5051 post
686 4985 770 5036 breve
792 4985 958 5037 intervallum
981 4988 1105 5040 iteratum
1128 4991 1214 5051 esset,
1239 4990 1361 5055 apriore
1379 4988 1413 5038 ad
1430 4988 1563 5054 posterius
1580 4983 1754 5034 aberraverit.

424 5064 529 5113 Poterat
545 5064 635 5111 autem
650 5060 704 5111 Cic.
718 5063 756 5111 sic
773 5062 930 5126 scripsisse:
950 5076 1014 5125 quoe
1030 5078 1080 5113 nou
1096 5067 1169 5115 modo
1185 5066 1255 5128 apud
1270 5066 1349 5115 400404
1365 5065 1494 5114 sedetiam
1510 5061 1580 5124 apud
1595 5063 1647 5111 cet.
1671 5061 1753 5111 Hau.

424 5135 528 5189 blalim:
546 5150 596 5187 44044
611 5138 685 5186 modo
703 5138 771 5200 opud
785 5138 906 5201 populum
924 5140 1076 5201 liocrcuum,
1094 5142 1136 5190 red
1152 5141 1228 5192 4444444
1245 5142 1314 5203 opud
1331 5141 1382 5190 cet.
1406 5137 1445 5188 ct.
1465 5150 1491 5202 p.
1511 5136 1568 5186 446.
1586 5150 1613 5187 v.
1631 5136 1655 5186 9.
1674 5136 1754 5199 Bau.)

426 5240 453 5250 -
479 5214 521 5263 aa.
540 5212 698 5276 percrebruit
719 5211 797 5263 aaa:
813 5211 955 5276 percrebuit
975 5214 1007 5263 64
1021 5215 1076 5265 80.
1095 5216 1128 5266 ct.
1147 5214 1182 5265 ad
1198 5215 1283 5265 Dicin.
1302 5214 1327 5281 ὅ.
1346 5214 1386 5264 tt.
1406 5237 1433 5248 -
1452 5212 1493 5262 74.
1512 5216 1569 5262 suut
1585 5212 1619 5262 64
1631 5212 1689 5274 ²52
1707 5211 1757 5263 44444

424 5288 471 5341 dtt.
490 5289 519 5340 0.
538 5289 595 5355 (Vr.
614 5302 678 5356 444444
693 5302 760 5341 nuuc
775 5294 833 5344 suut
848 5302 902 5345 om.
921 5290 953 5353 S,
971 5289 1031 5343 tort.
1050 5292 1133 5341 recte.
1151 5291 1231 5356 aru.)
