<?xml version="1.0" encoding="UTF-8"?>
<!DOCTYPE html PUBLIC "-//W3C//DTD XHTML 1.0 Transitional//EN"
    "http://www.w3.org/TR/xhtml1/DTD/xhtml1-transitional.dtd">
<html xmlns="http://www.w3.org/1999/xhtml" xml:lang="en" lang="en">
 <head>
  <title>
</title>
<meta http-equiv="Content-Type" content="text/html;charset=utf-8" />
  <meta name='ocr-system' content='tesseract 3.04.00' />
  <meta name='ocr-capabilities' content='ocr_page ocr_carea ocr_par ocr_line ocrx_word'/>
</head>
<body>
  <div class='ocr_page' id='page_1' title='image "./operaquaesupers02halmgoog_0477.png"; bbox 0 0 4367 6109; ppageno 0'>
   <div class='ocr_carea' id='block_1_1' title="bbox 616 577 1737 663">
    <p class='ocr_par' dir='ltr' id='par_1_1' title="bbox 616 577 1737 663">
     <span class='ocr_line' id='line_1_1' title="bbox 616 577 1737 663; baseline -0.004 -17"><span class='ocrx_word' id='word_1_1' title='bbox 616 579 769 646; x_wconf 85' lang='lat' dir='ltr'>omno</span> <span class='ocrx_word' id='word_1_2' title='bbox 791 579 871 644; x_wconf 83' lang='lat' dir='ltr'>ruo</span> <span class='ocrx_word' id='word_1_3' title='bbox 893 582 934 644; x_wconf 88' lang='lat' dir='ltr'>u.</span> <span class='ocrx_word' id='word_1_4' title='bbox 956 578 1135 644; x_wconf 84' lang='lat' dir='ltr'>ronrmo</span> <span class='ocrx_word' id='word_1_5' title='bbox 1158 579 1231 644; x_wconf 71' lang='lat' dir='ltr'><strong>cn.</strong></span> <span class='ocrx_word' id='word_1_6' title='bbox 1246 580 1342 643; x_wconf 87' lang='lat' dir='ltr'><strong>1-u.</strong></span> <span class='ocrx_word' id='word_1_7' title='bbox 1363 577 1420 663; x_wconf 67' lang='lat' dir='ltr'>sp.</span> <span class='ocrx_word' id='word_1_8' title='bbox 1443 577 1536 643; x_wconf 86' lang='lat' dir='ltr'>t-a.</span> <span class='ocrx_word' id='word_1_9' title='bbox 1676 577 1737 642; x_wconf 80' lang='lat' dir='ltr'>toa</span> 
     </span>
    </p>
   </div>
   <div class='ocr_carea' id='block_1_2' title="bbox 412 749 1778 3372">
    <p class='ocr_par' dir='ltr' id='par_1_2' title="bbox 412 749 1778 3372">
     <span class='ocr_line' id='line_1_2' title="bbox 418 749 1738 832; baseline -0.002 -19"><span class='ocrx_word' id='word_1_10' title='bbox 418 759 532 814; x_wconf 90' lang='lat' dir='ltr'>storem</span> <span class='ocrx_word' id='word_1_11' title='bbox 555 749 646 814; x_wconf 93' lang='lat' dir='ltr'>aliter</span> <span class='ocrx_word' id='word_1_12' title='bbox 665 752 820 814; x_wconf 90' lang='lat' dir='ltr'>neminem</span> <span class='ocrx_word' id='word_1_13' title='bbox 844 749 992 812; x_wconf 84' lang='lat' dir='ltr'>solvisse:</span> <span class='ocrx_word' id='word_1_14' title='bbox 1012 749 1098 812; x_wconf 90' lang='lat' dir='ltr'>bunc</span> <span class='ocrx_word' id='word_1_15' title='bbox 1120 749 1259 812; x_wconf 92' lang='lat' dir='ltr'>omnium</span> <span class='ocrx_word' id='word_1_16' title='bbox 1281 751 1494 832; x_wconf 89' lang='lat' dir='ltr'>superiomm,</span> <span class='ocrx_word' id='word_1_17' title='bbox 1515 749 1611 813; x_wconf 88' lang='lat' dir='ltr'>buius</span> <span class='ocrx_word' id='word_1_18' title='bbox 1633 757 1738 813; x_wconf 91' lang='lat' dir='ltr'>autern</span> 
     </span>
     <span class='ocr_line' id='line_1_3' title="bbox 418 843 1738 928; baseline 0 -21"><span class='ocrx_word' id='word_1_19' title='bbox 418 866 544 918; x_wconf 92' lang='lat' dir='ltr'>omnes,</span> <span class='ocrx_word' id='word_1_20' title='bbox 566 845 621 928; x_wconf 93' lang='lat' dir='ltr'>qui</span> <span class='ocrx_word' id='word_1_21' title='bbox 643 852 751 927; x_wconf 92' lang='lat' dir='ltr'>postea</span> <span class='ocrx_word' id='word_1_22' title='bbox 772 843 905 916; x_wconf 81' lang='lat' dir='ltr'>fuerint,</span> <span class='ocrx_word' id='word_1_23' title='bbox 927 845 1144 908; x_wconf 92' lang='lat' dir='ltr'>auctoritatem</span> <span class='ocrx_word' id='word_1_24' title='bbox 1161 845 1231 907; x_wconf 93' lang='lat' dir='ltr'>dico</span> <span class='ocrx_word' id='word_1_25' title='bbox 1247 852 1381 908; x_wconf 88' lang='lat' dir='ltr'>secutos.</span> <span class='ocrx_word' id='word_1_26' title='bbox 1405 845 1489 920; x_wconf 86' lang='lat' dir='ltr'>Quid</span> <span class='ocrx_word' id='word_1_27' title='bbox 1505 863 1645 918; x_wconf 85' lang='lat' dir='ltr'><strong>accusas,</strong></span> <span class='ocrx_word' id='word_1_28' title='bbox 1660 844 1738 927; x_wconf 91' lang='lat' dir='ltr'>quid</span> 
     </span>
     <span class='ocr_line' id='line_1_4' title="bbox 417 935 1737 1023; baseline 0 -21"><span class='ocrx_word' id='word_1_29' title='bbox 417 938 645 1022; x_wconf 70' lang='lat' dir='ltr'><strong>reprehendis?</strong></span> <span class='ocrx_word' id='word_1_30' title='bbox 682 935 711 1001; x_wconf 76' lang='lat'>2.</span> <span class='ocrx_word' id='word_1_31' title='bbox 733 940 810 1000; x_wconf 89' lang='lat' dir='ltr'>Nam</span> <span class='ocrx_word' id='word_1_32' title='bbox 834 937 920 1020; x_wconf 94' lang='lat' dir='ltr'>quod</span> <span class='ocrx_word' id='word_1_33' title='bbox 942 938 974 998; x_wconf 91' lang='lat' dir='ltr'>in</span> <span class='ocrx_word' id='word_1_34' title='bbox 996 937 1110 1001; x_wconf 86' lang='lat' dir='ltr'>tabulis</span> <span class='ocrx_word' id='word_1_35' title='bbox 1132 938 1341 1001; x_wconf 81' lang='lat' dir='ltr'>dodrantariis</span> <span class='ocrx_word' id='word_1_36' title='bbox 1357 947 1389 1002; x_wconf 90' lang='lat' dir='ltr'>et</span> <span class='ocrx_word' id='word_1_37' title='bbox 1404 939 1644 1022; x_wconf 90' lang='lat' dir='ltr'>quadrantariis,</span> <span class='ocrx_word' id='word_1_38' title='bbox 1660 958 1737 1023; x_wconf 86' lang='lat' dir='ltr'>quas</span> 
     </span>
     <span class='ocr_line' id='line_1_5' title="bbox 417 1029 1739 1117; baseline -0.001 -22"><span class='ocrx_word' id='word_1_39' title='bbox 417 1035 460 1095; x_wconf 87' lang='lat' dir='ltr'>ait</span> <span class='ocrx_word' id='word_1_40' title='bbox 481 1032 520 1094; x_wconf 96' lang='lat' dir='ltr'>ab</span> <span class='ocrx_word' id='word_1_41' title='bbox 542 1032 696 1094; x_wconf 84' lang='lat' dir='ltr'>Hirtuleio</span> <span class='ocrx_word' id='word_1_42' title='bbox 717 1033 892 1103; x_wconf 88' lang='lat' dir='ltr'>institutas,</span> <span class='ocrx_word' id='word_1_43' title='bbox 914 1032 1023 1092; x_wconf 90' lang='lat' dir='ltr'>Fontei</span> <span class='ocrx_word' id='word_1_44' title='bbox 1045 1029 1181 1094; x_wconf 84' lang='lat' dir='ltr'>officium</span> <span class='ocrx_word' id='word_1_45' title='bbox 1200 1031 1372 1107; x_wconf 81' lang='lat' dir='ltr'>desiderat,</span> <span class='ocrx_word' id='word_1_46' title='bbox 1394 1053 1457 1095; x_wconf 91' lang='lat' dir='ltr'>non</span> <span class='ocrx_word' id='word_1_47' title='bbox 1479 1053 1606 1117; x_wconf 89' lang='lat' dir='ltr'>possum</span> <span class='ocrx_word' id='word_1_48' title='bbox 1630 1033 1739 1096; x_wconf 80' lang='lat' dir='ltr'>existi·</span> 
     </span>
     <span class='ocr_line' id='line_1_6' title="bbox 417 1125 1760 1207; baseline 0.001 -18"><span class='ocrx_word' id='word_1_49' title='bbox 417 1147 516 1199; x_wconf 88' lang='lat' dir='ltr'>mare,</span> <span class='ocrx_word' id='word_1_50' title='bbox 544 1133 649 1188; x_wconf 91' lang='lat' dir='ltr'>utrum</span> <span class='ocrx_word' id='word_1_51' title='bbox 678 1125 748 1207; x_wconf 91' lang='lat' dir='ltr'>ipse</span> <span class='ocrx_word' id='word_1_52' title='bbox 776 1131 857 1187; x_wconf 87' lang='lat' dir='ltr'>erret</span> <span class='ocrx_word' id='word_1_53' title='bbox 883 1144 923 1186; x_wconf 89' lang='lat' dir='ltr'>an</span> <span class='ocrx_word' id='word_1_54' title='bbox 946 1145 1000 1186; x_wconf 88' lang='lat' dir='ltr'>vos</span> <span class='ocrx_word' id='word_1_55' title='bbox 1022 1126 1054 1185; x_wconf 91' lang='lat' dir='ltr'>in</span> <span class='ocrx_word' id='word_1_56' title='bbox 1077 1145 1215 1187; x_wconf 88' lang='lat' dir='ltr'>errorem</span> <span class='ocrx_word' id='word_1_57' title='bbox 1238 1125 1353 1188; x_wconf 91' lang='lat' dir='ltr'>ducere</span> <span class='ocrx_word' id='word_1_58' title='bbox 1376 1127 1461 1189; x_wconf 78' lang='lat' dir='ltr'>velit.</span> <span class='ocrx_word' id='word_1_59' title='bbox 1505 1126 1631 1201; x_wconf 86' lang='lat' dir='ltr'>Quaero</span> <span class='ocrx_word' id='word_1_60' title='bbox 1655 1128 1760 1190; x_wconf 72' lang='lat' dir='ltr'>enims</span> 
     </span>
     <span class='ocr_line' id='line_1_7' title="bbox 415 1217 1739 1304; baseline 0.002 -22"><span class='ocrx_word' id='word_1_61' title='bbox 415 1221 471 1283; x_wconf 94' lang='lat' dir='ltr'>abs</span> <span class='ocrx_word' id='word_1_62' title='bbox 493 1228 542 1293; x_wconf 92' lang='lat' dir='ltr'>te,</span> <span class='ocrx_word' id='word_1_63' title='bbox 564 1221 605 1282; x_wconf 99' lang='lat' dir='ltr'>M.</span> <span class='ocrx_word' id='word_1_64' title='bbox 626 1219 776 1291; x_wconf 85' lang='lat' dir='ltr'>Plaetori,</span> <span class='ocrx_word' id='word_1_65' title='bbox 799 1219 938 1302; x_wconf 90' lang='lat' dir='ltr'>possitne</span> <span class='ocrx_word' id='word_1_66' title='bbox 960 1217 1098 1300; x_wconf 91' lang='lat' dir='ltr'>tibiipsi</span> <span class='ocrx_word' id='word_1_67' title='bbox 1120 1218 1250 1301; x_wconf 90' lang='lat' dir='ltr'>probata</span> <span class='ocrx_word' id='word_1_68' title='bbox 1276 1239 1345 1281; x_wconf 89' lang='lat' dir='ltr'>csse</span> <span class='ocrx_word' id='word_1_69' title='bbox 1360 1228 1466 1282; x_wconf 91' lang='lat' dir='ltr'>nostra</span> <span class='ocrx_word' id='word_1_70' title='bbox 1482 1240 1587 1294; x_wconf 89' lang='lat' dir='ltr'>causa,</span> <span class='ocrx_word' id='word_1_71' title='bbox 1611 1223 1653 1294; x_wconf 90' lang='lat' dir='ltr'>si,</span> <span class='ocrx_word' id='word_1_72' title='bbox 1676 1243 1739 1304; x_wconf 90' lang='lat' dir='ltr'>qua</span> 
     </span>
     <span class='ocr_line' id='line_1_8' title="bbox 415 1311 1739 1395; baseline 0.003 -21"><span class='ocrx_word' id='word_1_73' title='bbox 415 1315 447 1375; x_wconf 93' lang='lat' dir='ltr'>in</span> <span class='ocrx_word' id='word_1_74' title='bbox 470 1334 503 1375; x_wconf 89' lang='lat' dir='ltr'>re</span> <span class='ocrx_word' id='word_1_75' title='bbox 526 1314 581 1375; x_wconf 91' lang='lat' dir='ltr'>abs</span> <span class='ocrx_word' id='word_1_76' title='bbox 604 1320 634 1375; x_wconf 93' lang='lat' dir='ltr'>te</span> <span class='ocrx_word' id='word_1_77' title='bbox 656 1315 697 1376; x_wconf 88' lang='grc' dir='ltr'>Μ.</span> <span class='ocrx_word' id='word_1_78' title='bbox 720 1312 869 1374; x_wconf 86' lang='lat' dir='ltr'>Fonteius</span> <span class='ocrx_word' id='word_1_79' title='bbox 891 1321 1071 1385; x_wconf 89' lang='lat' dir='ltr'>accusatur,</span> <span class='ocrx_word' id='word_1_80' title='bbox 1094 1319 1250 1373; x_wconf 88' lang='lat' dir='ltr'>auctorem</span> <span class='ocrx_word' id='word_1_81' title='bbox 1272 1311 1367 1374; x_wconf 90' lang='lat' dir='ltr'>babet</span> <span class='ocrx_word' id='word_1_82' title='bbox 1388 1333 1474 1386; x_wconf 90' lang='lat' dir='ltr'>eum,</span> <span class='ocrx_word' id='word_1_83' title='bbox 1501 1334 1595 1395; x_wconf 93' lang='lat' dir='ltr'>quem</span> <span class='ocrx_word' id='word_1_84' title='bbox 1617 1322 1650 1376; x_wconf 94' lang='lat' dir='ltr'>tu</span> <span class='ocrx_word' id='word_1_85' title='bbox 1674 1336 1739 1378; x_wconf 92' lang='lat' dir='ltr'>ma·</span> 
     </span>
     <span class='ocr_line' id='line_1_9' title="bbox 414 1405 1739 1488; baseline 0.003 -20"><span class='ocrx_word' id='word_1_86' title='bbox 414 1408 499 1470; x_wconf 88' lang='lat' dir='ltr'>xime</span> <span class='ocrx_word' id='word_1_87' title='bbox 520 1407 648 1480; x_wconf 92' lang='lat' dir='ltr'>laudas,</span> <span class='ocrx_word' id='word_1_88' title='bbox 676 1405 883 1469; x_wconf 87' lang='lat' dir='ltr'>Hirtuleium:</span> <span class='ocrx_word' id='word_1_89' title='bbox 913 1406 1028 1488; x_wconf 92' lang='lat' dir='ltr'>quain</span> <span class='ocrx_word' id='word_1_90' title='bbox 1050 1426 1085 1468; x_wconf 87' lang='lat' dir='ltr'>re</span> <span class='ocrx_word' id='word_1_91' title='bbox 1107 1413 1210 1468; x_wconf 89' lang='lat' dir='ltr'>autem</span> <span class='ocrx_word' id='word_1_92' title='bbox 1233 1405 1340 1469; x_wconf 91' lang='lat' dir='ltr'>laudas</span> <span class='ocrx_word' id='word_1_93' title='bbox 1362 1407 1568 1482; x_wconf 83' lang='lat' dir='ltr'>Hirtuleium,</span> <span class='ocrx_word' id='word_1_94' title='bbox 1591 1411 1739 1473; x_wconf 86' lang='lat' dir='ltr'>Fonteius</span> 
     </span>
     <span class='ocr_line' id='line_1_10' title="bbox 415 1499 1739 1584; baseline 0.002 -21"><span class='ocrx_word' id='word_1_95' title='bbox 415 1500 499 1563; x_wconf 90' lang='lat' dir='ltr'>idem</span> <span class='ocrx_word' id='word_1_96' title='bbox 520 1499 634 1563; x_wconf 82' lang='lat' dir='ltr'>secisse</span> <span class='ocrx_word' id='word_1_97' title='bbox 655 1500 819 1584; x_wconf 92' lang='lat' dir='ltr'>reperitur.</span> <span class='ocrx_word' id='word_1_98' title='bbox 863 1499 1080 1581; x_wconf 84' lang='lat' dir='ltr'>Reprehendis</span> <span class='ocrx_word' id='word_1_99' title='bbox 1103 1499 1269 1562; x_wconf 91' lang='lat' dir='ltr'>solutionis</span> <span class='ocrx_word' id='word_1_100' title='bbox 1291 1520 1408 1583; x_wconf 78' lang='lat' dir='ltr'>genus:</span> <span class='ocrx_word' id='word_1_101' title='bbox 1431 1501 1541 1563; x_wconf 93' lang='lat' dir='ltr'>eodem</span> <span class='ocrx_word' id='word_1_102' title='bbox 1559 1503 1653 1565; x_wconf 92' lang='lat' dir='ltr'>modo</span> <span class='ocrx_word' id='word_1_103' title='bbox 1668 1504 1739 1566; x_wconf 92' lang='lat' dir='ltr'>Hir-</span> 
     </span>
     <span class='ocr_line' id='line_1_11' title="bbox 414 1593 1776 1680; baseline 0.003 -24"><span class='ocrx_word' id='word_1_104' title='bbox 414 1595 543 1657; x_wconf 90' lang='lat' dir='ltr'>tuleium</span> <span class='ocrx_word' id='word_1_105' title='bbox 567 1593 751 1657; x_wconf 82' lang='lat' dir='ltr'>dissolvisse</span> <span class='ocrx_word' id='word_1_106' title='bbox 773 1593 916 1676; x_wconf 91' lang='lat' dir='ltr'>publicae</span> <span class='ocrx_word' id='word_1_107' title='bbox 939 1593 1065 1655; x_wconf 88' lang='lat' dir='ltr'>tabulae</span> <span class='ocrx_word' id='word_1_108' title='bbox 1088 1600 1270 1675; x_wconf 83' lang='lat' dir='ltr'>coarguunt.</span> <span class='ocrx_word' id='word_1_109' title='bbox 1299 1594 1424 1657; x_wconf 88' lang='lat' dir='ltr'>Laudas</span> <span class='ocrx_word' id='word_1_110' title='bbox 1444 1595 1552 1666; x_wconf 90' lang='lat' dir='ltr'>illum,</span> <span class='ocrx_word' id='word_1_111' title='bbox 1574 1598 1660 1680; x_wconf 93' lang='lat' dir='ltr'>quod</span> <span class='ocrx_word' id='word_1_112' title='bbox 1684 1598 1776 1660; x_wconf 80' lang='lat' dir='ltr'>do·⁴⁰</span> 
     </span>
     <span class='ocr_line' id='line_1_12' title="bbox 415 1686 1738 1773; baseline 0.004 -25"><span class='ocrx_word' id='word_1_113' title='bbox 415 1688 587 1750; x_wconf 91' lang='lat' dir='ltr'>drantarias</span> <span class='ocrx_word' id='word_1_114' title='bbox 610 1687 731 1750; x_wconf 88' lang='lat' dir='ltr'>tabulas</span> <span class='ocrx_word' id='word_1_115' title='bbox 753 1687 940 1749; x_wconf 83' lang='lat' dir='ltr'>instituerit:</span> <span class='ocrx_word' id='word_1_116' title='bbox 964 1687 1089 1748; x_wconf 89' lang='lat' dir='ltr'>casdem</span> <span class='ocrx_word' id='word_1_117' title='bbox 1108 1686 1259 1748; x_wconf 87' lang='lat' dir='ltr'>Fonteius</span> <span class='ocrx_word' id='word_1_118' title='bbox 1281 1687 1416 1750; x_wconf 89' lang='lat' dir='ltr'>instituit</span> <span class='ocrx_word' id='word_1_119' title='bbox 1438 1695 1469 1750; x_wconf 92' lang='lat' dir='ltr'>et</span> <span class='ocrx_word' id='word_1_120' title='bbox 1491 1688 1601 1752; x_wconf 91' lang='lat' dir='ltr'>eodem</span> <span class='ocrx_word' id='word_1_121' title='bbox 1625 1710 1738 1773; x_wconf 79' lang='lat' dir='ltr'>genere</span> 
     </span>
     <span class='ocr_line' id='line_1_13' title="bbox 413 1780 1741 1864; baseline 0.002 -21"><span class='ocrx_word' id='word_1_122' title='bbox 413 1782 577 1864; x_wconf 89' lang='lat' dir='ltr'>pecuniae.</span> <span class='ocrx_word' id='word_1_123' title='bbox 621 1783 698 1844; x_wconf 88' lang='lat' dir='ltr'>Nam</span> <span class='ocrx_word' id='word_1_124' title='bbox 721 1800 762 1842; x_wconf 89' lang='lat' dir='ltr'>ne</span> <span class='ocrx_word' id='word_1_125' title='bbox 784 1780 865 1842; x_wconf 82' lang='lat' dir='ltr'>forte</span> <span class='ocrx_word' id='word_1_126' title='bbox 888 1780 931 1842; x_wconf 90' lang='lat' dir='ltr'>sis</span> <span class='ocrx_word' id='word_1_127' title='bbox 954 1782 1080 1843; x_wconf 91' lang='lat' dir='ltr'>nescius</span> <span class='ocrx_word' id='word_1_128' title='bbox 1103 1786 1136 1842; x_wconf 86' lang='lat' dir='ltr'>et</span> <span class='ocrx_word' id='word_1_129' title='bbox 1155 1780 1233 1841; x_wconf 89' lang='lat' dir='ltr'>istas</span> <span class='ocrx_word' id='word_1_130' title='bbox 1256 1780 1377 1843; x_wconf 91' lang='lat' dir='ltr'>tabulas</span> <span class='ocrx_word' id='word_1_131' title='bbox 1400 1780 1560 1844; x_wconf 84' lang='lat' dir='ltr'>existimes</span> <span class='ocrx_word' id='word_1_132' title='bbox 1582 1782 1623 1844; x_wconf 88' lang='lat' dir='ltr'>od</span> <span class='ocrx_word' id='word_1_133' title='bbox 1644 1785 1741 1846; x_wconf 84' lang='lat' dir='ltr'>diocr-</span> 
     </span>
     <span class='ocr_line' id='line_1_14' title="bbox 414 1873 1739 1956; baseline 0.005 -20"><span class='ocrx_word' id='word_1_134' title='bbox 414 1895 479 1936; x_wconf 82' lang='lat' dir='ltr'>som</span> <span class='ocrx_word' id='word_1_135' title='bbox 499 1875 609 1937; x_wconf 85' lang='lat' dir='ltr'>ueteris</span> <span class='ocrx_word' id='word_1_136' title='bbox 631 1874 709 1937; x_wconf 87' lang='lat' dir='ltr'>neris</span> <span class='ocrx_word' id='word_1_137' title='bbox 732 1873 828 1936; x_wconf 89' lang='lat' dir='ltr'>alieni</span> <span class='ocrx_word' id='word_1_138' title='bbox 850 1875 1002 1936; x_wconf 92' lang='lat' dir='ltr'>rationem</span> <span class='ocrx_word' id='word_1_139' title='bbox 1025 1874 1199 1956; x_wconf 87' lang='lat' dir='ltr'>pertinere,</span> <span class='ocrx_word' id='word_1_140' title='bbox 1227 1874 1266 1935; x_wconf 94' lang='lat' dir='ltr'>ob</span> <span class='ocrx_word' id='word_1_141' title='bbox 1294 1893 1389 1935; x_wconf 93' lang='lat' dir='ltr'>unam</span> <span class='ocrx_word' id='word_1_142' title='bbox 1418 1894 1544 1938; x_wconf 91' lang='lat' dir='ltr'>causam</span> <span class='ocrx_word' id='word_1_143' title='bbox 1567 1887 1598 1940; x_wconf 93' lang='lat' dir='ltr'>et</span> <span class='ocrx_word' id='word_1_144' title='bbox 1622 1880 1739 1941; x_wconf 92' lang='lat' dir='ltr'>inuno</span> 
     </span>
     <span class='ocr_line' id='line_1_15' title="bbox 415 1965 1740 2055; baseline 0.003 -24"><span class='ocrx_word' id='word_1_145' title='bbox 415 1989 529 2052; x_wconf 79' lang='lat' dir='ltr'>genere</span> <span class='ocrx_word' id='word_1_146' title='bbox 552 1976 625 2031; x_wconf 90' lang='lat' dir='ltr'>sunt</span> <span class='ocrx_word' id='word_1_147' title='bbox 646 1969 816 2031; x_wconf 84' lang='lat' dir='ltr'>institutae.</span> <span class='ocrx_word' id='word_1_148' title='bbox 846 1969 923 2029; x_wconf 88' lang='lat' dir='ltr'>Nam</span> <span class='ocrx_word' id='word_1_149' title='bbox 940 1988 1010 2030; x_wconf 94' lang='lat' dir='ltr'>cum</span> <span class='ocrx_word' id='word_1_150' title='bbox 1025 1967 1220 2049; x_wconf 84' lang='lat' dir='ltr'>publicanis,</span> <span class='ocrx_word' id='word_1_151' title='bbox 1243 1967 1297 2048; x_wconf 94' lang='lat' dir='ltr'>qui</span> <span class='ocrx_word' id='word_1_152' title='bbox 1311 1965 1462 2040; x_wconf 78' lang='lat' dir='ltr'>Africam,</span> <span class='ocrx_word' id='word_1_153' title='bbox 1486 1970 1540 2051; x_wconf 92' lang='lat' dir='ltr'>qui</span> <span class='ocrx_word' id='word_1_154' title='bbox 1555 1971 1740 2055; x_wconf 81' lang='lat' dir='ltr'>Aquiliense</span> 
     </span>
     <span class='ocr_line' id='line_1_16' title="bbox 414 2062 1778 2148; baseline -0.002 -22"><span class='ocrx_word' id='word_1_155' title='bbox 414 2065 583 2148; x_wconf 86' lang='lat' dir='ltr'>portorium</span> <span class='ocrx_word' id='word_1_156' title='bbox 604 2063 747 2125; x_wconf 87' lang='lat' dir='ltr'>conducto</span> <span class='ocrx_word' id='word_1_157' title='bbox 767 2062 909 2124; x_wconf 80' lang='lat' dir='ltr'>nabebunt</span> <span class='ocrx_word' id='word_1_158' title='bbox 930 2087 1028 2125; x_wconf 68' lang='lat' dir='ltr'>*es*</span> <span class='ocrx_word' id='word_1_159' title='bbox 1749 2077 1778 2124; x_wconf 82' lang='lat' dir='ltr'>to</span> 
     </span>
     <span class='ocr_line' id='line_1_17' title="bbox 499 2152 1739 2243; baseline 0.003 -25"><span class='ocrx_word' id='word_1_160' title='bbox 499 2157 538 2218; x_wconf 89' lang='lat'>11.</span> <span class='ocrx_word' id='word_1_161' title='bbox 561 2152 591 2217; x_wconf 88' lang='lat'>3.</span> <span class='ocrx_word' id='word_1_162' title='bbox 620 2155 739 2217; x_wconf 59' lang='lat' dir='ltr'>*acite</span> <span class='ocrx_word' id='word_1_163' title='bbox 761 2181 834 2217; x_wconf 72' lang='lat' dir='ltr'>*ts</span> <span class='ocrx_word' id='word_1_164' title='bbox 855 2156 972 2228; x_wconf 89' lang='lat' dir='ltr'>Nemo,</span> <span class='ocrx_word' id='word_1_165' title='bbox 1003 2173 1114 2227; x_wconf 90' lang='lat' dir='ltr'>nemo,</span> <span class='ocrx_word' id='word_1_166' title='bbox 1135 2154 1281 2237; x_wconf 91' lang='lat' dir='ltr'>inquam,</span> <span class='ocrx_word' id='word_1_167' title='bbox 1303 2154 1440 2230; x_wconf 90' lang='lat' dir='ltr'>iudices,</span> <span class='ocrx_word' id='word_1_168' title='bbox 1471 2158 1661 2241; x_wconf 88' lang='lat' dir='ltr'>reperietur,</span> <span class='ocrx_word' id='word_1_169' title='bbox 1684 2162 1739 2243; x_wconf 91' lang='lat' dir='ltr'>qui</span> 
     </span>
     <span class='ocr_line' id='line_1_18' title="bbox 413 2247 1741 2337; baseline 0.004 -24"><span class='ocrx_word' id='word_1_170' title='bbox 413 2271 511 2314; x_wconf 92' lang='lat' dir='ltr'>uuum</span> <span class='ocrx_word' id='word_1_171' title='bbox 534 2270 568 2312; x_wconf 87' lang='lat' dir='ltr'>se</span> <span class='ocrx_word' id='word_1_172' title='bbox 590 2250 624 2311; x_wconf 91' lang='lat' dir='ltr'>iu</span> <span class='ocrx_word' id='word_1_173' title='bbox 646 2256 813 2330; x_wconf 86' lang='lat' dir='ltr'>quaestura</span> <span class='ocrx_word' id='word_1_174' title='bbox 835 2250 877 2311; x_wconf 90' lang='lat' dir='ltr'>M.</span> <span class='ocrx_word' id='word_1_175' title='bbox 899 2247 1031 2310; x_wconf 89' lang='lat' dir='ltr'>Fonteio</span> <span class='ocrx_word' id='word_1_176' title='bbox 1053 2267 1216 2309; x_wconf 91' lang='lat' dir='ltr'>nummum</span> <span class='ocrx_word' id='word_1_177' title='bbox 1232 2247 1358 2311; x_wconf 87' lang='lat' dir='ltr'>dedisse</span> <span class='ocrx_word' id='word_1_178' title='bbox 1379 2259 1432 2312; x_wconf 93' lang='lat' dir='ltr'>aut</span> <span class='ocrx_word' id='word_1_179' title='bbox 1453 2251 1542 2312; x_wconf 94' lang='lat' dir='ltr'>illum</span> <span class='ocrx_word' id='word_1_180' title='bbox 1564 2272 1604 2314; x_wconf 81' lang='lat' dir='ltr'>ex</span> <span class='ocrx_word' id='word_1_181' title='bbox 1626 2274 1663 2317; x_wconf 88' lang='lat' dir='ltr'>ea</span> <span class='ocrx_word' id='word_1_182' title='bbox 1685 2276 1741 2337; x_wconf 93' lang='lat' dir='ltr'>pe·</span> 
     </span>
     <span class='ocr_line' id='line_1_19' title="bbox 413 2339 1738 2427; baseline 0.003 -20"><span class='ocrx_word' id='word_1_183' title='bbox 413 2346 522 2416; x_wconf 89' lang='lat' dir='ltr'>cunia,</span> <span class='ocrx_word' id='word_1_184' title='bbox 553 2363 635 2427; x_wconf 93' lang='lat' dir='ltr'>quae</span> <span class='ocrx_word' id='word_1_185' title='bbox 663 2362 721 2423; x_wconf 95' lang='lat' dir='ltr'>pro</span> <span class='ocrx_word' id='word_1_186' title='bbox 744 2342 865 2403; x_wconf 90' lang='lat' dir='ltr'>aerario</span> <span class='ocrx_word' id='word_1_187' title='bbox 889 2342 1079 2412; x_wconf 83' lang='lat' dir='ltr'>solveretur,</span> <span class='ocrx_word' id='word_1_188' title='bbox 1109 2339 1284 2403; x_wconf 87' lang='lat' dir='ltr'>detraxisse</span> <span class='ocrx_word' id='word_1_189' title='bbox 1307 2342 1405 2405; x_wconf 87' lang='lat' dir='ltr'>dicat:</span> <span class='ocrx_word' id='word_1_190' title='bbox 1428 2343 1546 2406; x_wconf 92' lang='lat' dir='ltr'>nullius</span> <span class='ocrx_word' id='word_1_191' title='bbox 1567 2345 1601 2409; x_wconf 91' lang='lat' dir='ltr'>iu</span> <span class='ocrx_word' id='word_1_192' title='bbox 1623 2348 1738 2411; x_wconf 92' lang='lat' dir='ltr'>tabulis</span> 
     </span>
     <span class='ocr_line' id='line_1_20' title="bbox 412 2434 1740 2519; baseline 0.002 -18"><span class='ocrx_word' id='word_1_193' title='bbox 412 2438 477 2502; x_wconf 91' lang='lat' dir='ltr'>ulla</span> <span class='ocrx_word' id='word_1_194' title='bbox 496 2438 590 2501; x_wconf 91' lang='lat' dir='ltr'>buius</span> <span class='ocrx_word' id='word_1_195' title='bbox 607 2436 680 2499; x_wconf 82' lang='lat' dir='ltr'>furti</span> <span class='ocrx_word' id='word_1_196' title='bbox 693 2436 890 2519; x_wconf 83' lang='lat' dir='ltr'>significatio,</span> <span class='ocrx_word' id='word_1_197' title='bbox 906 2434 1026 2497; x_wconf 93' lang='lat' dir='ltr'>nullum</span> <span class='ocrx_word' id='word_1_198' title='bbox 1044 2434 1076 2495; x_wconf 91' lang='lat' dir='ltr'>in</span> <span class='ocrx_word' id='word_1_199' title='bbox 1091 2434 1131 2495; x_wconf 91' lang='lat' dir='ltr'>iis</span> <span class='ocrx_word' id='word_1_200' title='bbox 1146 2435 1324 2497; x_wconf 90' lang='lat' dir='ltr'>nominibus</span> <span class='ocrx_word' id='word_1_201' title='bbox 1339 2436 1558 2501; x_wconf 88' lang='lat' dir='ltr'>intertrimenti</span> <span class='ocrx_word' id='word_1_202' title='bbox 1574 2446 1628 2503; x_wconf 87' lang='lat' dir='ltr'>aut</span> <span class='ocrx_word' id='word_1_203' title='bbox 1642 2441 1740 2505; x_wconf 88' lang='lat' dir='ltr'>demi·</span> 
     </span>
     <span class='ocr_line' id='line_1_21' title="bbox 412 2527 1777 2617; baseline -0.001 -23"><span class='ocrx_word' id='word_1_204' title='bbox 412 2532 551 2594; x_wconf 90' lang='lat' dir='ltr'>autionis</span> <span class='ocrx_word' id='word_1_205' title='bbox 572 2530 742 2611; x_wconf 81' lang='lat' dir='ltr'>vestigium</span> <span class='ocrx_word' id='word_1_206' title='bbox 756 2531 937 2613; x_wconf 89' lang='lat' dir='ltr'>reperietur.</span> <span class='ocrx_word' id='word_1_207' title='bbox 962 2527 1057 2610; x_wconf 81' lang='lat' dir='ltr'>Atqui</span> <span class='ocrx_word' id='word_1_208' title='bbox 1074 2527 1234 2603; x_wconf 91' lang='lat' dir='ltr'>homines,</span> <span class='ocrx_word' id='word_1_209' title='bbox 1256 2528 1283 2591; x_wconf 90' lang='lat' dir='ltr'>si</span> <span class='ocrx_word' id='word_1_210' title='bbox 1307 2529 1363 2611; x_wconf 93' lang='lat' dir='ltr'>qui</span> <span class='ocrx_word' id='word_1_211' title='bbox 1385 2539 1520 2593; x_wconf 82' lang='lat' dir='ltr'>teneretur</span> <span class='ocrx_word' id='word_1_212' title='bbox 1540 2533 1601 2595; x_wconf 92' lang='lat' dir='ltr'>boc</span> <span class='ocrx_word' id='word_1_213' title='bbox 1625 2546 1777 2617; x_wconf 72' lang='lat' dir='ltr'>generent</span> 
     </span>
     <span class='ocr_line' id='line_1_22' title="bbox 413 2620 1740 2713; baseline 0.005 -27"><span class='ocrx_word' id='word_1_214' title='bbox 413 2625 623 2708; x_wconf 89' lang='lat' dir='ltr'>quaestionis,</span> <span class='ocrx_word' id='word_1_215' title='bbox 652 2630 813 2685; x_wconf 86' lang='lat' dir='ltr'>accusatos</span> <span class='ocrx_word' id='word_1_216' title='bbox 844 2630 876 2684; x_wconf 91' lang='lat' dir='ltr'>et</span> <span class='ocrx_word' id='word_1_217' title='bbox 903 2620 1114 2704; x_wconf 89' lang='lat' dir='ltr'>reprehensos</span> <span class='ocrx_word' id='word_1_218' title='bbox 1141 2621 1285 2713; x_wconf 87' lang='lat' dir='ltr'>videmus</span> <span class='ocrx_word' id='word_1_219' title='bbox 1315 2622 1452 2705; x_wconf 93' lang='lat' dir='ltr'>primum</span> <span class='ocrx_word' id='word_1_220' title='bbox 1475 2625 1625 2690; x_wconf 85' lang='lat' dir='ltr'>testibus:</span> <span class='ocrx_word' id='word_1_221' title='bbox 1658 2627 1740 2692; x_wconf 84' lang='lat' dir='ltr'>diffi-</span> 
     </span>
     <span class='ocr_line' id='line_1_23' title="bbox 413 2715 1739 2798; baseline 0.006 -18"><span class='ocrx_word' id='word_1_222' title='bbox 413 2719 473 2780; x_wconf 91' lang='lat' dir='ltr'>cile</span> <span class='ocrx_word' id='word_1_223' title='bbox 504 2725 552 2780; x_wconf 91' lang='lat' dir='ltr'>est</span> <span class='ocrx_word' id='word_1_224' title='bbox 578 2720 776 2796; x_wconf 79' lang='lat' dir='ltr'>enimcum,</span> <span class='ocrx_word' id='word_1_225' title='bbox 806 2718 859 2798; x_wconf 92' lang='lat' dir='ltr'>qui</span> <span class='ocrx_word' id='word_1_226' title='bbox 892 2715 1084 2798; x_wconf 81' lang='lat' dir='ltr'>magistratui</span> <span class='ocrx_word' id='word_1_227' title='bbox 1110 2717 1276 2798; x_wconf 88' lang='lat' dir='ltr'>pecuniam</span> <span class='ocrx_word' id='word_1_228' title='bbox 1299 2717 1439 2790; x_wconf 88' lang='lat' dir='ltr'>dederit,</span> <span class='ocrx_word' id='word_1_229' title='bbox 1471 2739 1534 2781; x_wconf 90' lang='lat' dir='ltr'>nou</span> <span class='ocrx_word' id='word_1_230' title='bbox 1557 2730 1611 2784; x_wconf 93' lang='lat' dir='ltr'>aut</span> <span class='ocrx_word' id='word_1_231' title='bbox 1633 2723 1739 2787; x_wconf 89' lang='lat' dir='ltr'>induci</span> 
     </span>
     <span class='ocr_line' id='line_1_24' title="bbox 413 2807 1739 2894; baseline 0.005 -20"><span class='ocrx_word' id='word_1_232' title='bbox 413 2810 487 2874; x_wconf 92' lang='lat' dir='ltr'>odio</span> <span class='ocrx_word' id='word_1_233' title='bbox 509 2818 544 2873; x_wconf 91' lang='lat' dir='ltr'>ut</span> <span class='ocrx_word' id='word_1_234' title='bbox 565 2811 664 2885; x_wconf 87' lang='lat' dir='ltr'>dicat,</span> <span class='ocrx_word' id='word_1_235' title='bbox 687 2817 742 2871; x_wconf 89' lang='lat' dir='ltr'>aut</span> <span class='ocrx_word' id='word_1_236' title='bbox 764 2810 833 2892; x_wconf 85' lang='lat' dir='ltr'>cogi</span> <span class='ocrx_word' id='word_1_237' title='bbox 857 2809 1024 2890; x_wconf 78' lang='lat' dir='ltr'>reliqionc:</span> <span class='ocrx_word' id='word_1_238' title='bbox 1048 2807 1163 2871; x_wconf 91' lang='lat' dir='ltr'>deinde</span> <span class='ocrx_word' id='word_1_239' title='bbox 1186 2810 1213 2871; x_wconf 91' lang='lat' dir='ltr'>si</span> <span class='ocrx_word' id='word_1_240' title='bbox 1229 2829 1291 2892; x_wconf 93' lang='lat' dir='ltr'>qua</span> <span class='ocrx_word' id='word_1_241' title='bbox 1306 2811 1405 2892; x_wconf 81' lang='lat' dir='ltr'>gratia</span> <span class='ocrx_word' id='word_1_242' title='bbox 1420 2819 1517 2874; x_wconf 89' lang='lat' dir='ltr'>testes</span> <span class='ocrx_word' id='word_1_243' title='bbox 1533 2813 1739 2894; x_wconf 90' lang='lat' dir='ltr'>deterrentur,</span> 
     </span>
     <span class='ocr_line' id='line_1_25' title="bbox 413 2903 1739 2986; baseline 0.008 -20"><span class='ocrx_word' id='word_1_244' title='bbox 413 2904 539 2967; x_wconf 91' lang='lat' dir='ltr'>tabulae</span> <span class='ocrx_word' id='word_1_245' title='bbox 567 2903 695 2986; x_wconf 92' lang='lat' dir='ltr'>quidem</span> <span class='ocrx_word' id='word_1_246' title='bbox 725 2910 808 2966; x_wconf 89' lang='lat' dir='ltr'>certe</span> <span class='ocrx_word' id='word_1_247' title='bbox 837 2903 1035 2985; x_wconf 86' lang='lat' dir='ltr'>incorruptae</span> <span class='ocrx_word' id='word_1_248' title='bbox 1064 2908 1159 2985; x_wconf 92' lang='lat' dir='ltr'>atque</span> <span class='ocrx_word' id='word_1_249' title='bbox 1190 2904 1328 2984; x_wconf 79' lang='lat' dir='ltr'>integrae</span> <span class='ocrx_word' id='word_1_250' title='bbox 1357 2912 1493 2967; x_wconf 91' lang='lat' dir='ltr'>manent.</span> <span class='ocrx_word' id='word_1_251' title='bbox 1540 2910 1600 2972; x_wconf 93' lang='lat' dir='ltr'>Fac</span> <span class='ocrx_word' id='word_1_252' title='bbox 1629 2931 1739 2976; x_wconf 87' lang='lat' dir='ltr'>omnes</span> 
     </span>
     <span class='ocr_line' id='line_1_26' title="bbox 413 2995 1776 3082; baseline 0.003 -22"><span class='ocrx_word' id='word_1_253' title='bbox 413 2997 619 3061; x_wconf 91' lang='lat' dir='ltr'>amicissimos</span> <span class='ocrx_word' id='word_1_254' title='bbox 647 2997 779 3059; x_wconf 84' lang='lat' dir='ltr'>Fonteio</span> <span class='ocrx_word' id='word_1_255' title='bbox 807 2996 922 3058; x_wconf 84' lang='lat' dir='ltr'>fuisse:</span> <span class='ocrx_word' id='word_1_256' title='bbox 950 3004 1070 3057; x_wconf 88' lang='lat' dir='ltr'>tantum</span> <span class='ocrx_word' id='word_1_257' title='bbox 1099 2995 1260 3057; x_wconf 93' lang='lat' dir='ltr'>bominum</span> <span class='ocrx_word' id='word_1_258' title='bbox 1283 3017 1450 3060; x_wconf 88' lang='lat' dir='ltr'>numerum</span> <span class='ocrx_word' id='word_1_259' title='bbox 1472 3001 1776 3082; x_wconf 76' lang='lat' dir='ltr'>ignotissimorumse</span> 
     </span>
     <span class='ocr_line' id='line_1_27' title="bbox 413 3091 1739 3183; baseline 0.008 -29"><span class='ocrx_word' id='word_1_260' title='bbox 413 3099 509 3174; x_wconf 92' lang='lat' dir='ltr'>atque</span> <span class='ocrx_word' id='word_1_261' title='bbox 530 3091 791 3153; x_wconf 86' lang='lat' dir='ltr'>alienissimorum</span> <span class='ocrx_word' id='word_1_262' title='bbox 814 3091 991 3173; x_wconf 89' lang='lat' dir='ltr'>pepercisse</span> <span class='ocrx_word' id='word_1_263' title='bbox 1007 3091 1101 3154; x_wconf 93' lang='lat' dir='ltr'>buius</span> <span class='ocrx_word' id='word_1_264' title='bbox 1120 3093 1230 3175; x_wconf 89' lang='lat' dir='ltr'>capiti,</span> <span class='ocrx_word' id='word_1_265' title='bbox 1252 3094 1450 3158; x_wconf 90' lang='lat' dir='ltr'>consuluisse</span> <span class='ocrx_word' id='word_1_266' title='bbox 1464 3097 1582 3160; x_wconf 86' lang='lat' dir='ltr'>famae:</span> <span class='ocrx_word' id='word_1_267' title='bbox 1604 3119 1655 3161; x_wconf 91' lang='lat' dir='ltr'>res</span> <span class='ocrx_word' id='word_1_268' title='bbox 1670 3102 1739 3183; x_wconf 90' lang='lat' dir='ltr'>ipsa</span> 
     </span>
     <span class='ocr_line' id='line_1_28' title="bbox 413 3183 1739 3268; baseline 0.008 -21"><span class='ocrx_word' id='word_1_269' title='bbox 413 3194 515 3247; x_wconf 89' lang='lat' dir='ltr'>tamen</span> <span class='ocrx_word' id='word_1_270' title='bbox 537 3203 573 3246; x_wconf 91' lang='lat' dir='ltr'>ac</span> <span class='ocrx_word' id='word_1_271' title='bbox 595 3185 675 3246; x_wconf 94' lang='lat' dir='ltr'>ratio</span> <span class='ocrx_word' id='word_1_272' title='bbox 698 3183 869 3246; x_wconf 88' lang='lat' dir='ltr'>litterarum</span> <span class='ocrx_word' id='word_1_273' title='bbox 892 3183 1111 3268; x_wconf 85' lang='lat' dir='ltr'>confectioque</span> <span class='ocrx_word' id='word_1_274' title='bbox 1133 3186 1308 3250; x_wconf 91' lang='lat' dir='ltr'>tabularum</span> <span class='ocrx_word' id='word_1_275' title='bbox 1330 3188 1426 3252; x_wconf 90' lang='lat' dir='ltr'>babet</span> <span class='ocrx_word' id='word_1_276' title='bbox 1444 3189 1526 3252; x_wconf 90' lang='lat' dir='ltr'>hanc</span> <span class='ocrx_word' id='word_1_277' title='bbox 1549 3192 1627 3266; x_wconf 91' lang='lat' dir='ltr'>vim,</span> <span class='ocrx_word' id='word_1_278' title='bbox 1650 3203 1685 3257; x_wconf 92' lang='lat' dir='ltr'>ut</span> <span class='ocrx_word' id='word_1_279' title='bbox 1698 3215 1739 3258; x_wconf 87' lang='lat' dir='ltr'>ex</span> 
     </span>
     <span class='ocr_line' id='line_1_29' title="bbox 412 3273 1740 3372; baseline 0.006 -30"><span class='ocrx_word' id='word_1_280' title='bbox 412 3278 548 3360; x_wconf 90' lang='lat' dir='ltr'>acceptis</span> <span class='ocrx_word' id='word_1_281' title='bbox 570 3286 602 3340; x_wconf 90' lang='lat' dir='ltr'>et</span> <span class='ocrx_word' id='word_1_282' title='bbox 623 3277 703 3340; x_wconf 90' lang='lat' dir='ltr'>datis</span> <span class='ocrx_word' id='word_1_283' title='bbox 726 3277 883 3360; x_wconf 93' lang='lat' dir='ltr'>quidquid</span> <span class='ocrx_word' id='word_1_284' title='bbox 905 3273 1041 3361; x_wconf 79' lang='lat' dir='ltr'>fingatur</span> <span class='ocrx_word' id='word_1_285' title='bbox 1061 3287 1116 3342; x_wconf 92' lang='lat' dir='ltr'>aut</span> <span class='ocrx_word' id='word_1_286' title='bbox 1139 3280 1325 3364; x_wconf 89' lang='lat' dir='ltr'>surripiatur</span> <span class='ocrx_word' id='word_1_287' title='bbox 1346 3292 1400 3346; x_wconf 86' lang='lat' dir='ltr'>aut</span> <span class='ocrx_word' id='word_1_288' title='bbox 1421 3304 1483 3346; x_wconf 90' lang='lat' dir='ltr'>nou</span> <span class='ocrx_word' id='word_1_289' title='bbox 1501 3294 1623 3349; x_wconf 87' lang='lat' dir='ltr'>constet</span> <span class='ocrx_word' id='word_1_290' title='bbox 1643 3307 1740 3372; x_wconf 90' lang='lat' dir='ltr'>appa·</span> 
     </span>
    </p>
   </div>
   <div class='ocr_carea' id='block_1_3' title="bbox 410 3499 1741 4473">
    <p class='ocr_par' dir='ltr' id='par_1_3' title="bbox 410 3499 1741 4473">
     <span class='ocr_line' id='line_1_30' title="bbox 411 3499 1738 3571; baseline 0.008 -18"><span class='ocrx_word' id='word_1_291' title='bbox 411 3502 512 3553; x_wconf 87' lang='lat' dir='ltr'>Theod.</span> <span class='ocrx_word' id='word_1_292' title='bbox 531 3500 721 3552; x_wconf 87' lang='lat' dir='ltr'>Mommsenius</span> <span class='ocrx_word' id='word_1_293' title='bbox 739 3499 855 3559; x_wconf 90' lang='lat' dir='ltr'>monuit,</span> <span class='ocrx_word' id='word_1_294' title='bbox 875 3513 972 3550; x_wconf 91' lang='lat' dir='ltr'>nomen</span> <span class='ocrx_word' id='word_1_295' title='bbox 985 3501 1148 3565; x_wconf 88' lang='lat' dir='ltr'>quaestoris,</span> <span class='ocrx_word' id='word_1_296' title='bbox 1166 3503 1211 3565; x_wconf 91' lang='lat' dir='ltr'>qui</span> <span class='ocrx_word' id='word_1_297' title='bbox 1229 3505 1330 3568; x_wconf 88' lang='lat' dir='ltr'>primus</span> <span class='ocrx_word' id='word_1_298' title='bbox 1348 3506 1496 3556; x_wconf 86' lang='lat' dir='ltr'>secuudum</span> <span class='ocrx_word' id='word_1_299' title='bbox 1508 3506 1594 3571; x_wconf 81' lang='lat' dir='ltr'>legem</span> <span class='ocrx_word' id='word_1_300' title='bbox 1605 3509 1738 3563; x_wconf 83' lang='lat' dir='ltr'>Valeriam</span> 
     </span>
     <span class='ocr_line' id='line_1_31' title="bbox 411 3575 1741 3644; baseline 0.002 -16"><span class='ocrx_word' id='word_1_301' title='bbox 411 3575 539 3629; x_wconf 85' lang='lat' dir='ltr'>dissolvit.</span> <span class='ocrx_word' id='word_1_302' title='bbox 560 3603 586 3611; x_wconf 98' lang='lat'>-</span> <span class='ocrx_word' id='word_1_303' title='bbox 605 3588 700 3637; x_wconf 84' lang='lat' dir='ltr'>usquoe</span> <span class='ocrx_word' id='word_1_304' title='bbox 716 3577 743 3624; x_wconf 92' lang='lat' dir='ltr'>P.</span> <span class='ocrx_word' id='word_1_305' title='bbox 764 3601 791 3608; x_wconf 96' lang='lat'><em>-</em></span> <span class='ocrx_word' id='word_1_306' title='bbox 813 3575 892 3624; x_wconf 81' lang='lat' dir='ltr'>Titum</span> <span class='ocrx_word' id='word_1_307' title='bbox 909 3576 943 3624; x_wconf 87' lang='lat' dir='ltr'>P:</span> <span class='ocrx_word' id='word_1_308' title='bbox 964 3575 989 3624; x_wconf 77' lang='lat' dir='ltr'>t.</span> <span class='ocrx_word' id='word_1_309' title='bbox 1003 3577 1032 3626; x_wconf 89' lang='lat'>0.</span> <span class='ocrx_word' id='word_1_310' title='bbox 1048 3602 1074 3610; x_wconf 97' lang='lat'>-</span> <span class='ocrx_word' id='word_1_311' title='bbox 1096 3582 1249 3638; x_wconf 78' lang='lat' dir='ltr'>quaestorem</span> <span class='ocrx_word' id='word_1_312' title='bbox 1261 3575 1438 3630; x_wconf 80' lang='lat' dir='ltr'>Niebulirius:</span> <span class='ocrx_word' id='word_1_313' title='bbox 1458 3582 1522 3644; x_wconf 76' lang='lat' dir='ltr'>ota</span> <span class='ocrx_word' id='word_1_314' title='bbox 1538 3585 1566 3634; x_wconf 87' lang='lat' dir='ltr'>P.</span> <span class='ocrx_word' id='word_1_315' title='bbox 1582 3613 1609 3622; x_wconf 92' lang='lat'>-</span> <span class='ocrx_word' id='word_1_316' title='bbox 1622 3587 1647 3636; x_wconf 69' lang='grc' dir='ltr'>Ξ.</span> <span class='ocrx_word' id='word_1_317' title='bbox 1660 3590 1741 3639; x_wconf 68' lang='lat' dir='ltr'>omno</span> 
     </span>
     <span class='ocr_line' id='line_1_32' title="bbox 410 3650 1736 3719; baseline 0.005 -17"><span class='ocrx_word' id='word_1_318' title='bbox 410 3654 439 3702; x_wconf 88' lang='lat' dir='ltr'>P.</span> <span class='ocrx_word' id='word_1_319' title='bbox 461 3680 487 3688; x_wconf 95' lang='lat'>-</span> <span class='ocrx_word' id='word_1_320' title='bbox 507 3651 567 3712; x_wconf 81' lang='lat' dir='ltr'>quid</span> <span class='ocrx_word' id='word_1_321' title='bbox 583 3663 699 3701; x_wconf 69' lang='lat' dir='ltr'>mennas</span> <span class='ocrx_word' id='word_1_322' title='bbox 716 3650 776 3712; x_wconf 84' lang='lat' dir='ltr'>quid</span> <span class='ocrx_word' id='word_1_323' title='bbox 792 3651 938 3712; x_wconf 82' lang='lat' dir='ltr'>repruendis</span> <span class='ocrx_word' id='word_1_324' title='bbox 954 3652 982 3699; x_wconf 88' lang='lat' dir='ltr'>P.</span> <span class='ocrx_word' id='word_1_325' title='bbox 1004 3675 1030 3686; x_wconf 93' lang='lat'><em>-</em></span> <span class='ocrx_word' id='word_1_326' title='bbox 1050 3651 1075 3700; x_wconf 81' lang='grc'>3.</span> <span class='ocrx_word' id='word_1_327' title='bbox 1093 3653 1255 3702; x_wconf 60' lang='lat' dir='ltr'>mentoris</span> <span class='ocrx_word' id='word_1_328' title='bbox 1271 3656 1299 3713; x_wconf 91' lang='lat' dir='ltr'><strong>P,</strong></span> <span class='ocrx_word' id='word_1_329' title='bbox 1318 3654 1367 3705; x_wconf 89' lang='lat' dir='ltr'>sed</span> <span class='ocrx_word' id='word_1_330' title='bbox 1384 3657 1473 3706; x_wconf 89' lang='lat' dir='ltr'>statim</span> <span class='ocrx_word' id='word_1_331' title='bbox 1489 3659 1688 3719; x_wconf 79' lang='lat' dir='ltr'>quadrantoriir.</span> <span class='ocrx_word' id='word_1_332' title='bbox 1709 3689 1736 3699; x_wconf 90' lang='lat'>-</span> 
     </span>
     <span class='ocr_line' id='line_1_33' title="bbox 411 3724 1736 3792; baseline 0.002 -15"><span class='ocrx_word' id='word_1_333' title='bbox 411 3725 434 3777; x_wconf 86' lang='lat' dir='ltr'>l.</span> <span class='ocrx_word' id='word_1_334' title='bbox 448 3727 543 3776; x_wconf 79' lang='lat' dir='ltr'>Fonteii</span> <span class='ocrx_word' id='word_1_335' title='bbox 555 3726 584 3776; x_wconf 91' lang='lat'>0.</span> <span class='ocrx_word' id='word_1_336' title='bbox 600 3753 627 3762; x_wconf 97' lang='lat'>—</span> <span class='ocrx_word' id='word_1_337' title='bbox 646 3727 813 3776; x_wconf 71' lang='lat' dir='ltr'>euentumnre</span> <span class='ocrx_word' id='word_1_338' title='bbox 824 3726 851 3774; x_wconf 91' lang='lat' dir='ltr'>P.</span> <span class='ocrx_word' id='word_1_339' title='bbox 868 3750 892 3760; x_wconf 96' lang='lat'><em>—</em></span> <span class='ocrx_word' id='word_1_340' title='bbox 914 3724 938 3773; x_wconf 87' lang='lat'>6.</span> <span class='ocrx_word' id='word_1_341' title='bbox 951 3725 1003 3789; x_wconf 80' lang='lat' dir='ltr'>tibi]</span> <span class='ocrx_word' id='word_1_342' title='bbox 1022 3725 1085 3775; x_wconf 84' lang='lat' dir='ltr'>FIVI</span> <span class='ocrx_word' id='word_1_343' title='bbox 1099 3728 1129 3776; x_wconf 89' lang='lat' dir='ltr'>P.</span> <span class='ocrx_word' id='word_1_344' title='bbox 1140 3752 1168 3763; x_wconf 96' lang='lat'><em>-</em></span> <span class='ocrx_word' id='word_1_345' title='bbox 1187 3741 1278 3778; x_wconf 83' lang='lat' dir='ltr'>caussa</span> <span class='ocrx_word' id='word_1_346' title='bbox 1292 3730 1327 3779; x_wconf 82' lang='lat' dir='ltr'>sei</span> <span class='ocrx_word' id='word_1_347' title='bbox 1344 3744 1395 3792; x_wconf 78' lang='lat' dir='ltr'>qaeu</span> <span class='ocrx_word' id='word_1_348' title='bbox 1411 3732 1439 3780; x_wconf 89' lang='lat' dir='ltr'>P.</span> <span class='ocrx_word' id='word_1_349' title='bbox 1454 3757 1482 3767; x_wconf 92' lang='lat'>-</span> <span class='ocrx_word' id='word_1_350' title='bbox 1501 3732 1524 3780; x_wconf 80' lang='lat' dir='ltr'>t.</span> <span class='ocrx_word' id='word_1_351' title='bbox 1542 3747 1661 3785; x_wconf 67' lang='lat' dir='ltr'>mumma</span> <span class='ocrx_word' id='word_1_352' title='bbox 1672 3737 1736 3785; x_wconf 86' lang='lat' dir='ltr'>P.-</span> 
     </span>
     <span class='ocr_line' id='line_1_34' title="bbox 410 3800 1739 3869; baseline 0.007 -18"><span class='ocrx_word' id='word_1_353' title='bbox 410 3803 434 3851; x_wconf 85' lang='lat'>9.</span> <span class='ocrx_word' id='word_1_354' title='bbox 447 3801 621 3864; x_wconf 76' lang='lat' dir='ltr'>repraehendis</span> <span class='ocrx_word' id='word_1_355' title='bbox 638 3802 664 3850; x_wconf 90' lang='lat' dir='ltr'><strong>P.</strong></span> <span class='ocrx_word' id='word_1_356' title='bbox 680 3827 707 3835; x_wconf 94' lang='lat'>—</span> <span class='ocrx_word' id='word_1_357' title='bbox 728 3800 767 3850; x_wconf 86' lang='lat' dir='ltr'>tt.</span> <span class='ocrx_word' id='word_1_358' title='bbox 780 3800 875 3849; x_wconf 85' lang='lat' dir='ltr'>DiSSO</span> <span class='ocrx_word' id='word_1_359' title='bbox 889 3801 893 3856; x_wconf 89' lang='grc' dir='ltr'>Ι</span> <span class='ocrx_word' id='word_1_360' title='bbox 908 3801 1020 3850; x_wconf 80' lang='lat' dir='ltr'>Li&#39;ISSE</span> <span class='ocrx_word' id='word_1_361' title='bbox 1032 3803 1059 3861; x_wconf 91' lang='lat' dir='ltr'>P,</span> <span class='ocrx_word' id='word_1_362' title='bbox 1079 3800 1112 3850; x_wconf 90' lang='lat' dir='ltr'>de</span> <span class='ocrx_word' id='word_1_363' title='bbox 1125 3815 1176 3866; x_wconf 91' lang='lat' dir='ltr'>qua</span> <span class='ocrx_word' id='word_1_364' title='bbox 1188 3801 1350 3864; x_wconf 82' lang='lat' dir='ltr'>syllabarum</span> <span class='ocrx_word' id='word_1_365' title='bbox 1362 3817 1411 3869; x_wconf 90' lang='lat' dir='ltr'>per</span> <span class='ocrx_word' id='word_1_366' title='bbox 1422 3803 1489 3855; x_wconf 90' lang='lat' dir='ltr'>duos</span> <span class='ocrx_word' id='word_1_367' title='bbox 1506 3818 1601 3858; x_wconf 89' lang='lat' dir='ltr'>versos</span> <span class='ocrx_word' id='word_1_368' title='bbox 1612 3807 1739 3860; x_wconf 90' lang='lat' dir='ltr'>distribu-</span> 
     </span>
     <span class='ocr_line' id='line_1_35' title="bbox 411 3873 1738 3950; baseline 0.005 -25"><span class='ocrx_word' id='word_1_369' title='bbox 411 3877 481 3927; x_wconf 90' lang='lat' dir='ltr'>tione</span> <span class='ocrx_word' id='word_1_370' title='bbox 498 3890 524 3927; x_wconf 92' lang='lat' dir='ltr'>v.</span> <span class='ocrx_word' id='word_1_371' title='bbox 537 3873 613 3926; x_wconf 88' lang='lat' dir='ltr'>Nieb.</span> <span class='ocrx_word' id='word_1_372' title='bbox 627 3879 716 3925; x_wconf 90' lang='lat' dir='ltr'>notam</span> <span class='ocrx_word' id='word_1_373' title='bbox 734 3889 760 3938; x_wconf 90' lang='lat' dir='ltr'>p.</span> <span class='ocrx_word' id='word_1_374' title='bbox 774 3874 814 3924; x_wconf 78' lang='lat'>58.</span> <span class='ocrx_word' id='word_1_375' title='bbox 826 3902 852 3910; x_wconf 92' lang='lat'><em>-</em></span> <span class='ocrx_word' id='word_1_376' title='bbox 873 3874 913 3924; x_wconf 73' lang='lat' dir='ltr'><strong>li.</strong></span> <span class='ocrx_word' id='word_1_377' title='bbox 925 3877 1071 3926; x_wconf 75' lang='lat' dir='ltr'>eneistumes</span> <span class='ocrx_word' id='word_1_378' title='bbox 1082 3879 1109 3927; x_wconf 91' lang='lat' dir='ltr'><strong>P.</strong></span> <span class='ocrx_word' id='word_1_379' title='bbox 1125 3905 1151 3913; x_wconf 87' lang='lat'><em>-</em></span> <span class='ocrx_word' id='word_1_380' title='bbox 1172 3878 1211 3929; x_wconf 77' lang='lat' dir='ltr'>ta.</span> <span class='ocrx_word' id='word_1_381' title='bbox 1224 3879 1317 3929; x_wconf 80' lang='lat' dir='ltr'>aliucni</span> <span class='ocrx_word' id='word_1_382' title='bbox 1328 3881 1356 3929; x_wconf 88' lang='lat' dir='ltr'>P.</span> <span class='ocrx_word' id='word_1_383' title='bbox 1373 3907 1399 3916; x_wconf 90' lang='lat'><em>-</em></span> <span class='ocrx_word' id='word_1_384' title='bbox 1418 3893 1535 3930; x_wconf 79' lang='lat' dir='ltr'>ccursant</span> <span class='ocrx_word' id='word_1_385' title='bbox 1546 3883 1573 3932; x_wconf 88' lang='grc' dir='ltr'>Ρ.</span> <span class='ocrx_word' id='word_1_386' title='bbox 1588 3910 1616 3920; x_wconf 89' lang='grc'><strong>-</strong></span> <span class='ocrx_word' id='word_1_387' title='bbox 1635 3884 1676 3936; x_wconf 86' lang='lat' dir='ltr'>tt.</span> <span class='ocrx_word' id='word_1_388' title='bbox 1690 3900 1738 3950; x_wconf 82' lang='lat' dir='ltr'>pu·</span> 
     </span>
     <span class='ocr_line' id='line_1_36' title="bbox 411 3950 1741 4018; baseline 0.009 -18"><span class='ocrx_word' id='word_1_389' title='bbox 411 3950 527 4002; x_wconf 82' lang='lat' dir='ltr'>bticcneis</span> <span class='ocrx_word' id='word_1_390' title='bbox 543 3954 571 4001; x_wconf 89' lang='lat' dir='ltr'>P.</span> <span class='ocrx_word' id='word_1_391' title='bbox 592 3977 619 3987; x_wconf 91' lang='lat'>-</span> <span class='ocrx_word' id='word_1_392' title='bbox 638 3951 789 4013; x_wconf 78' lang='lat' dir='ltr'>Aquileiense</span> <span class='ocrx_word' id='word_1_393' title='bbox 806 3950 955 4014; x_wconf 86' lang='lat' dir='ltr'>suspicatur</span> <span class='ocrx_word' id='word_1_394' title='bbox 971 3952 1171 4003; x_wconf 89' lang='lat' dir='ltr'>Mommsenius.</span> <span class='ocrx_word' id='word_1_395' title='bbox 1192 3979 1219 3987; x_wconf 91' lang='lat'><em>-</em></span> <span class='ocrx_word' id='word_1_396' title='bbox 1239 3953 1279 4002; x_wconf 84' lang='lat' dir='ltr'>ts.</span> <span class='ocrx_word' id='word_1_397' title='bbox 1298 3953 1377 4018; x_wconf 74' lang='lat' dir='ltr'>crte]</span> <span class='ocrx_word' id='word_1_398' title='bbox 1396 3955 1463 4004; x_wconf 77' lang='lat' dir='ltr'>«Aut</span> <span class='ocrx_word' id='word_1_399' title='bbox 1477 3956 1561 4005; x_wconf 81' lang='lat' dir='ltr'>recitet</span> <span class='ocrx_word' id='word_1_400' title='bbox 1577 3960 1623 4008; x_wconf 89' lang='lat' dir='ltr'>eut</span> <span class='ocrx_word' id='word_1_401' title='bbox 1638 3960 1741 4012; x_wconf 83' lang='lat' dir='ltr'>recitent</span> 
     </span>
     <span class='ocr_line' id='line_1_37' title="bbox 412 4023 1740 4095; baseline 0.009 -20"><span class='ocrx_word' id='word_1_402' title='bbox 412 4028 457 4075; x_wconf 89' lang='lat' dir='ltr'>aut</span> <span class='ocrx_word' id='word_1_403' title='bbox 473 4027 608 4077; x_wconf 79' lang='lat' dir='ltr'>recitentur</span> <span class='ocrx_word' id='word_1_404' title='bbox 623 4027 751 4090; x_wconf 89' lang='lat' dir='ltr'>scriptum</span> <span class='ocrx_word' id='word_1_405' title='bbox 769 4023 849 4075; x_wconf 86' lang='lat' dir='ltr'>luisse</span> <span class='ocrx_word' id='word_1_406' title='bbox 867 4025 974 4075; x_wconf 89' lang='lat' dir='ltr'>minime</span> <span class='ocrx_word' id='word_1_407' title='bbox 992 4026 1104 4077; x_wconf 91' lang='lat' dir='ltr'>dubium</span> <span class='ocrx_word' id='word_1_408' title='bbox 1121 4029 1175 4087; x_wconf 89' lang='lat' dir='ltr'>est,</span> <span class='ocrx_word' id='word_1_409' title='bbox 1198 4027 1244 4077; x_wconf 89' lang='lat' dir='ltr'>ubi</span> <span class='ocrx_word' id='word_1_410' title='bbox 1262 4025 1329 4077; x_wconf 91' lang='lat' dir='ltr'>oculi</span> <span class='ocrx_word' id='word_1_411' title='bbox 1347 4026 1409 4078; x_wconf 91' lang='lat' dir='ltr'>nibil</span> <span class='ocrx_word' id='word_1_412' title='bbox 1434 4031 1541 4093; x_wconf 88' lang='lat' dir='ltr'>praeter</span> <span class='ocrx_word' id='word_1_413' title='bbox 1557 4034 1682 4095; x_wconf 89' lang='lat' dir='ltr'>quattuor</span> <span class='ocrx_word' id='word_1_414' title='bbox 1698 4034 1740 4087; x_wconf 84' lang='lat' dir='ltr'>lit-</span> 
     </span>
     <span class='ocr_line' id='line_1_38' title="bbox 412 4096 1739 4171; baseline 0.008 -21"><span class='ocrx_word' id='word_1_415' title='bbox 412 4104 483 4152; x_wconf 89' lang='lat' dir='ltr'>teras</span> <span class='ocrx_word' id='word_1_416' title='bbox 500 4103 694 4165; x_wconf 88' lang='lat' dir='ltr'>assequontur:</span> <span class='ocrx_word' id='word_1_417' title='bbox 723 4112 784 4149; x_wconf 88' lang='lat' dir='ltr'>nam</span> <span class='ocrx_word' id='word_1_418' title='bbox 802 4096 903 4161; x_wconf 78' lang='lat' dir='ltr'>syllaba</span> <span class='ocrx_word' id='word_1_419' title='bbox 920 4114 949 4150; x_wconf 89' lang='lat' dir='ltr'>re</span> <span class='ocrx_word' id='word_1_420' title='bbox 966 4113 1027 4152; x_wconf 90' lang='lat' dir='ltr'>cum</span> <span class='ocrx_word' id='word_1_421' title='bbox 1044 4099 1092 4151; x_wconf 91' lang='lat' dir='ltr'>alia</span> <span class='ocrx_word' id='word_1_422' title='bbox 1111 4103 1204 4166; x_wconf 82' lang='lat' dir='ltr'>pagina</span> <span class='ocrx_word' id='word_1_423' title='bbox 1221 4103 1308 4166; x_wconf 89' lang='lat' dir='ltr'>periit.</span> <span class='ocrx_word' id='word_1_424' title='bbox 1334 4104 1416 4153; x_wconf 87' lang='lat' dir='ltr'>liuius</span> <span class='ocrx_word' id='word_1_425' title='bbox 1434 4107 1524 4154; x_wconf 89' lang='lat' dir='ltr'>autem</span> <span class='ocrx_word' id='word_1_426' title='bbox 1544 4107 1653 4171; x_wconf 81' lang='lat' dir='ltr'>paginae</span> <span class='ocrx_word' id='word_1_427' title='bbox 1671 4107 1739 4162; x_wconf 87' lang='lat' dir='ltr'>latus</span> 
     </span>
     <span class='ocr_line' id='line_1_39' title="bbox 412 4173 1740 4242; baseline 0.008 -17"><span class='ocrx_word' id='word_1_428' title='bbox 412 4176 565 4226; x_wconf 85' lang='lat' dir='ltr'>universum</span> <span class='ocrx_word' id='word_1_429' title='bbox 583 4174 655 4237; x_wconf 89' lang='lat' dir='ltr'>quod</span> <span class='ocrx_word' id='word_1_430' title='bbox 673 4187 732 4238; x_wconf 82' lang='lat' dir='ltr'>pag.</span> <span class='ocrx_word' id='word_1_431' title='bbox 751 4173 792 4225; x_wconf 77' lang='lat' dir='ltr'>itt.</span> <span class='ocrx_word' id='word_1_432' title='bbox 811 4176 1023 4238; x_wconf 82' lang='lat' dir='ltr'>repraesentavi,</span> <span class='ocrx_word' id='word_1_433' title='bbox 1042 4177 1076 4225; x_wconf 87' lang='lat' dir='ltr'>ita</span> <span class='ocrx_word' id='word_1_434' title='bbox 1095 4190 1201 4227; x_wconf 87' lang='lat' dir='ltr'>erasum</span> <span class='ocrx_word' id='word_1_435' title='bbox 1219 4179 1274 4238; x_wconf 88' lang='lat' dir='ltr'>est,</span> <span class='ocrx_word' id='word_1_436' title='bbox 1293 4179 1322 4226; x_wconf 91' lang='lat' dir='ltr'>ut</span> <span class='ocrx_word' id='word_1_437' title='bbox 1339 4178 1406 4227; x_wconf 87' lang='lat' dir='ltr'>inter</span> <span class='ocrx_word' id='word_1_438' title='bbox 1423 4191 1455 4227; x_wconf 88' lang='lat' dir='ltr'>ea</span> <span class='ocrx_word' id='word_1_439' title='bbox 1473 4192 1556 4242; x_wconf 90' lang='lat' dir='ltr'>quoe,</span> <span class='ocrx_word' id='word_1_440' title='bbox 1576 4182 1655 4233; x_wconf 90' lang='lat' dir='ltr'>modo</span> <span class='ocrx_word' id='word_1_441' title='bbox 1672 4185 1740 4236; x_wconf 90' lang='lat' dir='ltr'>essi·</span> 
     </span>
     <span class='ocr_line' id='line_1_40' title="bbox 412 4245 1740 4323; baseline 0.01 -25"><span class='ocrx_word' id='word_1_442' title='bbox 412 4249 492 4300; x_wconf 88' lang='lat' dir='ltr'>duam</span> <span class='ocrx_word' id='word_1_443' title='bbox 515 4261 625 4313; x_wconf 87' lang='lat' dir='ltr'>operam</span> <span class='ocrx_word' id='word_1_444' title='bbox 648 4246 824 4311; x_wconf 90' lang='lat' dir='ltr'>impenderis,</span> <span class='ocrx_word' id='word_1_445' title='bbox 849 4245 898 4310; x_wconf 80' lang='lat' dir='ltr'>legi</span> <span class='ocrx_word' id='word_1_446' title='bbox 922 4250 1010 4299; x_wconf 86' lang='lat' dir='ltr'>tamen</span> <span class='ocrx_word' id='word_1_447' title='bbox 1033 4254 1158 4315; x_wconf 88' lang='lat' dir='ltr'>possunt,</span> <span class='ocrx_word' id='word_1_448' title='bbox 1184 4249 1245 4302; x_wconf 89' lang='lat' dir='ltr'>nihil</span> <span class='ocrx_word' id='word_1_449' title='bbox 1264 4250 1395 4304; x_wconf 80' lang='lat' dir='ltr'>difficilius</span> <span class='ocrx_word' id='word_1_450' title='bbox 1411 4265 1554 4306; x_wconf 86' lang='lat' dir='ltr'>occurrere</span> <span class='ocrx_word' id='word_1_451' title='bbox 1571 4257 1652 4308; x_wconf 89' lang='lat' dir='ltr'>credo</span> <span class='ocrx_word' id='word_1_452' title='bbox 1669 4258 1740 4323; x_wconf 88' lang='lat' dir='ltr'>[cre-</span> 
     </span>
     <span class='ocr_line' id='line_1_41' title="bbox 411 4322 1740 4397; baseline 0.006 -25"><span class='ocrx_word' id='word_1_453' title='bbox 411 4323 528 4387; x_wconf 72' lang='lat' dir='ltr'>dom‘i].u</span> <span class='ocrx_word' id='word_1_454' title='bbox 546 4324 668 4372; x_wconf 82' lang='lat' dir='ltr'>Ntuauun.</span> <span class='ocrx_word' id='word_1_455' title='bbox 683 4349 710 4357; x_wconf 89' lang='lat'><em>-</em></span> <span class='ocrx_word' id='word_1_456' title='bbox 731 4322 770 4371; x_wconf 82' lang='lat' dir='ltr'>te.</span> <span class='ocrx_word' id='word_1_457' title='bbox 784 4323 850 4371; x_wconf 76' lang='lat' dir='ltr'>dictu</span> <span class='ocrx_word' id='word_1_458' title='bbox 862 4324 893 4371; x_wconf 90' lang='lat' dir='ltr'><strong>P:</strong></span> <span class='ocrx_word' id='word_1_459' title='bbox 912 4325 993 4373; x_wconf 70' lang='lat' dir='ltr'>debut</span> <span class='ocrx_word' id='word_1_460' title='bbox 1010 4324 1084 4375; x_wconf 87' lang='lat' dir='ltr'>Nieb.</span> <span class='ocrx_word' id='word_1_461' title='bbox 1101 4352 1128 4361; x_wconf 97' lang='lat'>-</span> <span class='ocrx_word' id='word_1_462' title='bbox 1147 4326 1187 4375; x_wconf 78' lang='lat' dir='ltr'>te.</span> <span class='ocrx_word' id='word_1_463' title='bbox 1205 4326 1280 4389; x_wconf 80' lang='lat' dir='ltr'>stertei</span> <span class='ocrx_word' id='word_1_464' title='bbox 1296 4328 1323 4375; x_wconf 90' lang='lat' dir='ltr'>P.</span> <span class='ocrx_word' id='word_1_465' title='bbox 1339 4354 1366 4362; x_wconf 92' lang='lat'><em>-</em></span> <span class='ocrx_word' id='word_1_466' title='bbox 1385 4327 1423 4392; x_wconf 84' lang='lat' dir='ltr'>iis]</span> <span class='ocrx_word' id='word_1_467' title='bbox 1441 4329 1485 4378; x_wconf 81' lang='lat' dir='ltr'>ieie</span> <span class='ocrx_word' id='word_1_468' title='bbox 1496 4332 1529 4392; x_wconf 90' lang='lat' dir='ltr'>P,</span> <span class='ocrx_word' id='word_1_469' title='bbox 1548 4331 1596 4381; x_wconf 90' lang='lat' dir='ltr'>sed</span> <span class='ocrx_word' id='word_1_470' title='bbox 1609 4336 1740 4397; x_wconf 81' lang='lat' dir='ltr'>posterior</span> 
     </span>
     <span class='ocr_line' id='line_1_42' title="bbox 410 4395 1740 4473; baseline 0.01 -26"><span class='ocrx_word' id='word_1_471' title='bbox 410 4399 419 4447; x_wconf 90' lang='lat' dir='ltr'>i</span> <span class='ocrx_word' id='word_1_472' title='bbox 431 4411 490 4462; x_wconf 89' lang='lat' dir='ltr'>sup.</span> <span class='ocrx_word' id='word_1_473' title='bbox 501 4395 545 4447; x_wconf 88' lang='lat' dir='ltr'>lin.</span> <span class='ocrx_word' id='word_1_474' title='bbox 560 4424 587 4433; x_wconf 95' lang='lat'><em>-</em></span> <span class='ocrx_word' id='word_1_475' title='bbox 606 4397 647 4446; x_wconf 73' lang='lat'>20.</span> <span class='ocrx_word' id='word_1_476' title='bbox 659 4395 734 4456; x_wconf 80' lang='lat' dir='ltr'>Atqui</span> <span class='ocrx_word' id='word_1_477' title='bbox 745 4422 782 4432; x_wconf 91' lang='lat'>··</span> <span class='ocrx_word' id='word_1_478' title='bbox 792 4397 899 4461; x_wconf 86' lang='lat' dir='ltr'>testibus]</span> <span class='ocrx_word' id='word_1_479' title='bbox 917 4399 959 4448; x_wconf 88' lang='lat' dir='ltr'>Sic</span> <span class='ocrx_word' id='word_1_480' title='bbox 971 4401 1065 4464; x_wconf 90' lang='lat' dir='ltr'>scripsi</span> <span class='ocrx_word' id='word_1_481' title='bbox 1077 4400 1214 4451; x_wconf 90' lang='lat' dir='ltr'>admonitu</span> <span class='ocrx_word' id='word_1_482' title='bbox 1226 4403 1391 4452; x_wconf 84' lang='lat' dir='ltr'>Mommseuii</span> <span class='ocrx_word' id='word_1_483' title='bbox 1408 4409 1521 4454; x_wconf 84' lang='lat' dir='ltr'>tenentur</span> <span class='ocrx_word' id='word_1_484' title='bbox 1531 4405 1646 4459; x_wconf 90' lang='lat' dir='ltr'>addens:</span> <span class='ocrx_word' id='word_1_485' title='bbox 1664 4411 1740 4473; x_wconf 77' lang='lat' dir='ltr'>Atqui</span> 
     </span>
    </p>
   </div>
   <div class='ocr_carea' id='block_1_4' title="bbox 410 4470 1736 4586">
    <p class='ocr_par' dir='ltr' id='par_1_4' title="bbox 410 4470 1736 4586">
     <span class='ocr_line' id='line_1_43' title="bbox 410 4470 1736 4586; baseline 0.01 -65"><span class='ocrx_word' id='word_1_486' title='bbox 410 4485 493 4521; x_wconf 84' lang='lat' dir='ltr'>omnes</span> <span class='ocrx_word' id='word_1_487' title='bbox 509 4472 543 4532; x_wconf 94' lang='lat' dir='ltr'>ii,</span> <span class='ocrx_word' id='word_1_488' title='bbox 563 4470 666 4533; x_wconf 82' lang='lat' dir='ltr'>quasin</span> <span class='ocrx_word' id='word_1_489' title='bbox 682 4470 727 4519; x_wconf 89' lang='lat' dir='ltr'>boc</span> <span class='ocrx_word' id='word_1_490' title='bbox 743 4485 832 4586; x_wconf 53' lang='lat' dir='ltr'>qqqere</span> <span class='ocrx_word' id='word_1_491' title='bbox 842 4498 880 4508; x_wconf 91' lang='lat'>--</span> <span class='ocrx_word' id='word_1_492' title='bbox 890 4473 1013 4536; x_wconf 83' lang='lat' dir='ltr'>uidemus,</span> <span class='ocrx_word' id='word_1_493' title='bbox 1027 4479 1180 4536; x_wconf 85' lang='lat' dir='ltr'>prcrnuntur</span> <span class='ocrx_word' id='word_1_494' title='bbox 1195 4475 1293 4525; x_wconf 75' lang='lat' dir='ltr'>testibus</span> <span class='ocrx_word' id='word_1_495' title='bbox 1310 4489 1372 4528; x_wconf 89' lang='lat' dir='ltr'>oum</span> <span class='ocrx_word' id='word_1_496' title='bbox 1389 4477 1533 4530; x_wconf 88' lang='lat' dir='ltr'>Niebubrio</span> <span class='ocrx_word' id='word_1_497' title='bbox 1550 4482 1579 4532; x_wconf 93' lang='lat'>0.</span> <span class='ocrx_word' id='word_1_498' title='bbox 1600 4483 1629 4532; x_wconf 90' lang='lat' dir='ltr'>lu</span> <span class='ocrx_word' id='word_1_499' title='bbox 1646 4486 1665 4534; x_wconf 88' lang='lat' dir='ltr'><strong>P</strong></span> <span class='ocrx_word' id='word_1_500' title='bbox 1682 4487 1736 4536; x_wconf 86' lang='lat' dir='ltr'>est:</span> 
     </span>
    </p>
   </div>
   <div class='ocr_carea' id='block_1_5' title="bbox 409 4601 1739 5351">
    <p class='ocr_par' dir='ltr' id='par_1_5' title="bbox 409 4601 1739 5351">
     <span class='ocr_line' id='line_1_44' title="bbox 409 4601 1739 4666; baseline 0.01 -13"><span class='ocrx_word' id='word_1_501' title='bbox 409 4603 506 4665; x_wconf 74' lang='lat' dir='ltr'>Aron</span> <span class='ocrx_word' id='word_1_502' title='bbox 520 4603 604 4652; x_wconf 80' lang='lat' dir='ltr'>Pon!</span> <span class='ocrx_word' id='word_1_503' title='bbox 616 4605 621 4659; x_wconf 84' lang='grc' dir='ltr'>Ι</span> <span class='ocrx_word' id='word_1_504' title='bbox 635 4601 928 4664; x_wconf 78' lang='lat' dir='ltr'>NFSSEIQHOCGENE</span> <span class='ocrx_word' id='word_1_505' title='bbox 942 4608 946 4660; x_wconf 84' lang='lat' dir='ltr'>t</span> <span class='ocrx_word' id='word_1_506' title='bbox 961 4604 1214 4666; x_wconf 73' lang='lat' dir='ltr'>naot&#39;aasrtotvts</span> <span class='ocrx_word' id='word_1_507' title='bbox 1227 4609 1231 4663; x_wconf 83' lang='grc'>1</span> <span class='ocrx_word' id='word_1_508' title='bbox 1245 4604 1508 4659; x_wconf 72' lang='lat' dir='ltr'>Accvstroscrntc</span> <span class='ocrx_word' id='word_1_509' title='bbox 1521 4613 1526 4666; x_wconf 83' lang='lat' dir='ltr'>t</span> <span class='ocrx_word' id='word_1_510' title='bbox 1539 4611 1739 4666; x_wconf 76' lang='lat' dir='ltr'><strong>PPAEHPNSO·</strong></span> 
     </span>
     <span class='ocr_line' id='line_1_45' title="bbox 410 4677 1735 4744; baseline 0.009 -18"><span class='ocrx_word' id='word_1_511' title='bbox 410 4678 464 4727; x_wconf 85' lang='lat' dir='ltr'>SV!</span> <span class='ocrx_word' id='word_1_512' title='bbox 476 4682 481 4736; x_wconf 85' lang='grc' dir='ltr'>Ι</span> <span class='ocrx_word' id='word_1_513' title='bbox 495 4677 759 4727; x_wconf 78' lang='lat' dir='ltr'>DFMVSPRFIMVM</span> <span class='ocrx_word' id='word_1_514' title='bbox 772 4679 776 4732; x_wconf 94' lang='grc' dir='ltr'>Ι</span> <span class='ocrx_word' id='word_1_515' title='bbox 793 4677 942 4727; x_wconf 79' lang='lat' dir='ltr'><em>TESTIBVS</em></span> <span class='ocrx_word' id='word_1_516' title='bbox 953 4682 1004 4728; x_wconf 90' lang='lat' dir='ltr'>cet.</span> <span class='ocrx_word' id='word_1_517' title='bbox 1023 4680 1061 4729; x_wconf 90' lang='lat' dir='ltr'>De</span> <span class='ocrx_word' id='word_1_518' title='bbox 1077 4679 1194 4742; x_wconf 77' lang='lat' dir='ltr'>littoreo</span> <span class='ocrx_word' id='word_1_519' title='bbox 1212 4683 1271 4744; x_wconf 84' lang='lat' dir='ltr'>post</span> <span class='ocrx_word' id='word_1_520' title='bbox 1288 4682 1341 4731; x_wconf 84' lang='lat' dir='ltr'>SFI</span> <span class='ocrx_word' id='word_1_521' title='bbox 1357 4683 1408 4733; x_wconf 91' lang='lat' dir='ltr'>boc</span> <span class='ocrx_word' id='word_1_522' title='bbox 1419 4683 1553 4735; x_wconf 87' lang='lat' dir='ltr'>adnotavit</span> <span class='ocrx_word' id='word_1_523' title='bbox 1563 4687 1735 4742; x_wconf 85' lang='lat' dir='ltr'>Niebubrius:</span> 
     </span>
     <span class='ocr_line' id='line_1_46' title="bbox 411 4749 1737 4818; baseline 0.012 -20"><span class='ocrx_word' id='word_1_524' title='bbox 411 4753 460 4801; x_wconf 74' lang='lat' dir='ltr'>«ln</span> <span class='ocrx_word' id='word_1_525' title='bbox 482 4749 575 4801; x_wconf 88' lang='lat' dir='ltr'>litteris</span> <span class='ocrx_word' id='word_1_526' title='bbox 598 4751 734 4814; x_wconf 87' lang='lat' dir='ltr'>quadratis</span> <span class='ocrx_word' id='word_1_527' title='bbox 751 4754 842 4802; x_wconf 88' lang='lat' dir='ltr'>contra</span> <span class='ocrx_word' id='word_1_528' title='bbox 861 4765 964 4804; x_wconf 90' lang='lat' dir='ltr'>morem</span> <span class='ocrx_word' id='word_1_529' title='bbox 982 4759 1022 4804; x_wconf 87' lang='lat' dir='ltr'>est</span> <span class='ocrx_word' id='word_1_530' title='bbox 1038 4754 1176 4818; x_wconf 81' lang='lat' dir='ltr'>singularis</span> <span class='ocrx_word' id='word_1_531' title='bbox 1193 4753 1279 4803; x_wconf 90' lang='lat' dir='ltr'>littera</span> <span class='ocrx_word' id='word_1_532' title='bbox 1292 4757 1324 4818; x_wconf 83' lang='lat'>0,</span> <span class='ocrx_word' id='word_1_533' title='bbox 1344 4757 1419 4806; x_wconf 88' lang='lat' dir='ltr'>cuius</span> <span class='ocrx_word' id='word_1_534' title='bbox 1433 4757 1528 4809; x_wconf 89' lang='lat' dir='ltr'>duetus</span> <span class='ocrx_word' id='word_1_535' title='bbox 1542 4764 1631 4811; x_wconf 92' lang='lat' dir='ltr'>rectus</span> <span class='ocrx_word' id='word_1_536' title='bbox 1643 4760 1737 4814; x_wconf 86' lang='lat' dir='ltr'>lineola</span> 
     </span>
     <span class='ocr_line' id='line_1_47' title="bbox 411 4825 1735 4894; baseline 0.005 -18"><span class='ocrx_word' id='word_1_537' title='bbox 411 4829 563 4876; x_wconf 90' lang='lat' dir='ltr'>transversa</span> <span class='ocrx_word' id='word_1_538' title='bbox 580 4825 751 4874; x_wconf 88' lang='lat' dir='ltr'>decussatur:</span> <span class='ocrx_word' id='word_1_539' title='bbox 771 4839 839 4889; x_wconf 88' lang='lat' dir='ltr'>quae</span> <span class='ocrx_word' id='word_1_540' title='bbox 857 4827 937 4890; x_wconf 80' lang='lat' dir='ltr'>siglae</span> <span class='ocrx_word' id='word_1_541' title='bbox 955 4828 1012 4878; x_wconf 88' lang='lat' dir='ltr'>vice</span> <span class='ocrx_word' id='word_1_542' title='bbox 1030 4829 1157 4893; x_wconf 84' lang='lat' dir='ltr'>iungitur,</span> <span class='ocrx_word' id='word_1_543' title='bbox 1176 4830 1203 4877; x_wconf 90' lang='lat' dir='ltr'>et</span> <span class='ocrx_word' id='word_1_544' title='bbox 1220 4842 1281 4891; x_wconf 86' lang='lat' dir='ltr'>quos</span> <span class='ocrx_word' id='word_1_545' title='bbox 1297 4830 1446 4894; x_wconf 83' lang='lat' dir='ltr'>exprimere</span> <span class='ocrx_word' id='word_1_546' title='bbox 1464 4833 1570 4883; x_wconf 89' lang='lat' dir='ltr'>omuino</span> <span class='ocrx_word' id='word_1_547' title='bbox 1587 4832 1693 4887; x_wconf 77' lang='lat' dir='ltr'>debet.»</span> <span class='ocrx_word' id='word_1_548' title='bbox 1708 4866 1735 4875; x_wconf 93' lang='lat'>-</span> 
     </span>
     <span class='ocr_line' id='line_1_48' title="bbox 411 4899 1736 4975; baseline 0.007 -26"><span class='ocrx_word' id='word_1_549' title='bbox 411 4902 453 4950; x_wconf 78' lang='lat' dir='ltr'>st.</span> <span class='ocrx_word' id='word_1_550' title='bbox 467 4901 587 4964; x_wconf 71' lang='lat' dir='ltr'>difficilest</span> <span class='ocrx_word' id='word_1_551' title='bbox 603 4902 631 4949; x_wconf 92' lang='lat' dir='ltr'>P.</span> <span class='ocrx_word' id='word_1_552' title='bbox 648 4926 675 4935; x_wconf 93' lang='lat'>-·</span> <span class='ocrx_word' id='word_1_553' title='bbox 694 4899 735 4950; x_wconf 73' lang='lat'>23.</span> <span class='ocrx_word' id='word_1_554' title='bbox 753 4906 781 4950; x_wconf 88' lang='lat' dir='ltr'>ut</span> <span class='ocrx_word' id='word_1_555' title='bbox 797 4902 877 4951; x_wconf 77' lang='lat' dir='ltr'>deicrn</span> <span class='ocrx_word' id='word_1_556' title='bbox 893 4907 939 4951; x_wconf 85' lang='lat' dir='ltr'>aut</span> <span class='ocrx_word' id='word_1_557' title='bbox 954 4903 1022 4966; x_wconf 75' lang='lat' dir='ltr'>coqei</span> <span class='ocrx_word' id='word_1_558' title='bbox 1037 4905 1063 4953; x_wconf 89' lang='lat' dir='ltr'>P.</span> <span class='ocrx_word' id='word_1_559' title='bbox 1086 4901 1162 4962; x_wconf 84' lang='lat' dir='ltr'>Quod</span> <span class='ocrx_word' id='word_1_560' title='bbox 1179 4901 1275 4954; x_wconf 89' lang='lat' dir='ltr'>deinde</span> <span class='ocrx_word' id='word_1_561' title='bbox 1291 4903 1449 4956; x_wconf 84' lang='lat' dir='ltr'>Niebuhrius</span> <span class='ocrx_word' id='word_1_562' title='bbox 1466 4905 1597 4971; x_wconf 84' lang='lat' dir='ltr'>supplevit</span> <span class='ocrx_word' id='word_1_563' title='bbox 1609 4910 1736 4975; x_wconf 69' lang='lat' dir='ltr'>reiipione,</span> 
     </span>
     <span class='ocr_line' id='line_1_49' title="bbox 413 4974 1736 5049; baseline 0.008 -23"><span class='ocrx_word' id='word_1_564' title='bbox 413 4974 439 5026; x_wconf 91' lang='lat' dir='ltr'>id</span> <span class='ocrx_word' id='word_1_565' title='bbox 461 4977 540 5025; x_wconf 88' lang='lat' dir='ltr'>etium</span> <span class='ocrx_word' id='word_1_566' title='bbox 559 4974 683 5038; x_wconf 75' lang='lat' dir='ltr'>relepione</span> <span class='ocrx_word' id='word_1_567' title='bbox 701 4976 829 5040; x_wconf 90' lang='lat' dir='ltr'>scriptum</span> <span class='ocrx_word' id='word_1_568' title='bbox 847 4990 906 5027; x_wconf 91' lang='lat' dir='ltr'>esse</span> <span class='ocrx_word' id='word_1_569' title='bbox 924 4980 1036 5041; x_wconf 91' lang='lat' dir='ltr'>poterat.</span> <span class='ocrx_word' id='word_1_570' title='bbox 1057 5005 1083 5014; x_wconf 91' lang='lat'><em>-</em></span> <span class='ocrx_word' id='word_1_571' title='bbox 1107 4977 1219 5042; x_wconf 68' lang='lat' dir='ltr'>,qsge</span> <span class='ocrx_word' id='word_1_572' title='bbox 1235 4982 1268 5040; x_wconf 91' lang='lat' dir='ltr'><strong>P,</strong></span> <span class='ocrx_word' id='word_1_573' title='bbox 1287 4980 1304 5030; x_wconf 92' lang='lat' dir='ltr'>i.</span> <span class='ocrx_word' id='word_1_574' title='bbox 1323 4995 1347 5030; x_wconf 91' lang='lat' dir='ltr'>e.</span> <span class='ocrx_word' id='word_1_575' title='bbox 1365 4981 1408 5031; x_wconf 84' lang='lat' dir='ltr'>sei.</span> <span class='ocrx_word' id='word_1_576' title='bbox 1428 5007 1455 5017; x_wconf 96' lang='lat'><em>-</em></span> <span class='ocrx_word' id='word_1_577' title='bbox 1474 4983 1687 5037; x_wconf 78' lang='lat' dir='ltr'>DFYEPFNFVR</span> <span class='ocrx_word' id='word_1_578' title='bbox 1704 4989 1736 5049; x_wconf 84' lang='lat' dir='ltr'><strong>P;</strong></span> 
     </span>
     <span class='ocr_line' id='line_1_50' title="bbox 413 5049 1739 5120; baseline 0.008 -19"><span class='ocrx_word' id='word_1_579' title='bbox 413 5054 529 5101; x_wconf 82' lang='lat' dir='ltr'>correxit</span> <span class='ocrx_word' id='word_1_580' title='bbox 544 5049 619 5101; x_wconf 84' lang='lat' dir='ltr'>Nieb.</span> <span class='ocrx_word' id='word_1_581' title='bbox 634 5076 660 5084; x_wconf 95' lang='lat'><em>-</em></span> <span class='ocrx_word' id='word_1_582' title='bbox 680 5049 721 5100; x_wconf 75' lang='lat' dir='ltr'><strong>il.</strong></span> <span class='ocrx_word' id='word_1_583' title='bbox 741 5052 842 5103; x_wconf 83' lang='lat' dir='ltr'><strong>OMNIS</strong></span> <span class='ocrx_word' id='word_1_584' title='bbox 857 5052 1034 5104; x_wconf 72' lang='lat' dir='ltr'>atticisstnr</span> <span class='ocrx_word' id='word_1_585' title='bbox 1046 5056 1050 5110; x_wconf 89' lang='grc' dir='ltr'>Ι</span> <span class='ocrx_word' id='word_1_586' title='bbox 1063 5051 1132 5101; x_wconf 80' lang='lat' dir='ltr'>MAS</span> <span class='ocrx_word' id='word_1_587' title='bbox 1148 5053 1176 5102; x_wconf 89' lang='lat' dir='ltr'>P.</span> <span class='ocrx_word' id='word_1_588' title='bbox 1191 5079 1218 5090; x_wconf 90' lang='lat'>-</span> <span class='ocrx_word' id='word_1_589' title='bbox 1236 5055 1277 5105; x_wconf 75' lang='lat'>25.</span> <span class='ocrx_word' id='word_1_590' title='bbox 1295 5055 1513 5119; x_wconf 70' lang='lat' dir='ltr'>tenetisnemorum</span> <span class='ocrx_word' id='word_1_591' title='bbox 1528 5063 1621 5120; x_wconf 68' lang='lat' dir='ltr'>manue</span> <span class='ocrx_word' id='word_1_592' title='bbox 1636 5062 1739 5113; x_wconf 80' lang='lat' dir='ltr'>utienir-</span> 
     </span>
     <span class='ocr_line' id='line_1_51' title="bbox 412 5124 1737 5199; baseline 0.011 -24"><span class='ocrx_word' id='word_1_593' title='bbox 412 5139 541 5175; x_wconf 80' lang='lat' dir='ltr'>suenorurn</span> <span class='ocrx_word' id='word_1_594' title='bbox 552 5128 579 5176; x_wconf 92' lang='lat' dir='ltr'>P.</span> <span class='ocrx_word' id='word_1_595' title='bbox 595 5152 621 5160; x_wconf 98' lang='lat'>-</span> <span class='ocrx_word' id='word_1_596' title='bbox 640 5125 681 5174; x_wconf 70' lang='lat'>26.</span> <span class='ocrx_word' id='word_1_597' title='bbox 693 5124 761 5187; x_wconf 78' lang='lat' dir='ltr'>sume</span> <span class='ocrx_word' id='word_1_598' title='bbox 772 5128 799 5176; x_wconf 92' lang='lat' dir='ltr'>P.</span> <span class='ocrx_word' id='word_1_599' title='bbox 814 5153 841 5162; x_wconf 93' lang='lat'><em>-</em></span> <span class='ocrx_word' id='word_1_600' title='bbox 860 5129 900 5177; x_wconf 74' lang='lat' dir='ltr'>at.</span> <span class='ocrx_word' id='word_1_601' title='bbox 919 5127 1096 5187; x_wconf 68' lang='lat' dir='ltr'>bertramo,</span> <span class='ocrx_word' id='word_1_602' title='bbox 1115 5129 1142 5176; x_wconf 87' lang='lat' dir='ltr'>at</span> <span class='ocrx_word' id='word_1_603' title='bbox 1154 5127 1250 5179; x_wconf 89' lang='lat' dir='ltr'>desunt</span> <span class='ocrx_word' id='word_1_604' title='bbox 1266 5130 1323 5181; x_wconf 86' lang='lat' dir='ltr'>inP</span> <span class='ocrx_word' id='word_1_605' title='bbox 1339 5133 1394 5181; x_wconf 87' lang='lat' dir='ltr'>tres</span> <span class='ocrx_word' id='word_1_606' title='bbox 1410 5130 1520 5194; x_wconf 87' lang='lat' dir='ltr'>litterae,</span> <span class='ocrx_word' id='word_1_607' title='bbox 1539 5135 1656 5199; x_wconf 87' lang='lat' dir='ltr'>itemque</span> <span class='ocrx_word' id='word_1_608' title='bbox 1673 5137 1737 5189; x_wconf 85' lang='lat' dir='ltr'>alias</span> 
     </span>
     <span class='ocr_line' id='line_1_52' title="bbox 414 5201 1738 5274; baseline 0.013 -25"><span class='ocrx_word' id='word_1_609' title='bbox 414 5201 441 5249; x_wconf 88' lang='lat' dir='ltr'>ln</span> <span class='ocrx_word' id='word_1_610' title='bbox 453 5213 485 5249; x_wconf 93' lang='lat' dir='ltr'>eo</span> <span class='ocrx_word' id='word_1_611' title='bbox 497 5213 605 5265; x_wconf 90' lang='lat' dir='ltr'>semper</span> <span class='ocrx_word' id='word_1_612' title='bbox 615 5202 699 5251; x_wconf 79' lang='lat' dir='ltr'>littera</span> <span class='ocrx_word' id='word_1_613' title='bbox 709 5203 838 5267; x_wconf 88' lang='lat' dir='ltr'>scriptum</span> <span class='ocrx_word' id='word_1_614' title='bbox 850 5206 898 5253; x_wconf 87' lang='lat' dir='ltr'>est.</span> <span class='ocrx_word' id='word_1_615' title='bbox 919 5231 947 5240; x_wconf 92' lang='lat'><em>-</em></span> <span class='ocrx_word' id='word_1_616' title='bbox 965 5203 1006 5254; x_wconf 70' lang='lat'>28.</span> <span class='ocrx_word' id='word_1_617' title='bbox 1024 5204 1188 5266; x_wconf 80' lang='lat' dir='ltr'>sunupiutur</span> <span class='ocrx_word' id='word_1_618' title='bbox 1198 5207 1226 5255; x_wconf 89' lang='lat' dir='ltr'>P.</span> <span class='ocrx_word' id='word_1_619' title='bbox 1245 5205 1284 5256; x_wconf 84' lang='lat' dir='ltr'>ci.</span> <span class='ocrx_word' id='word_1_620' title='bbox 1298 5205 1429 5257; x_wconf 86' lang='lat' dir='ltr'>ltitsebelii</span> <span class='ocrx_word' id='word_1_621' title='bbox 1444 5209 1555 5274; x_wconf 70' lang='lat' dir='ltr'>Prokne.</span> <span class='ocrx_word' id='word_1_622' title='bbox 1574 5212 1608 5261; x_wconf 87' lang='lat' dir='ltr'>ud</span> <span class='ocrx_word' id='word_1_623' title='bbox 1622 5213 1738 5266; x_wconf 63' lang='lat' dir='ltr'>Pleuron</span> 
     </span>
     <span class='ocr_line' id='line_1_53' title="bbox 414 5275 1633 5351; baseline 0.011 -27"><span class='ocrx_word' id='word_1_624' title='bbox 414 5286 441 5339; x_wconf 92' lang='lat' dir='ltr'>p.</span> <span class='ocrx_word' id='word_1_625' title='bbox 459 5275 536 5326; x_wconf 76' lang='lat' dir='ltr'><strong>XCV.</strong></span> <span class='ocrx_word' id='word_1_626' title='bbox 555 5279 581 5326; x_wconf 89' lang='lat' dir='ltr'>et</span> <span class='ocrx_word' id='word_1_627' title='bbox 598 5275 796 5328; x_wconf 77' lang='lat' dir='ltr'>fleckeiseuum</span> <span class='ocrx_word' id='word_1_628' title='bbox 812 5278 839 5328; x_wconf 85' lang='lat' dir='ltr'>in</span> <span class='ocrx_word' id='word_1_629' title='bbox 854 5278 954 5330; x_wconf 75' lang='lat' dir='ltr'>Annut.</span> <span class='ocrx_word' id='word_1_630' title='bbox 968 5279 1054 5342; x_wconf 76' lang='lat' dir='ltr'>pailet.</span> <span class='ocrx_word' id='word_1_631' title='bbox 1072 5285 1096 5332; x_wconf 90' lang='lat' dir='ltr'>et</span> <span class='ocrx_word' id='word_1_632' title='bbox 1109 5281 1217 5347; x_wconf 71' lang='lat' dir='ltr'>pmcn.</span> <span class='ocrx_word' id='word_1_633' title='bbox 1234 5283 1305 5333; x_wconf 75' lang='lat' dir='ltr'>econ</span> <span class='ocrx_word' id='word_1_634' title='bbox 1320 5281 1376 5336; x_wconf 78' lang='lat' dir='ltr'><strong>Vol.</strong></span> <span class='ocrx_word' id='word_1_635' title='bbox 1394 5283 1446 5337; x_wconf 79' lang='lat' dir='ltr'>LX.</span> <span class='ocrx_word' id='word_1_636' title='bbox 1463 5297 1490 5349; x_wconf 89' lang='lat' dir='ltr'>p.</span> <span class='ocrx_word' id='word_1_637' title='bbox 1508 5285 1552 5335; x_wconf 78' lang='lat' dir='ltr'>eet</span> <span class='ocrx_word' id='word_1_638' title='bbox 1572 5297 1633 5351; x_wconf 87' lang='lat' dir='ltr'><strong>sqq.</strong></span> 
     </span>
    </p>
   </div>
   <div class='ocr_carea' id='block_1_6' title="bbox 0 0 2188 6103">
    <p class='ocr_par' dir='ltr' id='par_1_6' title="bbox 0 0 2188 6103">
     <span class='ocr_line' id='line_1_54' title="bbox 0 0 2188 6103; baseline 0 0"><span class='ocrx_word' id='word_1_639' title='bbox 0 0 2188 6103; x_wconf 95' lang='lat' dir='ltr'> </span> 
     </span>
    </p>
   </div>
  </div>
 </body>
</html>
