4367 6109
756 576 812 641 ΔΙ)
833 577 984 641 LIBRUM
1005 578 1045 641 11.
1066 576 1369 643 ACCUSATIONIS.
1649 570 1712 635 459

402 728 442 777 24.
459 726 519 776 neiis
534 727 595 789 post
610 729 722 788 wantum
738 725 799 787 443.
817 723 849 774 29
866 726 893 774 44
909 724 941 775 45
957 723 1057 775 habere
1074 725 1206 776 videntur.
1231 752 1258 761 -
1285 729 1375 789 ropato
1395 730 1418 774 et
1442 739 1498 774 eum
1514 737 1567 775 om.
1585 722 1617 774 42
1634 736 1661 786 p.
1681 746 1707 756 -

400 816 501 874 rapoto,
517 811 593 859 etiam
609 809 652 870 oui
668 808 711 856 tibi
726 821 799 871 susp.
812 808 882 857 Bake
898 806 915 857 l.
929 822 952 859 c.
971 822 997 873 p.
1010 809 1067 859 202.
1087 809 1185 873 (quidni
1202 811 1305 873 potius:
1324 811 1400 860 etiam
1412 822 1467 858 eum
1479 810 1551 871 qui‘t}
1564 834 1591 843 -
1610 807 1651 856 26.
1666 805 1712 854 ini·

399 897 491 944 mirram
505 891 537 944 42
554 907 581 957 p.
602 919 629 928 -
648 892 708 954 quin
725 905 770 954 aps
785 897 809 941 te
824 892 854 941 V.
875 919 901 927 -
920 893 960 942 27.
979 892 1200 955 etbuius1H1VS,
1218 893 1289 956 quod
1307 893 1332 943 44
1350 898 1372 943 44
1387 893 1459 942 44445
1474 896 1624 943 correctum
1639 889 1712 939 vide·

399 982 454 1040 tur,
473 978 502 1026 V.
523 1003 550 1012 -
568 976 774 1039 impudentissime
789 974 821 1027 42
838 988 865 1039 p.
886 1003 913 1014 -
931 976 971 1026 30.
990 977 1116 1041 quoniam]
1132 983 1160 1027 at
1176 977 1228 1026 iarn
1244 975 1276 1027 42
1292 991 1319 1041 p.
1333 1003 1360 1013 -
1380 977 1420 1028 34.
1432 977 1464 1027 ab
1481 976 1624 1027 imitissimis
1640 974 1671 1026 42
1683 988 1710 1038 p.

398 1066 458 1126 (non
475 1061 661 1121 4444444444,
679 1063 709 1109 ιιι
725 1061 761 1110 ait
777 1060 813 1122 z.)
832 1085 859 1095 -
882 1060 922 1111 aa.
944 1046 1041 1114 40444
1054 1060 1141 1111 rans
1156 1061 1187 1111 4.

461 1158 519 1210 pag.
531 1145 588 1196 223.
606 1159 631 1195 v.
643 1145 668 1195 2.
686 1145 723 1195 ita
737 1158 857 1208 44434444
867 1149 902 1194 454
912 1143 993 1193 habet
1004 1145 1035 1194 V.
1049 1171 1076 1180 -
1089 1146 1177 1194 Latine
1188 1146 1265 1208 4433.
1279 1147 1384 1208 praeter
1395 1144 1436 1206 42,
1455 1147 1499 1208 qui
1510 1147 1599 1196 Latino
1610 1142 1711 1194 habere

397 1231 541 1282 videbun-
554 1229 578 1281 4.
594 1230 684 1279 t'errea
695 1231 772 1292 lagg.
785 1230 891 1293 praeter
900 1227 972 1279 42.·
986 1242 1036 1278 non
1047 1241 1101 1278 om.
1110 1229 1184 1278 29.·
1197 1229 1221 1279 8.
1233 1230 1365 1278 uideantur
1375 1230 1397 1277 V
1406 1230 1466 1292 (34.)
1477 1233 1504 1280 44
1516 1232 1592 1293 4433.
1607 1230 1712 1292 praeter

396 1318 426 1376 0;
439 1317 521 1365 recte.
531 1340 559 1351 -
573 1314 613 1365 49.
626 1314 736 1378 fecerant
746 1312 777 1374 V,
789 1315 819 1361 ut
829 1313 890 1375 443.
903 1311 943 1371 42,
957 1314 1037 1362 reete.
1046 1339 1073 1348 —
1086 1312 1127 1361 24.
1141 1313 1183 1374 qui
1199 1312 1233 1362 ibi
1246 1327 1288 1376 pr.
1300 1314 1402 1375 fuennt
1411 1312 1497 1376 glossa
1508 1313 1612 1364 videtur
1622 1314 1712 1363 Bakio.

397 1400 497 1462 (4444444
512 1397 562 1459 42.]
581 1424 608 1433 -
627 1397 668 1448 24.
686 1397 719 1462 iu]
737 1398 756 1446 ii
773 1397 803 1457 V,
821 1400 850 1447 ui
866 1410 898 1446 ex
916 1395 1013 1446 mendo
1031 1395 1089 1445 cod.
1104 1395 1172 1459 4342
1189 1396 1361 1447 scribendum
1381 1410 1440 1447 esse
1461 1397 1643 1458 indicavimus¹
1657 1410 1710 1461 quo

396 1497 464 1534 novo
481 1480 602 1546 exemplo
620 1480 760 1545 disputatio
778 1480 881 1530 iordani
898 1481 931 1530 ad
950 1493 1009 1545 pag.
1021 1480 1077 1540 223,
1095 1481 1135 1531 24.
1155 1480 1291 1531 reiutatur.
1310 1507 1338 1517 -
1358 1481 1399 1531 26.
1418 1481 1461 1530 tibi
1477 1483 1614 1532 4444554444
1631 1482 1711 1532 etiam

396 1569 418 1616 V
434 1566 524 1616 habet.
545 1592 572 1602 -
590 1567 631 1616 tt.
651 1565 882 1628 QVIDEMiiNTE
898 1564 928 1614 V.
948 1591 975 1600 -
995 1563 1034 1613 28.
1051 1564 1118 1614 COS.
1130 1565 1161 1614 V.
1176 1591 1202 1600 -
1222 1565 1262 1614 29.
1277 1563 1417 1615 lectionem
1435 1565 1494 1616 cod.
1508 1566 1540 1615 28
1557 1578 1572 1614 a
1590 1567 1710 1630 Zumptio

396 1664 449 1701 non
466 1649 570 1700 allatam
588 1663 636 1700 uos
653 1648 812 1709 adiecimus,
831 1648 879 1700 sed
896 1649 989 1699 vitiose
1006 1661 1104 1712 operae
1117 1647 1249 1698 dederunt
1264 1649 1401 1698 observabit
1416 1663 1465 1714 pro
1482 1649 1624 1700 obsecrabit.
1646 1652 1711 1699 item

396 1749 422 1798 p.
441 1733 498 1785 224.
517 1735 527 1783 4
548 1733 606 1784 442
628 1734 776 1784 testimonia
798 1733 877 1783 codd.
900 1734 978 1796 4433.
996 1733 1145 1784 accuratius
1165 1731 1322 1784 rettulimus.
1344 1736 1443 1797 (Utrum
1462 1736 1484 1783 V
1500 1734 1661 1784 obsecrarunt
1678 1746 1711 1782 aa

395 1818 547 1869 obsecrarint
563 1817 673 1879 habeat,
691 1819 823 1869 incertum
840 1819 894 1875 esi;
916 1831 948 1867 ex
965 1817 1049 1882 spatio
1066 1817 1154 1881 potius
1171 1815 1278 1881 colligas
1295 1818 1320 1867 in
1338 1831 1370 1868 en
1388 1831 1448 1869 esse
1465 1818 1636 1878 obsecrarint.)

461 1915 520 1967 pag.
538 1901 596 1953 224.
619 1916 644 1952 v.
664 1904 688 1952 4.
705 1916 770 1965 prae
785 1901 867 1952 habai
883 1901 913 1961 V,
932 1914 984 1951 non
1002 1915 1060 1964 pro.
1081 1927 1108 1936 —
1132 1899 1157 1952 4.
1175 1901 1298 1951 bominem
1313 1902 1345 1951 V.
1365 1929 1393 1939 -
1412 1902 1436 1952 8.
1456 1904 1483 1951 44
1500 1900 1532 1952 42
1548 1902 1646 1952 Netbini
1662 1915 1711 1966 pro

395 1988 535 2037 Netineuses
551 2000 624 2046 assa,
646 1986 716 2050 apud
733 1987 759 2036 Z.
778 2000 830 2037 non
849 1988 1087 2036 commemoratum
1105 1988 1154 2035 454.
1175 2012 1202 2022 -
1227 1986 1250 2035 9.
1269 1987 1337 2036 scitis
1352 1985 1434 2036 habeb
1450 1986 1491 2036 29.
1512 2013 1538 2022 -
1558 1987 1597 2034 42.
1616 1991 1639 2034 44
1655 1999 1709 2036 om.

395 2070 427 2122 42
444 2085 470 2136 p.
491 2097 517 2107 -
536 2070 576 2121 43.
595 2070 780 2121 arbitrarentur
796 2070 875 2120 idem.
897 2095 924 2104 -
950 2069 989 2119 49.
1006 2071 1092 2119 uideor
1108 2083 1195 2119 veruna
1210 2075 1295 2119 utrum
1311 2071 1353 2120 29.
1373 2096 1400 2105 -
1420 2069 1460 2121 24.
1479 2084 1554 2132 ecquo
1571 2069 1652 2120 habet
1668 2070 1708 2119 20.

397 2183 423 2191 -
436 2156 476 2205 26.
495 2155 596 2205 iacentis
611 2155 769 2217 renouasque
780 2153 820 2205 42.
834 2181 867 2191 -
882 2153 922 2205 28.
936 2153 1095 2203 arbitrantur
1111 2154 1195 2216 itaque
1206 2154 1283 2203 Rbodi
1299 2153 1331 2205 42
1342 2167 1370 2219 p.
1385 2181 1412 2189 -
1431 2154 1473 2204 34.
1486 2156 1508 2204 44
1524 2156 1579 2219 rapi
1589 2152 1664 2203 Nieb.
1678 2166 1711 2202 ex

393 2237 450 2289 solo
462 2238 493 2290 42
504 2253 541 2304 p..
561 2252 613 2289 nou
630 2240 693 2290 item
711 2252 742 2288 ax
760 2238 792 2288 29
803 2237 895 2288 attulit.
911 2265 937 2274 —
957 2226 996 2288 34.
1009 2238 1132 2287 bominem
1148 2238 1243 2289 Bakius
1254 2236 1270 2287 l.
1285 2254 1307 2288 c.
1327 2252 1353 2303 p.
1367 2239 1423 2289 490.
1436 2237 1615 2289 inducendum
1627 2240 1710 2302 putat.

458 2336 516 2388 pag.
534 2324 591 2373 226.
610 2337 635 2372 v,
655 2324 680 2373 4.
697 2336 738 2372 445
755 2336 807 2372 om.
827 2321 858 2372 42
875 2336 902 2387 p.
922 2348 949 2357 -
973 2321 997 2371 3.
1015 2322 1088 2370 buius
1104 2321 1184 2372 idem.
1205 2349 1231 2356 -
1258 2321 1282 2374 4.
1301 2323 1360 2388 eius]
1379 2338 1429 2374 nou
1446 2326 1470 2373 4.
1490 2321 1529 2373 44.
1548 2323 1588 2372 29.
1608 2320 1648 2372 44.
1668 2318 1708 2370 48.

395 2434 422 2444 -
441 2407 464 2457 6.
479 2407 606 2469 praetoris
618 2420 678 2470 pop.
697 2406 735 2470 44.]
750 2421 777 2468 p.
790 2407 818 2456 44.
837 2403 889 2465 42,,
908 2409 937 2454 44
953 2404 1063 2456 fortasse
1076 2406 1204 2467 praetoris
1220 2408 1277 2457 siue
1291 2407 1378 2469 popuii
1392 2409 1420 2457 8.
1436 2406 1608 2458 scribendum
1624 2406 1666 2457 544.
1680 2431 1707 2440 -

394 2490 432 2541 40.
449 2490 543 2540 abacta
560 2490 641 2541 habat
657 2491 699 2552 29,
717 2504 769 2542 non
787 2490 886 2550 444444,
904 2491 933 2539 ut
949 2491 991 2539 est
1007 2488 1077 2554 apud
1094 2490 1122 2539 Ζ.
1137 2516 1165 2526 -
1185 2491 1259 2541 4254
1275 2491 1353 2541 uitam
1369 2492 1410 2543 29.
1426 2520 1452 2528 -
1472 2489 1513 2543 44.
1531 2492 1616 2541 eadem
1632 2503 1710 2539 caran

392 2573 424 2623 29
442 2576 469 2623 44
485 2575 514 2635 6;
533 2588 564 2624 ea
579 2576 609 2625 de
624 2588 704 2625 casua
720 2573 776 2625 reli.
793 2577 899 2639 praeter
913 2571 954 2624 42.
969 2601 996 2609 -
1015 2587 1088 2636 epum
1104 2572 1162 2638 (sic)
1179 2575 1220 2624 28.
1236 2600 1262 2611 -
1282 2576 1390 2641 inanem]
1407 2589 1509 2625 rnunere
1525 2575 1556 2627 42
1574 2589 1599 2639 p.
1621 2599 1648 2610 -
1667 2575 1708 2624 26.

393 2658 478 2724 quam]
496 2659 614 2719 quoniam
631 2659 671 2710 42.
687 2686 713 2697 -
733 2659 773 2708 34.
792 2672 823 2709 ca
838 2657 932 2707 molitio
948 2656 980 2707 42
992 2671 1018 2721 p.
1034 2684 1060 2693 -
1079 2659 1148 2709 m
1160 2660 1242 2709 minus
1256 2674 1306 2710 non
1323 2663 1364 2711 454
1379 2661 1405 2709 44
1422 2659 1589 2723 44330444,
1609 2658 1642 2710 de
1654 2659 1710 2724 qui·

392 2742 444 2793 bus
461 2756 512 2793 nou
530 2746 652 2793 accurate
670 2743 733 2792 dicit
749 2745 776 2792 Z.
796 2769 823 2778 —
842 2742 882 2793 33.
901 2743 954 2791 eius
970 2755 1023 2792 om.
1041 2743 1082 2792 29.

457 2839 516 2890 pag.
536 2827 592 2878 226.
611 2840 637 2877 v.
656 2828 680 2878 8.
699 2827 785 2891 igitur]
803 2827 847 2888 qui
863 2826 895 2877 42
912 2840 938 2891 p.
959 2853 987 2863 -
1007 2827 1046 2877 40.
1064 2827 1110 2877 boc
1127 2827 1151 2877 6.
1165 2853 1192 2863 -
1212 2828 1252 2878 42.
1271 2833 1294 2878 44
1310 2841 1363 2879 om.
1377 2827 1418 2880 42.
1430 2855 1463 2865 —
1480 2826 1520 2878 44.
1538 2841 1626 2878 nornen
1641 2829 1709 2890 ipso-

392 2925 450 2961 rum
471 2912 639 2962 Rontanorunr
660 2911 700 2962 29.
725 2938 751 2946 -
781 2911 820 2960 46.
839 2910 958 2960 dotaverit
979 2908 1010 2960 42
1027 2924 1053 2975 p.
1077 2938 1104 2947 -
1133 2912 1173 2961 46.
1195 2926 1242 2961 sua
1265 2926 1318 2963 om.
1338 2915 1416 2976 4433.
1435 2916 1542 2977 practer
1558 2913 1599 2963 28.
1618 2911 1658 2963 42,
1676 2939 1709 2949 -

393 2996 433 3045 47.
451 2995 532 3061 diam]
549 2996 594 3045 itia
610 2997 708 3047 decreta
723 2996 754 3047 42
767 3008 792 3060 p.
807 3022 833 3030 -
854 2994 893 3044 48.
913 2996 993 3044 decan
1004 2995 1083 3058 mitia]
1101 2995 1127 3045 Χ
1140 2996 1180 3046 42.
1200 2981 1310 3060 (3444ἶῖ)
1324 2996 1549 3047 -26.bochabet
1557 2998 1636 3047 eiiam
1646 2999 1707 3059 443.

392 3078 417 3127 4.
432 3104 457 3112 -
477 3078 518 3127 44.
536 3083 564 3126 ur
580 3066 617 3126 aa
633 3079 693 3127 aaa
704 3079 802 3140 quiana
813 3077 844 3128 44
856 3091 881 3142 p.
897 3105 923 3113 -
943 3079 982 3129 aa.
1002 3080 1065 3144 orno
1075 3079 1117 3140 44,
1135 3082 1222 3144 opina
1233 3080 1264 3131 44
1275 3093 1302 3146 p.
1314 3109 1347 3118 -
1364 3094 1412 3145 pro
1426 3080 1707 3145 paramonarius

392 3159 473 3211 habet
487 3163 654 3219 uacationem,
676 3165 706 3212 ub
727 3165 768 3213 nst
789 3161 859 3226 apud
877 3165 914 3221 Ζ.,
938 3163 987 3214 sed
1008 3165 1172 3214 4444444444,
1198 3168 1236 3214 Ac
1257 3164 1362 3214 videtur
1380 3163 1458 3215 lectio
1475 3164 1537 3215 44444
1554 3177 1647 3229 posse;
1673 3163 1707 3214 ci.

393 3259 473 3309 quem
495 3243 584 3296 iocum
605 3244 689 3295 attulit
708 3245 822 3297 Klotzius
843 3247 870 3297 in
887 3246 930 3296 ed.
950 3249 969 3296 1.
988 3261 1014 3312 p.
1032 3248 1086 3298 444.
1106 3249 1240 3300 Ciceronis
1256 3248 1327 3314 apud
1343 3250 1456 3299 Nonium
1473 3263 1499 3314 p.
1518 3248 1575 3310 430,
1594 3248 1639 3298 49;
1660 3262 1709 3310 qua

393 3333 454 3394 (scr.
474 3330 557 3393 44444)
573 3330 635 3379 mibi
651 3336 674 3379 44
689 3331 800 3392 Pbiiippo
815 3331 971 3380 uacationem
988 3333 1046 3392 das,
1064 3332 1101 3381 bis
1115 3333 1227 3396 4444444,-
1244 3347 1304 3382 uam
1315 3338 1337 3382 et
1350 3334 1494 3395 praeteritis
1504 3333 1609 3397 ipnoscis
1619 3337 1641 3383 44
1651 3346 1709 3381 con·

392 3416 456 3465 cedis
471 3415 567 3479 satura.
589 3437 616 3449 -
636 3414 676 3464 38.
696 3428 744 3477 qun
760 3415 834 3464 simui
850 3413 881 3465 42
899 3429 925 3479 p.
943 3443 976 3452 -
993 3421 1027 3464 est
1044 3422 1235 3478 pacatianum.
1254 3417 1335 3466 idem.

457 3511 515 3562 pag.
534 3498 591 3548 227.
612 3511 638 3547 v.
658 3499 682 3549 4.
701 3504 727 3547 ut
743 3499 776 3562 44]
799 3497 877 3549 144444
894 3499 945 3549 aii
969 3500 994 3549 in
1012 3500 1035 3548 V
1051 3500 1112 3550 iacit
1128 3503 1158 3550 ut
1174 3501 1217 3551 iric
1235 3514 1341 3565 quoque
1358 3502 1420 3550 atii
1437 3500 1630 3551 restituendum
1647 3514 1707 3553 esse

391 3581 519 3632 videatur.
531 3610 565 3618 —
581 3583 606 3632 2.
625 3596 672 3644 qua
688 3595 740 3632 om.
760 3584 800 3632 27.
819 3582 859 3633 42.
872 3608 905 3620 -
922 3582 945 3633 4.
965 3585 1072 3634 decimas
1087 3583 1128 3634 42.
1141 3612 1175 3621 -
1190 3586 1302 3635 amanet
1313 3585 1343 3633 V.
1355 3612 1389 3622 --
1405 3587 1429 3635 6.
1448 3584 1532 3650 arant]
1549 3591 1622 3636 want
1632 3587 1662 3634 V.
1675 3613 1708 3623 —

391 3667 416 3715 7.
433 3666 518 3730 possis]
532 3679 633 3729 possum
650 3667 690 3716 29.
703 3665 750 3727 42,
768 3668 798 3717 ut
812 3667 947 3731 Zumptius
964 3670 1036 3718 recte
1053 3667 1166 3729 44444444,
1184 3682 1235 3719 nec
1252 3667 1302 3719 ulla
1320 3673 1361 3720 est
1377 3669 1411 3719 ad
1428 3669 1569 3721 tectionem
1585 3685 1634 3719 non
1648 3684 1709 3732 pos·

390 3751 437 3799 sim
453 3762 479 3799 v.
497 3749 521 3800 8.
541 3751 654 3801 varietas
671 3753 767 3800 notata.
792 3751 858 3801 Cum
877 3750 972 3802 eadam
993 3749 1072 3802 lectio
1090 3753 1169 3802 etiam
1187 3754 1212 3802 in
1229 3753 1251 3802 V
1268 3755 1302 3803 sit
1318 3755 1373 3817 (qui
1391 3760 1418 3805 et
1433 3768 1459 3805 v.
1478 3755 1502 3804 7.
1521 3757 1589 3806 etv.
1608 3755 1632 3804 8.
1648 3769 1708 3817 pas·

390 3847 446 3883 suen
461 3833 567 3895 habet),
586 3837 615 3884 ut
631 3848 701 3885 nunc
718 3833 825 3884 tandem
842 3847 858 3884 4
875 3836 989 3885 Bruanio
1006 3836 1192 3887 confirmatum
1205 3839 1260 3898 est,
1279 3837 1331 3887 iam
1342 3851 1422 3888 nemo
1433 3836 1563 3888 dubitabit
1574 3840 1706 3902 43443444]

391 3918 604 3968 emendationem
616 3920 746 3983 accipere.
759 3946 792 3955 -
810 3919 849 3968 40.
862 3933 918 3968 earm
929 3919 966 3969 445
977 3933 1073 3982 quoque
1084 3921 1111 3983 (i.
1124 3934 1148 3970 e.
1161 3920 1300 3983 iudicibus)
1314 3922 1410 3972 Bakius
1421 3935 1448 3986 p.
1460 3921 1518 3973 204.
1538 3922 1600 3984 (eam
1612 3935 1708 3985 quoque

390 4001 460 4050 uobis
475 4002 515 4065 V.)
540 4028 574 4039 -
598 4004 638 4052 44.
657 4004 800 4053 4445445444
816 4005 837 4052 V
854 4015 890 4052 m.
909 4017 949 4068 pr.
967 4031 1001 4041 -
1023 4004 1061 4055 43.
1080 4005 1146 4054 enim
1163 4017 1216 4055 om.
1236 4006 1266 4055 V.
1283 4032 1317 4043 -
1342 4007 1382 4057 ib.
1400 4007 1500 4056 inscribi
1516 4006 1552 4066 V;
1575 4019 1639 4056 num
1660 4020 1707 4068 que

390 4087 599 4150 superscriptum
612 4086 700 4148 444444,
719 4086 837 4149 dignosci
854 4100 906 4136 non
923 4090 1020 4151 potest.
1032 4115 1065 4126 -
1082 4089 1122 4139 46.
1135 4090 1293 4138 inimicormn
1303 4089 1384 4140 habat
1395 4091 1425 4152 V,
1444 4092 1507 4141 item
1520 4091 1615 4152 positas
1626 4105 1651 4141 v.
1665 4091 1705 4142 48.

390 4198 423 4206 -
435 4170 474 4218 47.
488 4171 543 4231 puis
559 4183 611 4220 nm.
624 4170 664 4219 29.
675 4198 708 4207 -
725 4170 764 4221 48.
783 4171 816 4219 ab
827 4183 881 4223 om.
894 4169 925 4221 42
937 4184 1007 4235 p.-
1023 4172 1124 4222 Siciliae
1140 4175 1163 4223 b.
1177 4173 1202 4224 6.
1216 4173 1263 4224 42;
1281 4174 1370 4224 Sicilia
1385 4173 1442 4225 4444.
1455 4177 1533 4238 4433.
1545 4201 1578 4212 -
1595 4176 1635 4225 20.
1653 4177 1707 4225 sin·

389 4253 454 4317 pubis
470 4255 561 4304 eteius
577 4254 658 4304 idem.
675 4281 710 4292 --
732 4255 774 4304 24.
790 4260 870 4317 potest
886 4255 915 4306 V.
935 4255 1027 4306 —tibi
1042 4257 1105 4305 nibit
1120 4257 1161 4306 29.
1179 4283 1213 4294 -
1236 4259 1278 4308 22.
1295 4259 1437 4308 8445444454
1456 4260 1567 4310 omniurn
1582 4261 1613 4320 V,
1637 4273 1706 4323 quae

390 4350 454 4386 vera
471 4337 547 4388 lectio
563 4338 675 4388 videtur.
693 4366 727 4375 —
742 4337 783 4388 24.
801 4340 913 4401 apuam
928 4339 1010 4390 habet
1025 4341 1056 4402 V,
1075 4344 1102 4390 et
1117 4340 1214 4392 deinde
1228 4355 1300 4404 posse
1314 4343 1467 4407 eatinpuere.
1484 4371 1517 4381 —
1533 4344 1574 4394 27.
1593 4349 1655 4407 aput
1672 4345 1701 4395 V.

392 4449 425 4458 —
442 4421 481 4471 33.
501 4423 570 4471 circa
588 4423 619 4473 29
636 4435 662 4487 p.

455 4518 515 4569 pag.
533 4506 590 4556 228.
609 4519 633 4556 v.
647 4507 671 4555 5.
690 4506 777 4568 quibus
787 4506 819 4557 42
830 4520 896 4570 p.—
911 4508 935 4556 7.
954 4509 1058 4570 prandia
1069 4507 1109 4558 42.
1122 4536 1156 4545 -
1172 4510 1196 4560 8.
1209 4510 1371 4573 &minuisti
1384 4510 1456 4562 delet
1466 4513 1545 4563 Bake.
1555 4539 1589 4550 -
1606 4513 1645 4563 40.
1659 4512 1706 4562 Ca·

390 4589 504 4638 44444445
520 4589 595 4656 42]).
613 4618 646 4626 -
666 4592 747 4653 portis
762 4590 843 4642 idem.
861 4618 894 4628 -
920 4591 959 4642 43.
977 4592 1014 4640 ita
1029 4592 1133 4658 44445544]
1158 4593 1184 4640 id
1200 4594 1236 4642 ait
1253 4593 1284 4645 42
1301 4609 1327 4658 p.
1345 4622 1378 4632 -
1404 4595 1443 4646 44.
1462 4597 1556 4646 accedit
1572 4597 1652 4648 idem.
1671 4625 1703 4632 —

391 4674 431 4723 46.
449 4687 478 4722 re
493 4687 546 4724 om.
559 4674 603 4733 29;
622 4688 651 4724 ra
666 4689 696 4723 ac
714 4688 767 4724 om.
782 4674 845 4725 dett.
864 4676 961 4738 (minus
977 4679 1101 4726 accurate
1119 4676 1158 4738 Z.)
1168 4705 1202 4715 —
1219 4678 1258 4726 49.
1271 4679 1293 4727 54
1309 4692 1362 4729 om.
1376 4679 1408 4731 42
1419 4694 1445 4744 p.
1458 4681 1492 4717 -'-
1507 4694 1538 4731 ea
1554 4695 1619 4744 quae
1629 4687 1705 4732 antea

389 4758 476 4819 scrips.
494 4772 524 4807 ea
538 4759 613 4821 44444
630 4760 668 4809 544
679 4760 722 4818 42,
741 4760 763 4810 54
779 4762 853 4809 recte
870 4774 885 4809 a
902 4761 1008 4823 Lagnm.
1023 4758 1135 4810 relatum
1147 4764 1196 4811 est.
1207 4788 1241 4799 -
1257 4763 1297 4812 26.
1309 4763 1354 4813 iste
1364 4765 1442 4828 aperit
1452 4764 1483 4815 42
1495 4778 1521 4829 p.
1533 4793 1567 4802 -
1578 4766 1617 4816 30.
1629 4768 1705 4828 possit

389 4842 431 4891 29.
449 4869 483 4878 —-
499 4842 538 4891 32.
557 4844 603 4892 444
619 4844 696 4907 4433.
716 4847 822 4907 praeter
838 4842 878 4894 42.

454 4939 514 4989 pag.
532 4927 589 4977 229.
608 4942 632 4976 v.
652 4929 675 4977 4.
695 4927 730 4991 44]
747 4928 782 4976 ad
796 4925 838 4978 42.
854 4955 887 4964 -
903 4926 927 4977 6.
946 4928 1017 4990 quasi
1033 4940 1086 4979 om.
1106 4928 1147 4979 29.
1159 4956 1193 4966 -
1208 4929 1233 4979 7.
1252 4944 1285 4980 ee
1299 4930 1337 4980 bis
1352 4930 1392 4981 42.
1405 4959 1438 4969 -
1456 4934 1466 4981 4
1472 4933 1495 4982 2.
1514 4933 1700 4984 cornmunisi2.

390 5037 423 5046 -
440 5011 479 5061 48.
499 5013 558 5072 quid
574 5014 696 5062 sociorum
713 5026 766 5062 om.
784 5011 816 5062 42
833 5026 858 5077 p.
871 5040 904 5048 —
916 5015 1033 5075 prontius
1048 5014 1129 5065 idam.
1142 5042 1176 5052 —
1191 5015 1231 5064 20.
1248 5015 1418 5065 arbitraretur
1434 5015 1465 5067 42
1482 5031 1508 5080 p.
1520 5045 1554 5054 —
1570 5018 1610 5068 23.
1628 5019 1703 5068 uelint

390 5093 432 5144 27.
444 5095 485 5145 20.
497 5123 531 5133 -
546 5095 588 5147 24.
605 5099 665 5146 auri
682 5102 704 5146 ct
720 5099 818 5160 arpenti
834 5096 925 5148 idett.
937 5126 971 5135 -
986 5099 1027 5148 28.
1046 5099 1084 5163 4.]
1102 5104 1125 5148 44
1141 5098 1172 5149 42
1188 5112 1214 5162 p.
1226 5126 1260 5135 —
1276 5100 1316 5149 29.
1328 5101 1454 5150 uideretur
1465 5099 1496 5151 42
1508 5115 1535 5164 p.
1547 5129 1581 5138 —
1597 5102 1637 5151 30.
1651 5102 1702 5152 Cn-

388 5178 455 5227 uuiei
472 5180 549 5244 4433.
568 5193 673 5232 omnes:
693 5181 803 5231 04444444
820 5181 849 5231 0.
867 5210 900 5219 —
917 5183 958 5232 34.
977 5183 1036 5232 dicit
1051 5183 1091 5234 29.
1110 5211 1143 5220 -
1160 5183 1200 5234 34.
1218 5184 1267 5234 ista
1282 5185 1342 5234 mibi
1359 5186 1435 5248 4433.
1454 5187 1560 5248 praeter
1577 5187 1592 5235 6
1610 5186 1693 5241 4442.

386 5287 420 5300 -
436 5263 531 5316 discedo
546 5264 578 5317 42
594 5279 621 5332 p.
637 5292 663 5302 -
682 5265 706 5316 3.
720 5264 913 5328 publicauonua
927 5267 1019 5318 iudicio
1036 5267 1136 5320 inducit
1151 5268 1221 5319 Bake
1236 5281 1264 5334 p.
1277 5268 1334 5319 204.
