4367 6109
643 574 711 642 m.
731 577 786 642 ιιι
809 575 882 642 cn.
904 575 1198 641 ιιιιι-ιιιιιιιι.
1225 573 1282 660 ss.
1304 572 1458 640 ra-m.
1651 569 1709 640 aas

398 754 463 814 stus
492 766 587 812 musa
608 766 772 821 evocatas,
800 753 869 810 acta
890 751 922 810 et
942 745 1074 828 imperia
1098 752 1154 808 tua
1175 744 1303 808 domum
1324 743 1364 809 ad
1386 750 1530 809 senatum
1552 766 1644 809 sunm
1664 763 1714 810 rs·

397 840 636 906 nuntiaverunt:
671 861 804 925 quorum
832 839 1022 902 renuntiatio
1048 839 1172 921 legibus
1193 838 1319 902 illorum
1340 839 1452 902 litteris
1472 838 1604 923 publicis
1626 856 1715 900 man·

398 935 470 999 data
491 942 556 998 est:
579 955 713 1018 quorum
729 932 840 1016 legati,
862 932 1005 996 homines
1020 933 1219 1006 nobilissimi,
1241 933 1359 996 Romae
1374 941 1463 1008 sunt,
1485 931 1539 1017 qui
1552 930 1614 993 boc
1629 928 1713 994 idem

396 1049 454 1114 pro
476 1028 654 1092 testimonio
677 1026 835 1090 dixerunt.
877 1022 929 1087 71.
953 1025 1137 1109 Cognoscite
1159 1026 1400 1108 Agyrinensium
1421 1027 1563 1112 publicas
1584 1023 1714 1099 litteras,

397 1120 512 1186 deinde
533 1120 747 1184 testimonium
770 1119 929 1201 publicum
952 1119 1095 1181 civitatis.
1131 1119 1238 1181 llecita
1259 1119 1378 1183 litteras
1400 1120 1555 1204 publicas,
1577 1116 1738 1184 testimo-s

397 1215 484 1279 nium
510 1214 681 1298 publicum.
724 1211 993 1275 Animadvertistis
1019 1212 1051 1274 in
1072 1211 1134 1274 hoc
1156 1212 1349 1288 testimonio,
1377 1213 1515 1289 iudices,
1543 1208 1715 1294 Apollodo-

396 1328 482 1381 rum,
511 1307 561 1369 cui
583 1307 720 1390 Pyragro
742 1325 915 1388 cognomen
938 1312 1001 1378 est,
1029 1304 1203 1387 principem
1225 1325 1299 1368 suae
1322 1307 1468 1382 civitatis,
1501 1308 1714 1371 lacrimantem

396 1403 504 1465 testari
525 1421 561 1464 ac
582 1400 704 1474 dicere,
725 1419 897 1483 numquam
918 1406 992 1483 post
1011 1397 1121 1481 populi
1138 1399 1269 1462 Romani
1290 1420 1407 1463 nomen
1428 1401 1467 1465 ab
1490 1402 1603 1466 Siculis
1625 1401 1715 1465 audi·

395 1504 462 1560 tum
490 1502 521 1558 et
548 1494 707 1577 cognitum
735 1494 945 1576 Agyrinenses
972 1500 1081 1555 contra
1103 1512 1294 1575 quemquam
1320 1490 1460 1559 infimum
1481 1497 1580 1560 civem
1600 1498 1714 1560 Roma·

396 1610 472 1653 num
505 1586 622 1651 dixisse
650 1596 705 1649 aut
731 1585 844 1649 fecisse
872 1585 1047 1670 quidpiam,
1077 1586 1133 1670 qui
1160 1606 1244 1649 nunc
1273 1595 1381 1651 contra
1407 1599 1583 1672 praetorem
1604 1594 1750 1676 populiis

395 1684 527 1748 Romani
548 1681 668 1763 magnis
690 1680 812 1743 iniuriis
834 1687 865 1742 et
887 1699 999 1762 magno
1022 1678 1130 1742 dolore
1159 1679 1283 1764 publice
1305 1682 1515 1748 testimonium
1538 1686 1639 1749 dicere
1661 1707 1714 1752 co·

396 1786 554 1862 gerentur.
598 1775 673 1849 lini,
703 1773 898 1848 mehercule,
919 1773 994 1836 buic
1016 1773 1152 1847 civitati,
1175 1774 1303 1848 Verres,
1326 1775 1476 1839 obsistere
1498 1785 1551 1842 tua
1572 1780 1712 1846 defensio

396 1891 461 1935 non
483 1876 602 1953 potest:
623 1875 710 1931 tanta
731 1869 900 1931 auctoritas
922 1866 1024 1930 estin
1046 1887 1155 1930 eorum
1175 1866 1336 1930 hominum
1350 1868 1517 1947 fidelitate,
1539 1881 1643 1939 tantus
1658 1875 1714 1940 do·

397 1963 445 2026 lor
465 1963 498 2025 in
520 1963 649 2035 iniuria,
679 1968 765 2023 tanta
787 1961 896 2042 religio
918 1963 951 2024 In
973 1960 1163 2024 testimonio.
1205 1961 1322 2025 Verum
1343 1982 1406 2025 non
1429 1984 1492 2028 una
1512 1971 1543 2029 te
1566 1968 1622 2030 sed
1643 1972 1713 2034 uni·

397 2075 505 2119 versae
541 2054 697 2118 similibus
727 2055 857 2118 afflictae
886 2054 1010 2116 iniuriis
1044 2060 1076 2116 et
1104 2052 1308 2117 incommodis
1336 2055 1477 2120 civitates
1505 2058 1750 2143 legationibusts

396 2169 433 2212 ac
453 2148 640 2212 testimoniis
661 2149 792 2231 publicis
812 2155 1050 2232 persequuntur.
1847 2147 1849 2152 ’

480 2243 612 2305 XXXII.
634 2239 686 2304 75.
707 2243 832 2306 Etenim
854 2242 1003 2324 deinceps
1024 2238 1203 2315 videamus,
1225 2241 1420 2308 Herbitensis
1434 2246 1559 2323 civitas,
1580 2249 1713 2317 honesta

397 2345 429 2402 et
457 2345 549 2400 antea
577 2338 721 2418 copiosa,
755 2356 848 2420 quem
877 2336 917 2399 ad
939 2336 1069 2399 modum
1091 2334 1225 2416 spoliata
1246 2335 1284 2399 ab
1307 2337 1368 2400 isto
1389 2358 1426 2402 ac
1448 2348 1560 2404 vexata
1581 2344 1630 2407 sit.
1671 2347 1713 2411 At

397 2451 532 2517 quorum
552 2429 737 2494 bominum?
769 2450 963 2493 summorum
984 2436 1157 2503 aratorum,
1184 2430 1460 2495 remotissimorum
1482 2454 1502 2497 a
1522 2435 1605 2513 loro,
1632 2438 1713 2503 iudi-

396 2527 470 2601 ciis,
498 2524 731 2598 controversiis,
762 2523 875 2607 quibus
896 2542 1026 2606 parcere
1049 2530 1081 2586 et
1101 2522 1282 2597 consulere,
1308 2523 1402 2589 bomo
1422 2527 1649 2610 impurissime,
1681 2539 1749 2598 etro

396 2617 482 2705 quod
504 2637 604 2701 genus
625 2617 789 2679 bominum
812 2616 1041 2680 studiosissime
1063 2635 1248 2679 conservare
1267 2614 1411 2681 debuisti.
1438 2621 1541 2686 Primo
1562 2642 1645 2687 anno
1658 2646 1713 2690 ve·

396 2716 522 2779 niemnt
542 2713 610 2776 eius
630 2713 697 2795 agri
719 2710 869 2775 decumae
890 2711 982 2774 tritici
1003 2708 1143 2774 modium
1162 2712 1255 2778 x‘vffi·
1291 2711 1429 2788 Atidius,
1450 2715 1525 2778 item
1545 2716 1634 2781 istius
1655 2720 1713 2784 mi·

462 2955 486 3005 I.
505 2966 626 3005 evocares
641 2950 708 3014 4φι
727 2952 833 3002 44444441
849 2951 909 3014 4114)
922 2952 954 3009 03
976 2964 1063 3002 444444
1078 2951 1127 3002 dit.
1147 2978 1175 2988 -
1193 2954 1286 3002 stom.
1304 2952 1382 3015 4344.
1400 2979 1429 2990 ··
1447 2955 1472 3006 r.
1489 2955 1715 3024 4144444--44444-

395 3029 462 3095 4444]
480 3030 563 3080 1144444
578 3029 664 3079 literas
676 3027 798 3090 publicus.
815 3027 951 3077 IIVEIIAE
965 3027 1127 3077 PVBLICAE.
1144 3026 1403 3079 Iscitotcrtimoniom
1411 3029 1544 3090 4444444444.
1563 3034 1714 3088 tesmo-

395 3105 481 3157 NIVII
495 3103 653 3154 PVBLICVM
670 3101 747 3153 Orelli
765 3116 797 3152 ex
816 3102 954 3152 Ilotomani
972 3103 1038 3152 coni.
1058 3100 1107 3166 [Ad
1118 3102 1186 3152 banc
1197 3102 1301 3152 Hotom.
1314 3102 1538 3168 emendationem,
1557 3120 1625 3173 quae
1636 3110 1714 3164 144444

395 3178 499 3242 vulgata
517 3180 569 3237 est,
589 3178 724 3241 Zumptius
741 3178 808 3228 baec
824 3176 974 3227 adnotavit:
998 3175 1116 3226 «Abeunt
1131 3176 1198 3226 baec
1214 3177 1301 3227 omnia
1319 3191 1335 3226 a
1352 3179 1409 3229 Par.
1426 3181 1448 3230 A
1465 3182 1568 3247 44443.
1586 3183 1631 3247 44,
1649 3187 1715 3238 item

396 3267 413 3304 4
429 3256 487 3304 Par.
505 3252 525 3302 B
543 3254 570 3302 44
587 3253 648 3316 443.
661 3253 705 3313 49,
724 3251 774 3303 sed
790 3253 824 3301 ita
841 3255 871 3301 ut
887 3252 913 3300 in
930 3251 971 3302 bis
987 3264 1100 3301 vacuum
1116 3251 1231 3314 spatium
1248 3250 1368 3302 relictum
1386 3253 1444 3303 sit»
1468 3257 1502 3305 At
1518 3258 1715 3326 4411144444-

397 3328 497 3393 grapho
514 3329 616 3377 tantum
632 3326 715 3377 verba
733 3327 817 3377 4144444
831 3327 927 3376 litteras
940 3326 1052 3388 psillens
1068 3338 1083 3374 4
1101 3327 1162 3389 443.
1179 3324 1220 3376 44.
1239 3325 1347 3389 absunt,
1370 3329 1433 3379 Item
1450 3342 1465 3378 4
1482 3330 1528 3391 49,
1546 3333 1595 3385 sed
1612 3335 1646 3386 ab
1663 3337 1715 3387 hoc

396 3405 422 3454 in
440 3400 543 3453 lacuna.
566 3400 605 3451 Ad
621 3401 723 3465 reliqua
739 3401 821 3451 verba
839 3400 907 3450 nulla
925 3402 1038 3450 varietas
1056 3400 1185 3464 exscripta
1203 3403 1245 3450 est
1261 3401 1309 3452 nisi
1326 3401 1359 3451 ad
1377 3402 1597 3458 TESTIMONIVM
1609 3410 1717 3460 PVBLI·

396 3479 476 3538 cVII,
501 3489 569 3540 quae
587 3477 613 3526 in
631 3476 646 3526 6
662 3479 739 3540 4433.
758 3476 822 3527 dett.
840 3476 957 3542 desunt]
980 3500 1007 3511 -
1036 3475 1060 3524 s.
1085 3475 1281 3525 astaudus-titis
1300 3478 1363 3536 AB:
1389 3479 1566 3531 4444444444444
1582 3484 1611 3534 C.
1637 3482 1715 3548 [Cum

396 3546 532 3617 zumptius
549 3564 579 3602 se
597 3554 672 3602 notas
689 3552 766 3614 4433.
786 3549 916 3615 explicare
933 3563 1011 3616 posse
1029 3553 1120 3613 neget,
1138 3549 1300 3602 mouendum
1318 3554 1359 3602 est
1370 3552 1542 3605 Niebubrium
1552 3555 1716 3608 444414444-

395 3626 618 3679 comelianellum
639 3625 717 3676 codd.
736 3627 893 3690 scripturam
916 3629 1051 3684 enotasse,
1077 3623 1126 3675 scd
1149 3626 1293 3678 editionum
1309 3630 1442 3690 veterum,
1469 3643 1582 3694 quarum
1598 3635 1715 3699 quinque

397 3702 609 3761 44444444444444,
628 3703 752 3764 quattuor
767 3702 946 3751 onimudwtis
962 3699 1080 3762 habent]
1100 3726 1127 3737 -
1147 3701 1171 3750 I.
1189 3701 1302 3766 Pwogro
1319 3705 1353 3753 N:
1370 3705 1482 3769 14444444
1499 3706 1579 3769 4344;
1597 3709 1717 3774 minoi

398 3777 466 3843 4349
477 3777 539 3834 AB;
557 3777 678 3839 44444344
695 3776 730 3833 C;
748 3777 853 3840 Vsrropt
870 3775 915 3827 dtt.
932 3777 1075 3839 4444444444
1091 3775 1160 3825 coni.
1178 3774 1217 3826 Kl.
1228 3803 1256 3815 -
1282 3791 1370 3828 444444
1386 3780 1444 3830 NI..
1467 3780 1500 3831 cl.
1519 3793 1567 3832 nos
1583 3782 1618 3833 ad
1635 3784 1714 3835 caso.

397 3867 423 3920 p.
444 3852 492 3903 186
508 3863 549 3915 sq.
569 3850 659 3915 [Magis
675 3851 727 3902 huc
745 3851 857 3914 quadrat
874 3851 945 3915 quod
963 3862 1011 3901 nos
1028 3850 1063 3901 ad
1078 3862 1118 3900 or.
1136 3849 1212 3900 Verr.
1229 3850 1260 3900 V.
1279 3850 1303 3915 s.
1322 3851 1362 3901 46.
1381 3851 1424 3904 ed.
1443 3855 1511 3920 lips.
1530 3856 1564 3908 ds
1580 3858 1717 3922 cognomi·

397 3926 476 3980 nibus
492 3925 630 3977 bominum
647 3924 793 3977 siculomm
811 3927 969 3977 monuimus.
989 3925 1080 3989 444444]
1096 3951 1123 3961 -
1141 3925 1165 3975 8.
1183 3938 1215 3974 44
1230 3925 1319 3991 dicore]
1335 3929 1446 3979 44444444
1462 3929 1539 3993 4314.
1553 3958 1581 3969 -
1600 3934 1640 3984 40.
1655 3946 1715 3996 pop.

398 4004 468 4053 41444.
486 4012 540 4050 οιιι.
558 4001 635 4062 4349.
656 4028 683 4038 -
711 4002 750 4051 41.
766 4001 863 4064 publice
879 4006 931 4071 4444.
949 4000 1029 4051 dicere
1046 4013 1100 4050 om.
1118 3999 1196 4064 4344.
1220 4026 1249 4038 -
1276 4002 1315 4052 14.
1339 4002 1445 4065 44444444
1468 4019 1518 4056 444
1537 4013 1615 4069 potest
1631 4007 1715 4072 LglI:

398 4076 535 4140 4444444444
550 4090 599 4125 noa
613 4082 681 4138 44444
692 4080 737 4127 444.
751 4078 780 4128 0.
795 4103 822 4113 -
842 4075 882 4127 14.
900 4078 928 4126 44
942 4076 1038 4125 setosa
1048 4076 1097 4138 434
1113 4078 1140 4125 44
1150 4075 1181 4126 44
1193 4077 1216 4126 N
1232 4076 1303 4140 (Item
1315 4076 1347 4140 V,
1365 4079 1411 4143 qui
1427 4078 1510 4131 babet
1519 4080 1559 4114 ⁸⁸
1569 4083 1639 4132 44444
1655 4087 1717 4146 (non

398 4153 447 4212 444)
465 4156 537 4201 44444
553 4164 639 4215 usque
657 4152 690 4202 ad
706 4159 806 4203 ventum
821 4152 846 4216 5.
865 4153 905 4203 78.
924 4166 949 4202 v.
968 4152 1033 4214 46.);
1059 4151 1169 4201 talarius
1185 4150 1242 4202 rell.
1263 4177 1290 4189 -
1308 4167 1361 4203 444
1377 4154 1667 4220 44144444444444344
1685 4181 1715 4196 -

398 4231 422 4278 44
437 4225 460 4275 V
471 4227 498 4276 et
513 4224 633 4292 plerique
651 4228 793 4292 (Zumptius
810 4226 844 4277 de
860 4227 916 4277 suis
932 4238 985 4276 non
996 4229 1120 4277 accurate
1136 4224 1275 4289 loquiturtz
1294 4233 1317 4278 44
1332 4233 1429 4279 4444444
1440 4231 1499 4282 410.
1518 4228 1625 4294 [444444
1640 4229 1719 4283 abest

398 4301 504 4364 44433.
517 4304 624 4365 praeter
641 4303 651 4351 4
666 4305 694 4352 44
704 4302 789 4368 ta]—
811 4304 850 4353 16.
863 4301 978 4365 mosem
988 4300 1019 4350 V.
1035 4328 1060 4337 -
1079 4301 1180 4350 intortis
1194 4306 1218 4351 ct
1233 4303 1438 4354 444444ωά4444
1456 4305 1716 4357 441444444444.

398 4375 463 4425 044
479 4375 538 4425 4141.
559 4402 586 4412 -
605 4377 716 4427 44444444
731 4377 770 4426 V:
790 4389 843 4426 om.
867 4378 912 4426 ctt.
931 4375 1009 4425 0.'-
1036 4375 1075 4425 46.
1092 4382 1275 4438 persequuntur
1291 4378 1452 4441 43494144
1477 4380 1528 4442 (bic
1547 4379 1717 4443 monstri

398 4449 505 4500 Franc:
524 4457 708 4513 persequuntur
723 4450 806 4514 4344;
829 4455 1006 4513 persequentur
1026 4448 1075 4499 dit.
1096 4478 1123 4487 -
1150 4451 1190 4501 48.
1214 4456 1273 4501 onte
1288 4452 1356 4515 4349
1366 4453 1396 4503 B.
1416 4480 1444 4490 -
1470 4468 1501 4504 uc
1517 4467 1571 4505 om.
1589 4453 1667 4518 4344.
1686 4478 1716 4493 -

398 4530 473 4588 atqua
488 4525 577 4576 444444
592 4527 657 4578 bom.
675 4528 707 4579 V.
727 4554 754 4564 -
778 4528 817 4579 49.
835 4527 961 4577 44444444
976 4540 1064 4577 44444.
1083 4528 1111 4576 44
1127 4539 1145 4576 o
1161 4538 1215 4576 om.
1233 4525 1310 4589 4344.
1330 4554 1358 4564 -
1379 4527 1563 4580 4444441444.
1582 4553 1611 4566 -
1636 4529 1678 4580 49.
1695 4532 1721 4582 d

398 4668 453 4706 om.
464 4654 495 4706 V.
506 4683 533 4693 -
550 4657 635 4720 44444.
647 4655 678 4706 V.
689 4682 716 4692 -
735 4655 1068 4720 4444444444434414-
1086 4656 1250 4736 Qum
1261 4659 1367 4722 Zumpt:
1384 4608 1410 4710 toi
1425 4658 1506 4723 4344;
1523 4672 1570 4710 444.
1589 4659 1615 4720 il.
1629 4673 1653 4711 e.
1665 4672 1720 4711 444-

398 4740 517 4802 dinanum)
535 4740 571 4798 V;
596 4742 721 4791 44414444
737 4743 797 4801 444.;
823 4742 973 4791 4444444444
990 4742 1018 4792 0.
1047 4768 1074 4777 -
1100 4742 1179 4792 XVIII
1197 4744 1291 4807 Zumpt
1312 4741 1438 4807 [eundem
1458 4756 1599 4795 numerum
1619 4741 1720 4795 babent

398 4827 477 4888 4433.
496 4827 602 4888 praeter
617 4825 657 4875 29:
676 4825 783 4887 XIIIII]:
810 4837 850 4875 crs
866 4837 906 4876 cm
923 4837 962 4876 cm
979 4826 1021 4876 οι.
1040 4838 1073 4876 ex
1089 4826 1193 4876 ilotom.
1213 4827 1280 4876 coni.
1304 4826 1368 4877 InV
1382 4828 1449 4878 teste
1465 4828 1533 4878 44414
1550 4829 1591 4879 est
1610 4827 1718 4878 XXXIII.

398 4899 450 4950 IIII
466 4913 491 4945 ω
509 4913 534 4945 ω
548 4899 578 4948 Χ.
604 4900 656 4950 Sed
672 4901 801 4950 Bruanius
817 4900 895 4964 pn'mi
912 4900 1032 4952 denionis
1048 4900 1183 4952 dimidiam
1201 4900 1336 4952 dumtaxat
1352 4905 1455 4966 partem
1469 4901 1534 4953 vidit
1549 4905 1577 4952 et
1592 4901 1719 4966 deinceps

400 4987 460 5024 esse
477 4973 536 5032 IIII,
562 4987 615 5024 non
631 4975 678 5036 III,
704 4974 826 5024 atflrmat.
852 4975 927 5038 Apud
949 4979 1026 5025 Arus.
1048 4976 1081 5026 41.
1100 4988 1127 5039 p.
1145 4975 1202 5026 444.
1224 4978 1289 5028 mod.
1310 4978 1444 5028 XXXVIIIII
1463 4979 1490 5029 in
1507 4976 1567 5029 cod.
1585 4977 1718 5039 Ambros.,

398 5048 1077 5112 441141ῑὸ44444,6441.·-.444444444434944;
1103 5050 1210 5102 ,44444144
1225 5051 1289 5113 ctt.;
1315 5053 1418 5117 miras
1433 5053 1469 5112 V;
1496 5064 1562 5116 equa
1578 5052 1719 5115 scrIptions

400 5124 574 5189 significatur,
592 5127 622 5174 ut
638 5138 711 5186 reor,
729 5126 800 5175 vanu
818 5124 895 5176 lectio
911 5125 1007 5174 Atidius
1023 5126 1050 5174 44
1062 5124 1200 5189 Aufidiae.»
1216 5127 1277 5177 444ι.
1303 5127 1417 5177 Brunnlo
1434 5128 1500 5178 teste
1518 5128 1544 5178 in
1561 5126 1652 5178 codice
1669 5125 1720 5191 1434

400 5202 489 5265 potest
508 5200 588 5250 etiam
604 5200 715 5265 ,44444444
740 5227 768 5237 -
794 5201 852 5252 44444
867 5200 936 5250 istius
953 5195 1021 5264 4344
1032 5200 1069 5251 N:
1091 5201 1162 5252 444444
1177 5203 1236 5253 44444
1251 5202 1274 5253 V
1289 5202 1363 5266 (44),
1386 5204 1432 5253 444
1445 5203 1480 5263 0;
1501 5215 1617 5254 ocem
1635 5202 1718 5267 444444,

400 5277 459 5328 item
474 5274 507 5328 al.
527 5276 554 5327 in
569 5288 652 5341 marg.
671 5274 743 5330 4481.
