4367 6109
443 568 506 635 iios
838 574 880 638 IN
901 573 936 636 L.
958 571 1181 638 CATILINAM
1201 573 1319 637 LIBER
1340 574 1365 636 l.

446 751 482 808 ut
503 744 589 807 vitiis
610 743 674 806 tuis
696 761 928 816 commoveam,
950 750 985 805 ut
1007 742 1112 824 legum
1134 762 1254 826 poenes
1276 744 1495 826 pertimescas,
1517 751 1554 807 ut
1574 741 1793 825 temporibus

446 839 493 904 rei
516 838 662 922 publicae
684 836 796 909 cedas,
824 856 890 900 non
912 844 961 899 est
981 835 1216 919 postulandum.
1259 839 1368 921 Neque
1390 838 1473 900 enim
1497 838 1524 901 is
1546 857 1601 910 es,
1629 836 1793 912 Catilina,

447 941 483 996 ut
503 941 534 996 te
557 940 611 994 aut
638 929 742 1013 pudor
769 949 918 1013 uinquam
948 949 967 993 a
988 929 1185 1013 turpitudine
1210 938 1265 994 aut
1286 938 1387 993 metus
1408 951 1426 993 a
1448 931 1592 1014 periculo
1616 938 1678 993 aut
1700 930 1790 993 ratio

446 1026 591 1089 aturore
613 1023 779 1087 revocarit.
822 1020 874 1086 23.
898 1023 1000 1106 Quam
1023 1022 1063 1085 ob
1085 1042 1168 1099 rem,
1190 1030 1227 1086 ut
1246 1043 1340 1107 saepe
1362 1024 1425 1087 iam
1449 1023 1536 1099 dixi,
1557 1023 1789 1108 proficiscere,

423 1127 484 1185 tac
506 1121 533 1184 si
555 1119 632 1184 mibi
652 1117 799 1192 inimico,
820 1125 858 1180 ut
878 1117 1056 1200 praedicas,
1079 1125 1135 1180 tuo
1156 1118 1293 1181 conflare
1307 1118 1354 1182 vis
1375 1118 1542 1191 invidiam,
1566 1125 1657 1181 recta
1680 1137 1789 1200 perge

447 1215 481 1280 in
510 1214 673 1277 exsilium:
705 1210 760 1274 vix
786 1209 886 1274 ieram
914 1230 1077 1275 sermones
1099 1210 1277 1285 bominum,
1310 1210 1337 1274 si
1359 1209 1391 1273 id
1413 1212 1543 1287 feceris,
1576 1211 1634 1273 vix
1657 1212 1789 1274 molem

448 1307 539 1371 istius
561 1305 715 1378 invidiae,
737 1306 818 1368 siin
841 1304 989 1368 exsilium
1013 1306 1100 1368 iussu
1115 1304 1255 1368 consulis
1271 1305 1363 1380 ieris,
1386 1305 1560 1370 sustinebo.
1591 1306 1651 1369 Sin
1668 1313 1788 1370 autem

446 1401 565 1463 servire
586 1418 674 1461 meae
696 1398 783 1462 laudi
806 1407 839 1462 et
859 1399 977 1481 gloriae
999 1399 1116 1473 mavis,
1138 1397 1288 1481 egredere
1304 1420 1376 1462 cum
1398 1400 1578 1482 importuna
1599 1399 1788 1464 scelerato·

446 1513 517 1555 rum
539 1512 649 1566 mann,
678 1493 787 1555 confer
808 1502 839 1557 te
861 1494 900 1556 ad
923 1493 1089 1566 Manlium,
1116 1493 1240 1557 concita
1262 1493 1403 1575 perditos
1424 1494 1525 1567 cives,
1547 1512 1683 1557 secerne
1707 1501 1744 1557 te
1767 1515 1789 1557 a

410 1585 556 1659 lobonis,
578 1585 659 1648 infer
680 1588 800 1669 patriae
821 1586 958 1660 bellum,
981 1586 1107 1650 exsulta
1128 1586 1227 1669 impia
1249 1586 1434 1660 latrocinio,
1456 1593 1491 1648 ut
1513 1605 1532 1650 a
1553 1606 1603 1650 me
1626 1606 1696 1650 non
1713 1588 1789 1651 eie·

448 1688 515 1745 ctus
537 1679 576 1742 ad
600 1679 738 1754 alienas,
759 1680 815 1743 sed
836 1681 985 1745 invitatus
1006 1680 1046 1743 ad
1069 1689 1141 1743 tuos
1156 1679 1219 1743 isse
1234 1679 1379 1744 videaris.
1408 1676 1459 1742 24.
1475 1680 1679 1764 Quamquam
1696 1682 1788 1765 quid

448 1792 507 1854 eqo
537 1780 567 1834 te
596 1772 740 1847 invitem,
773 1794 792 1837 a
823 1793 887 1858 quo
917 1774 979 1838 iam
1002 1774 1099 1837 sciam
1121 1794 1192 1839 esse
1214 1774 1418 1857 praemissos,
1452 1774 1507 1857 qui
1527 1774 1584 1837 tibi
1605 1775 1648 1837 ad
1670 1774 1787 1839 iorum

447 1866 609 1928 Aurelium
631 1868 896 1949 praestolarentur
917 1868 1054 1931 armatii
1083 1869 1134 1932 cui
1157 1869 1252 1931 sciam
1275 1876 1397 1951 pactam
1420 1875 1451 1930 et
1472 1868 1680 1931 constitutam
1702 1888 1787 1932 cum

447 1960 566 2023 bianlio
589 1961 695 2022 diem?
717 1981 736 2024 a
758 1983 821 2045 quo
844 1963 937 2026 etiam
960 1962 1101 2045 aquilam
1122 1961 1208 2025 illam
1230 1968 1425 2043 argenteam,
1452 1981 1546 2045 quam
1568 1961 1627 2023 tibi
1650 1982 1689 2025 ac
1713 1963 1787 2026 tuis

411 2054 594 2118 itomnibus
616 2050 739 2117 conlido
762 2056 969 2139 perniciosam
991 2075 1027 2118 ac
1049 2054 1207 2117 funestam
1227 2053 1381 2128 futuram,
1404 2055 1455 2117 cui
1477 2053 1561 2117 domi
1579 2061 1656 2117 tuae
1671 2075 1787 2120 sacra·

447 2146 529 2210 rium
551 2146 704 2210 scelerum
726 2156 852 2213 tuorum
874 2150 1079 2212 constitutum
1101 2148 1177 2222 init,
1199 2149 1295 2212 sciam
1317 2167 1387 2212 esse
1409 2147 1639 2231 praemissam?
1669 2151 1722 2213 Tu
1745 2161 1788 2216 ut

447 2242 501 2306 illa
523 2261 629 2304 carere
651 2241 771 2305 diutius
791 2242 912 2325 possis,
935 2263 1031 2326 quam
1045 2242 1189 2305 venerari
1205 2240 1244 2304 ad
1263 2243 1392 2305 caedem
1411 2238 1613 2325 proficiscens
1636 2244 1786 2320 solebas,

447 2356 466 2398 a
488 2336 577 2400 cuius
600 2334 751 2398 altaribus
772 2356 868 2419 saepe
890 2337 982 2399 istam
1001 2336 1130 2419 impiam
1145 2334 1305 2398 dexteram
1321 2334 1362 2397 ad
1377 2355 1487 2398 necem
1502 2336 1619 2398 civium
1634 2345 1787 2401 baustu-

448 2429 536 2492 listi‘l
580 2430 619 2491 X.
643 2426 694 2491 25.
717 2429 780 2491 lbis
802 2431 929 2493 tandem
951 2428 1139 2513 aliquando,
1163 2447 1226 2511 quo
1249 2428 1365 2492 teiam
1388 2428 1510 2512 pridem
1531 2431 1592 2493 ista
1612 2439 1671 2494 tua
1686 2434 1787 2515 cupi·

409 2523 530 2586 2⁰ditas
552 2523 702 2586 elirenata
723 2523 900 2605 acturiosa
921 2523 1072 2606 rapiebat.
1108 2524 1218 2606 Neque
1240 2522 1324 2585 enim
1350 2522 1407 2586 tibi
1430 2522 1509 2586 baec
1530 2542 1582 2585 res
1603 2524 1699 2587 affert
1720 2524 1787 2588 do·
1829 2519 1832 2526 '

448 2616 565 2690 larem,
595 2617 650 2679 sed
680 2616 838 2699 quandam
871 2616 1087 2680 incredibilem
1116 2616 1317 2699 voluptatem.
1358 2616 1405 2678 Ad
1431 2617 1514 2679 banc
1543 2624 1573 2679 te
1600 2618 1785 2682 amentiam

448 2715 560 2773 natura
581 2709 720 2792 peperit,
750 2710 896 2773 voluntas
918 2711 1075 2784 exercuit,
1104 2708 1230 2773 fortuna
1260 2711 1406 2774 servavit.
1448 2711 1627 2793 Numquam
1650 2717 1688 2774 tu
1710 2732 1785 2775 non

449 2803 544 2866 modo
567 2803 683 2876 otium,
709 2803 765 2866 sed
787 2823 826 2866 ne
848 2804 966 2867 bellum
989 2804 1119 2887 quidem
1141 2802 1203 2866 nisi
1224 2802 1378 2868 nefarium
1399 2801 1587 2887 concupisti.
1629 2805 1785 2869 Nanctus

450 2916 484 2959 es
507 2917 548 2959 ex
569 2896 700 2978 perditis
722 2906 817 2981 atque
838 2899 878 2961 ab
901 2899 986 2962 omni
1015 2917 1080 2961 non
1102 2895 1197 2960 modo
1219 2897 1362 2972 44444444,
1390 2916 1497 2960 verum
1519 2896 1614 2961 etiam
1635 2918 1697 2981 spe
1720 2899 1786 2963 de-

411 2990 568 3054 tsrelictis
591 2991 757 3054 conflatam
779 2991 994 3075 improborum
1017 3011 1156 3055 manum.
1192 2987 1242 3055 46.
1258 2991 1317 3054 4444
1332 2999 1366 3053 tu
1381 3010 1446 3074 qua
1459 2990 1577 3054 laetitia
1590 2989 1782 3073 perfruere!

449 3248 494 3293 tna
507 3244 618 3306 privata.
638 3269 665 3279 -
685 3243 819 3294 tatamitm
835 3257 860 3294 u.
882 3271 908 3280 -
927 3250 955 3294 nt
971 3250 998 3294 tn
1014 3246 1047 3305 B;
1066 3250 1094 3295 tn
1110 3258 1163 3295 om.
1177 3259 1202 3295 e.
1217 3270 1243 3279 —
1263 3244 1288 3293 4.
1306 3243 1425 3293 concnam
1435 3241 1466 3301 V,
1484 3242 1528 3305 Lg.
1541 3242 1583 3292 20.
1595 3242 1637 3292 544.
1650 3243 1696 3294 st.
1717 3243 1783 3307 soli,

450 3318 506 3369 l.0.
526 3344 553 3355 ·-
572 3319 839 3380 Neque--renocarst
855 3319 932 3369 allent
948 3319 1120 3379 Quintilianus
1137 3320 1178 3369 ill.
1197 3318 1225 3379 3,
1244 3319 1284 3368 64.
1310 3344 1335 3356 -
1360 3318 1425 3367 enim
1441 3329 1495 3367 om.
1515 3318 1569 3367 Co.
1590 3345 1618 3355 -
1637 3318 1697 3368 Cat.
1716 3320 1739 3369 is
1757 3334 1787 3371 es

449 3395 499 3444 vi.
517 3397 561 3457 bg.
580 3396 624 3453 4ος
643 3395 690 3443 scis
707 3396 759 3445 Cat.
779 3409 803 3445 4.
821 3395 939 3459 (Catilina
954 3395 1001 3451 sis,
1019 3396 1039 3443 si
1056 3400 1079 3445 ts
1096 3394 1155 3444 cod.
1169 3394 1286 3454 Cuiacii.)
1307 3420 1334 3429 -
1352 3393 1376 3443 3.
1395 3394 1432 3455 at]
1449 3406 1502 3442 orn.
1515 3391 1573 3452 bls3
1591 3392 1613 3441 si
1629 3404 1653 3440 a.
1670 3419 1699 3430 -
1721 3409 1787 3445 44444.

449 3484 525 3532 qnam
543 3468 727 3529 Quintilianus:
747 3484 799 3519 4444.
820 3469 898 3520 codd.
917 3468 1037 3530 Tulliani,
1057 3471 1114 3519 LO.
1133 3468 1171 3518 (Ii.
1191 3470 1276 3517 Garat.
1296 3467 1329 3517 ad
1346 3480 1386 3518 or,
1405 3481 1431 3531 p.
1450 3465 1518 3516 Sulla
1536 3480 1560 3517 c.
1580 3468 1620 3516 44.
1641 3494 1670 3503 -
1691 3468 1719 3519 4.
1737 3485 1787 3521 re.

447 3550 516 3595 emet
538 3547 583 3608 Lg.
601 3546 645 3595 4444.
661 3546 706 3604 47;
733 3546 887 3596 revocaverit
907 3545 1036 3608 egiosu
1058 3547 1085 3594 ct
1106 3545 1184 3595 codd.
1208 3542 1312 3603 Quintil.
1336 3568 1365 3579 -
1390 3544 1415 3593 t.
1434 3548 1476 3591 tna
1496 3546 1524 3591 nt
1540 3542 1659 3603 predictas
1678 3543 1712 3602 d;
1739 3552 1788 3597 tao

449 3633 502 3670 om.
521 3633 546 3681 ς.
568 3648 593 3657 -
612 3624 681 3670 reeta
698 3634 802 3679 aens,
822 3623 866 3684 Lg.
885 3622 925 3671 aa.
944 3620 986 3670 53.
1005 3621 1051 3670 st:
1078 3625 1145 3670 recto
1163 3633 1192 3678 o;
1219 3623 1314 3667 rectam
1330 3615 1452 3675 bisin,
1476 3620 1541 3665 recte
1558 3614 1582 3675 l;
1606 3621 1680 3665 reeta
1696 3620 1786 3673 niati

450 3694 526 3757 (recta
540 3708 617 3757 perpe
631 3695 675 3743 oia
693 3696 723 3758 r).
743 3722 771 3733 -
797 3696 821 3745 6.
838 3696 884 3745 via
900 3709 953 3745 om.
973 3695 1023 3745 hk.
1045 3722 1072 3732 -
1091 3696 1112 3744 si
1128 3696 1154 3744 id
1169 3693 1256 3757 seceris
1271 3705 1324 3742 om.
1338 3707 1363 3753 ς.
1378 3717 1405 3726 -
1425 3692 1449 3740 l.
1467 3691 1527 3741 ieris
1542 3692 1611 3740 tarsa
1626 3694 1741 3744 conantis
1754 3710 1785 3759 y,

450 3772 495 3833 Lg.
514 3772 538 3819 4.
557 3769 581 3818 7.
600 3770 624 3819 8.
643 3769 683 3818 65.
702 3768 764 3832 soli,
783 3771 840 3821 LO.
861 3796 887 3805 -
908 3771 931 3820 9.
950 3771 1066 3820 Mallium
1082 3771 1243 3830 Votwyz,
1262 3767 1306 3828 bg.
1324 3766 1364 3814 46.
1377 3765 1417 3814 444.
1431 3766 1471 3815 544.
1485 3766 1526 3813 54.
1540 3765 1580 3815 65.
1601 3792 1628 3803 ·-
1647 3770 1789 3821 concitare

451 3846 519 3897 bst.
540 3872 567 3881 -
586 3846 650 3895 cives
663 3847 734 3907 perd.
753 3861 774 3894 r.
795 3872 822 3881 -
843 3847 882 3895 40.
901 3847 988 3896 annua
1004 3847 1020 3897 9
1037 3847 1099 3896 mei.
1120 3871 1146 3881 -
1166 3846 1191 3893 in
1208 3842 1284 3904 impia
1301 3854 1325 3890 e.
1345 3866 1371 3875 -
1401 3842 1441 3890 tt.
1459 3841 1506 3890 isse
1521 3841 1539 3890 4
1556 3854 1615 3904 sup.
1633 3839 1682 3892 lin.
1703 3848 1787 3895 4447

450 3923 544 3984 444344,
562 3921 584 3970 si
601 3919 668 3969 tides
686 3923 727 3969 est
744 3920 873 3970 collatoris
891 3919 1009 3971 silentio:
1027 3922 1074 3970 isse
1090 3933 1144 3969 om.
1163 3932 1191 3978 ος
1210 3920 1248 3968 444
1264 3919 1281 3968 4
1298 3932 1339 3982 pc.
1358 3932 1394 3969 m.
1414 3922 1441 3968 et
1456 3918 1517 3968 cod.
1536 3922 1625 3979 Parc,
1648 3932 1704 3970 esse
1721 3920 1784 3972 rell.

450 3996 516 4056 urei,
535 3996 576 4044 lix
594 3996 652 4044 446
670 3993 711 4043 4444
729 3996 793 4046 dett.
812 3998 890 4058 lagg.
905 4022 932 4030 —
952 3998 1017 4057 qaod
1035 4010 1061 4045 u.
1082 4022 1109 4031 -—
1130 3996 1169 4044 ta
1188 4008 1232 4058 eqo
1249 3995 1299 4045 inv.
1318 4000 1342 4044 te
1357 3992 1398 4053 lt;
1417 4000 1439 4043 te
1455 4007 1500 4057 eqo
1515 3996 1566 4043 inv.
1579 4006 1634 4056 yz;
1653 3996 1721 4056 qnia
1736 4010 1787 4059 eqo

450 4077 474 4123 ts
489 4072 589 4121 invitem
606 4084 654 4133 qno
671 4071 724 4120 iam
741 4073 759 4121 L
777 4085 809 4120 ex
825 4072 920 4121 lllureti
937 4073 1005 4121 coni.
1025 4098 1053 4108 -
1071 4071 1149 4120 sciam
1166 4072 1218 4120 iam
1234 4070 1330 4127 dmn,
1356 4071 1406 4120 scio
1422 4071 1474 4119 iam
1491 4071 1535 4120 Cr
1551 4072 1595 4133 Lg.
1614 4069 1655 4120 53.
1676 4097 1707 4107 -
1726 4074 1785 4136 tibi]

450 4151 474 4197 ts
490 4146 600 4209 l'qru,
620 4148 664 4208 lg.
683 4146 723 4195 20.
743 4147 783 4196 57.
804 4146 854 4209 (tibi
871 4146 976 4195 firmant
992 4145 1136 4195 Arusianus
1153 4159 1179 4209 p.
1198 4145 1254 4195 25³.
1274 4145 1348 4195 lind.
1367 4147 1395 4194 et
1411 4147 1492 4195 Prisc.
1511 4146 1530 4195 l.
1549 4159 1575 4211 p.
1594 4145 1652 4195 3447.
1669 4146 1732 4209 tir.)
1752 4177 1783 4186 -

453 4221 493 4271 43.
508 4220 692 4283 praestolentur
708 4221 784 4270 Cor.
805 4246 831 4255 -
851 4222 891 4269 cni
908 4233 940 4282 y,
960 4219 1116 4278 utvidetur,
1136 4223 1163 4269 ct
1179 4219 1343 4270 Gulielmius:
1361 4221 1402 4269 4444·
1418 4234 1472 4271 om.
1485 4223 1517 4280 l.;
1536 4222 1633 4271 44444444.
1648 4247 1677 4256 -
1698 4224 1786 4274 sciam

451 4294 735 4358 Vbilstuwxyzg
753 4302 779 4348 et
795 4301 810 4349 5
828 4297 870 4348 alii
888 4300 981 4360 legg:
1000 4297 1078 4346 sciam
1093 4297 1147 4345 iarn
1164 4295 1288 4347 BCdeo
1297 4309 1337 4358 pr
1354 4299 1380 4345 et
1397 4295 1453 4345 rcll.
1473 4298 1561 4360 legg,
1579 4296 1738 4349 ntvidetur.
1752 4326 1783 4335 -

450 4372 609 4422 constitutam
625 4383 674 4420 esse
691 4373 706 4420 5
722 4373 785 4422 dett.
805 4373 882 4436 Lagg.
901 4372 965 4433 soli,
983 4373 1040 4421 LO.
1055 4397 1082 4407 -
1103 4370 1142 4421 44,
1155 4371 1243 4421 Mallia
1260 4384 1370 4433 ewyz,
1389 4370 1430 4421 alii
1442 4371 1520 4434 Lagg.
1535 4398 1562 4408 -
1580 4372 1786 4436 idannaqnilam

452 4462 483 4506 e;
502 4447 572 4497 4444444
588 4458 641 4495 om.
662 4459 688 4495 u.
708 4472 737 4484 -
756 4448 799 4498 tibi
815 4450 912 4511 tuisque
928 4448 954 4497 4.
975 4474 1000 4482 -
1031 4448 1070 4496 lb.
1089 4447 1202 4496 omnibns
1217 4446 1309 4496 44444444
1326 4460 1350 4496 e.
1370 4472 1397 4482 -
1416 4448 1481 4510 cons.
1496 4460 1568 4509 pern.
1587 4460 1618 4496 ac
1633 4447 1689 4509 fan.
1708 4449 1786 4510 tutn-

451 4535 509 4573 ram
524 4522 622 4583 Bayz
639 4522 685 4584 Lg.
700 4521 740 4571 443.
761 4524 797 4584 (44
813 4525 844 4582 l.‚
864 4523 911 4573 scd
930 4523 972 4572 hic
989 4525 1012 4571 et
1029 4534 1077 4585 pro
1095 4521 1151 4582 acl:
1168 4522 1264 4584 pernic.
1282 4533 1332 4570 esse
1347 4523 1411 4583 cons.
1425 4535 1456 4570 aa
1470 4523 1594 4584 tnnmtam
1608 4522 1655 4584 snt.
1669 4523 1707 4584 0,
1727 4527 1784 4574 urei

451 4610 545 4648 omnes
563 4600 589 4646 et
606 4597 683 4658 lagg.
702 4593 769 4656 rell,
788 4597 837 4647 sed
855 4598 949 4647 horum
968 4595 1067 4659 aliquot
1084 4597 1156 4659 (item
1174 4597 1202 4658 0)
1220 4601 1243 4645 44
1260 4609 1307 4659 pra
1325 4610 1369 4656 ac;
1392 4598 1416 4645 in
1434 4596 1475 4659 gli
1493 4599 1554 4660 post
1567 4598 1683 4659 suturam
1701 4600 1785 4649 addi-

452 4677 509 4724 tum
525 4673 572 4731 iri,
591 4683 754 4734 quamquem
772 4685 821 4721 csse
837 4672 920 4722 adest.
937 4698 963 4708 -
984 4671 1068 4721 domni
1084 4669 1180 4728 dlor,
1199 4671 1304 4734 blagg.
1320 4698 1347 4709 -
1367 4673 1408 4722 46.
1426 4678 1527 4721 taornm
1540 4674 1660 4722 4444444444
1676 4674 1725 4737 Lg.
1739 4675 1783 4726 46.

451 4747 496 4808 l&
524 4749 550 4797 in
571 4748 579 4797 i
599 4750 660 4797 ante
680 4748 748 4797 baec
770 4746 822 4796 duo
844 4760 886 4796 vv.
906 4749 933 4796 44
952 4750 1013 4809 post
1035 4759 1067 4796 ea
1087 4748 1163 4795 terna
1186 4749 1282 4809 puncta
1300 4746 1395 4797 eadem
1412 4760 1448 4797 rn.
1467 4746 1555 4796 addita
1572 4750 1648 4808 sunt,
1674 4759 1731 4811 quo
1750 4765 1785 4801 ea

453 4823 597 4875 omittenda
616 4837 675 4874 esse
693 4822 863 4885 significatur.
883 4823 921 4873 ct.
941 4823 974 4872 44
992 4822 1022 4871 ll.
1042 4820 1066 4884 ἓ.
1085 4821 1125 4870 ta.
1145 4845 1173 4855 -
1191 4822 1349 4870 constitutam
1366 4836 1418 4872 oni.
1431 4824 1461 4874 B.
1476 4850 1503 4859 -
1523 4823 1562 4871 47.
1581 4822 1674 4870 diatim
1689 4835 1786 4873 carere

452 4899 561 4961 Vbst,
584 4900 628 4961 Lg.
648 4898 688 4948 53.
707 4899 751 4958 65,
779 4898 837 4946 LO.
867 4925 893 4932 —
921 4897 961 4947 48.
979 4898 1039 4959 imp,
1058 4898 1174 4945 dextram
1195 4894 1339 4952 blasto:
1366 4899 1617 4960 deoetmnmimptam
1641 4896 1731 4960 Vql..
1752 4925 1781 4934 ——

453 4977 492 5026 49.
511 4976 560 5025 ista
576 4982 621 5025 tna
637 4973 878 5034 Babcdswyz,
897 4973 941 5034 Lg.
961 4971 1001 5021 46.
1022 4972 1069 5021 65:
1089 4977 1133 5020 tna
1149 4971 1197 5020 ista
1214 4973 1299 5022 lil.0.
1320 4999 1347 5007 -
1367 4973 1407 5021 at.
1425 4975 1466 5021 sed
1483 4987 1575 5037 amp.
1591 4998 1618 5009 -
1637 4972 1668 5037 te]
1686 4974 1785 5026 scilicet

452 5067 477 5112 ς.
498 5077 524 5087 -
544 5050 692 5099 clenentiam
709 5063 738 5110 o;
765 5049 875 5098 amentia
890 5062 940 5097 non
964 5046 1019 5108 (vel
1036 5044 1065 5107 si)
1089 5047 1246 5104 beimtu;
1269 5048 1416 5095 clenentiam
1431 5061 1482 5096 nen
1498 5061 1530 5098 w.
1550 5074 1576 5082 -
1604 5048 1786 5111 tacompsos

453 5124 521 5188 ghl.
543 5152 569 5159 —
587 5126 719 5189 fortunata
736 5128 760 5185 t;
779 5130 801 5174 44
817 5126 920 5187 fortuna
937 5121 963 5171 d.
985 5148 1011 5156 -
1036 5123 1076 5172 23.
1095 5123 1167 5171 modo
1185 5135 1238 5171 om.
1257 5135 1279 5171 r.
1300 5147 1326 5157 -
1345 5126 1452 5170 sanctas
1468 5125 1494 5171 t:
1517 5126 1606 5171 nactas
1622 5124 1711 5173 Rl.0.
1742 5126 1783 5175 ct.

452 5198 487 5248 ad
503 5213 543 5248 or.
563 5213 587 5263 p.
606 5202 674 5249 sest.
694 5201 718 5263 ἓ.
738 5201 777 5250 te.
798 5227 825 5235 -
844 5197 884 5248 44.
903 5211 928 5247 es
944 5209 997 5247 om.
1016 5197 1180 5248 libilsux.
1202 5223 1228 5232 -
1248 5197 1376 5247 derelictas
1392 5198 1410 5244 t.
1431 5222 1457 5231 —
1478 5198 1517 5246 25.
1536 5196 1710 5261 inprotectam
1727 5213 1787 5250 mo-

451 5288 512 5325 num
527 5274 660 5338 impmnm
676 5286 731 5338 yz,
748 5276 883 5339 impias-nnn
898 5286 1002 5324 masma
1019 5274 1047 5323 l..
1061 5299 1088 5309 -
1108 5277 1204 5336 quanta
1219 5272 1246 5322 d.
1267 5297 1294 5308 —
1311 5272 1449 5336 pertinetis
1464 5285 1491 5321 u.
