4367 6109
399 512 525 633 'aas
666 540 672 551 '
830 568 873 631 nc
893 567 1062 633 mansu
1083 567 1207 633 acuo
1231 568 1414 636 saccum

463 738 654 811 disiunctus,
676 735 848 799 sedetiam
870 735 997 801 clausus
1019 746 1084 814 est,
1110 745 1146 802 ut
1166 737 1247 814 illis,
1269 740 1386 824 quihus
1409 740 1550 805 Siciliam
1571 743 1787 828 propinquam
1834 750 1838 760 '

461 831 558 896 inisse
581 831 677 906 dicis,
705 829 828 894 facilius
857 829 953 894 suerit
980 832 1020 894 ad
1041 852 1196 896 oceanum
1225 835 1390 918 pervenire
1419 854 1512 919 quam
1542 835 1583 900 ad
1604 834 1788 901 Peloridem

461 927 620 990 accedere.
662 923 693 988 7.
724 925 877 1007 Coniugio
899 934 1004 989 autem
1026 926 1087 989 ista
1108 927 1231 990 servilis
1252 928 1327 991 belli
1350 950 1407 994 cur
1428 929 1483 992 abs
1505 935 1536 993 te
1559 930 1669 1014 potius
1693 949 1787 1015 quam

461 1021 499 1084 ab
520 1021 560 1083 iis
582 1019 738 1093 omnibus,
763 1019 817 1102 qui
838 1027 957 1083 ceteras
972 1020 1150 1102 provincias
1165 1021 1378 1100 obtinuerunt,
1399 1023 1620 1107 praedicaturi
1642 1044 1685 1088 an
1701 1025 1787 1109 quod

435 1114 494 1176 oin
516 1113 622 1176 Sicilia
642 1113 705 1176 iam
726 1121 819 1176 antea
834 1110 924 1176 'bella
952 1113 1154 1197 fugitivorum
1175 1115 1326 1180 fuerunt?
1369 1119 1409 1181 44
1439 1137 1477 1181 ea
1503 1117 1573 1202 ipsa
1601 1136 1702 1182 causa
1730 1125 1786 1195 est,

460 1228 515 1271 cur
541 1207 601 1270 ista
628 1202 790 1289 provincia
818 1207 948 1271 minimo
975 1209 1008 1271 in
1035 1208 1178 1293 periculo
1201 1210 1242 1273 sit
1264 1217 1296 1273 et
1315 1211 1421 1274 fucrit.
1469 1212 1549 1276 Nam
1577 1220 1786 1297 posteaquam

408 1296 411 1303 ⁴
458 1300 547 1363 illinc
574 1299 623 1362 Μ’.
649 1300 795 1381 Aquilius
826 1299 978 1377 decessit,
1009 1302 1149 1365 omnium
1178 1303 1320 1367 instituta
1346 1312 1442 1388 atque
1468 1304 1573 1368 edicta
1600 1312 1785 1389 praetorum

457 1391 585 1455 luerunt
607 1391 798 1466 eiusmodi,
827 1401 924 1458 utne
946 1395 1017 1479 quis
1043 1417 1114 1460 cum
1138 1397 1201 1460 telo
1224 1417 1333 1461 servus
1355 1406 1447 1462 esset
1497 1400 1597 1464 Vetus
1621 1407 1672 1463 est
1700 1398 1785 1483 quod

459 1487 558 1551 dicam
581 1493 613 1550 et
632 1493 760 1570 propter
780 1488 979 1553 severitatem
1002 1488 1139 1573 exempli
1154 1491 1273 1553 nemini
1287 1491 1420 1556 fortasse
1435 1501 1574 1557 restrum
1590 1492 1785 1558 inauditum

422 1580 493 1643 444.
509 1579 679 1643 Domitium
701 1589 878 1664 praetorem
900 1583 933 1645 in
949 1582 1067 1657 Sicilia,
1089 1604 1160 1647 cum
1184 1604 1260 1667 aper
1281 1586 1393 1669 ingens
1415 1586 1455 1650 ad
1472 1607 1543 1651 eum
1558 1585 1673 1650 allatus
1690 1592 1785 1660 esset,

458 1674 645 1737 admiratum
665 1673 854 1755 requisisse,
884 1677 955 1758 quis
985 1697 1056 1739 eum
1085 1678 1305 1759 percussisset
1350 1680 1428 1743 Cum
1453 1680 1595 1744 audisset
1623 1687 1784 1763 pastorem

458 1767 621 1833 cuiusdam
642 1764 758 1841 fuisse,
780 1787 851 1831 eum
873 1769 979 1833 vocari
1000 1770 1039 1832 ad
1063 1789 1098 1834 se
1120 1770 1266 1835 iussisse:
1294 1771 1383 1836 illum
1404 1774 1519 1858 cupide
1540 1774 1581 1837 ad
1603 1781 1784 1856 praetorem

458 1862 548 1946 quasi
570 1860 611 1924 ad
632 1858 757 1923 laudem
780 1869 876 1945 atque
898 1863 937 1926 ad
961 1864 1137 1946 praemium
1158 1867 1383 1930 accucurrisse:
1414 1867 1576 1951 quaesisse
1597 1866 1783 1941 Domitium,

458 1956 514 2040 qui
543 1962 661 2020 tanum
693 1955 825 2019 bestiam
859 1959 1083 2039 percussisset:
1117 1958 1206 2021 illum
1235 1961 1436 2044 respondisse
1466 1961 1639 2027 venabulo:
1675 1964 1783 2026 statim

420 2049 572 2113 sodeinde
603 2048 690 2112 iussu
720 2049 873 2131 praetoris
902 2051 935 2112 in
964 2071 1087 2114 crucem
1110 2071 1180 2114 csse
1202 2052 1368 2116 sublatum.
1410 2055 1529 2117 Durum
1555 2053 1618 2118 hoc
1645 2053 1783 2118 sortasse

457 2144 602 2208 videatur
623 2162 727 2227 neque
749 2160 808 2226 ego
829 2143 926 2207 ullam
948 2145 981 2207 in
1003 2152 1124 2228 partem
1147 2144 1288 2230 disputo:
1310 2154 1431 2210 tantum
1454 2147 1606 2231 intelligo,
1629 2147 1782 2211 maluisse

455 2238 629 2302 Domitium
651 2237 812 2300 crudelem
839 2238 872 2301 in
901 2237 1181 2302 animadvertendo
1205 2259 1299 2322 quam
1320 2240 1353 2303 in
1374 2241 1653 2323 pmetermittendo
1678 2239 1783 2304 disso-

454 2330 556 2396 lutum
578 2331 702 2395 videri·
731 2331 783 2392 lV.
805 2327 835 2392 8.
857 2332 940 2414 Ergo
962 2333 1012 2395 his
1034 2333 1189 2396 institutis
1209 2333 1392 2415 provinciae
1412 2334 1476 2398 iam
1497 2343 1579 2407 tum,
1600 2354 1673 2398 cum
1695 2333 1783 2397 bello

438 2427 612 2492 'sociorum
640 2432 705 2489 tota
727 2424 818 2489 ltalia
838 2426 978 2500 arderet,
1005 2424 1102 2489 homo
1130 2445 1196 2488 non
1223 2427 1394 2491 acerrimus
1421 2448 1480 2492 nec
1506 2428 1717 2503 fortissimus,
1747 2427 1782 2490 C.

417 2519 629 2595 soNorbanus,
650 2522 683 2583 in
706 2539 827 2583 summo
850 2521 916 2584 otio
937 2521 1007 2585 fuit.
1041 2519 1193 2584 Perfacile
1216 2521 1301 2583 enim
1322 2541 1391 2585 sese
1406 2521 1515 2585 Sicilia
1536 2521 1599 2585 iam
1621 2521 1782 2595 tuebatur,

454 2624 491 2679 ut
511 2637 551 2679 ne
574 2615 660 2699 quod
690 2634 731 2677 ex
760 2614 829 2698 ipsa
857 2614 976 2677 bellum
1003 2622 1113 2697 posset
1144 2615 1308 2679 exsistere.
1350 2615 1474 2678 Etenim
1505 2634 1575 2678 cum
1603 2614 1686 2678 nihil
1715 2622 1781 2677 tam

454 2711 654 2774 coniunctum
687 2709 728 2771 sit
758 2728 852 2792 quam
882 2709 1095 2791 negotiatores
1117 2711 1218 2773 nostri
1240 2729 1312 2772 cnm
1334 2709 1449 2773 Siculis
1470 2728 1547 2782 usn,
1568 2728 1621 2783 re,
1641 2707 1781 2783 ratione,

454 2802 642 2877 concordia,
671 2808 704 2865 et
731 2822 801 2865 cum
830 2802 892 2885 ipsi
915 2802 1012 2865 Siculi
1040 2823 1091 2867 res
1113 2823 1187 2866 suas
1208 2805 1252 2867 ita
1273 2804 1461 2866 constitutas
1482 2802 1637 2875 habeant,
1666 2801 1717 2863 uti
1738 2800 1780 2864 iis

452 2917 562 2981 pacem
584 2895 734 2981 expediat
754 2915 843 2970 esse,
874 2896 1040 2978 imperium
1071 2904 1175 2960 antem
1202 2895 1314 2979 populi
1335 2895 1467 2960 Romani
1489 2895 1535 2958 sic
1558 2892 1710 2976 diligant,
1743 2899 1781 2957 ut

414 2992 486 3055 uic
507 2990 648 3055 imminui
670 2997 725 3053 aut
747 2991 933 3053 commutari
956 2990 1086 3054 minime
1101 2990 1216 3065 relint3
1238 2990 1464 3073 cumquehacc
1478 3007 1676 3052 acervorum
1690 2987 1778 3051 bello

451 3084 593 3169 pericula
614 3091 647 3149 et
666 3091 846 3167 praetorum
875 3085 1028 3148 institutis
1058 3092 1090 3148 et
1111 3084 1313 3148 dominorum
1343 3083 1510 3167 disciplina
1536 3079 1667 3166 provisa
1695 3080 1778 3143 sinte

451 3179 575 3243 nullum
603 3185 652 3242 est
679 3178 796 3242 malum
823 3177 1050 3254 domesticum,
1077 3179 1163 3263 quod
1192 3198 1233 3242 ex
1258 3178 1328 3260 ipsa
1355 3178 1520 3261 provincia
1546 3175 1634 3239 nasci
1662 3175 1777 3259 possit

450 3268 481 3335 9.
504 3272 590 3348 Quid
610 3272 727 3356 igitur?
748 3271 869 3336 nulline
891 3279 995 3335 motus
1017 3271 1051 3335 in
1074 3273 1184 3336 Sicilia
1204 3290 1367 3335 serrorum
1389 3271 1486 3333 Verre
1507 3277 1671 3353 praetore,
1703 3266 1779 3332 nul-¹

450 3366 541 3431 laene
563 3366 789 3431 consensiones
810 3366 912 3429 factae
934 3385 1005 3429 esse
1027 3366 1196 3430 dicuntur?
1232 3365 1318 3429 Nihil
1340 3384 1434 3440 sane,
1456 3366 1543 3450 quod
1564 3362 1605 3428 ad
1627 3369 1776 3427 senatum

412 3463 668 3547 ”populumque
702 3462 877 3525 Romanum
910 3460 1108 3544 perveneritt
1140 3459 1238 3534 nihil,
1271 3458 1358 3543 quod
1395 3459 1454 3521 iste
1486 3458 1613 3541 publice
1642 3458 1777 3521 Romam

449 3557 625 3642 scripserit:
655 3564 688 3620 44
708 3564 814 3618 tamen
836 3562 985 3637 coeptum
1007 3574 1077 3618 esse
1100 3553 1133 3616 in
1156 3552 1264 3616 Sicilia
1288 3552 1408 3616 moveri
1430 3552 1552 3637 aliquot
1573 3551 1653 3615 locis
1675 3551 1778 3615 serri-

449 3651 527 3715 tium
549 3651 703 3734 suspicor.
747 3648 783 3711 ld
805 3648 885 3712 adeo
907 3667 971 3711 non
993 3656 1056 3712 tam
1078 3668 1120 3711 ex
1141 3666 1193 3722 re,
1216 3664 1311 3730 quam
1333 3665 1373 3709 ex
1395 3646 1487 3709 istius
1508 3645 1598 3708 factis
1621 3642 1777 3708 decretis-

449 3766 512 3828 que
535 3763 700 3828 cognosco.
742 3743 788 3804 44
809 3741 931 3817 ridete,
961 3761 1056 3825 quam
1078 3761 1143 3805 nou
1165 3738 1293 3803 inimico
1312 3739 1419 3802 animo
1442 3737 1501 3801 sim
1523 3745 1662 3801 acturus.
1704 3739 1776 3822 Ego

447 3838 515 3920 ipse
531 3836 620 3911 haec,
638 3854 720 3921 quae
734 3835 789 3898 ille
805 3836 938 3919 quaerit,
954 3853 1036 3918 quae
1050 3833 1154 3898 adhuc
1167 3851 1339 3917 numquam
1352 3832 1498 3906 audistis,
1520 3826 1776 3896 commemorabo

410 3935 480 3995 4444
500 3931 667 4016 proferam.
701 3926 752 3992 40.
774 3931 811 3995 ln
833 3928 1022 4016 Triocalino,
1045 3947 1140 4010 quem
1161 3927 1268 3989 locum
1288 3924 1412 4008 fugitivi
1427 3926 1488 3990 iam
1502 3931 1576 3988 ante
1591 3931 1774 4001 tenuerunt,

447 4025 608 4088 Leonidae
630 4024 793 4087 cuiusdam
809 4022 907 4086 Siculi
928 4020 1046 4084 familia
1067 4021 1100 4083 in
1115 4019 1329 4102 suspicionem
1344 4026 1393 4081 est
1405 4025 1519 4082 vocata
1532 4019 1773 4083 coniurationis.

447 4118 510 4182 Res
531 4118 635 4182 delata
655 4116 697 4181 ad
711 4118 818 4181 istum.
850 4116 973 4190 Statim,
994 4121 1031 4178 nt
1043 4134 1101 4199 par
1113 4113 1185 4188 fuit,
1206 4113 1296 4177 iussu
1313 4113 1382 4176 eius
1396 4112 1551 4188 homines,
1573 4115 1630 4198 qui
1643 4112 1774 4179 inerant

514 4378 538 4428 4.
556 4382 591 4428 444
606 4376 656 4429 RS:
683 4375 732 4440 4444
751 4375 816 4426 dett.
835 4376 865 4426 0.
885 4398 912 4410 —
931 4371 956 4426 4.
975 4373 1015 4438 iis]
1036 4374 1090 4426 44444
1105 4375 1151 4426 443.
1171 4398 1198 4411 -
1218 4375 1243 4426 3.
1261 4379 1321 4425 octo
1340 4373 1406 4424 dett.
1430 4375 1460 4425 0.
1480 4398 1507 4410 —
1527 4375 1552 4425 3.
1569 4373 1626 4440 isto]
1648 4374 1706 4438 ipso
1721 4372 1769 4427 444.

446 4453 511 4505 dett.
530 4455 559 4505 0.
580 4481 607 4490 -
627 4454 651 4504 8.
670 4452 788 4503 osmundi
805 4464 858 4502 om.
878 4452 955 4516 4349.
976 4476 1003 4487 -
1024 4452 1063 4501 44).
1082 4450 1175 4500 44444444
1190 4454 1252 4500 44444
1266 4450 1301 4500 od
1315 4463 1372 4500 cam
1388 4446 1405 4497 4
1421 4449 1467 4500 63.
1487 4473 1514 4484 -
1534 4449 1575 4499 44.
1593 4449 1628 4499 od
1642 4462 1669 4500 44
1683 4451 1774 4502 444444

446 4530 483 4580 63
500 4525 564 4580 dc'tt.
584 4529 613 4581 0.
634 4554 662 4564 -
680 4527 751 4576 iussit
770 4527 848 4590 Lagg.
867 4529 973 4590 praeter
989 4525 1030 4576 44.
1051 4551 1078 4560 -
1102 4524 1198 4590 cupido]
1222 4525 1312 4588 oppido
1332 4525 1369 4574 64
1386 4522 1432 4575 Ld.
1452 4549 1481 4561 -
1501 4523 1540 4574 43.
1565 4528 1640 4585 444444
1660 4526 1696 4576 od
1716 4527 1738 4578 44
1755 4523 1772 4576 4

446 4604 483 4653 Gi
500 4603 546 4653 Ld.
566 4602 644 4654 codd.
663 4599 797 4665 plerique:
820 4605 844 4650 44
859 4599 893 4649 od
908 4600 992 4664 4344ς
1016 4601 1051 4650 od
1066 4613 1119 4651 om.
1139 4601 1185 4650 64.
1205 4625 1233 4635 -
1252 4599 1422 4649 4444444444
1438 4599 1472 4648 R:
1495 4601 1634 4650 4444444444
1649 4601 1687 4652 63
1704 4601 1770 4655 dett.

445 4678 475 4729 0.
489 4703 517 4714 -
531 4678 570 4728 48.
586 4677 732 4740 procinctos
748 4677 776 4726 44.
792 4699 819 4711 -
834 4676 873 4725 as.
892 4677 1016 4726 soctomcm
1031 4675 1068 4726 443
1084 4672 1101 4724 4
1119 4672 1213 4738 (Madv.
1231 4687 1258 4738 p.
1271 4673 1311 4724 38.
1323 4672 1387 4723 osu.
1401 4686 1427 4737 p.
1441 4673 1507 4736 ³5=J²
1523 4674 1688 4737 micorum
1703 4676 1770 4730 dett.

446 4752 475 4802 0.
490 4777 517 4788 -
532 4751 570 4815 6.]
587 4751 631 4803 oc.
650 4750 729 4815 4433.
747 4750 854 4814 practer
870 4748 909 4801 44.
927 4775 953 4787 ·-
967 4751 1008 4800 444.
1027 4750 1115 4800 Sicilia
1130 4748 1246 4801 4444444444
1260 4762 1292 4798 sse
1307 4746 1372 4797 dett.
1387 4772 1414 4782 -
1428 4748 1470 4798 44.
1488 4749 1587 4812 4444444
1598 4750 1644 4814 443,
1661 4752 1770 4804 4444444.

444 4826 552 4877 Lamo:
579 4828 606 4877 444
621 4827 677 4890 ipso
693 4827 759 4877 dett.
778 4825 807 4875 0.
827 4850 854 4861 -—
873 4826 980 4876 soistm
1000 4827 1029 4876 44.
1049 4850 1076 4861 -—
1095 4824 1136 4877 43.
1160 4825 1221 4887 ipsis
1236 4823 1325 4873 8444444
1341 4822 1392 4882 443,
1418 4821 1468 4873 sed
1485 4824 1504 4873 44
1521 4836 1562 4887 pr.
1580 4837 1616 4876 m.
1638 4826 1720 4877 4444444.
1740 4852 1768 4864 ·-

443 4902 481 4951 4444
496 4903 519 4951 44
534 4903 567 4961 44ς
586 4907 614 4952 ot
630 4904 651 4952 44
667 4900 748 4966 4344;
766 4902 804 4951 oti
819 4901 867 4951 4444
882 4901 932 4962 63;
949 4907 978 4951 ot
993 4901 1123 4961 4443444.;
1140 4905 1170 4950 ot
1184 4899 1255 4949 4440.
1275 4899 1326 4962 [Sic
1342 4900 1416 4949 recto
1428 4899 1461 4956 0;
1480 4910 1543 4949 nam
1560 4902 1602 4950 cst
1616 4900 1654 4950 4444
1670 4902 1730 4950 ia*
1742 4906 1772 4952 st

402 5038 405 5045 Ι
442 4977 494 5044 iis]
507 5002 534 5014 -
547 4979 589 5029 45.
607 4977 640 5028 ob
655 4989 784 5028 4444444444
801 4974 866 5027 dett.
884 4977 913 5027 0.
930 5003 956 5014 -
969 4977 1010 5028 48.
1025 4981 1146 5040 praetore
1165 4976 1239 5026 Verre
1255 4970 1272 5022 λ
1288 4973 1325 5022 443
1336 4972 1413 5036 ngas.
1429 5000 1457 5010 -
1469 4973 1509 5024 30.
1518 4974 1589 5037 pust.
1601 4976 1630 5026 44.
1643 4976 1772 5040 sapesso

444 5052 480 5103 443
497 5050 513 5102 4
530 5053 611 5116 43434
639 5053 744 5103 lienum
762 5051 860 5114 4444444
875 5051 1049 5114 4444444444
1068 5051 1134 5102 4444.
1153 5051 1182 5100 0.
1202 5074 1228 5088 -·
1249 5049 1290 5099 34.
1308 5048 1410 5111 aliquod
1430 5049 1459 5100 R.
1480 5074 1508 5086 -
1527 5050 1567 5102 33.
1585 5051 1621 5101 od
1634 5051 1715 5103 4444444
1730 5053 1768 5113 44ῑ

444 5132 472 5176 at
486 5128 566 5179 444444
581 5128 613 5177 64
633 5127 681 5177 Ld.
701 5153 729 5163 -
746 5140 803 5177 sum
818 5126 896 5190 4343.
917 5154 944 5163 -
963 5124 1004 5177 34.
1022 5127 1078 5189 ipso
1093 5126 1155 5176 4444
1171 5123 1251 5175 idem
1271 5148 1298 5158 -
1316 5124 1366 5187 4444]
1387 5124 1439 5185 ipsc
1454 5124 1505 5186 63;
1531 5126 1577 5176 tato
1592 5125 1620 5175 4.
1640 5124 1770 5189 probabi·

443 5197 511 5251 liter.
531 5228 559 5238 -
577 5201 618 5253 344.
638 5201 792 5251 4444444444
808 5201 841 5262 44,
867 5200 937 5264 4343
953 5202 981 5250 44
996 5200 1012 5250 6
1028 5198 1080 5251 alil.
1101 5226 1128 5236 -
1147 5203 1278 5250 4444444444
1299 5198 1334 5250 de
1356 5200 1418 5250 Ern.
1442 5202 1511 5252 conl.
1530 5201 1559 5252 0.
1579 5224 1607 5236 —
1626 5200 1667 5251 36.
1684 5201 1770 5264 44444-

444 5275 580 5327 444444444.
600 5303 627 5314 -
645 5276 869 5328 444444444444ε
893 5273 1104 5340 44444444463,
1126 5272 1192 5326 (4444.
1210 5273 1240 5325 0.
1260 5298 1288 5312 -
1306 5272 1548 5338 34444444444444.
1566 5271 1768 5340 4434444464
