4367 6109
659 585 726 649 nn.
748 582 801 647 rv.
830 580 1190 649 unrxm-xxn
1217 577 1274 665 33.
1296 575 1443 644 33-33.
1649 570 1711 640 aro

396 762 524 839 repente
546 753 706 817 bominem
728 753 767 817 de
787 753 949 837 pmvinoia
969 754 1057 817 iubet
1077 761 1150 817 ante
1171 759 1296 815 noctem
1315 749 1484 815 decedere:
1506 750 1551 814 ait
1572 771 1606 815 se
1628 773 1713 818 com·
1800 827 1804 840 1

396 850 532 934 perisse,
555 868 596 911 ex
618 848 686 911 eius
708 867 805 930 regno
827 847 946 931 piratas
968 849 1007 911 ad
1030 849 1170 912 Siciliam
1191 866 1261 910 esse
1283 854 1442 910 venturos.
1486 842 1536 908 67.
1558 848 1626 911 llex
1648 871 1713 916 ma·

396 944 483 1007 ximo
505 949 662 1006 conventu
685 941 847 1026 Syracusis
869 941 901 1003 in
923 941 1009 1018 loro,
1040 963 1079 1005 nc
1103 942 1176 1025 quis
1197 940 1279 1004 sorte
1301 961 1350 1004 me
1371 942 1404 1002 in
1426 940 1555 1003 crimine
1578 944 1712 1009 obscuro

395 1036 514 1101 uersari
545 1045 640 1121 atque
668 1033 818 1117 affingere
840 1035 959 1119 aliquid
982 1035 1346 1118 suspicionehominum
1368 1035 1548 1111 arbitretur,
1578 1038 1611 1100 in
1632 1038 1713 1116 loro,

398 1132 546 1215 inquam,
576 1129 738 1215 Syracusis
757 1131 835 1193 dens
857 1149 893 1192 ac
915 1129 992 1192 deos
1013 1128 1220 1213 hominesque
1243 1137 1424 1192 contestans
1447 1129 1579 1194 clamare
1600 1135 1738 1217 cuspite

397 1225 619 1289 candelabrum
639 1224 756 1288 lactum
778 1245 795 1287 e
814 1223 960 1306 gemmis,
982 1223 1068 1306 quod
1083 1223 1116 1284 in
1133 1223 1323 1305 Capitolium
1337 1224 1490 1286 missurus
1505 1234 1603 1301 esset,
1627 1229 1713 1312 quod

397 1319 568 1405 intemplo
591 1319 764 1382 clarissimo
793 1319 913 1403 populo
935 1320 1076 1380 Romano
1100 1325 1337 1380 monumentum
1359 1337 1434 1379 suae
1455 1321 1615 1385 societatis
1636 1325 1714 1387 ami·

397 1416 553 1499 citiacque
576 1435 645 1477 esse
666 1414 831 1489 voluisset,
853 1413 887 1476 id
910 1414 970 1477 sibi
993 1412 1026 1475 C.
1049 1413 1179 1475 Verrem
1202 1411 1385 1474 abstulisse:
1415 1411 1454 1475 de
1477 1417 1588 1479 ceteris
1610 1420 1716 1502 operi·

398 1508 457 1571 bus
479 1528 519 1571 ex
541 1527 618 1571 auro
640 1514 672 1570 et
694 1507 842 1590 gemmis,
865 1526 946 1589 quae
968 1527 1026 1570 sua
1046 1526 1144 1590 penes
1166 1505 1255 1568 illum
1277 1512 1398 1580 essent,
1421 1526 1535 1570 senon
1557 1509 1714 1576 laborare:

398 1600 460 1664 boo
491 1601 550 1664 sibi
579 1601 835 1693 eripilmiscrum
859 1621 927 1665 esse
949 1609 982 1665 et
1002 1602 1178 1684 indignum.
1221 1600 1257 1662 ld
1280 1602 1338 1663 etsi
1360 1609 1452 1664 antea
1473 1602 1535 1665 iam
1558 1616 1662 1671 mente
1684 1618 1753 1673 etn

398 1696 590 1779 cogitatione
605 1715 663 1759 sua
676 1694 844 1780 fratrisque
859 1696 908 1759 sui
925 1703 1143 1760 consecratum
1157 1702 1250 1769 esset,
1274 1703 1378 1758 tamen
1394 1703 1459 1758 tum
1475 1718 1509 1759 se
1523 1698 1555 1760 iu
1571 1698 1626 1763 illo
1642 1723 1718 1766 con·

400 1799 497 1853 ventu
520 1791 636 1854 civium
658 1792 872 1854 Romanorum
895 1789 984 1864 dare,
1007 1790 1142 1864 donare,
1165 1790 1285 1862 dicare,
1308 1807 1491 1853 consecrare
1506 1792 1572 1854 lovi
1588 1792 1716 1877 Optimo

397 1884 536 1947 Maximo
558 1891 736 1970 testemque
762 1886 868 1969 ipsum
894 1885 1001 1946 lovem
1024 1903 1099 1946 suae
1121 1883 1293 1947 voluntatis
1314 1902 1351 1944 ac
1372 1882 1535 1965 religionis
1556 1886 1717 1953 adhibere.

398 1979 500 2041 XXX.
523 1979 614 2055 Quae
641 2000 720 2053 vox,
751 2000 833 2064 quae
859 1979 974 2051 latera,
1005 1997 1086 2060 quae
1115 1979 1197 2040 vires
1217 1977 1312 2040 huius
1334 1976 1428 2039 unius
1449 1979 1589 2044 criminis
1613 1985 1719 2065 queri·

397 2073 535 2137 moniam
567 2081 702 2157 possunt
732 2074 911 2137 sustineret
943 2074 1011 2134 llex
1042 2070 1233 2145 Antiochus,
1267 2071 1321 2155 qui
1355 2072 1472 2134 Romae
1504 2081 1577 2137 ante
1607 2078 1755 2141 oculostt

398 2167 538 2231 omnium
565 2175 708 2231 nostrum
729 2168 892 2231 biennium
914 2166 979 2229 lere
1001 2164 1151 2228 comitatu
1172 2164 1260 2247 regio
1282 2171 1378 2249 atque
1399 2172 1511 2228 ornatu
1532 2167 1661 2246 luisset,
1689 2172 1718 2235 is

398 2281 469 2324 cnm
491 2260 611 2325 amicus
634 2269 666 2326 et
687 2263 792 2326 socius
813 2262 923 2347 populi
940 2259 1073 2323 Romani
1096 2267 1194 2333 esset,
1215 2259 1406 2321 amicissimo
1428 2267 1532 2342 patre,
1555 2283 1632 2340 avo,
1654 2285 1719 2331 ma·

398 2355 530 2428 ioribus,
564 2357 792 2441 antiquissimis
822 2365 855 2419 et
882 2356 1063 2419 clarissimis
1093 2356 1234 2438 regibus,
1268 2354 1505 2438 opulentissimo
1528 2365 1560 2420 et
1580 2358 1718 2421 marimo

399 2470 512 2533 regno,
534 2471 685 2536 praeceps
706 2450 869 2535 provincia
891 2450 1001 2533 populi
1024 2449 1157 2511 Romani
1179 2449 1363 2513 exturbatus
1385 2455 1443 2511 est.
1479 2447 1530 2512 68.
1553 2450 1655 2527 Quem
1679 2451 1718 2515 ad

398 2544 527 2607 modum
547 2545 609 2608 boo
629 2553 812 2629 accepturas
834 2546 979 2609 nationes
1000 2551 1140 2617 exteras,
1162 2543 1312 2628 quemad
1332 2543 1460 2605 modum
1474 2541 1568 2608 buius
1584 2547 1629 2608 tui
1644 2546 1757 2610 lactine

398 2638 511 2701 lamam
540 2639 573 2702 in
600 2660 698 2723 regna
726 2641 859 2705 aliorum
887 2649 981 2724 atque
1008 2637 1040 2700 in
1070 2638 1196 2701 ultimas
1224 2644 1324 2700 terras
1351 2643 1571 2721 perventuram
1592 2640 1719 2725 putasti,

398 2752 470 2795 cum
502 2733 649 2797 audirent
679 2755 699 2799 a
726 2744 869 2819 praetore
897 2732 1006 2818 populi
1034 2732 1166 2794 Romani
1189 2731 1222 2794 in
1247 2731 1410 2816 provincia
1429 2730 1582 2794 uiolatum
1604 2755 1719 2818 regem,

399 2827 567 2909 spoliatum
588 2827 762 2912 hospitem,
785 2830 916 2893 eiectum
938 2829 1057 2890 socium
1079 2826 1188 2910 populi
1210 2825 1343 2888 llomani
1364 2833 1459 2909 atque
1481 2829 1635 2892 amicuml
1657 2831 1721 2892 No·

398 2941 471 2983 men
499 2929 636 2985 resinam
665 2924 840 3007 populique
862 2923 993 2985 Romani
1015 2923 1089 2985 odio
1111 2929 1205 3004 atque
1227 2920 1387 2983 acerbitati
1409 2922 1520 2984 scitote
1542 2923 1720 2986 nationibus

399 3015 531 3089 exteris,
552 3016 688 3091 iudices,
711 3017 865 3091 futurum,
891 3018 918 3080 si
939 3017 1029 3079 istius
1051 3015 1130 3079 haec
1150 3021 1238 3077 tanta
1258 3015 1373 3078 iniuria
1393 3015 1547 3097 impunita
1568 3016 1758 3083 discessere

398 3110 448 3171 rit
484 3110 534 3172 Sic
562 3129 672 3174 omnes
699 3111 944 3183 arbitrabuntur,
972 3111 1154 3194 praesertim
1184 3128 1256 3171 oum
1276 3108 1356 3171 haec
1376 3107 1460 3170 fama
1481 3109 1520 3171 de
1542 3117 1720 3174 nostrorum

398 3202 561 3266 bominum
582 3204 711 3268 avaritia
732 3212 765 3267 et
786 3204 954 3287 cupiditate
976 3203 1223 3288 percrebruerit,
1252 3223 1318 3266 non
1339 3203 1429 3265 istius
1451 3203 1547 3266 solius
1568 3203 1629 3266 boo
1650 3224 1721 3268 esse

398 3294 537 3371 lacinus,
560 3297 616 3359 sed
638 3318 748 3361 eorum
771 3300 880 3371 etiam,
903 3297 958 3381 qui
980 3298 1189 3381 approbarint
1225 3297 1314 3360 blulti
1336 3316 1445 3379 reges,
1467 3297 1581 3359 multae
1603 3298 1722 3364 liberae

399 3391 553 3465 civitates,
586 3391 676 3454 multi
709 3393 820 3476 privati
849 3392 989 3475 opulenti
1017 3411 1054 3454 ac
1081 3399 1226 3476 potentes
1255 3390 1373 3454 babent
1396 3391 1537 3474 prolecto
1560 3395 1593 3456 in
1614 3395 1722 3458 animo

401 3483 587 3566 Capitolium
609 3484 655 3547 sic
677 3505 804 3560 ornare,
826 3493 862 3549 ut
882 3485 991 3568 templi
1015 3485 1151 3569 dignitas
1173 3487 1360 3569 imperiique
1382 3487 1479 3550 nostri
1501 3506 1617 3551 nomen
1638 3489 1760 3553 desi-ao

401 3577 505 3652 derat3
530 3577 585 3661 qui
607 3578 633 3640 si
655 3578 868 3642 intellexerint
888 3580 1061 3643 interverso
1082 3579 1144 3643 boc
1164 3580 1263 3662 regali
1278 3578 1361 3642 dono
1382 3581 1518 3662 graviter
1530 3602 1587 3646 ros
1601 3584 1722 3658 tulisse,

400 3677 486 3753 grata
515 3668 583 3733 l'ore
615 3672 703 3734 vobis
730 3672 913 3757 populoque
943 3674 1084 3736 Romano
1113 3693 1172 3736 sua
1193 3673 1297 3736 studia
1318 3692 1355 3735 ac
1376 3674 1458 3735 dona
1481 3675 1723 3740 arbitrabuntur.

402 3763 458 3826 Sin
478 3764 539 3828 boc
559 3783 616 3828 vos
637 3765 671 3827 in
693 3785 767 3849 rego
788 3774 851 3831 tarn
873 3767 987 3843 nobili,
1014 3789 1048 3831 re
1069 3775 1134 3831 tam
1156 3767 1287 3840 eximia,
1315 3767 1431 3830 iniuria
1451 3774 1514 3832 tam
1535 3771 1648 3835 acerba
1668 3791 1725 3835 ne·

467 3979 491 4029 t.
509 3978 631 4029 3443334333
647 3980 725 4043 4333.
747 4005 773 4017 -
793 3979 818 4031 2.
836 3992 870 4029 33
886 3992 940 4030 om.
959 3980 1004 4031 443.
1025 4007 1053 4017 -
1071 3981 1171 4032 adsto.
1190 3977 1301 4031 nant:
1319 3981 1346 4031 tn
1362 3981 1412 4031 Str.
1431 3980 1537 4033 detto.
1553 4011 1580 4021 —
1599 3984 1624 4037 4.
1642 3987 1725 4052 odfin

401 4066 459 4118 pere
475 4053 566 4115 attoutt
581 4055 715 4117 suspitione
732 4056 761 4105 44.
782 4081 810 4091 -
828 4057 958 4119 nnptttont
974 4056 1003 4106 E.
1023 4081 1052 4093 -
1069 4057 1097 4106 tn
1112 4057 1168 4120 soro
1185 4068 1239 4107 om.
1258 4058 1337 4120 4333.
1355 4059 1464 4120 praeter
1479 4057 1520 4107 29.
1538 4084 1565 4094 -
1583 4060 1608 4110 3.
1627 4073 1658 4110 nc
1674 4061 1724 4112 RE

403 4131 498 4193 43333
517 4135 593 4192 atquc
610 4132 654 4182 63.
676 4132 740 4181 -4,
758 4133 785 4181 Ρ.
803 4132 832 4182 44.
851 4133 903 4191 64,
921 4129 952 4192 4;
969 4131 1054 4193 popntt
1071 4132 1100 4181 44.
1119 4131 1239 4194 43339.-
1257 4145 1307 4183 333.
1325 4145 1385 4182 ruue
1402 4132 1432 4182 Ε.
1448 4132 1515 4183 -3,
1533 4132 1647 4195 unu,
1665 4135 1726 4186 idat

402 4205 454 4254 3344
467 4205 498 4254 Gt
513 4220 518 4263 ;
537 4206 696 4255 43343364,
710 4204 756 4255 bd.
772 4205 806 4270 [tu
817 4205 993 4269 atnrJ-to.
1005 4205 1279 4257 nntch.-tnmom.
1293 4210 1370 4271 4333.
1384 4205 1533 4257 dett-ta.
1544 4207 1723 4274 bubcrcbagg.

405 4306 432 4315 -
451 4277 491 4329 44.
510 4276 688 4342 quoertmomb'
707 4281 742 4331 44.
762 4282 795 4342 44,
814 4280 862 4333 sed
880 4294 940 4332 cum
958 4278 1025 4330 linea
1043 4280 1109 4331 inlra
1128 4282 1164 4332 dl.
1196 4283 1251 4333 lloc
1269 4282 1336 4333 male
1354 4280 1480 4332 intellexit
1501 4282 1639 4345 Graevius,
1663 4297 1725 4336 cum

402 4354 494 4404 iudices
510 4353 585 4419 (tud.)
603 4355 628 4405 in
645 4356 665 4405 44
682 4353 733 4418 legi
751 4355 823 4406 dixit.
843 4382 872 4393 -
890 4356 931 4407 46.
947 4361 1049 4419 possunt
1065 4356 1116 4417 443,
1134 4354 1163 4406 l:
1187 4371 1260 4421 posse
1275 4358 1356 4421 4339ς
1373 4358 1467 4421 possint
1483 4357 1502 4407 E
1516 4357 1544 4419 (9)
1562 4356 1627 4407 dett.
1647 4357 1674 4408 0.
1696 4384 1725 4396 ·-

403 4428 444 4480 46.
464 4433 539 4492 utque
555 4434 613 4479 ortu
629 4431 657 4480 44.
678 4458 705 4466 -
725 4430 765 4480 47.
784 4435 843 4482 esset
859 4430 928 4494 4349
945 4433 1006 4496 post
1021 4431 1118 4481 amnuo
1133 4431 1224 4483 babet.
1240 4460 1267 4467 -
1286 4433 1326 4483 48.
1345 4432 1452 4497 regibus]
1467 4430 1541 4481 rebus
1558 4431 1607 4492 443,
1625 4432 1725 4484 3Parr.

402 4503 473 4570 apud
489 4506 593 4570 Zumpt.
607 4532 636 4542 -
654 4506 695 4556 49.
710 4506 843 4569 provincio
859 4505 908 4566 443,
926 4504 987 4567 Et,
1007 4505 1117 4568 3Parr.,
1136 4506 1204 4570 4344
1216 4506 1262 4558 ta:
1281 4521 1294 4557 3
1308 4508 1441 4570 provincio
1453 4507 1469 4556 2
1481 4507 1565 4568 Parn,
1583 4507 1618 4565 0;
1635 4511 1658 4557 34
1670 4509 1726 4572 (pro

401 4578 444 4642 33)
460 4592 532 4641 prou.
551 4579 567 4628 6
584 4577 640 4629 rell.
659 4580 738 4643 4333.
763 4607 790 4616 -
813 4581 854 4630 34.
872 4581 900 4629 in
915 4594 993 4644 repno
1010 4581 1038 4631 44.
1064 4605 1092 4617 -
1114 4583 1213 4644 pratum
1230 4584 1308 4646 4333.
1327 4581 1391 4632 dett.
1413 4608 1440 4620 —-
1466 4581 1507 4631 tt.
1526 4582 1642 4631 audirent
1658 4581 1726 4632 44344

402 4654 507 4703 ttParr.
528 4652 625 4717 (Madv.
642 4667 669 4718 p.
687 4655 753 4718 tt.):
780 4655 907 4706 auderint
930 4655 994 4706 dett.
1015 4655 1044 4706 0.
1069 4683 1096 4692 -
1124 4669 1142 4704 n
1160 4662 1279 4719 praetore
1295 4670 1348 4707 om.
1368 4657 1404 4706 63
1421 4655 1468 4707 Ld.
1486 4653 1520 4706 31.
1542 4682 1571 4693 -
1595 4657 1681 4720 populi
1696 4658 1725 4708 44.

1575 4761 1631 4771 -.
1665 4745 1676 4768 0
1703 4743 1715 4768 θ

403 4786 456 4824 om.
474 4771 535 4824 464
551 4774 632 4837 rges,
651 4772 751 4839 aliquot
767 4776 853 4836 Parr.;
873 4778 944 4826 extat
960 4777 987 4826 in
1005 4776 1041 4826 63
1058 4775 1121 4836 Ld.;
1141 4791 1168 4840 p.
1183 4779 1212 4828 44.
1231 4779 1258 4828 F.
1284 4779 1313 4827 ln
1330 4779 1350 4828 44
1368 4779 1423 4828 est:
1442 4777 1558 4827 audirent
1572 4778 1600 4826 Ρ.
1609 4780 1638 4828 44.
1657 4779 1684 4828 P.
1696 4779 1726 4829 44.

405 4871 432 4884 -
452 4847 492 4899 44.
508 4848 643 4912 populique
659 4848 698 4913 44.]
712 4863 740 4912 p.
759 4851 788 4901 n.
807 4850 872 4915 (stne
890 4853 944 4914 que)
962 4851 991 4912 E,
1010 4853 1068 4902 Par.
1082 4852 1114 4902 4).
1129 4878 1158 4889 -
1170 4852 1211 4904 34.
1230 4852 1363 4903 contituta
1379 4854 1408 4904 44.
1423 4880 1451 4889 -
1463 4854 1504 4903 34.
1522 4851 1638 4914 tnpuntto
1654 4852 1683 4902 44.
1697 4877 1726 4890 -

402 4925 444 4974 96.
463 4924 622 4975 orbttruntrn
637 4927 716 4989 4333.
735 4925 800 4976 dett,
821 4953 848 4964 -
866 4926 927 4977 boec
943 4926 979 4977 443
992 4926 1060 4989 4339
1077 4927 1192 4978 6443333
1212 4927 1273 4978 boec
1288 4928 1389 4978 omnim
1404 4926 1446 4978 vel
1463 4927 1549 4976 onrnto
1564 4925 1629 4976 dett,
1648 4925 1677 4976 0.
1698 4953 1725 4964 -

402 5001 444 5051 27,
461 5000 643 5063 percrebruerit
658 5002 674 5051 2
692 5003 764 5052 Parr.
783 5002 816 5052 64
832 5001 914 5066 urps:
939 5000 1107 5064 pnereoroertt
1122 5001 1191 5051 1th
1207 5000 1254 5051 Ld.
1273 5001 1302 5052 0.
1329 5028 1356 5038 -
1381 5002 1427 5051 boc
1444 5013 1497 5051 om.
1516 5003 1594 5066 4333.
1614 5001 1677 5054 dett.
1697 5030 1725 5041 -

403 5076 444 5127 ta.
463 5075 627 5139 adprobortnt
643 5077 672 5127 44.
692 5104 721 5114 -
738 5076 831 5128 4443333
846 5089 900 5127 om.
919 5077 997 5140 4333.
1018 5101 1043 5110 -
1064 5075 1105 5126 34.
1123 5075 1169 5125 boe
1183 5089 1237 5140 rep.
1255 5076 1292 5127 443
1309 5078 1367 5127 Par.
1382 5077 1419 5126 D:
1436 5089 1490 5140 rep.
1507 5075 1553 5125 boe
1569 5074 1634 5127 dett.
1653 5079 1682 5128 0.
1697 5104 1726 5114 -

403 5150 736 5215 sempeternum·
755 5151 796 5203 33.
814 5151 968 5203 3334444334.
986 5151 1082 5201 enimin
1098 5151 1248 5202 estanar:
1266 5150 1387 5201 nobiliore
1403 5150 1729 5202 nnmnnantntusoen

403 5231 456 5276 tom
472 5227 589 5278 33334333
606 5228 642 5278 63
659 5229 718 5278 Per.
737 5229 758 5278 D
776 5229 803 5280 at
819 5227 892 5280 4476.
909 5239 952 5293 ap.
970 5227 1090 5293 Zumpt.;
1112 5225 1170 5279 nob.
1186 5226 1215 5276 tn
1229 5237 1259 5277 re
1274 5229 1293 5276 t.
1310 5238 1333 5278 3.
1350 5225 1447 5276 batuto
1462 5227 1525 5290 433.
1543 5238 1652 5288 omnem
1669 5225 1726 5278 nob.

404 5300 510 5353 tnret.
528 5314 551 5354 3.
569 5301 755 5354 4343433430.
