4367 6109
741 584 809 648 cn.
831 582 869 647 v.
899 582 971 647 cii.
993 577 1152 644 rv-vr.
1180 574 1237 662 ss.
1258 573 1393 641 7-42.
1667 571 1730 640 osa

411 754 575 830 nominati,
597 752 816 837 comprehensi
839 758 912 815 sunt
926 750 1118 835 adductique
1132 749 1326 834 Lilybaeum.
1357 749 1494 813 Domino
1510 747 1729 813 denuntiatum
1763 811 1772 830 ,

413 856 476 913 est:
498 868 594 912 causa
615 845 712 910 dicta:
735 846 884 909 damuati.
918 846 955 907 V.
979 844 1062 920 Quid
1085 844 1222 908 deindei
1244 844 1321 928 quid
1342 844 1498 907 censetis?
1519 845 1647 907 Furtum
1667 843 1732 906 ior-

413 950 496 1007 tasse
511 950 567 1006 aut
579 939 727 1026 praedam
739 940 927 1024 exspectatis
939 941 1086 1022 aliquam.
1101 938 1207 1001 Nolite
1218 958 1321 1021 usque
1334 957 1460 1022 quaque
1473 937 1556 1000 idem
1569 958 1730 1022 quaerere.

389 1037 450 1098 ·ln
471 1042 556 1098 metu
578 1035 654 1099 belli
677 1033 802 1098 iurandi
823 1034 912 1097 locus
939 1034 994 1116 qni
1017 1034 1231 1116 potestesse?
1274 1032 1376 1095 Etiam
1404 1032 1431 1095 si
1454 1051 1517 1115 qua
1537 1031 1597 1096 suit
1618 1034 1651 1095 in
1671 1034 1732 1097 bac

414 1149 448 1192 re
470 1131 606 1203 occasio,
628 1128 849 1213 praetermissa
870 1134 927 1189 est.
961 1129 1040 1188 Tum
1062 1128 1206 1210 potuita
1227 1125 1368 1189 Leonida
1389 1146 1587 1189 nummorum
1610 1127 1756 1211 aliquida

413 1222 549 1296 auferre,
572 1243 643 1286 cum
665 1222 871 1295 denuntiarit,
893 1228 930 1283 ut
950 1221 1083 1282 adesset.
1110 1221 1182 1284 Fuit
1203 1220 1390 1283 nundinatio
1413 1220 1520 1303 aliqua
1541 1229 1572 1284 et
1593 1220 1645 1285 isti
1668 1241 1733 1285 non

414 1336 506 1391 nova,
529 1338 569 1380 ne
592 1335 716 1381 oausam
739 1317 895 1379 dicerent:
918 1315 1013 1376 etiam
1028 1313 1108 1376 alter
1122 1313 1221 1387 locus,
1244 1319 1279 1374 ut
1292 1311 1537 1376 absolverentur.
1571 1315 1733 1379 Damnatis

415 1411 542 1494 quidem
565 1411 663 1474 servis
686 1430 767 1493 qnae
789 1407 960 1492 praedandi
983 1414 1180 1490 potestesse
1203 1406 1304 1468 ratiot
1325 1405 1459 1469 Produci
1481 1406 1521 1469 ad
1544 1409 1734 1492 supplicium

413 1524 543 1567 necesse
566 1511 623 1567 est.
667 1506 776 1568 Testes
806 1504 890 1566 enim
919 1509 994 1565 aunt
1021 1502 1076 1586 qui
1098 1500 1133 1562 in
1154 1499 1287 1563 oonsilio
1314 1497 1451 1573 fuerunt,
1474 1507 1570 1565 testes
1591 1502 1734 1585 publicae

415 1597 556 1673 tabulae,
589 1599 678 1662 testis
707 1596 960 1682 splendidissima
988 1595 1098 1658 civitas
1126 1593 1343 1677 Lilybaetana,
1376 1593 1465 1655 testis
1491 1594 1772 1660 honestissimusio

416 1692 635 1777 maximusque
649 1698 823 1755 concentus
837 1690 953 1752 civium
965 1690 1188 1751 Romanorum.
1210 1687 1292 1748 Fieri
1308 1685 1385 1747 nibil
1400 1694 1521 1769 potest:
1536 1688 1734 1770 producendi

417 1794 500 1851 sunt.
534 1788 644 1869 ltaque
664 1786 881 1869 producuntur
902 1793 933 1846 et
954 1781 993 1844 ad
1016 1782 1123 1864 palum
1145 1779 1323 1862 alligantur.
1356 1773 1405 1840 ll.
1427 1779 1530 1843 Etiam
1552 1802 1635 1846 nunc
1658 1782 1735 1845 mibi

417 1888 600 1964 exspectare
622 1879 789 1952 videmini,
817 1877 955 1950 iudices,
985 1876 1062 1959 quid
1086 1874 1200 1937 deinde
1221 1872 1337 1935 iactum
1365 1876 1423 1947 sit,
1454 1874 1541 1957 quod
1567 1875 1628 1938 iste
1655 1874 1735 1938 nibil

417 1993 566 2057 umquam
588 1973 663 2037 iecit
685 1973 754 2036 sine
775 1972 884 2056 aliquo
907 1979 1040 2054 quaestu
1063 1976 1159 2051 atque
1181 1967 1308 2050 praeda.
1342 1966 1427 2042 Quid
1448 1968 1481 2030 in
1504 1968 1573 2030 eius
1595 1967 1680 2031 modi
1701 1988 1735 2030 re

416 2066 485 2131 lieri
507 2068 632 2149 potuit?
665 2066 758 2141 Quod
780 2066 977 2128 commodum
1000 2071 1049 2126 est
1067 2068 1249 2145 exspectate
1262 2060 1386 2125 facinus
1401 2081 1496 2144 qnam
1510 2061 1606 2125 vultis
1621 2063 1775 2144 impro-ia

417 2160 506 2223 bum:
528 2160 651 2223 vincam
674 2166 780 2222 tamen
801 2157 1067 2241 exspectationem
1090 2155 1242 2218 omnium.
1275 2155 1427 2217 Homines
1449 2154 1577 2218 sceleris
1592 2156 1738 2219 coniura-

417 2253 576 2336 tionisque
592 2251 741 2326 damnati,
764 2251 804 2314 ad
819 2251 1008 2334 supplicium
1023 2248 1139 2322 traditi,
1160 2248 1201 2311 ad
1218 2248 1324 2331 palum
1338 2249 1466 2331 alligati,
1485 2256 1615 2333 repente
1631 2250 1739 2315 multis

418 2347 543 2411 milibus
572 2347 737 2410 bominum
766 2343 1015 2428 inspectantibus
1043 2344 1140 2407 soluti
1170 2350 1244 2406 sunt
1272 2351 1304 2405 et
1328 2343 1508 2405 Triocalino
1536 2343 1582 2408 illi
1610 2344 1738 2409 domino

418 2441 545 2505 redditi.
590 2438 675 2516 Quid
696 2438 757 2502 boc
779 2437 850 2500 loco
872 2444 962 2522 potes
983 2438 1105 2512 dicere,
1135 2436 1229 2500 bomo
1250 2437 1480 2511 amentissime,
1501 2438 1563 2502 nisi
1584 2440 1631 2515 id,
1653 2439 1739 2522 quod

419 2555 478 2618 ego
500 2556 563 2600 non
586 2552 720 2619 quaero,
742 2531 827 2616 quod
849 2531 989 2616 denique
1011 2532 1044 2594 in
1067 2552 1101 2595 re
1125 2538 1188 2593 tam
1210 2530 1346 2603 uei'aria,
1372 2531 1496 2594 tametsi
1519 2532 1653 2597 dubitari
1675 2545 1778 2598 nonto

419 2636 532 2713 potest,
555 2637 669 2701 tamen,
691 2647 731 2690 ne
755 2628 781 2689 si
805 2624 965 2688 dubitetur
986 2625 1131 2708 quidem,
1154 2627 1263 2709 quaeri
1278 2631 1445 2706 oporteat:
1468 2625 1544 2708 quid
1566 2634 1620 2690 aut
1641 2647 1741 2711 quan·

420 2730 487 2786 tum
508 2730 561 2786 aut
583 2741 647 2804 quo
662 2722 757 2784 modo
772 2720 951 2803 acceperis?
980 2721 1118 2783 Remitto
1139 2719 1197 2781 tibi
1218 2718 1278 2781 boc
1300 2726 1400 2780 totum
1422 2726 1517 2800 atque
1539 2720 1600 2783 ista
1620 2730 1652 2784 te
1666 2742 1741 2785 cura
1848 2795 1851 2803 Ι

419 2816 540 2892 libero;
563 2835 667 2898 neque
689 2814 775 2877 enim
796 2821 918 2885 metuo,
940 2832 980 2874 ne
1001 2813 1063 2875 boc
1085 2813 1234 2895 cuiquam
1255 2810 1497 2895 persuadeatur,
1518 2820 1569 2888 ut,
1592 2815 1631 2877 ad
1654 2816 1742 2898 quod

419 2909 541 2974 lacinus
563 2928 656 2972 nemo
678 2914 804 2991 praeter
824 2916 856 2970 te
877 2907 943 2969 ulla
965 2907 1100 2989 pecunia
1121 2905 1235 2968 adduci
1256 2905 1412 2989 potuerit,
1443 2905 1476 2967 id
1499 2913 1533 2969 tu
1554 2909 1651 2990 gratis
1674 2929 1742 2973 sus·

420 3005 527 3086 cipere
548 3009 678 3066 conatus
700 3003 754 3065 sis.
797 3003 913 3065 Verum
943 3000 982 3061 de
1005 3001 1064 3064 ista
1091 2999 1218 3063 iurandi
1246 2999 1481 3085 praedandique
1510 3004 1631 3067 ratione
1661 3003 1780 3067 uilitas

421 3096 511 3161 dico:
535 3097 575 3159 de
596 3095 655 3158 bac
677 3095 877 3179 imperatoria
898 3094 959 3156 inm
980 3102 1036 3156 tua
1051 3094 1144 3156 laude
1158 3093 1295 3177 disputo.
1330 3093 1384 3155 vi.
1406 3088 1456 3156 ii.
1480 3094 1563 3170 Quid
1578 3097 1636 3172 ais,
1657 3097 1742 3160 bone

421 3197 526 3254 custos
548 3189 759 3272 defensorque
781 3190 980 3273 provinciae?
1016 3190 1074 3261 Tu,
1097 3208 1178 3271 quos
1201 3208 1307 3250 servos
1329 3207 1415 3250 mma
1436 3208 1548 3271 capere
1570 3197 1602 3253 et
1624 3190 1743 3254 bellum

421 3282 523 3347 iacere
545 3284 578 3345 in
601 3282 708 3344 Sicilia
729 3281 867 3345 voluisse
889 3301 1042 3364 cognoras
1064 3290 1096 3344 et
1119 3283 1158 3343 de
1181 3280 1305 3343 consilii
1324 3283 1481 3345 sententia
1494 3281 1662 3359 iudicatas,
1682 3284 1742 3349 bos

422 3378 462 3441 ad
485 3375 673 3460 supplicium
696 3377 757 3438 iam
780 3395 867 3438 moro
888 3374 1042 3438 maiorum
1070 3374 1201 3437 traditos
1229 3394 1270 3437 ex
1300 3373 1405 3437 media
1430 3384 1531 3439 morte
1561 3379 1684 3462 eripere
1706 3399 1743 3442 ao

421 3469 554 3533 liberare
576 3489 671 3533 ausus
693 3489 738 3543 es,
759 3477 804 3542 ut,
826 3487 920 3552 quam
943 3467 1098 3531 damnatis
1120 3487 1244 3531 crucem
1267 3467 1365 3530 serris
1378 3467 1503 3544 fixeras,
1524 3469 1606 3534 banc
1619 3470 1781 3536 iudom-to

421 3566 505 3627 natis
526 3563 676 3626 videlicet
697 3563 818 3625 civibus
839 3562 987 3625 Romanis
1009 3563 1208 3626 reservares?
1240 3560 1384 3625 Perditac
1405 3563 1548 3627 civitates
1570 3564 1744 3650 desperatis

422 3658 483 3721 ianr
506 3657 651 3720 omnibus
679 3657 775 3719 rebus
803 3656 862 3720 bos
891 3654 993 3719 solent
1019 3656 1123 3720 exitus
1145 3654 1289 3719 exitiales
1316 3654 1449 3731 babere,
1478 3666 1514 3721 ut
1541 3658 1681 3723 damnati
1709 3659 1744 3722 in

423 3751 581 3834 integrum
603 3754 818 3824 restituantur,
839 3751 937 3814 vincti
959 3750 1137 3824 solvantur,
1160 3749 1287 3813 exsules
1301 3749 1500 3824 reducantur,
1521 3752 1745 3817 reaiudicatae

424 3845 653 3909 rescindantur.
689 3843 778 3920 Quae
799 3864 870 3907 cum
893 3845 1050 3918 accidunt,
1072 3862 1165 3906 nemo
1188 3849 1246 3917 est,
1268 3842 1345 3927 quin
1367 3844 1524 3926 intelligat
1544 3865 1636 3910 ruere
1657 3845 1746 3910 illam

424 3939 687 4025 rempublicam:
708 3938 787 4002 baec
808 3937 862 4000 ubi
884 3938 1046 4011 eveniunt,
1067 3956 1160 4001 nemo
1182 3944 1241 4011 est,
1263 3937 1317 4022 qui
1334 3937 1430 4001 ullam
1446 3957 1535 4023 spem
1549 3938 1659 4004 salutis
1672 3940 1785 4004 reli-to

425 4161 477 4213 Ld:
494 4160 619 4224 (uomit
637 4165 711 4210 arom
726 4172 792 4210 nom.
810 4157 827 4208 ‘i
843 4159 938 4223 ingg.;
956 4173 1022 4210 nom,
1041 4163 1114 4209 oum
1129 4157 1198 4223 igit
1215 4159 1244 4208 0.
1258 4184 1286 4195 -
1300 4159 1324 4208 4.
1345 4159 1400 4209 den.
1418 4163 1453 4209 ost
1463 4157 1509 4221 40,
1527 4159 1544 4210 4
1561 4158 1640 4212 codd.
1653 4159 1745 4214 Lamb.

426 4236 520 4299 (liade.
539 4250 564 4300 p.
584 4235 650 4297 ool:
677 4235 732 4284 ders.
750 4238 798 4295 est,
824 4238 852 4282 ui
868 4235 962 4284 odoesot
978 4234 1042 4285 deit.
1061 4235 1090 4284 0.
1117 4233 1305 4298 (dmumlotom
1320 4234 1358 4296 li.)
1376 4258 1404 4269 -
1423 4235 1448 4285 4.
1471 4235 1585 4285 dmartii
1604 4239 1662 4286 rant
1681 4235 1745 4287 deb.

426 4313 454 4364 0.
474 4337 502 4349 -
521 4312 544 4362 3.
563 4309 718 4374 ccrpcctoiis]
742 4310 858 4372 spectatis
873 4310 924 4369 it3;
943 4323 996 4360 om.
1016 4309 1103 4371 Quint.
1122 4309 1163 4360 lii.
1182 4311 1207 4370 4,
1224 4308 1266 4360 44.
1293 4308 1332 4361 Ci.
1351 4308 1386 4359 ad
1401 4309 1444 4360 iv.
1464 4309 1488 4373 5.
1508 4310 1563 4361 404.
1584 4336 1611 4347 -
1629 4311 1695 4361 idem
1711 4309 1748 4362 itt

425 4386 441 4437 i
459 4389 493 4438 C:
512 4385 686 4450 quidusdatt.
706 4411 734 4422 -
747 4383 771 4436 4.
791 4386 834 4448 qai
850 4385 918 4434 beru
933 4384 997 4435 deti.
1016 4385 1046 4435 0.
1061 4412 1087 4421 -
1101 4385 1126 4435 i.
1145 4385 1235 4436 dicaret
1251 4383 1315 4435 deit.
1334 4385 1363 4435 0.
1378 4412 1406 4422 -
1419 4383 1444 4435 8.
1459 4385 1597 4448 possetne.
1623 4387 1657 4436 it
1672 4395 1750 4450 praa·

426 4475 489 4514 sens
504 4475 600 4512 necare
615 4464 659 4518 est,
677 4459 749 4523 quod
766 4459 894 4524 seqnitur,
912 4460 1064 4510 necessario
1080 4460 1191 4524 requirit
1202 4460 1229 4510 b.
1242 4457 1260 4512 i.
1270 4465 1358 4522 potest,
1377 4461 1448 4525 quod
1460 4460 1525 4511 dett.
1540 4459 1617 4512 codd.
1630 4461 1746 4512 servant.

425 4540 455 4590 in
471 4538 513 4589 bis
530 4535 759 4588 terminationibus
775 4534 819 4586 vel
835 4535 927 4599 optimi
944 4535 1022 4586 codd.
1041 4549 1094 4586 nou
1110 4548 1172 4585 raro
1184 4538 1304 4599 peceant.
1316 4561 1343 4572 —
1357 4537 1397 4587 40.
1410 4536 1541 4600 lylibttono
1553 4536 1583 4587 it.
1598 4562 1625 4572 -
1639 4536 1680 4586 44.
1694 4534 1751 4599 fleri

426 4625 479 4663 orn.
494 4613 571 4675 Lagg.
586 4614 691 4680 praeter
701 4612 741 4661 40.
751 4639 779 4649 -
788 4613 827 4661 44.
841 4611 1013 4675 culpabantur
1022 4613 1101 4661 Arus.
1114 4611 1146 4661 li.
1157 4624 1183 4675 p.
1193 4610 1251 4662 444.
1263 4636 1290 4647 -·
1300 4612 1438 4663 ettomarcn
1447 4611 1463 4663 t
1473 4615 1549 4677 Lagg.
1562 4638 1590 4647 -
1601 4612 1641 4662 40.
1648 4606 1751 4673 poterit?

427 4687 520 4750 Quod-
531 4711 545 4722 -
556 4685 704 4751 improbem]
722 4687 761 4736 sic
778 4684 894 4736 distinxit
910 4686 996 4736 iiadv.
1011 4698 1037 4749 p.
1051 4685 1091 4735 80.
1112 4682 1235 4749 (improb.
1253 4685 1315 4736 nai.
1335 4698 1361 4750 p.
1379 4686 1443 4748 aon:
1464 4687 1563 4750 potasti?
1579 4687 1645 4750 quod
1660 4697 1748 4736 cm.

426 4766 469 4812 ert.
487 4761 636 4822 Exspectate
646 4762 675 4812 0.
689 4789 716 4798 -
730 4766 859 4824 mecenas
874 4763 903 4812 it.
917 4761 989 4822 (item
1005 4761 1081 4811 uio.
1101 4761 1127 4810 et
1143 4758 1225 4823 alias.)
1238 4785 1265 4795 -
1284 4760 1359 4811 uoltis
1369 4761 1447 4825 Lgiil.
1462 4787 1490 4798 -
1504 4761 1545 4811 46.
1562 4761 1671 4812 minet
1686 4755 1751 4810 itai

428 4837 510 4901 thti:
527 4837 627 4887 mine
643 4837 706 4890 dett.
722 4864 750 4874 -
770 4838 810 4888 44.
829 4839 862 4888 cd
877 4837 964 4899 poton
980 4837 1050 4900 olltq.
1068 4836 1103 4885 od
1118 4835 1199 4898 suppl.
1218 4837 1306 4886 00004
1321 4836 1399 4900 Lm.
1413 4861 1441 4872 -
1456 4835 1496 4887 ia.
1517 4834 1654 4886 Triocaliw
1670 4831 1732 4884 toi
1741 4847 1748 4882 ι

429 4910 584 4961 remouens
600 4912 620 4962 lt
637 4915 665 4962 et
681 4913 719 4963 sic
735 4912 791 4964 iere
808 4912 845 4963 04
862 4910 913 4965 Ld:
932 4910 1054 4961 umidos
1070 4907 1135 4961 dett.
1153 4910 1182 4960 0.
1201 4911 1345 4975 uirumque
1362 4910 1472 4961 damnat
1487 4911 1543 4960 itan
1559 4909 1590 4959 ii.
1609 4920 1636 4973 p.
1649 4907 1706 4959 440.
1720 4932 1748 4943 -

429 4986 527 5036 donrtrm
544 4998 597 5036 om.
616 4983 641 5036 λ.
661 4987 690 5048 (i)
710 5014 737 5024 -
757 4988 797 5037 44.
816 4993 912 5050 oportet
928 4985 1004 5050 irat.
1024 5010 1051 5020 -
1070 4983 1112 5036 44.
1130 4983 1166 5050 to]
1188 4981 1215 5036 tri
1232 4985 1265 5044 it;
1286 4989 1339 5034 tom
1356 4985 1388 5034 04
1403 4984 1428 5036 4.
1448 5009 1476 5019 -
1493 4983 1536 5034 tt.
1554 4987 1577 5033 et
1593 4981 1681 5033 mon
1697 4978 1751 5033 ai

430 5060 467 5110 04
483 5059 536 5110 Ld:
563 5072 595 5110 oc
611 5060 701 5111 belum
716 5063 749 5112 04
770 5060 834 5112 dett.
852 5062 882 5112 0.
902 5087 929 5097 -
948 5060 989 5111 49.
1007 5061 1114 5112 oodtms
1128 5060 1174 5121 iia,
1191 5061 1208 5110 4
1225 5059 1303 5110 codd.
1321 5058 1429 5110 bamb:
1456 5059 1562 5109 auditos
1577 5062 1600 5108 st
1616 5057 1650 5107 od
1663 5057 1752 5120 patos

430 5122 548 5199 atttpotos
568 5133 633 5185 dett.
652 5136 682 5185 0.
702 5162 730 5173 -·
748 5135 789 5186 ³0.
806 5137 884 5186 seruis
898 5149 997 5187 nucem
1014 5137 1091 5199 lagg.
1109 5137 1217 5200 praeter
1232 5134 1278 5197 49,
1302 5136 1331 5186 0.
1351 5161 1378 5170 -
1397 5135 1438 5186 tt.
1455 5133 1566 5184 uidelicet
1587 5144 1640 5184 om.
1659 5132 1750 5194 iidem,

431 5210 460 5260 0.
481 5236 508 5246 -
527 5209 660 5272 dbpootir
678 5211 708 5263 ii.
727 5236 754 5246 -
774 5210 813 5262 04.
837 5212 889 5262 mm
910 5211 946 5262 ita
964 5208 989 5260 λ.
1015 5212 1092 5262 Arus.
1111 5211 1145 5262 ii.
1162 5224 1191 5277 p.
1208 5209 1271 5261 rao:
1296 5222 1349 5261 om.
1369 5207 1433 5260 deit.
1452 5209 1482 5259 0.
1501 5230 1528 5243 —
1546 5206 1657 5258 «44440444
1670 5204 1701 5257 lt.
1721 5230 1747 5243 -

432 5284 473 5336 30.
491 5286 605 5337 eram
621 5286 658 5336 st.
675 5286 709 5337 L:
727 5285 841 5338 moriani
855 5286 907 5348 itt;
928 5286 1030 5337 usnimi
1045 5284 1110 5337 dett.
