4367 6109
746 603 820 668 cs».
841 601 1162 667 xxxnr-xxxv.
1189 598 1246 687 gs.
1267 598 1413 665 oo-ee.
1675 583 1737 654 soa

426 774 579 858 pulariter
599 773 779 836 concitatas.
807 773 980 835 Accusabat
994 773 1138 844 tribunus
1153 773 1255 857 plebis
1270 773 1353 841 idem
1367 773 1401 834 in
1416 771 1629 845 contionibus,
1651 766 1737 832 iden

425 869 464 933 ad
494 868 661 931 subsellia:
691 868 729 930 ad
753 867 903 930 iudicium
925 886 989 930 non
1010 868 1105 931 modo
1128 868 1167 930 de
1189 867 1353 941 contione,
1380 866 1553 929 sedetiam
1575 884 1644 928 cum
1668 864 1734 946 ipsa

425 963 569 1026 contione
596 961 750 1023 veniebat.
786 946 908 1023 Gradus
936 960 982 1023 illi
1010 961 1130 1024 Aurelii
1158 969 1223 1024 tum
1251 963 1325 1023 novi
1347 961 1438 1044 quasi
1468 980 1525 1042 pro
1545 957 1667 1020 theatro
1689 955 1734 1017 illi

424 1056 542 1119 iudicio
571 1054 726 1118 aedificati
755 1053 959 1117 videbantur:
992 1075 1073 1139 quos
1100 1057 1156 1118 ubi
1184 1062 1344 1118 accusator
1370 1054 1534 1117 concitatis
1554 1051 1735 1115 bominibus

423 1148 608 1231 complerat,
630 1168 693 1210 non
715 1147 809 1210 modo
831 1147 954 1210 dicendi
977 1149 1015 1210 ab
1037 1169 1110 1222 reo,
1137 1148 1191 1211 sed
1214 1169 1254 1211 ne
1276 1149 1424 1229 surgendi
1446 1147 1574 1230 quidem
1595 1145 1759 1228 potestasl

424 1251 498 1305 erat.
541 1238 593 1302 94.
614 1244 722 1323 Nuper
742 1239 825 1323 apud
848 1240 881 1303 C.
903 1239 1085 1304 Orchivium
1107 1241 1259 1325 collegam
1282 1263 1386 1304 meum
1408 1241 1496 1304 locus
1515 1240 1555 1303 ab
1580 1237 1738 1302 iudicibus

423 1338 538 1398 Fausto
560 1335 667 1399 Sullae
688 1336 727 1398 de
749 1334 892 1416 pecuniis
913 1330 1047 1397 residuis
1068 1355 1131 1397 non
1154 1345 1202 1397 est
1215 1337 1421 1398 constitutus:
1442 1353 1506 1396 non
1529 1355 1592 1418 quo
1613 1333 1659 1397 illi
1681 1335 1739 1394 aut

423 1431 565 1512 exlegem
598 1450 668 1492 esse
698 1428 815 1492 Sullam
843 1437 898 1492 aut
918 1444 1044 1491 causam
1071 1429 1223 1510 pecuniae
1245 1428 1388 1510 publicae
1410 1435 1619 1512 contemptam
1641 1434 1735 1510 atque

422 1525 577 1588 abiectam
597 1531 758 1606 putarent,
785 1523 839 1586 sed
863 1521 948 1606 qnod
970 1529 1136 1584 accusante
1159 1522 1283 1585 tribuno
1305 1520 1406 1605 plebis
1427 1521 1613 1585 condicione
1634 1529 1736 1601 aqua

422 1619 590 1701 disceptari
621 1637 715 1701 posse
744 1638 807 1680 non
835 1623 993 1700 putarunt.
1030 1614 1136 1691 Quid?
1170 1614 1329 1678 conferam
1351 1615 1512 1678 Sullamne
1533 1634 1603 1677 cum
1624 1610 1774 1674 luniotlo

422 1733 461 1774 an
483 1711 568 1774 hunc
591 1712 747 1775 tribunum
769 1711 871 1794 plebis
893 1730 963 1773 cum
986 1709 1161 1785 Quinctio?
1183 1730 1223 1772 an
1244 1729 1319 1773 vero
1342 1717 1464 1791 tempus
1478 1729 1548 1771 cum
1570 1707 1736 1789 tempore‘i

423 1805 510 1868 Sulla
531 1807 675 1868 maximis
697 1805 826 1888 opibus,
856 1804 1013 1887 cognatis,
1042 1801 1206 1878 affinibus,
1228 1803 1428 1877 necessariis,
1450 1802 1617 1864 clientibus
1638 1797 1738 1881 pluri-

422 1900 499 1962 mis:
521 1900 599 1962 baec
620 1906 724 1962 autem
746 1898 829 1981 apud
852 1897 976 1961 lunium
997 1918 1092 1980 parva
1114 1907 1146 1960 et
1166 1896 1287 1962 infirma
1303 1906 1334 1961 et
1354 1898 1454 1980 ipsius
1472 1896 1578 1959 labore
1593 1891 1736 1976 quaesita

421 2002 515 2076 atque
536 1994 676 2056 collecta.
719 1993 778 2055 llic
799 1993 943 2055 tribunus
964 1991 1067 2073 plebis
1088 1991 1265 2066 modestus,
1294 1992 1434 2074 pudens,
1462 2009 1527 2052 non
1556 1985 1648 2051 modo
1671 2003 1736 2046 non

422 2086 609 2161 seditiosus,
639 2087 693 2150 sed
717 2088 812 2150 etiam
833 2085 993 2149 seditiosis
1015 2086 1230 2151 adversarius:
1258 2087 1313 2149 ille
1335 2092 1439 2149 autem
1461 2083 1610 2155 acerbus,
1632 2079 1775 2143 nimi-u

422 2199 534 2254 nosus,
562 2184 725 2265 popularis
753 2182 846 2246 homo
878 2201 914 2244 ac
936 2182 1143 2244 turbulentus.
1178 2183 1314 2264 Tempus
1334 2181 1396 2244 boc
1416 2178 1619 2261 tranquillum
1640 2181 1737 2256 atque

420 2283 579 2357 pacatum:
608 2276 687 2339 illud
717 2277 863 2341 omnibus
891 2274 1031 2338 invidiae
1060 2276 1298 2359 tempestatibus
1320 2275 1520 2339 concitatum.
1554 2269 1642 2346 Quae
1663 2285 1736 2328 cum

420 2367 462 2429 ita
491 2377 610 2443 essent,
640 2370 672 2432 in
693 2372 807 2434 Fausto
835 2377 941 2433 tamen
970 2368 1017 2432 illi
1045 2368 1166 2432 iudices
1192 2376 1384 2442 statuemnt,
1413 2368 1521 2451 iniqua
1550 2363 1735 2427 condicione

420 2482 505 2525 reum
528 2482 652 2526 causam
674 2464 796 2537 dicere,
818 2483 889 2527 cum
912 2461 1091 2526 adversario
1114 2464 1182 2526 eius
1203 2463 1243 2526 ad
1264 2463 1314 2526 ius
1328 2461 1536 2526 accusationis
1552 2476 1674 2522 summa
1687 2455 1735 2518 vis

419 2555 582 2637 potestatis
604 2556 775 2619 accederet.
817 2557 948 2619 XXXV.
970 2554 1021 2618 95.
1051 2556 1155 2632 Quam
1177 2557 1305 2641 quidem
1327 2556 1478 2619 rationem
1499 2573 1573 2626 vos,
1604 2549 1773 2622 iudices,i⁰

420 2648 588 2730 diligenter
609 2669 667 2732 pro
688 2658 792 2713 vestra
814 2650 968 2733 sapientia
992 2645 1035 2732 [et
1048 2644 1254 2732 humanitate]
1277 2649 1415 2732 cogitare
1429 2656 1461 2711 et
1474 2647 1600 2730 penitus
1614 2643 1736 2728 perspi-

419 2760 489 2803 cere
517 2741 653 2816 debetis,
680 2743 755 2827 quid
789 2743 879 2817 mali,
909 2751 1060 2827 quantum
1088 2744 1221 2827 periculi
1243 2743 1299 2807 uni
1321 2743 1434 2826 cuique
1456 2748 1597 2803 nostrum
1618 2737 1735 2801 inferre

418 2835 518 2917 possit
538 2837 584 2899 vis
606 2837 789 2910 tribunicia,
812 2838 945 2900 conflata
966 2838 1150 2918 praesertim
1173 2836 1290 2899 invidia
1312 2844 1344 2899 et
1366 2834 1565 2898 contionibus
1584 2832 1735 2897 seditiose

419 2931 591 2992 concitatis.
625 2930 760 3013 Optimis
782 2931 910 2994 hercule
933 2929 1143 3012 temporibus,
1165 2939 1246 3004 tum,
1267 2951 1339 2993 cum
1352 2929 1498 2993 homines
1513 2948 1547 2991 se
1562 2947 1625 2990 non
1640 2927 1735 2989 iacta-

419 3024 505 3085 tione
525 3023 685 3107 populari,
707 3023 763 3086 sed
786 3024 936 3107 dignitate
958 3032 1054 3108 atque
1075 3025 1256 3088 innocentia
1278 3024 1461 3098 tuebantur,
1494 3029 1598 3085 tamen
1620 3038 1679 3082 nec
1701 3018 1773 3080 P.²³

417 3117 555 3199 Popilius
577 3137 682 3200 neque
705 3117 743 3193 Q.
767 3118 930 3192 Metellus,
954 3116 1118 3181 clarissimi
1140 3118 1199 3181 viri
1220 3128 1316 3201 atque
1335 3117 1537 3200 amplissimi,
1558 3114 1621 3178 vim
1637 3110 1735 3175 tribu·

418 3211 530 3273 niciam
553 3213 708 3275 sustinere
722 3219 912 3295 potuerunt:
935 3210 1051 3274 nedum
1065 3212 1116 3275 bis
1132 3212 1341 3296 temporibus,
1362 3211 1412 3274 bis
1427 3210 1584 3283 moribus,
1605 3207 1656 3270 his
1671 3224 1735 3268 ma·

416 3304 596 3386 gistratibus
625 3306 693 3368 sine
721 3314 825 3367 vestm
854 3305 1008 3388 sapientia
1034 3325 1071 3368 ac
1092 3306 1162 3369 sine
1183 3305 1373 3370 iudiciorum
1395 3303 1544 3367 remediis
1565 3301 1642 3365 salsi
1664 3318 1734 3362 esse

416 3397 582 3479 possimus.
625 3396 676 3461 96.
697 3401 768 3462 Non
790 3397 849 3462 fuit
870 3398 949 3462 illud
971 3399 1068 3481 igitur
1081 3399 1235 3462 iudicium
1250 3398 1361 3462 iudicii
1375 3397 1494 3472 simile,
1516 3395 1647 3468 iudices,
1668 3410 1734 3455 non

417 3490 492 3553 suit:
515 3492 547 3553 in
569 3513 634 3574 quo
657 3512 720 3555 non
744 3493 855 3556 modus
878 3493 961 3556 ullus
980 3502 1028 3556 est
1041 3492 1215 3567 adbibitus,
1236 3512 1300 3554 non
1315 3512 1382 3556 mos
1398 3488 1655 3572 consuetudoque
1670 3491 1772 3549 ser-³⁰

417 3591 503 3659 vata,
525 3604 590 3647 nou
612 3605 708 3649 causa
730 3585 871 3649 deiensa.
906 3588 962 3649 Vis
983 3584 1112 3648 illaiuit
1126 3592 1175 3660 et,
1196 3594 1232 3648 ut
1245 3605 1338 3669 saepe
1352 3585 1414 3648 iam
1429 3583 1511 3658 dixi,
1532 3582 1623 3645 ruina
1637 3598 1734 3662 quae·

417 3677 487 3741 dam
517 3687 611 3762 atque
643 3687 813 3762 tempestas
841 3688 873 3743 et
898 3680 1024 3762 quidvis
1051 3679 1274 3763 potiusquam
1299 3679 1450 3742 iudicium
1471 3684 1526 3740 aut
1545 3673 1733 3755 disceptatio

416 3780 470 3834 aut
491 3775 644 3856 quaestio.
680 3772 824 3848 Quodsi
847 3775 918 3858 quis
946 3781 994 3836 est
1023 3773 1078 3857 qui
1107 3772 1188 3836 illud
1214 3772 1364 3836 iudicium
1392 3772 1490 3836 fuisse
1513 3769 1680 3832 arbitretur
1701 3774 1733 3829 et

416 3866 471 3949 qui
497 3866 548 3929 his
575 3867 670 3930 rebus
697 3867 841 3931 iudicatis
869 3867 1015 3930 standum
1043 3874 1150 3949 putet,
1179 3867 1208 3930 is
1236 3875 1340 3931 tamen
1368 3867 1449 3930 banc
1470 3882 1596 3930 eaumm
1617 3862 1656 3925 ab
1678 3860 1733 3925 illa

482 4171 505 4220 o.
519 4171 546 4222 C.
557 4172 698 4222 Orchivium
709 4172 766 4221 ST:
787 4172 948 4224 COliCllll'li
956 4175 990 4233 1³;
1010 4173 1036 4224 C.
1047 4173 1191 4224 Orchinium
1202 4171 1376 4226 Fuluio,
1394 4172 1433 4224 ci.
1446 4173 1470 4237 5.
1484 4172 1571 4224 un·
1584 4172 1623 4238 ab]
1636 4175 1689 4224 as.
1702 4200 1729 4212 -

415 4245 439 4292 7.
452 4246 564 4311 residuis]
575 4247 716 4309 repetendis
726 4249 743 4295 S
752 4248 812 4296 T.—
830 4262 880 4296 nom
890 4261 938 4308 qao
949 4248 985 4296 illi
995 4273 1032 4286 --
1040 4254 1160 4311 putorem
1176 4249 1276 4301 Nonius
1286 4247 1424 4300 llarcellus
1441 4262 1467 4312 p.
1481 4250 1522 4307 lo,
1533 4248 1590 4306 arc
1606 4249 1657 4298 min
1668 4251 1733 4311 quod

414 4318 451 4367 illi
461 4314 520 4368 ‘out
542 4322 652 4384 nepem
667 4336 717 4372 esse
733 4322 828 4383 &lam
844 4323 1002 4373 arbitrantur
1022 4323 1066 4386 (al.
1083 4324 1245 4386 mmmmm)
1262 4324 1410 4375 mscianus
1426 4323 1469 4373 Vl.
1489 4323 1535 4385 l8,
1553 4322 1594 4374 sl.
1619 4350 1646 4360 —
1673 4325 1731 4389 qno]

414 4394 489 4458 quod]
507 4396 591 4445 PLO.
601 4423 628 4432 -
647 4398 670 4447 8.
683 4410 733 4447 esse
749 4411 803 4447 om.
817 4398 923 4447 Nonius.
934 4423 961 4433 -
975 4398 1080 4463 Sullam
1092 4399 1171 4448 ullarn
1187 4397 1265 4448 codd.
1278 4399 1400 4448 Nonii-
1418 4404 1493 4460 atqu
1503 4410 1556 4448 om.
1569 4400 1597 4449 P.
1607 4422 1635 4434 -
1653 4398 1678 4449 9.
1691 4398 1731 4447 otl-

414 4467 504 4515 iactam
519 4469 544 4517 S.
560 4493 588 4506 -
604 4475 727 4530 potemini
743 4468 821 4520 codd.
835 4471 916 4521 Nonii.
931 4496 957 4506 -
978 4474 1018 4522 40.
1033 4474 1114 4538 posse]
1129 4473 1227 4536 putico
1242 4475 1301 4532 Sl'3
1316 4486 1388 4535 posse
1400 4473 1521 4535 popilien
1536 4487 1560 4522 r.
1573 4474 1599 4524 1².
1615 4499 1641 4508 —
1657 4478 1732 4535 pisto·

414 4547 474 4589 rsmt
490 4543 547 4591 Sl:
562 4549 714 4605 potaoemnt
730 4543 872 4598 ΜΗΘ.
893 4571 919 4581 -
939 4546 979 4596 ⁴2.
997 4547 1131 4597 clumstibus
1145 4549 1222 4598 1.-
1242 4546 1282 4598 ll.
1299 4549 1408 4610 prudens
1424 4546 1622 4601 assuunt.
1637 4574 1664 4584 -
1681 4561 1732 4596 non

413 4615 474 4679 aad]
490 4630 556 4667 nunc
571 4619 620 4668 sed.
639 4620 668 4668 T.
688 4643 716 4654 -
742 4620 780 4667 lo.
799 4619 882 4680 mose]
899 4632 930 4668 oc
945 4619 972 4674 t.
997 4646 1024 4656 -
1050 4623 1091 4672 ⁴7.
1108 4623 1236 4686 placatas
1252 4624 1306 4673 ST.
1326 4649 1354 4660 -
1379 4623 1419 4674 48.
1436 4623 1474 4672 illi
1488 4623 1581 4673 iudices
1596 4634 1649 4672 om.
1669 4621 1730 4672 cod.

414 4690 440 4738 S.
459 4690 583 4751 Victoris,
611 4692 716 4744 Palatini
734 4707 794 4752 sex,
812 4694 947 4745 Franciani
964 4696 1030 4753 duo,
1054 4699 1221 4750 Dresdensis.
1241 4724 1269 4736 -
1289 4699 1331 4747 at.
1348 4701 1372 4746 st
1386 4698 1540 4747 mndata
1556 4709 1609 4746 om.
1627 4697 1681 4747 ST.
1702 4723 1730 4732 -

414 4764 576 4814 dioesesim
592 4767 645 4817 ST.
660 4794 687 4803 -
706 4766 746 4817 ti.
764 4768 862 4819 tomis
877 4770 991 4820 sira:
1011 4773 1091 4823 hercle
1106 4771 1225 4828 HLiO.
1240 4798 1267 4809 -
1284 4773 1326 4823 25.
1343 4773 1370 4823 Ρ.
1388 4785 1450 4822 cum
1467 4770 1554 4834 Sylvio
1571 4773 1604 4823 0:
1623 4773 1651 4822 l..
1670 4772 1729 4829 ST,

415 4839 441 4888 C.
460 4839 573 4892 ΒΑΗ.
588 4867 615 4877 -
633 4843 674 4891 tii.
691 4840 876 4905 Posuimus:
894 4845 1011 4906 Popillius
1026 4845 1139 4900 libio.
1154 4872 1181 4882 -
1199 4859 1278 4908 mque
1293 4847 1353 4897 ST:
1370 4845 1568 4900 martialio.
1583 4873 1610 4882 -
1628 4847 1678 4895 viri
1694 4852 1732 4896 at·

414 4927 461 4974 que
472 4915 617 4976 amplissimi
627 4918 644 4965 S
654 4918 685 4966 l':
704 4923 779 4977 atque
789 4918 866 4980 ampl.
877 4919 927 4966 oiri
938 4919 1079 4974 ΜΗΘ.
1091 4946 1119 4958 ·-
1135 4922 1176 4972 28.
1189 4935 1220 4971 ec
1230 4922 1379 4971 iudiciorum
1390 4924 1451 4982 (om.
1464 4921 1523 4983 sine)
1535 4920 1562 4975 2.
1577 4949 1603 4958 -
1621 4923 1662 4972 aa.
1675 4924 1732 4974 Non

413 4989 492 5037 solim
507 4990 586 5052 igitur
602 4992 663 5040 iuni
673 5016 709 5029 --
720 5006 770 5041 oon
785 4992 835 5055 fai
851 4991 1023 5052 Quintilianus
1040 4996 1105 5046 Vlll.
1117 4996 1146 5054 3,
1158 4998 1199 5046 si.
1217 4992 1318 5047 ¹Anecd.
1331 4998 1412 5047 Paris.
1429 4996 1528 5046 rhetor.
1540 5010 1567 5062 p.
1580 4998 1620 5048 tl.
1633 5012 1659 5048 v.
1672 4999 1729 5058 tl.;

413 5077 462 5112 non
486 5063 534 5126 fui
557 5066 623 5115 istud
645 5067 764 5116 indiciam
780 5067 867 5117 iudicii
883 5067 962 5118 umis
980 5069 1072 5120 ladam
1091 5071 1233 5121 Martiarum
1259 5068 1364 5136 Capella
1382 5071 1420 5135 (V.
1439 5071 1463 5135 5.
1481 5072 1549 5134 oia.)
1565 5086 1592 5138 p.
1610 5074 1666 5125 lae.
1685 5077 1728 5127 ed.

414 5141 496 5203 Capp.
518 5167 545 5176 -
563 5141 624 5191 illim
639 5143 717 5205 igituir
733 5143 791 5192 ST:
809 5143 888 5206 igiter
904 5143 965 5192 illud
980 5144 1123 5199 antio.
1138 5171 1166 5183 -
1182 5161 1232 5196 non
1246 5146 1309 5210 snit,
1325 5148 1419 5198 iudices
1433 5147 1533 5198 Anam.
1545 5150 1625 5200 Paris.
1638 5149 1655 5200 l.
1667 5149 1684 5200 l.
1699 5179 1727 5189 -

412 5214 453 5265 30.
471 5215 536 5264 altre
552 5218 611 5267 ST:
635 5229 690 5267 om.
708 5217 848 5272 nauto.
867 5244 896 5254 -
914 5217 1166 5274 Mmbdel'Li:
1183 5221 1415 5274 modulatio.
1434 5248 1460 5259 —
1479 5222 1520 5272 ³2.
1538 5224 1592 5285 aut]
1608 5231 1683 5288 ateste
1698 5229 1727 5279 Τ.

413 5315 440 5325 -
459 5290 500 5341 33.
519 5291 687 5343 arbitramur
702 5293 817 5345 S'lFll.
836 5293 875 5345 Gi.
893 5291 918 5360 5.
935 5294 976 5349 25.
996 5320 1023 5331 -
1042 5294 1130 5351 stillis
1144 5295 1217 5349 relus
1231 5293 1357 5348 Halmius.
1378 5323 1406 5335 -
1423 5293 1464 5346 al.
1482 5296 1512 5365 is]
1528 5298 1566 5348 liis
1581 5298 1609 5347 S.
