4367 6109
466 568 508 636 ui
664 577 674 601 ⁸
873 571 1023 638 ORATIO
1044 571 1123 638 PRO
1144 573 1188 639 bl.
1208 565 1356 639 TULLIO

466 744 638 827 pudenter,
667 747 700 807 at
720 761 785 805 non
807 742 923 817 stulte,
954 742 1117 806 dominum
1139 764 1208 807 esse
1230 743 1270 807 ad
1291 743 1415 818 villam,
1437 760 1532 825 posse
1554 761 1628 806 eum
1650 763 1723 806 cnm
1745 762 1784 808 eo

467 826 659 921 disieptare,
681 835 807 919 siquid
828 836 933 900 vellet.
969 838 1070 919 Rogat
1091 836 1206 900 Fabius
1225 837 1432 901 Acerronium
1455 833 1538 918 (nam
1552 836 1598 899 ibi
1613 844 1680 901 tum
1697 836 1785 920 erat),

465 939 502 996 ut
534 952 639 996 secum
669 929 764 994 simul
795 930 901 994 veniat
929 930 970 994 sd
996 930 1145 993 Tullium.
1178 931 1320 995 Venitur.
1353 932 1401 993 Ad
1431 930 1539 993 villam
1562 940 1630 995 erat
1651 932 1784 997 Tullius.

465 1027 612 1110 Appellat
632 1024 762 1100 Fabius,
783 1033 820 1088 ut
840 1033 895 1089 aut
915 1025 984 1108 ipse
999 1027 1139 1089 Tullium
1161 1025 1347 1102 deduceret,
1370 1034 1424 1091 aut
1445 1027 1483 1090 ab
1506 1040 1544 1091 44
1563 1026 1784 1090 deduceretur.

441 1119 548 1182 illicit
579 1118 786 1181 deducturum
808 1139 842 1182 se
864 1118 1003 1194 Tullius,
1032 1119 1248 1183 vadimonium
1269 1121 1366 1184 Fabio
1388 1122 1521 1184 Romam
1542 1122 1784 1205 promissurum.

463 1212 570 1274 Manet
590 1211 623 1274 in
644 1231 682 1275 ea
703 1212 890 1276 condicione
917 1213 1043 1276 Fabius.
1078 1216 1201 1278 Mature
1223 1214 1405 1277 disceditur.

546 1300 598 1368 al.
619 1307 768 1370 Proxima
789 1312 897 1383 nocte,
921 1309 983 1370 iam
1004 1307 1071 1371 fere
1093 1328 1165 1371 cum
1186 1307 1243 1369 lux
1256 1306 1544 1392 adpropinquaret,
1568 1310 1609 1374 ad
1631 1311 1711 1374 illud
1733 1331 1784 1375 ae·

463 1396 617 1476 dilicium,
639 1402 679 1465 de
701 1421 765 1486 quo
789 1410 881 1466 antea
904 1402 988 1477 dixi,
1016 1401 1104 1487 quod
1126 1402 1248 1465 eratin
1270 1403 1412 1466 centuria
1432 1403 1623 1486 Populiana,
1646 1406 1730 1468 servi
1750 1408 1783 1469 P.

462 1495 550 1558 Fabii
571 1495 752 1579 trequentes
774 1496 950 1580 armatique
968 1497 1115 1572 veniunt3
1138 1496 1303 1559 introitum
1318 1496 1380 1578 ipsi
1398 1496 1459 1559 sibi
1473 1497 1504 1559 vi
1520 1516 1681 1583 manuque
1696 1505 1784 1583 pate·

424 1587 598 1665 rotaciunt3
619 1589 763 1652 homines
786 1591 891 1672 magni
914 1590 1008 1672 pretii
1030 1608 1139 1652 servos
1154 1591 1195 1651 Μ.
1211 1590 1307 1652 Τ41144
1324 1609 1382 1652 444
1397 1590 1565 1673 opinantes
1580 1592 1782 1668 adoriuntur;

462 1685 548 1771 quod
569 1683 661 1746 facile
683 1682 767 1745 lactu
788 1682 866 1757 tuit,
895 1703 1000 1768 neque
1030 1690 1093 1745 tam
1116 1683 1231 1745 multos
1253 1703 1359 1767 neque
1381 1692 1596 1766 repugnantes
1619 1686 1711 1750 multi
1733 1707 1781 1750 ar·

460 1781 536 1844 mati
565 1777 730 1863 paratique
757 1777 907 1841 occidunt
934 1785 1120 1861 tantumque
1150 1776 1216 1839 odii
1243 1776 1503 1862 crudelitatisque
1525 1777 1720 1855 babuerunt,
1748 1787 1782 1842 ut

460 1895 517 1939 eos
539 1893 648 1937 omnes
670 1871 911 1954 gurgulionibus
932 1871 1062 1935 insectis
1084 1871 1315 1959 relinquerent,
1348 1892 1406 1946 ne,
1428 1872 1455 1935 si
1477 1892 1573 1956 quem
1594 1873 1780 1936 semivirum

460 1986 496 2033 ac
518 1969 690 2052 spirantem
719 1966 814 2029 etiam
840 1966 1058 2050 reliquissent,
1088 1966 1194 2029 minor
1224 1966 1263 2030 iis
1284 1965 1388 2030 bonor
1407 1966 1591 2044 baberetur;
1618 1973 1781 2049 praeterea

422 2070 577 2130 retectum
597 2062 770 2144 villamque
792 2059 980 2124 disturbant.
1015 2057 1067 2123 22.
1088 2059 1179 2124 Hanc
1194 2081 1260 2124 rem
1276 2067 1340 2124 tam
1354 2068 1509 2136 atrocem,
1531 2069 1595 2125 tam
1608 2061 1780 2144 indignam,

459 2165 523 2220 iam
543 2156 742 2240 repentinam
763 2155 889 2218 nuntiat
910 2156 951 2217 Μ.
974 2153 1079 2217 Tullio
1102 2153 1260 2227 Philinus,
1293 2176 1389 2239 quem
1410 2163 1503 2218 antea
1525 2155 1704 2232 nominari,
1726 2157 1781 2241 qui

459 2252 597 2335 graviter
628 2250 754 2314 saucius
786 2269 804 2313 e
832 2250 928 2314 caede
957 2251 1119 2332 effugerat.
1163 2250 1285 2313 Tullius
1312 2250 1417 2314 statim
1439 2249 1570 2313 dimittit
1591 2249 1631 2312 ad
1652 2248 1781 2324 amicos,
1821 2234 1835 2251 ⁶

460 2366 596 2430 quorum
624 2365 662 2410 ea
688 2343 849 2409 vicinitate
874 2353 941 2408 turn
968 2343 1023 2407 illa
1050 2343 1137 2425 bona
1164 2352 1261 2428 atque
1286 2344 1420 2407 honesta
1448 2342 1542 2427 copia
1562 2349 1690 2427 praesto
1710 2341 1780 2406 luit

460 2436 614 2503 Omnibus
635 2439 748 2503 acerba
768 2458 820 2504 res
841 2447 874 2502 et
894 2439 1010 2502 misera
1031 2436 1208 2502 videbatur.
1253 2438 1330 2502 Cum
1353 2438 1446 2502 amici
1468 2438 1503 2501 in
1525 2458 1628 2502 comm
1678 2436 1697 2472 '⁶
1761 2435 1781 2466 ³*

421 2531 480 2603 ,οἱ
572 2531 592 2567 ii
684 2528 703 2561 ’ἵ
796 2531 814 2567 ᾗ
909 2530 927 2566 ii
1020 2532 1039 2567 ἦ
1129 2530 1147 2566 ※
1233 2532 1252 2563 i
1337 2533 1357 2566 *R
1444 2529 1462 2568 ἦ
1549 2533 1568 2566 ii
1656 2531 1676 2568 ἦ
1761 2527 1780 2565 ἦ

523 2720 547 2771 3.
569 2718 677 2784 lenior]
696 2721 794 2769 aPnrna
811 2720 853 2770 est
869 2719 937 2769 inter
953 2717 1052 2771 litteras
1069 2733 1084 2769 r
1101 2723 1158 2770 ela
1176 2719 1347 2771 membranae
1365 2719 1473 2783 lacuna,
1496 2721 1594 2785 scripto
1611 2717 1781 2771 hauddubie

457 2796 601 2856 vetustior,
624 2795 665 2845 cui
687 2792 782 2844 ductus
803 2792 837 2844 illi
857 2793 923 2856 duo,
948 2793 1045 2858 quibus
1063 2792 1178 2845 rlittera
1195 2799 1311 2856 constat,
1337 2794 1372 2846 ab
1394 2798 1508 2859 utroque
1525 2793 1608 2845 latere
1625 2791 1781 2844 circumdati

458 2883 518 2924 esse
536 2870 684 2921 videnlur.»
706 2870 782 2919 Kana.
803 2896 830 2906 -
854 2882 937 2929 44444,
962 2868 1049 2934 quoad
1071 2867 1154 2920 oculis
1171 2870 1244 2920 cerni
1268 2873 1368 2935 potest,
1386 2873 1416 2920 Α.
1437 2897 1465 2907 -
1484 2871 1508 2920 6.
1526 2868 1635 2934 44444444]
1662 2868 1779 2934 40444444

456 2947 525 2998 baec
542 2946 656 3008 Peyroni
673 2944 824 2994 coniectura
841 2942 964 2994 ductibus
981 2944 1007 2994 44
1025 2944 1118 2995 codice
1135 2947 1285 3009 conspicuis
1296 2947 1446 2997 convenit.»
1463 2946 1539 2996 liam.
1555 2973 1583 2984 -
1600 2945 1626 2996 8.
1640 2943 1781 3007 papatiam

456 3022 476 3073 Β
486 3022 520 3082 ll,
538 3021 670 3082 Popiliana
681 3019 710 3069 0.
726 3046 753 3057 -
772 3020 795 3069 9.
814 3019 877 3069 Fati
893 3020 999 3070 ΑΡΒΗ
1010 3021 1038 3070 li.
1054 3047 1081 3057 -
1099 3020 1243 3085 [4444444444]
1262 3023 1320 3071 «Sic
1332 3020 1429 3083 codex,
1448 3034 1501 3072 non
1510 3033 1609 3081 4444444
1621 3025 1627 3080 t
1640 3031 1696 3072 rrs.
1714 3021 1781 3070 liam

455 3097 482 3147 in
499 3096 551 3146 tine
568 3096 663 3160 prioris
674 3107 768 3145 versus
779 3107 859 3158 supra
875 3106 893 3143 n
910 3095 944 3144 ad
956 3094 1093 3145 dexteram
1111 3096 1256 3147 certissime
1274 3097 1433 3160 conspicitur
1449 3094 1543 3146 lineola
1554 3094 1610 3157 illa,
1628 3108 1697 3159 quae
1715 3093 1781 3145 litte·

454 3184 512 3223 ram
523 3183 544 3221 44
555 3171 590 3233 (et
600 3169 625 3232 44)
643 3168 789 3233 significare
806 3168 882 3220 solet.
901 3171 974 3230 Quae
986 3171 1013 3220 in
1029 3171 1150 3234 sequenti
1162 3184 1242 3221 versu
1253 3184 1336 3235 parva
1351 3174 1436 3222 exstat
1447 3171 1620 3222 membranae
1631 3169 1735 3231 lacuna,
1748 3182 1779 3220 ea

455 3247 584 3299 vetustior
600 3249 642 3296 est
657 3246 764 3309 scripio,
784 3248 815 3294 ul
824 3242 902 3309 paulo
914 3245 1036 3308 superius
1048 3247 1076 3295 cl
1086 3257 1168 3310 saepe
1180 3245 1270 3297 alias.»
1282 3247 1358 3297 Kran.
1371 3273 1398 3284 -
1417 3247 1465 3309 ipsi
1479 3246 1526 3295 eibi
1540 3245 1566 3295 oi
1581 3258 1708 3309 manuque
1719 3257 1780 3296 cam

455 3322 605 3374 lleinricbio
622 3321 668 3372 ΡΒ
678 3321 697 3371 0
707 3319 775 3370 llll:
793 3332 844 3370 rrsr
858 3332 945 3371 4444444
960 3323 965 3377 Ι
977 3331 1059 3379 mors
1074 3321 1105 3380 Α,
1122 3320 1170 3382 ipsi
1180 3322 1205 3370 oi
1216 3321 1262 3371 sibi
1271 3335 1398 3384 manuque
1408 3320 1530 3371 Klotaius.
1548 3319 1587 3371 Ct.
1600 3318 1624 3382 8.
1637 3319 1678 3370 34.
1691 3346 1719 3357 -
1738 3319 1777 3370 40.

450 3408 615 3472 puerine.
631 3432 659 3442 -
679 3403 897 3455 4444444444.
910 3431 938 3440 -
953 3404 993 3455 rr.
1006 3403 1079 3469 4444]
1092 3405 1272 3468 maman.
1289 3433 1316 3443 -
1336 3406 1376 3456 44.
1392 3388 1572 3456 acronium.
1587 3431 1615 3441 -
1633 3403 1779 3469 44444444

456 3486 528 3535 arion
543 3482 665 3546 leguntur
674 3479 777 3544 priores
789 3480 843 3530 tres
854 3477 965 3540 litterae,
985 3477 1082 3542 qulbus
1099 3481 1188 3529 tamen
1205 3481 1304 3531 iustum
1317 3482 1358 3532 444
1367 3481 1393 3530 44
1405 3478 1497 3530 codice
1508 3479 1650 3543 spatium·
1662 3479 1738 3530 Κιιι.
1750 3505 1776 3515 -

456 3559 496 3611 43.
507 3555 695 3625 peractionibus
705 3553 809 3605 44444444
818 3554 971 3617 relicuomst
982 3565 997 3603 4
1010 3553 1137 3605 Cicerone
1149 3555 1291 3607 4444444444
1300 3554 1407 3620 Capella
1418 3556 1442 3614 3,
1452 3554 1510 3606 509.
1518 3582 1546 3591 -
1559 3565 1698 3606 4444444444
1707 3555 1737 3604 Α.
1749 3580 1776 3591 -

456 3632 496 3684 44.
511 3633 682 3696 relinquissent
698 3630 769 3681 APB
777 3630 808 3679 Η.
829 3657 856 3666 -
874 3630 906 3679 iia
922 3630 974 3680 HK
984 3641 991 3676 ι
1009 3630 1046 3680 liis
1056 3633 1078 3680 Α
1091 3631 1167 3694 (44444
1178 3633 1313 3694 Peyrenm
1332 3630 1379 3681 sed
1396 3627 1514 3680 Kellerus
1532 3627 1615 3681 oculis
1626 3628 1777 3681 discernere

455 3720 508 3759 non
523 3709 619 3774 potuit,
637 3719 662 3758 rs
673 3718 706 3755 an
719 3716 762 3756 4444
778 3704 906 3768 scripturn
917 3703 1027 3765 luisset),
1045 3705 1067 3755 ie
1078 3717 1140 3755 cum
1152 3704 1301 3755 Heinrichio
1313 3706 1331 3754 P
1341 3705 1360 3755 Β
1372 3705 1401 3754 0.
1416 3731 1443 3740 -
1458 3702 1600 3769 praeterea]
1612 3704 1710 3754 littera
1720 3703 1741 3755 A
1752 3703 1778 3753 in

454 3781 506 3834 tine
515 3795 610 3834 versus
619 3795 672 3833 non
684 3781 886 3845 4444444444.-
900 3781 939 3829 iti.
951 3778 1189 3842 disturbantJDeest
1200 3782 1335 3844 postrema
1346 3777 1431 3828 littera
1443 3777 1534 3829 itidem
1546 3778 1571 3827 44
1580 3775 1704 3829 uersiculi
1715 3775 1775 3827 fine.

456 3884 484 3895 -
499 3859 538 3908 i'i.
551 3869 618 3907 csoa
628 3860 690 3907 A.-
702 3858 787 3908 4444444
796 3857 870 3908 4444444
880 3869 943 3907 curn
955 3856 1105 3907 Heinrichlo
1116 3858 1144 3906 P.
1158 3855 1197 3906 ct.
1210 3855 1346 3919 pouinel.
1360 3853 1384 3917 5.
1395 3853 1468 3902 it·
1482 3852 1522 3904 48.
1536 3851 1575 3916 aa]
1588 3853 1656 3903 Fort.
1669 3852 1732 3903 44.-
1742 3849 1778 3899 iiii

454 3945 515 3984 cum
527 3932 675 3984 Heinricbio
686 3934 772 3984 PBO.
788 3960 815 3971 -
829 3932 868 3982 49.
881 3930 912 3996 44]
927 3931 1022 3994 «Mans
1032 3931 1139 3981 uidetur
1151 3943 1185 3980 nn
1196 3931 1223 3980 ln
1235 3928 1326 3979 codice
1339 3940 1399 3979 esse
1411 3939 1492 3991 quem
1502 3939 1544 3989 ar,
1557 3926 1630 3991 quod
1641 3930 1777 3990 Peyronus

453 4005 798 4069 ambulantium-comm]
806 4007 835 4057 ln
845 4007 886 4057 bis
894 4005 986 4056 litteris
996 4005 1092 4056 desinit
1100 4003 1395 4056 loliumambrosianum
1403 4004 1526 4066 quartum
1535 4004 1562 4052 el
1570 4000 1702 4053 ultimum.
1714 4013 1778 4051 4444-

454 4079 638 4146 [4444444444444
649 4083 680 4134 Η.
694 4110 722 4120 -
741 4083 770 4133 44
786 4083 837 4133 hac
853 4080 945 4132 lacuna
964 4082 1066 4130 tantum
1078 4079 1133 4130 iere
1145 4079 1222 4130 nobis
1234 4079 1379 4138 interiisse,
1397 4080 1526 4141 quantum
1538 4075 1643 4127 duobus
1660 4074 1776 4126 tribusve

453 4155 520 4209 toliis
532 4156 568 4207 ad
577 4158 778 4208 taurinensium
789 4157 899 4217 modum
911 4155 1040 4207 contineri
1051 4155 1176 4220 potuerit,
1189 4154 1290 4207 scilicet
1301 4154 1456 4205 narrationis
1468 4152 1557 4214 tinem,
1571 4152 1741 4217 partitionem
1751 4153 1778 4201 et

453 4231 659 4284 confirmationis
670 4232 780 4294 initium,
799 4231 946 4283 docuerunt
956 4229 1106 4281 lluschlrius
1118 4231 1146 4279 44
1155 4227 1282 4280 Kellerus.
1302 4228 1385 4280 lidem
1396 4228 1448 4279 hue
1466 4227 1508 4291 (ad
1519 4227 1698 4293 partitionem)
1714 4239 1777 4292 per-

453 4307 537 4359 tinere
549 4305 709 4357 arbitrantur
722 4318 790 4370 quae
801 4306 883 4357 verba
894 4305 1028 4357 Ciceronis
1042 4305 1126 4368 magis
1138 4305 1260 4356 minuam
1276 4302 1432 4368 interpolata
1444 4316 1477 4354 ex
1489 4304 1539 4355 bac
1551 4304 1670 4354 44444444
1682 4299 1778 4352 attule-

452 4385 514 4434 runt
525 4383 554 4434 C.
568 4383 664 4433 itarius
674 4381 833 4441 Victorinus,
847 4381 876 4432 C.
890 4380 1073 4441 luliusvictor,
1084 4380 1227 4431 Martianus
1237 4377 1350 4443 capelle.
1360 4378 1509 4429 Victorinus
1520 4379 1591 4429 enim
1602 4392 1628 4445 p.
1638 4378 1669 4430 63
1678 4392 1719 4443 44.
1732 4377 1775 4429 ed.

453 4456 495 4508 Or.
508 4457 576 4507 baec
593 4456 679 4517 444444,
698 4469 767 4520 quae
779 4458 916 4520 Peyronus
933 4456 976 4507 hic
986 4455 1107 4516 inseruit,
1125 4455 1234 4505 Beierus
1245 4457 1272 4505 44
1283 4452 1392 4505 Orellius
1404 4456 1463 4517 post
1475 4453 1498 4518 5.
1512 4452 1553 4504 36.
1567 4452 1774 4506 transtulerunt:

452 4533 543 4582 Dicam
553 4533 628 4581 -oim
643 4532 739 4594 (actam
755 4546 773 4582 a
788 4533 815 4582 P.
833 4530 904 4582 Fabii
918 4531 1034 4595 tamdia:
1060 4529 1200 4580 4444444444
1216 4543 1266 4579 non
1282 4533 1382 4593 nepam.
1396 4555 1410 4565 -
1421 4557 1437 4567 -
1447 4557 1463 4567 -
1479 4530 1608 4579 Damnum
1624 4532 1711 4581 4444444
1727 4540 1777 4580 esse

451 4608 487 4658 ii.
507 4607 584 4657 Tatio
604 4607 732 4656 emicedia:
752 4607 802 4658 uici
821 4621 901 4658 unam
919 4621 980 4658 rem.
999 4633 1014 4644 -
1024 4632 1039 4643 -
1050 4631 1065 4643 -
1085 4606 1138 4655 Vim
1160 4603 1297 4655 bominibus
1312 4604 1418 4654 annalis
1432 4603 1528 4667 4444444
1543 4618 1594 4654 non
1609 4618 1704 4670 nepas:
1727 4605 1776 4655 4444

451 4682 566 4732 almam
640 4681 705 4731 Dolo
715 4682 782 4732 mato
792 4682 888 4744 socium
898 4696 991 4746 nepos:
1008 4683 1038 4732 de
1047 4681 1093 4731 boc
1103 4681 1223 4730 iudicium
1234 4685 1277 4730 444.
1296 4678 1334 4729 Ct.
1348 4692 1374 4742 p.
1387 4679 1443 4729 loa.
1457 4693 1482 4729 v.
1494 4679 1577 4744 6444.
1596 4679 1676 4732 lulius
1687 4680 1776 4731 Victor

451 4770 479 4823 p.
496 4756 552 4808 tio.
575 4755 616 4806 od.
636 4755 697 4806 On:
721 4757 849 4806 Damnum
865 4758 951 4807 4444444
968 4755 1036 4818 (add.
1050 4756 1095 4818 Μ.)
1115 4755 1192 4805 Tullio
1208 4760 1232 4805 44
1246 4755 1272 4803 oi
1288 4753 1425 4803 bominibus
1441 4755 1547 4804 annalia
1561 4761 1584 4804 44
1602 4771 1620 4806 a
1637 4757 1737 4821 [44444444
1746 4756 1773 4805 P.

450 4830 523 4883 Fabii
534 4830 597 4882 dicit
607 4831 709 4894 (Cicero
720 4843 768 4894 pro
779 4829 883 4894 Tullio);
902 4833 928 4882 in
939 4833 1108 4882 controuersia
1117 4837 1202 4883 44444444
1217 4844 1283 4892 ease,
1301 4844 1335 4880 an
1352 4831 1407 4880 dolo
1423 4831 1490 4880 malo
1507 4832 1627 4881 damasum
1637 4832 1723 4882 4444444
1733 4830 1773 4880 sil.

450 4906 594 4958 Martianus
603 4903 708 4969 Capella
718 4907 742 4966 5,
753 4907 810 4957 4436.
822 4906 856 4970 (p.
867 4907 924 4958 lli.
936 4906 978 4957 ed.
989 4908 1082 4971 liopp.)
1094 4922 1100 4957 :
1118 4909 1248 4959 1444444444
1254 4918 1358 4969 param
1369 4918 1418 4956 4444
1429 4907 1464 4956 44.
1477 4906 1582 4957 Tullium
1592 4909 1705 4957 conuenit
1714 4904 1775 4956 444444

451 4994 508 5031 444444
523 4981 683 5039 4444444444·
698 4980 724 5030 oi
740 4980 877 5030 bominibus
894 4982 1000 5030 annalis
1015 4995 1069 5032 rem
1083 4985 1180 5046 peilam
1194 4992 1246 5033 4444
1261 4995 1312 5032 444
1327 4981 1468 5046 innuantur
1476 4995 1485 5042 ,·
1510 4996 1528 5032 a
1544 4982 1644 5045 44444444
1659 4984 1686 5032 P.
1703 4979 1775 5033 Fabii

451 5056 608 5106 4444444444
623 5068 716 5119 nepare
732 5069 781 5106 non
798 5055 907 5114 audenl,·
932 5069 967 5105 an
983 5056 1038 5106 doto
1053 5057 1123 5108 mato
1137 5057 1234 5122 44444444
1248 5057 1296 5120 eil,
1322 5056 1465 5122 4444444444.
1497 5058 1535 5108 Ex
1551 5057 1592 5109 his
1608 5056 1694 5109 tribus
1710 5056 1775 5108 locis

452 5130 600 5182 Huschkius
617 5133 784 5183 concinnavit
799 5132 871 5196 quod
887 5132 1008 5196 sequitur
1024 5131 1255 5199 supplementum:
1278 5133 1406 5184 Damasum
1419 5147 1523 5196 passam
1538 5146 1588 5184 sne
1603 5133 1639 5184 44.
1658 5131 1775 5195 mum,

452 5207 564 5256 44444444
587 5207 648 5256 miti
672 5221 729 5258 44444
753 5209 918 5259 moereamus
943 5208 991 5258 uici
1013 5221 1092 5259 444444
1113 5221 1174 5259 rm.
1199 5207 1345 5259 Hominibus
1360 5209 1466 5259 mmalle
1480 5222 1534 5259 4444
1549 5216 1600 5259 4444
1613 5211 1710 5273 pestana
1724 5218 1776 5257 44444

452 5278 610 5345 omme:
626 5282 676 5334 4444
691 5283 808 5336 alteram
825 5282 961 5347 Atamilia
976 5283 1004 5335 P.
1021 5282 1095 5336 Fabii
1109 5284 1278 5347 4444444444,
1294 5296 1389 5348 separe
1403 5296 1454 5335 non
1469 5284 1577 5336 meni:
1599 5282 1650 5334 4444
1663 5280 1774 5335 term
