4367 6109
725 598 794 664 bra.
816 600 854 664 V.
885 598 960 665 Car.
984 528 1155 664 iil-llll.
1182 597 1240 685 35.
1261 596 1413 667 26-34.
1672 602 1735 669 389

412 777 437 841 si
459 790 542 859 quae
563 770 710 834 castiores
733 776 832 845 eraut,
853 769 893 832 ad
915 777 1040 853 tempus
1062 771 1239 846 veniebant,
1261 771 1365 836 lucem
1381 780 1635 858 conventumque
1655 777 1735 840 rita·

410 870 496 934 bant.
539 867 638 930 Erant
660 872 765 927 autem
788 864 932 927 convivia
954 885 1018 927 non
1043 865 1099 928 illo
1122 865 1248 928 silentio
1270 866 1380 949 populi
1403 868 1534 932 Romani
1554 876 1735 952 praetorum

411 971 505 1047 atque
519 962 754 1043 imperatorum,
775 977 881 1041 neque
901 977 939 1021 eo
961 959 1091 1042 pudore,
1116 961 1169 1040 qui
1191 958 1225 1020 in
1248 959 1485 1041 magistratuum
1500 962 1652 1026 conviviis
1665 984 1736 1027 vcr-

410 1059 471 1123 sari
500 1055 619 1128 soleat,
650 1051 705 1115 sed
734 1072 805 1114 cum
834 1053 971 1115 maximo
1000 1053 1136 1116 clamore
1162 1059 1255 1135 atque
1277 1053 1436 1116 connato:
1469 1074 1533 1117 non
1561 1074 1734 1140 numquam

411 1153 505 1217 etiam
532 1168 584 1212 res
606 1147 645 1210 ad
675 1165 813 1230 pugnam
842 1152 937 1229 atque
967 1144 1007 1207 ad
1036 1164 1146 1208 manus
1174 1144 1353 1208 vocabatur.
1403 1148 1466 1210 lstc
1497 1149 1579 1211 cuim
1609 1159 1758 1233 praetors

409 1261 537 1310 severus
559 1260 596 1304 ac
618 1238 764 1322 diligens,
787 1238 841 1321 qui
864 1238 975 1321 populi
998 1240 1130 1301 Romani
1154 1239 1275 1321 legibus
1294 1258 1466 1323 numquam
1480 1243 1649 1323 pancisset,
1670 1245 1735 1308 illis

410 1338 546 1422 legibus,
577 1351 660 1418 quae
686 1332 720 1394 in
746 1331 869 1416 poculis
899 1332 1116 1415 ponebantur,
1145 1330 1313 1413 diligenter
1333 1332 1580 1416 obtemperabat
1624 1337 1735 1422 ltaque

409 1438 498 1496 erant
527 1428 630 1492 exitus
657 1427 725 1489 eius
759 1425 861 1497 modi,
889 1430 925 1488 ut
952 1426 1031 1488 alius
1058 1427 1142 1489 inter
1170 1444 1282 1489 manus
1310 1446 1329 1489 o
1358 1428 1504 1489 convivio
1533 1435 1734 1516 tamquame

408 1525 532 1611 proelio
555 1522 743 1594 auferretur,
765 1519 848 1582 alius
868 1525 1027 1601 tamquam
1050 1521 1172 1583 occisus
1194 1518 1435 1601 relinqueretur,
1457 1519 1602 1605 plerique
1623 1533 1659 1589 ut
1672 1524 1734 1589 iusi

410 1622 477 1683 sine
499 1624 605 1680 mente
627 1632 663 1677 ac
686 1615 754 1676 sinc
775 1612 843 1674 ullo
866 1631 963 1675 sensu
985 1614 1134 1688 iacerent,
1155 1620 1191 1676 ut
1213 1613 1328 1697 quivis,
1350 1632 1422 1675 cun
1441 1614 1649 1698 adspexisset,
1670 1638 1771 1687 nouto

409 1735 443 1778 se
466 1710 622 1796 praetoris
645 1707 826 1770 convivium
854 1707 910 1769 scd
932 1714 968 1769 ut
989 1708 1185 1771 Cannensem
1216 1725 1354 1790 pugnam
1375 1707 1535 1790 nequitiae
1556 1710 1664 1775 videre
1686 1732 1736 1777 ar·-

409 1809 587 1871 bitraretur.
619 1800 689 1865 llll.
712 1796 762 1861 29.
786 1799 864 1863 Cum
885 1818 962 1863 vero
984 1809 1086 1864 aestas
1108 1819 1230 1863 summa
1244 1818 1314 1863 esse
1328 1808 1487 1885 coeperat,
1510 1802 1595 1886 quod
1610 1812 1735 1889 tempus

409 1917 520 1965 omnes
550 1894 677 1958 Siciliae
707 1912 832 1976 semper
866 1899 1027 1977 praetores
1057 1894 1090 1957 in
1119 1893 1284 1957 itineribus
1318 1913 1504 1958 consumere
1535 1907 1736 1976 consuerunt,

410 2000 579 2080 propterca
601 1986 686 2071 quod
708 1994 783 2050 tunc
803 1994 914 2072 putant
933 1986 1110 2051 obeundam
1132 2006 1202 2050 esse
1224 1989 1361 2052 maxime
1383 1989 1588 2072 provinciam,
1610 2011 1680 2054 cum
1702 1995 1736 2057 in

410 2088 493 2154 areis
515 2084 674 2147 frumenta
695 2088 778 2153 sunt,
801 2079 887 2164 quod
909 2088 941 2143 et
961 2080 1100 2144 familiae
1122 2089 1351 2165 congregantur
1371 2085 1600 2166 etmagnitudo
1616 2089 1773 2155 servitiitr

410 2179 602 2267 perspicitur
630 2182 663 2238 et
690 2173 781 2237 labor
802 2174 906 2256 operis
928 2175 1063 2238 maxime
1086 2174 1234 2250 offendit,
1255 2173 1404 2238 frumenti
1435 2177 1527 2261 copia
1549 2187 1736 2256 commonet,

411 2285 537 2356 tempus
558 2268 633 2331 anni
655 2285 719 2331 nou
735 2267 880 2352 impedit:
901 2275 978 2341 tum,
1001 2269 1140 2351 inquam,
1162 2286 1233 2330 cura
1248 2277 1439 2333 concursant
1452 2272 1548 2333 ceteri
1562 2280 1736 2355 praetores,

296 2389 301 2407 “
411 2374 473 2436 isto
495 2386 579 2431 novo
602 2362 738 2449 quoda·
754 2381 870 2446 genere
884 2363 1054 2445 imperator
1067 2362 1280 2446 pulcherrimo
1296 2362 1521 2445 Syracusarum
1536 2365 1607 2428 loco
1623 2365 1736 2431 stativa

414 2464 473 2529 sibi
496 2464 600 2524 castra
620 2456 765 2520 iaciebat.
799 2453 850 2517 30.
871 2457 950 2518 Nam
967 2455 1085 2538 inipso
1101 2455 1507 2543 adituatqueorcportus,
1529 2459 1583 2522 ubi
1598 2460 1734 2545 primum

412 2578 452 2622 ex
473 2555 537 2619 alto
560 2553 648 2616 sinus
670 2550 709 2614 ab
732 2550 823 2613 litore
844 2549 884 2612 ad
900 2550 1011 2613 urbem
1024 2550 1203 2625 inflectitur,
1225 2550 1429 2616 tabernacula
1444 2552 1601 2617 carbaseis
1614 2555 1772 2626 intentare

411 2651 489 2715 velis
511 2645 698 2712 collocabat.
741 2645 810 2706 lluc
832 2664 871 2707 ex
894 2644 948 2706 illa
970 2644 1064 2708 domo
1085 2646 1260 2728 praetoria,
1288 2665 1369 2728 quae
1391 2647 1474 2730 regis
1496 2646 1643 2712 Hieronis
1664 2649 1735 2726 suit,

412 2748 457 2810 sic
479 2740 669 2826 emigrabat,
696 2746 732 2802 ut
753 2758 825 2801 eum
846 2757 905 2821 per
932 2737 1004 2800 ilios
1032 2737 1100 2801 dies
1131 2758 1225 2802 nemo
1256 2747 1345 2803 extra
1373 2740 1463 2804 illum
1496 2740 1600 2807 locum
1627 2745 1735 2810 videre

410 2844 528 2926 posset.
571 2837 608 2899 lu
630 2854 702 2898 eum
723 2840 828 2897 autem
850 2833 955 2917 ipsum
982 2833 1085 2896 locum
1115 2833 1219 2896 aditus
1246 2840 1313 2897 erat
1333 2833 1472 2909 nemini,
1504 2835 1567 2899 nisi
1597 2839 1653 2923 qui
1681 2845 1736 2904 aut

412 2935 517 2999 socius
539 2937 595 2995 aut
615 2928 759 2992 minister
778 2927 921 2991 libidinis
944 2947 1013 2991 esse
1034 2933 1151 3010 posset.
1195 2926 1265 2990 lluc
1286 2948 1396 2992 omnes
1418 2928 1583 3007 mulieres,
1605 2932 1736 3019 quibus·

413 3049 482 3092 cum
505 3028 565 3089 istc
587 3029 770 3097 consuerat,
791 3019 1037 3095 conveniebant,
1059 3037 1191 3104 quarum
1213 3020 1399 3086 incredibile
1421 3029 1469 3087 est
1491 3033 1609 3107 quanta
1631 3026 1773 3095 multi-ss

414 3121 490 3186 tudo
511 3119 609 3183 luerit
630 3115 810 3199 Syracusisr
838 3115 900 3178 buc
921 3116 1065 3179 homines
1087 3114 1174 3195 digni
1196 3116 1288 3179 istius
1310 3116 1463 3191 amicitia,
1485 3116 1573 3199 digni
1594 3118 1658 3181 vita
1680 3118 1737 3183 illa

413 3212 632 3294 conviviisque
652 3208 831 3272 veniebant.
874 3210 960 3271 Inter
980 3209 1048 3271 eius
1069 3209 1154 3271 modi
1176 3210 1261 3273 viros
1283 3217 1316 3272 et
1336 3210 1484 3273 mulieres
1505 3208 1613 3274 adulta
1634 3220 1736 3278 aetate

413 3305 496 3371 lilius
510 3302 702 3376 versabatur,
723 3308 761 3365 ut
775 3322 857 3378 cum,
879 3305 974 3367 etiarn
996 3303 1023 3365 si
1038 3309 1182 3366 naturae
1197 3303 1334 3386 parentis
1350 3302 1556 3367 similitudine
1569 3302 1751 3390 abriperet'

415 3395 612 3464 consuetudo
638 3402 743 3457 tamma
773 3415 811 3458 ac
839 3396 1006 3480 disciplina
1031 3395 1129 3479 patris
1157 3393 1292 3457 similem
1315 3414 1384 3457 esse
1407 3402 1542 3477 cogeret.
1586 3392 1637 3460 34.
1664 3395 1736 3464 Huc

414 3493 520 3558 Tertia
540 3491 596 3553 illa
616 3488 768 3572 perducta
789 3508 846 3572 per
868 3489 975 3552 dolum
1006 3498 1101 3573 atque
1124 3488 1254 3552 insidias
1277 3488 1316 3552 ab
1338 3489 1464 3553 Rhodio
1484 3489 1615 3554 tibicine
1636 3494 1773 3564 maxi-so

414 3606 481 3650 mas
501 3586 537 3647 in
557 3585 649 3648 istius
671 3584 781 3646 castris
804 3584 945 3646 effecisse
968 3583 1084 3647 dicitur
1105 3583 1222 3657 turbas,
1244 3602 1316 3645 cum
1338 3582 1468 3665 indique
1482 3589 1738 3667 patereturuxor

416 3678 593 3743 Cleomenis
616 3678 814 3761 Syracusani,
836 3678 951 3742 nobilis
973 3679 1096 3754 mulier,
1118 3680 1256 3761 itemque
1271 3695 1354 3739 uxor
1367 3678 1580 3751 Aeschrionis,
1600 3678 1736 3744 honesto

414 3774 485 3836 loco
507 3779 598 3846 nata,
625 3772 658 3835 in
680 3779 868 3836 conventum
890 3791 981 3835 suurn
1004 3773 1090 3835 mimi
1112 3771 1226 3834 Isidori
1247 3770 1344 3834 tiliam
1367 3771 1502 3836 venisse.
1545 3770 1608 3834 Istc
1629 3782 1736 3838 autern

416 3865 584 3941 Hannibal,
605 3865 662 3950 qui
685 3865 719 3928 in
740 3867 806 3928 suis
828 3867 937 3929 castris
957 3865 1072 3929 virtute
1087 3873 1214 3949 putaret
1227 3873 1383 3949 oportere,
1404 3883 1469 3928 non
1484 3883 1599 3946 genere
1613 3868 1736 3944 certari,

479 4107 504 4158 2.
522 4107 548 4157 P.
567 4107 595 4157 rt.
610 4112 757 4168 praetorum
774 4107 807 4156 rt:
824 4111 905 4168 praet.
921 4120 980 4170 pop.
998 4108 1026 4157 a.
1040 4107 1075 4163 0;
1091 4120 1151 4169 pop·
1165 4106 1194 4156 fl.
1207 4118 1261 4156 om.
1274 4105 1339 4157 dett.
1353 4129 1379 4141 —
1391 4105 1416 4156 3.
1435 4108 1693 4172 mammaeae.
1707 4136 1735 4146 -

416 4181 441 4235 4.
459 4182 518 4233 solat
535 4179 599 4232 dett.
618 4181 647 4231 0.
662 4207 688 4219 -
702 4183 727 4233 b.
746 4183 780 4232 ad
795 4194 886 4230 mantas
902 4186 976 4243 atque
992 4182 1025 4231 ad
1038 4193 1154 4244 pappam
1170 4180 1235 4229 dett.
1250 4179 1278 4229 0.
1294 4203 1321 4214 -
1336 4178 1474 4230 vocabatis
1484 4178 1641 4246 ballam:
1658 4184 1739 4235 caste·

417 4258 461 4308 bat
476 4257 541 4308 dett.
559 4257 589 4307 0.
608 4281 637 4293 -
655 4255 680 4306 d.
698 4257 741 4319 qttt
763 4269 816 4307 om.
835 4256 880 4306 lta.
900 4282 927 4292 —
943 4255 1031 4319 populi
1051 4254 1090 4320 a]
1110 4260 1215 4317 prodor
1231 4256 1264 4305 Gi
1279 4256 1303 4306 Ξ.
1323 4280 1352 4292 -
1370 4255 1394 4306 Ἰ.
1419 4255 1550 4319 dilium
1571 4256 1619 4309 obt.
1637 4258 1684 4310 aa:
1711 4260 1738 4312 lu

417 4333 482 4384 dett.
501 4332 632 4397 Μουκία
648 4332 709 4381 ants
726 4331 818 4395 lapidea
834 4329 986 4391 collocatur,
1006 4329 1362 4393 etsic0.-9.actpssllt1l:
1380 4329 1431 4393 {tasi
1441 4329 1506 4379 dett.
1519 4332 1548 4382 0.
1563 4356 1591 4370 -
1605 4332 1646 4384 ro.
1659 4334 1740 4397 petala

415 4408 525 4459 rodelt-
543 4406 572 4456 0.
593 4432 619 4443 -
639 4406 1088 4469 amamssatlhaspaxissestbgitl.
1109 4405 1253 4470 -aoass1
1272 4403 1467 4456 amaena.
1488 4431 1514 4444 -
1537 4406 1690 4474 ibaadta]
1710 4412 1740 4461 ct

417 4495 470 4534 om.
488 4483 518 4533 L.
538 4507 566 4518 -
585 4481 625 4531 44.
644 4492 694 4530 essa
710 4478 760 4530 aa:
784 4492 835 4530 assa
855 4481 910 4529 lam
930 4480 995 4531 dett.
1018 4480 1046 4530 0.
1068 4506 1095 4514 -
1115 4479 1155 4529 43.
1179 4491 1276 4542 sarpa·
1295 4478 1398 4529 Siciliae
1419 4480 1496 4544 lagg.
1519 4483 1627 4545 praeter
1647 4481 1688 4533 42.
1707 4509 1735 4519 -

415 4559 564 4609 consumavi
581 4555 600 4604 ll
618 4553 664 4604 Ld.
683 4554 765 4618 ngas:
784 4555 1041 4605 conmemorare
1058 4553 1123 4603 dett.
1141 4554 1170 4603 0.
1186 4579 1212 4590 -
1227 4552 1266 4605 44.
1285 4558 1343 4604 tasse
1354 4553 1405 4604 RS:
1423 4560 1476 4605 tam
1487 4554 1551 4606 dett.
1564 4557 1594 4607 0.
1609 4584 1636 4594 —
1650 4557 1690 4608 46.
1703 4558 1740 4622 o!-

414 4633 492 4698 {andtt
508 4628 554 4691 443,
573 4628 651 4680 codd.
671 4627 763 4681 Lamb.
782 4628 876 4693 (Madv.
896 4630 971 4694 epist.
991 4641 1017 4693 p.
1035 4628 1092 4678 443.
1111 4627 1159 4692 Op.
1177 4629 1197 4678 l.
1217 4641 1243 4692 p.
1256 4628 1337 4691 abab:
1356 4628 1489 4692 offenditur
1504 4629 1569 4682 dett.
1587 4631 1617 4684 0.
1638 4660 1665 4670 -
1681 4633 1740 4697 rre-

416 4708 492 4759 maatl
508 4706 544 4757 443
561 4701 592 4754 l:
611 4710 635 4755 at
649 4705 727 4768 [naa.
746 4703 810 4755 dett.
829 4707 858 4756 0.
880 4731 906 4742 -
926 4706 965 4755 ll.
983 4703 1076 4767 inpedit
1092 4703 1122 4752 rt.
1137 4729 1164 4739 -
1178 4703 1218 4753 48.
1238 4705 1346 4767 wacca
1364 4717 1397 4754 aa
1412 4705 1580 4769 assaradon.
1600 4708 1628 4758 0.
1644 4708 1739 4758 -taao

417 4781 518 4846 aliquot
533 4780 598 4832 dett.
617 4779 675 4842 (sed
692 4777 778 4831 nullus
795 4780 884 4844 lagg„
903 4792 953 4830 nec
970 4778 1012 4828 alil
1028 4777 1119 4840 codd,
1137 4780 1166 4827 ot
1182 4778 1295 4830 videtur.
1322 4780 1377 4829 Nec
1394 4779 1460 4830 intra
1476 4793 1502 4830 v.
1520 4780 1552 4830 43
1570 4783 1597 4831 et
1612 4781 1653 4834 44.
1671 4781 1740 4834 ullas

418 4858 503 4910 codar
519 4857 603 4908 raoni
619 4854 719 4917 habet.)
739 4880 766 4890 -
786 4855 826 4907 49.
843 4855 894 4918 aba]
911 4861 939 4905 at
955 4853 1001 4915 443,
1019 4852 1097 4903 codd.
1116 4851 1208 4903 lamb.
1227 4854 1266 4904 Cl.
1284 4853 1370 4904 lladv.
1388 4866 1415 4919 p.
1429 4855 1486 4904 445.
1501 4876 1528 4891 -·
1547 4855 1588 4906 40.
1606 4857 1640 4906 ad
1654 4856 1741 4907 arbua

418 4932 538 4984 oblitam
555 4932 620 4983 dett.
639 4930 669 4980 0.
692 4929 720 4992 (a
735 4930 807 4980 tttora
823 4930 911 4994 4349.)
931 4956 958 4966 -
976 4928 1017 4978 24.
1036 4927 1180 4978 conlocabat
1203 4929 1236 4987 lt;
1262 4929 1400 4978 conlocavit
1418 4928 1477 4980 cod.
1502 4929 1641 4994 bamberg.
1664 4932 1741 4982 Nonii

418 5021 444 5074 p.
462 5007 520 5059 4444.
540 5007 627 5057 -44,
646 5005 917 5068 compararas.
936 5018 961 5054 a.
981 5003 1028 5054 aa:
1054 5003 1358 5065 mpnmdicsasmo
1379 5004 1454 5054 mma
1476 5003 1541 5055 dett.
1560 5005 1588 5055 0.
1608 5006 1739 5068 -aatral

419 5097 452 5134 aa
468 5086 497 5135 rt.
517 5109 544 5119 -
563 5081 606 5133 2l.
625 5079 713 5144 palbras
728 5079 794 5130 dett.
808 5106 836 5117 -
848 5081 889 5131 25.
907 5083 1039 5130 ammas
1054 5078 1075 5127 ll
1093 5078 1121 5127 et
1136 5074 1268 5142 plerique:
1287 5083 1447 5129 canuam
1462 5078 1509 5129 Ld.
1527 5080 1595 5143 1344
1607 5078 1647 5131 la.
1666 5080 1695 5130 0.
1710 5107 1738 5118 -

417 5158 459 5210 44.
481 5158 529 5209 bec
549 5169 633 5209 comas
653 5154 731 5218 4349.
751 5179 779 5190 -
796 5154 871 5206 arata.
893 5158 917 5206 at
938 5154 1007 5218 dipsa·
1029 5154 1110 5204 idem.
1129 5178 1159 5191 -
1176 5153 1217 5204 44.
1241 5159 1265 5203 st
1283 5153 1345 5204 mr.
1370 5153 1419 5205 aa:
1445 5166 1479 5204 ac
1496 5153 1558 5204 asel.
1577 5151 1641 5204 dett.
1660 5153 1689 5203 0.
1709 5178 1738 5192 -

418 5234 461 5284 34.
480 5232 567 5284 urbas
582 5232 675 5282 atam
690 5229 755 5282 dett.
773 5223 851 5284 03-
869 5230 911 5284 34.
932 5230 1038 5295 ussaw
1057 5242 1127 5282 recor
1148 5229 1284 5298 ramat:
1309 5241 1452 5282 saccom
1476 5227 1589 5280 detto.
1610 5254 1637 5267 -
1655 5226 1696 5282 34.
1713 5228 1742 5281 ta
