4367 6109
831 589 905 654 cn.
926 590 1091 654 rr-vu.
1118 586 1174 672 ss.
1197 584 1344 651 ts-so.
1672 577 1730 645 cst

418 780 559 847 possem,
581 760 769 833 autetiam,
792 761 818 822 si
839 758 918 820 mibi
939 766 1024 821 esset
1046 759 1215 840 integrum,
1238 757 1272 820 C.
1290 756 1407 820 Rabirii
1429 775 1524 818 manu
1546 756 1581 817 L.
1597 752 1736 818 Saturni·

417 875 492 917 num
514 875 585 917 esse
608 854 762 926 occisum,
785 860 816 916 et
837 851 869 914 id
892 852 1013 916 facinus
1034 851 1280 935 pulcherrimum
1295 871 1365 913 esse
1379 850 1561 912 arbitrarer:
1584 845 1640 908 sed
1656 863 1736 928 quo-

416 948 501 1010 niam
523 948 555 1009 id
578 946 681 1010 iacere
703 966 765 1008 non
788 967 933 1029 possum,
962 944 1135 1023 confitebor
1155 946 1205 1021 id,
1233 946 1321 1027 quod
1343 944 1382 1006 ad
1411 941 1537 1004 laudem
1559 939 1662 1002 minus
1684 957 1738 999 va·

416 1040 508 1113 lebit,
538 1040 579 1101 ad
601 1039 717 1102 crimen
742 1059 806 1101 non
832 1040 945 1101 minus.
983 1038 1143 1102 Confiteor
1168 1035 1376 1101 interficiendi
1400 1033 1560 1098 Salumini
1587 1051 1682 1094 causa
1703 1030 1737 1093 C.

416 1133 578 1196 Rabirium
597 1151 684 1195 arma
705 1134 836 1214 cepisse.
881 1131 965 1207 Quid
988 1139 1053 1205 est,
1075 1132 1236 1195 Labiene?
1259 1151 1353 1214 quam
1374 1148 1457 1193 ame
1473 1126 1649 1209 graviorem
1663 1134 1761 1185 con-o

415 1227 583 1290 sessionem
607 1232 662 1287 aut
684 1223 770 1307 quod
792 1225 825 1286 in
847 1225 931 1288 bunc
945 1227 1045 1288 maius
1060 1224 1180 1286 crimen
1197 1226 1383 1306 exspectas?
1411 1221 1478 1284 Nisi
1495 1238 1570 1282 vero
1584 1219 1738 1280 interesse

416 1319 537 1402 aliquid
565 1326 658 1400 putas
687 1318 879 1393 intersum,
910 1319 965 1401 qui
987 1319 1147 1381 bominem
1168 1317 1300 1390 occidit,
1334 1326 1475 1387 etcum,
1505 1312 1558 1395 qui
1581 1329 1653 1373 cum
1675 1307 1738 1370 telo

417 1410 582 1476 occidendi
605 1411 743 1474 bominis
766 1432 860 1475 causa
882 1412 952 1473 fuit.
995 1413 1028 1475 Si
1059 1407 1191 1473 interfici
1214 1411 1415 1473 Saturninum
1438 1406 1527 1469 netas
1548 1403 1623 1476 tuit,
1652 1420 1738 1463 arma

416 1512 540 1587 sumpta
561 1525 631 1568 esse
654 1513 764 1568 contra
786 1506 988 1569 Saturninum
1011 1505 1079 1566 sine
1102 1503 1220 1566 scelere
1242 1523 1307 1565 non
1328 1508 1476 1587 possunt:
1507 1499 1534 1562 si
1561 1515 1648 1561 arma
1667 1495 1738 1556 iure

416 1605 540 1681 sumpta
561 1598 724 1672 concedis,
746 1599 935 1678 interfectum
956 1600 1022 1660 rure
1042 1597 1184 1659 cormedus
1203 1616 1316 1660 necesse
1337 1607 1390 1659 est.
1747 1600 1776 1649 to

695 1693 732 1753 ln
752 1693 950 1753 uetustissimo
972 1692 1140 1772 exemplari
1160 1691 1236 1752 deest
1256 1710 1318 1752 unu
1338 1691 1454 1752 eburis.

500 1786 567 1848 Vll.
597 1782 649 1846 20.
677 1785 727 1847 Fit
748 1794 877 1848 senatus
899 1785 1096 1858 consultum,
1118 1793 1153 1847 ut
1175 1785 1207 1848 C.
1230 1785 1347 1847 blarius
1369 1784 1403 1845 L.
1425 1781 1572 1847 Valerius
1593 1779 1739 1843 consules

416 1881 602 1945 adhiberent
629 1879 772 1942 tribunos
800 1878 843 1961 pl.
872 1887 903 1940 et
932 1886 1111 1961 praetores,
1151 1898 1230 1962 quos
1260 1878 1307 1940 eis
1335 1876 1513 1949 rideretur,
1548 1892 1739 1957 operamque

416 1974 527 2036 duent
547 1980 582 2035 ut
603 1973 768 2055 imperium
791 1972 900 2054 populi
917 1974 1047 2036 Romani
1069 1972 1280 2054 maiestasque
1303 1977 1550 2034 conservaretur.
1581 1966 1741 2029 adhibent

416 2088 526 2131 omnes
554 2067 699 2129 tribunos
733 2066 775 2146 pl.
805 2073 930 2148 praeter
958 2066 1176 2138 Saturninum,
1211 2071 1373 2147 praetores
1403 2070 1528 2147 praeter
1557 2059 1776 2124 Glauciamzts

416 2162 470 2245 qui
494 2181 560 2223 rem
583 2159 742 2241 publicam
764 2159 883 2221 salvam
905 2179 975 2222 esse
997 2158 1131 2232 vellent,
1154 2177 1240 2221 arma
1263 2177 1376 2240 capere
1398 2164 1431 2219 et
1452 2177 1487 2220 se
1508 2155 1600 2240 sequi
1621 2153 1739 2217 iubens

415 2255 529 2316 Parent
559 2272 678 2315 omnes.
726 2253 776 2314 Ex
803 2249 955 2315 aediliciis
989 2252 1301 2335 armamentariisque
1335 2251 1470 2334 publicis
1501 2269 1588 2313 arma
1619 2246 1740 2331 populo

415 2348 575 2418 Romano,
605 2346 638 2409 C.
661 2346 760 2409 llario
783 2346 913 2408 consule
936 2345 1159 2420 distribuente,
1188 2346 1312 2408 dantur.
1354 2346 1414 2407 llic
1435 2347 1513 2419 iam,
1541 2352 1577 2406 ut
1598 2343 1739 2406 omittam

416 2447 531 2513 cetera,
553 2440 594 2501 de
616 2445 649 2501 te
671 2440 750 2521 ipso,
772 2439 927 2513 Labiene,
949 2458 1086 2522 quaero:
1109 2460 1179 2502 cum
1202 2440 1389 2502 Saturninus
1411 2438 1599 2520 Capitolium
1618 2441 1741 2500 teneret

416 2539 574 2605 armatus,
605 2540 690 2595 esset
711 2553 775 2595 una
797 2532 830 2595 C.
853 2533 1000 2606 Glaucia,
1031 2533 1064 2595 C.
1087 2533 1250 2607 Saufeius,
1279 2533 1373 2596 etiam
1395 2531 1449 2594 ille
1471 2553 1512 2594 ex
1534 2529 1777 2613 compedibusn

416 2633 515 2709 atque
536 2625 697 2707 ergastulo
719 2625 889 2701 Gracchus,
912 2625 1034 2701 addam,
1058 2626 1208 2710 quoniam
1229 2627 1271 2689 ita
1293 2627 1352 2700 ris,
1373 2627 1485 2689 eodem
1503 2624 1542 2700 Q.
1557 2623 1740 2700 Labienum,

418 2728 565 2801 patruum
587 2727 690 2794 tuum;
720 2718 753 2781 in
775 2718 844 2782 foro
865 2728 968 2783 autem
997 2721 1030 2783 C.
1052 2722 1171 2784 blasius
1193 2729 1225 2782 et
1252 2721 1287 2782 L.
1308 2720 1453 2782 Valerius
1473 2718 1604 2781 Flaccus
1625 2736 1741 2780 consu·

417 2814 483 2888 les,
505 2820 580 2897 post
599 2820 731 2875 cunctus
754 2822 883 2876 senatus
904 2821 1000 2896 atque
1021 2814 1076 2876 ille
1099 2820 1244 2886 senatus,
1274 2832 1367 2896 quem
1389 2813 1483 2875 etiam
1503 2831 1561 2874 vos
1582 2812 1659 2893 ipsi,
1684 2809 1739 2893 qui

418 2905 478 2968 bos
499 2913 604 2990 patres
626 2907 839 2989 conscriptos,
861 2908 917 2990 qui
938 2927 1023 2969 nunc
1044 2915 1128 2980 sunt,
1150 2906 1183 2969 in
1205 2907 1355 2969 invidiam
1378 2907 1507 2980 vocatis,
1530 2925 1595 2989 quo
1616 2904 1739 2968 facilius

417 2998 457 3061 de
483 2999 546 3061 boc
573 3008 684 3061 senatu
717 2999 883 3062 detrabere
913 3000 1059 3083 possitis,
1094 3000 1219 3063 loudore
1246 3001 1454 3063 consuevistis:
1489 3020 1561 3062 cum
1594 3006 1777 3084 equestertt

415 3092 494 3155 ordo
521 3127 564 3138 -
592 3099 625 3155 at
656 3113 789 3175 quorum
823 3094 965 3176 equitum
1002 3090 1257 3176 [Romanorum],
1293 3093 1325 3156 di
1364 3093 1573 3156 immortalesi
1614 3101 1739 3175 patrum

418 3194 597 3250 nostrorum
619 3193 714 3268 atquc
736 3186 806 3249 eius
827 3187 956 3260 aetatis,
979 3187 1002 3268 †
1026 3206 1107 3269 quae
1129 3193 1195 3249 tum
1217 3205 1363 3268 magnam
1383 3194 1506 3269 partem
1526 3186 1573 3248 rei
1594 3185 1738 3270 publicae

416 3288 511 3363 atque
543 3298 668 3341 omnem
697 3279 883 3361 dignitatem
908 3281 1095 3345 iudiciorum
1125 3283 1253 3346 tenebat
1273 3303 1330 3343 —r
1358 3303 1430 3345 cum
1459 3301 1569 3345 omnes
1597 3279 1739 3342 omnium

415 3371 564 3435 ordinum
592 3372 755 3446 homines,
784 3373 899 3457 quiin
928 3375 1029 3438 salute
1057 3377 1103 3440 rei
1132 3377 1277 3459 publicae
1303 3375 1437 3439 salutem
1458 3394 1547 3438 suam
1569 3373 1738 3456 repositam

481 3707 504 3756 t.
522 3705 619 3755 siniti
635 3705 668 3770 es]
686 3707 712 3756 in
730 3705 769 3756 his
788 3705 879 3758 litteris
896 3707 985 3758 deficit
1002 3710 1032 3759 V.
1053 3736 1080 3745 —
1100 3709 1187 3761 ttabtn'
1204 3711 1309 3774 olagg.
1331 3737 1357 3746 -
1377 3709 1401 3759 3.
1420 3712 1537 3774 confiteor
1552 3711 1578 3760 id
1593 3709 1737 3762 abcdeli

415 3785 442 3832 et
459 3783 474 3832 3
491 3783 591 3831 Oxonn.
613 3804 640 3818 ·-
660 3783 699 3832 tt.
717 3783 829 3832 concedis
840 3797 981 3834 --necesse
998 3785 1043 3846 est]
1059 3785 1136 3836 codd.
1155 3798 1264 3836 mance:
1288 3785 1400 3835 cummis
1418 3785 1497 3844 inter;
1523 3783 1737 3849 supplementum

415 3858 529 3921 primum
546 3856 635 3906 inveni
651 3857 677 3906 in
695 3857 844 3906 Manutianu
861 3871 886 3908 a.
905 3858 978 3909 tait.
999 3884 1026 3894 -
1047 3861 1087 3910 tt.
1112 3860 1401 3922 nevernensium]
1423 3862 1458 3910 ita
1479 3859 1634 3911 adnotatum
1655 3865 1696 3912 est
1712 3862 1738 3912 in

414 3931 587 3992 bodehm,
612 3933 639 3981 et
655 3931 775 3982 similiter
798 3933 824 3982 in
840 3933 867 3984 S.
886 3958 913 3968 ·-
933 3932 973 3984 tt.
994 3935 1181 3986 udtibentsk:
1204 3935 1414 3994 adtritumue,
1440 3936 1592 3993 αάὴόὁονοίς
1615 3936 1740 3986 auus-n

415 4006 470 4059 rell.
490 4008 567 4069 lagg.
587 4008 615 4055 et
631 4007 730 4055 Oxoon.
751 4030 777 4042 -
798 4008 838 4057 lb.
857 4009 936 4057 omnis
958 4009 1036 4059 codd.
1059 4009 1189 4075 plerique.
1209 4036 1235 4045 -
1252 4016 1382 4072 montom
1403 4011 1546 4061 llanutius:
1569 4023 1624 4060 om.
1648 4010 1738 4073 codd,

414 4094 476 4132 cum
494 4084 554 4131 nota
567 4093 610 4142 pr.
630 4083 691 4130 ante
709 4085 812 4142 praeter
835 4081 1005 4133 interciderit.
1035 4087 1102 4134 Ante
1125 4085 1270 4134 Manutium
1290 4083 1429 4134 Turnebus
1451 4088 1478 4134 et
1499 4086 1556 4135 Ant
1579 4085 1739 4148 Augustinus

414 4153 616 4220 suppleverunt:
638 4168 722 4204 onnes
738 4159 882 4217 praetores,
907 4160 934 4206 et
956 4157 995 4207 sic
1012 4158 1039 4207 L.
1060 4180 1088 4194 -
1109 4158 1149 4207 tt.
1168 4157 1296 4222 aediliciis]
1313 4159 1356 4207 ede
1371 4158 1410 4206 sni
1426 4171 1505 4208 anun
1520 4160 1612 4223 ng3
1636 4160 1662 4208 in
1679 4157 1737 4210 rell.

414 4231 492 4292 lagg.
515 4229 633 4292 amnas
655 4232 745 4278 extare
768 4229 888 4290 videtur,
911 4231 960 4282 nisi
982 4230 1054 4295 quod
1071 4233 1097 4282 in
1121 4232 1154 4281 tir
1165 4245 1183 4282 n
1199 4245 1277 4281 onem
1292 4230 1445 4292 relucetis,
1467 4233 1493 4282 in
1511 4231 1605 4284 turris
1620 4235 1738 4285 additum

414 4307 471 4361 est3
496 4304 615 4367 mditteits
636 4305 715 4353 sacris
736 4307 752 4354 S
770 4305 795 4355 in
817 4319 915 4369 marg.;
942 4308 1060 4371 aedificiis
1081 4307 1183 4357 neuun
1203 4307 1283 4355 ruens
1304 4307 1339 4364 ll;
1365 4306 1465 4357 mutem
1485 4310 1736 4367 seneschalcum

413 4379 473 4428 aede
489 4378 586 4427 Sancus
597 4379 796 4430 Mommsenius.
811 4406 838 4417 —
851 4383 1090 4445 ornamentumque
1107 4383 1209 4445 qiam.
1221 4406 1247 4415 -
1260 4381 1300 4430 ts.
1318 4386 1423 4441 teneret,
1441 4387 1556 4432 nnnmus
1572 4390 1632 4434 esset
1647 4398 1701 4432 una
1716 4386 1735 4434 l.

416 4465 477 4502 cum
497 4452 560 4503 edd.
579 4457 642 4504 vett.
663 4481 690 4490 -
710 4456 751 4506 at.
770 4461 845 4517 utque
861 4470 894 4506 ec
912 4457 1036 4520 erqostulo
1052 4457 1080 4506 l..
1101 4484 1128 4493 —
1147 4458 1188 4506 25.
1206 4457 1312 4507 laudm
1331 4457 1489 4505 conmunire
1508 4456 1586 4508 abest
1602 4471 1616 4505 a
1639 4457 1738 4506 codici-

414 4528 473 4579 bus.
489 4555 515 4565 -
529 4529 571 4579 26.
590 4529 758 4579 Romanorum
775 4532 910 4582 Ernestius
927 4530 1025 4581 delevit
1041 4544 1104 4581 cum
1122 4531 1165 4581 ed.
1179 4533 1279 4583 Veneta
1291 4531 1364 4583 tiso.
1379 4556 1406 4568 -
1420 4533 1462 4582 at.
1474 4539 1587 4583 nostnnn
1598 4533 1614 4585 l
1626 4536 1736 4593 Oneon,

415 4605 466 4653 mei
484 4606 593 4667 praeter
611 4606 628 4655 i.
644 4630 671 4640 -
685 4611 761 4667 utque
777 4607 808 4665 S,
827 4606 875 4656 sed
892 4619 950 4671 sup.
970 4606 1014 4656 lin.
1034 4612 1088 4656 out.
1102 4632 1129 4641 -
1144 4620 1209 4669 quoe
1220 4643 1227 4656 .
1240 4645 1245 4657 .
1259 4645 1264 4657 .
1278 4607 1382 4670 tenebat]
1401 4607 1565 4658 «Admodum
1582 4609 1737 4658 inconcinna

415 4679 483 4728 haec
501 4691 560 4728 esso
573 4681 657 4729 sensit
668 4679 811 4730 Lambinus
823 4694 975 4745 proponens
992 4683 1035 4744 qui
1045 4708 1059 4718 -
1068 4707 1082 4718 -
1094 4681 1214 4732 taedent.
1234 4682 1285 4732 Sed
1298 4684 1376 4733 etlam
1389 4695 1460 4733 nunc
1471 4682 1613 4745 legendum
1624 4695 1736 4733 censeo:

414 4754 549 4816 quitando
567 4757 700 4820 equester)
719 4757 823 4807 unebot.
852 4759 917 4808 Nam
935 4763 1018 4819 netas,
1042 4771 1229 4822 quaecumque
1246 4757 1354 4808 tandem
1373 4760 1426 4816 est,
1448 4771 1568 4820 muqnom
1586 4764 1685 4818 portem
1700 4758 1738 4807 rei

409 4845 438 4892 p.
456 4836 537 4880 tenue
554 4843 605 4880 non
623 4835 722 4895 potest:
749 4838 854 4894 patrum
869 4838 1012 4882 nostrumne
1027 4836 1117 4883 autem
1134 4838 1157 4883 et
1172 4834 1226 4884 eius
1244 4835 1334 4883 nuntia
1350 4834 1478 4896 significat
1494 4845 1540 4882 eos
1557 4844 1666 4891 omnes,
1692 4833 1737 4896 qui

414 4905 491 4970 paulo
509 4907 623 4957 maiores
639 4905 681 4956 vel
699 4907 817 4958 minores
834 4910 896 4957 natu
913 4907 1033 4971 patribus
1053 4908 1149 4958 nostris
1172 4909 1278 4959 inerunt
1300 4908 1432 4970 simulque
1454 4918 1514 4956 cum
1533 4906 1573 4956 his
1589 4908 1737 4957 vixerunt.»

413 4983 457 5032 On.
476 4983 501 5031 Ξ.
531 4982 585 5030 Nec
603 4980 643 5029 his
661 4983 805 5044 quicquam
823 4978 972 5041 lucramur;
991 4982 1158 5034 desideratur
1174 4985 1259 5043 enim,
1283 4985 1305 5034 si
1322 4982 1386 5046 quid
1402 4982 1494 5043 uideo,
1517 4982 1642 5044 verbum,
1665 4983 1737 5034 unde

413 5056 525 5119 genetivi
539 5060 644 5117 potrum
655 5057 792 5105 --oetotis
808 5057 931 5121 suspensi
948 5057 1015 5114 sint;
1034 5059 1090 5120 ipse
1108 5059 1219 5106 tentavi:
1243 5065 1346 5120 parmen
1361 5074 1386 5108 n.
1404 5063 1479 5119 utque
1495 5058 1547 5107 nass
1562 5059 1662 5118 oewtis,
1686 5073 1738 5121 qun

413 5138 465 5181 torn
480 5144 602 5195 nunqnam
619 5134 719 5191 portem
734 5131 772 5179 rei
786 5144 813 5191 p.
826 5129 982 5191 --tenebot‚
1004 5132 1226 5182 illustrissimorum
1247 5132 1296 5195 (rel
1318 5135 1510 5194 ittrutrissimus,
1532 5133 1555 5183 si
1575 5131 1650 5182 malis
1673 5146 1734 5185 cum

412 5211 522 5266 equester
538 5205 599 5254 ordo
616 5205 799 5268 coniungere),
822 5207 838 5255 i.
858 5220 882 5256 e.
902 5207 1021 5268 equiturn
1043 5205 1278 5257 illustrissimorum
1300 5208 1393 5258 aetatis
1415 5210 1520 5271 patrum
1537 5211 1688 5259 nostrorum
1705 5210 1733 5261 u

412 5280 483 5340 eius,
501 5293 554 5344 que
569 5282 696 5344 equester
711 5279 776 5331 ordo
789 5317 796 5331 .
808 5315 815 5332 .
827 5317 833 5331 .
847 5279 962 5332 tenebat.
982 5305 1008 5315 -
1027 5279 1069 5330 29.
1087 5280 1131 5342 qui
1146 5293 1200 5332 om.
1218 5282 1245 5333 S.
