4367 6109
447 589 510 657 abt
845 590 996 657 ORATIO
1017 590 1097 656 PRO
1118 592 1156 656 A.
1178 590 1380 658 GLUENTIO

448 765 517 828 XV.
539 762 696 827 Martiales
718 763 846 846 quidam
861 763 967 826 Larini
990 761 1245 845 appellabantur,
1268 762 1401 825 ministri
1422 762 1545 846 publici
1562 762 1685 828 Martis
1700 773 1791 848 atque

448 860 477 922 ei
500 860 560 920 deo
582 857 739 920 veteribus
761 855 911 919 institutis
928 856 1199 939 religionibusque
1213 857 1405 919 Larinatium
1421 857 1629 921 consecrati:
1654 879 1791 942 quorun

449 973 520 1015 cum
542 950 617 1014 satis
639 969 770 1032 magnus
791 969 943 1013 numerus
973 956 1072 1023 esset,
1103 969 1238 1033 cumque
1260 949 1352 1024 item,
1381 957 1417 1013 ut
1440 951 1474 1012 in
1497 951 1616 1015 Sicilia
1638 953 1788 1035 permulti

448 1045 577 1108 Venerii
599 1052 687 1118 sunt,
710 1042 755 1106 sic
777 1043 823 1106 illi
846 1043 951 1106 Larini
972 1044 1004 1105 in
1018 1043 1126 1106 Martis
1148 1041 1265 1106 familia
1279 1053 1540 1118 numerarentur,
1565 1055 1712 1128 repente
1730 1046 1789 1130 Op

424 1139 591 1297 ‘ttltt
610 1136 1067 1294 .t⁰t.ttt5:..¹l².‘lttit
1088 1136 1256 1312 sitiit.
1276 1138 1787 1320 trassenetula:

448 1327 487 1388 ab
509 1327 623 1390 Habito
645 1327 840 1409 petiverunt,
870 1331 904 1386 ut
931 1344 1000 1387 eam
1022 1343 1148 1386 causam
1171 1325 1346 1407 susciperet
1366 1324 1561 1409 publiceque
1584 1325 1785 1392 detenderet.

447 1419 579 1483 Habitus
601 1441 671 1483 curn
695 1440 728 1482 se
750 1419 790 1481 ab
812 1419 898 1482 omni
922 1418 992 1480 eius
1014 1417 1098 1480 modi
1115 1418 1242 1498 negotio
1259 1419 1461 1493 removisset,
1482 1425 1596 1483 tamen
1617 1441 1685 1503 pro
1707 1420 1786 1495 loco,

448 1534 504 1597 pro
526 1514 713 1598 antiquitate
736 1514 860 1594 generis
883 1512 948 1585 sui,
970 1531 1027 1593 pro
1049 1531 1104 1584 eo,
1134 1511 1219 1593 quod
1242 1532 1275 1574 se
1302 1532 1367 1574 non
1400 1513 1466 1575 suis
1496 1514 1704 1590 commodis,
1734 1516 1785 1578 sed

412 1608 543 1671 raetiam
569 1627 700 1670 suorum
723 1606 915 1689 municipum
938 1612 1176 1689 ceterorumque
1195 1606 1444 1670 necessariorum
1467 1615 1582 1672 natum
1605 1628 1686 1671 esse
1708 1608 1785 1672 arbi-

448 1701 602 1774 trabatur,
623 1706 726 1762 tantae
747 1699 900 1763 voluntati
920 1699 1138 1761 universorum
1160 1699 1354 1762 Larinatium
1374 1701 1486 1764 deesse
1507 1701 1628 1764 noluit.
1659 1697 1714 1764 tl.
1730 1702 1785 1765 Su·

448 1802 555 1878 scepta
583 1813 677 1858 causa
706 1794 899 1876 Romamque
923 1792 1026 1855 delata
1046 1812 1178 1874 magnae
1201 1794 1342 1877 quotidie
1364 1796 1591 1858 contentiones
1613 1796 1706 1859 inter
1726 1796 1786 1859 lla·

447 1889 548 1951 bitum
570 1896 602 1951 et
623 1887 832 1972 Oppianicum
855 1906 895 1949 ex
917 1888 1081 1969 utriusque
1104 1887 1209 1949 studio
1227 1886 1420 1951 defensionis
1442 1889 1683 1954 excitabantur.
1714 1892 1786 1953 Erat

448 1982 516 2065 ipse
538 1981 665 2043 immani
686 1981 860 2063 acerbaque
882 1989 991 2043 natura
1014 1979 1230 2062 Oppianicus:
1252 1981 1441 2044 incendebat
1459 1983 1528 2046 eius
1543 1985 1728 2049 amentiam
1741 1987 1785 2048 in·

411 2074 529 2138 infesta
557 2084 652 2157 atque
681 2075 807 2137 inimica
832 2073 899 2135 tilio
928 2080 1027 2136 mater
1054 2073 1169 2136 Habiti.
1212 2075 1317 2156 Magni
1346 2083 1452 2138 autem
1473 2076 1520 2139 illi
1542 2097 1605 2140 sua
1627 2079 1784 2143 interesse

448 2169 693 2243 arbitrabantur,
726 2169 811 2231 bunc
842 2188 862 2231 a
893 2188 986 2232 causa
1013 2167 1202 2230 Martialium
1230 2169 1392 2233 removeri.
1437 2170 1573 2234 Suberat
1602 2174 1706 2236 etiam
1728 2173 1786 2237 alia

447 2283 544 2326 causa
558 2264 665 2336 maior,
681 2282 762 2346 quae
779 2261 956 2345 Oppianici,
976 2261 1112 2324 bominis
1126 2262 1299 2324 avarissimi
1318 2260 1424 2346 [atque
1439 2262 1677 2349 audacissimi],
1700 2289 1785 2332 men·

449 2367 512 2421 tem
526 2358 660 2421 maxime
676 2357 899 2420 commovebat.
929 2353 980 2418 to.
995 2358 1073 2417 Nam
1087 2355 1219 2418 Habitus
1241 2376 1342 2440 usque
1360 2355 1399 2418 ad
1422 2357 1507 2420 illius
1521 2358 1637 2423 iudicii
1659 2368 1786 2445 tempas

448 2451 568 2515 nullum
590 2458 810 2515 testamentum
829 2470 978 2534 umquam
994 2450 1132 2512 lecerat:
1154 2470 1257 2532 neque
1276 2446 1381 2532 [enim]
1397 2450 1503 2533 legare
1518 2453 1704 2537 quicquam
1719 2458 1786 2522 οἰιιι

411 2546 532 2610 semodi
554 2546 644 2608 matri
665 2552 791 2629 poterat
811 2545 948 2608 animum
970 2543 1139 2616 inducere,
1169 2563 1272 2626 neque
1295 2551 1480 2608 testamento
1502 2565 1626 2611 nomen
1652 2552 1785 2616 omnino
1872 2595 1873 2634 p

448 2640 696 2724 praetermittere
717 2639 866 2721 parentis.
896 2637 930 2700 ld
953 2657 1024 2699 cum
1040 2636 1232 2721 Oppianicus
1255 2639 1348 2701 sciret
1362 2671 1403 2684 -
1417 2641 1627 2722 nequeenim
1645 2652 1721 2708 erat
1732 2647 1788 2709 ob-

447 2755 571 2800 scuram
586 2766 645 2808 -,
667 2733 862 2815 intelligebat
882 2732 997 2793 Habito
1020 2740 1145 2794 mortuo
1167 2730 1249 2793 bona
1271 2733 1339 2795 eius
1361 2734 1466 2795 omnia
1483 2733 1523 2795 ad
1549 2744 1693 2801 matrem
1718 2761 1787 2806 esse

448 2835 594 2891 ventura:
619 2845 701 2909 quae
722 2826 761 2888 ab
783 2845 853 2888 sese
876 2832 987 2908 postea
1009 2834 1100 2889 aucta
1123 2826 1258 2908 pecunia
1273 2828 1389 2888 maiore
1404 2828 1562 2909 praemio,
1587 2832 1708 2898 orbata
1722 2833 1786 2899 lilio

449 2923 569 2984 minore
592 2920 731 3003 periculo
752 2927 925 2982 necaretur.
969 2920 1080 3003 ltaque
1103 2919 1152 2981 his
1174 2918 1268 2981 rebus
1290 2919 1458 2995 incensus,
1481 2942 1546 3005 qua
1569 2927 1702 2992 ratione
1724 2931 1787 2993 lla·

410 3017 546 3079 abitum
567 3033 689 3077 veneno
713 3014 823 3078 tollere
845 3022 975 3075 conatus
998 3014 1054 3088 sit,
1077 3014 1266 3094 cognoscite.
1309 3014 1392 3076 xvi.
1414 3009 1465 3077 tt.
1488 3016 1521 3079 C.
1544 3025 1579 3081 et
1594 3020 1631 3082 L.
1645 3022 1787 3088 Fabricii

448 3110 559 3173 fratres
592 3109 707 3191 gemini
735 3108 863 3172 fuerunt
893 3128 933 3170 ex
963 3108 1132 3192 municipio
1160 3108 1340 3182 Aletrinati,
1372 3107 1517 3172 homines
1538 3111 1626 3178 inter
1651 3137 1691 3180 se
1714 3139 1784 3182 cunr

448 3203 564 3276 forma,
593 3210 659 3265 tum
681 3203 818 3266 moribus
840 3203 976 3276 similes,
1003 3203 1197 3284 municipum
1219 3210 1325 3265 autem
1346 3222 1472 3266 suorum
1493 3203 1730 3275 dissimillimi:
1751 3213 1784 3276 in

450 3298 565 3381 quibus
588 3305 721 3380 quantus
744 3295 894 3379 splendor
915 3297 972 3370 sit,
995 3316 1089 3379 quam
1110 3317 1209 3379 prope
1228 3296 1417 3379 aequabilis,
1441 3318 1537 3380 quam
1550 3301 1621 3365 fere
1636 3308 1783 3370 omnium

449 3401 597 3454 constans
630 3397 661 3453 et
693 3391 853 3455 moderata
880 3390 959 3453 ratio
980 3391 1079 3463 vitae,
1110 3410 1202 3452 nomo
1224 3398 1380 3464 vestrum,
1411 3400 1445 3453 ut
1473 3412 1544 3457 mea
1573 3395 1637 3459 fert
1660 3402 1783 3483 opinio,

412 3487 581 3570 acignorat.
620 3486 677 3548 llis
707 3486 859 3549 Fabriciis
881 3505 1007 3568 semper
1028 3492 1076 3547 est
1097 3504 1172 3545 usus
1195 3483 1388 3567 Oppianicus
1409 3485 1673 3555 familiarissime.
1719 3497 1784 3559 lam

448 3582 509 3644 boc
535 3580 601 3643 iere
630 3581 716 3643 scitis
744 3600 869 3654 omnes,
898 3585 1047 3662 quantam
1074 3578 1138 3639 vim
1165 3576 1280 3640 babeat
1301 3578 1340 3641 ad
1363 3580 1602 3661 coniungendas
1624 3589 1783 3653 amicitias

449 3673 622 3738 studiorum
644 3694 680 3737 ac
701 3683 831 3737 naturae
854 3673 1034 3736 similitudo.
1074 3672 1220 3735 Camilli
1243 3674 1287 3735 ita
1309 3674 1466 3747 viverent,
1489 3683 1524 3737 ut
1538 3676 1668 3742 nullum
1684 3703 1784 3766 quae-

449 3776 530 3830 stum
553 3788 622 3831 esse
643 3777 765 3851 turpem
788 3769 1028 3840 arbitrarentur,
1050 3787 1122 3830 eum
1142 3766 1244 3829 omnis
1266 3767 1305 3829 ab
1327 3768 1365 3830 iis
1386 3767 1487 3842 fraus,
1510 3789 1620 3834 omncs
1644 3775 1783 3839 insidiae

449 3863 813 3946 circumscriptionesque
835 3862 1080 3925 adolescentium
1097 3868 1315 3935 nascerentur,
1338 3881 1472 3944 cumque
1494 3872 1603 3929 essent
1623 3868 1717 3934 vitiis
1737 3879 1783 3935 at·

411 3972 512 4038 toque
534 3957 730 4039 improbitate
753 3956 897 4018 omnibus
919 3956 1004 4028 noti,
1026 3954 1183 4029 studiose,
1205 3964 1240 4017 ut
1261 3954 1345 4030 dixi,
1367 3955 1407 4017 ad
1426 3975 1534 4017 eorum
1555 3978 1591 4020 sc
1613 3957 1783 4028 familiari.

360 4054 362 4057 ’
450 4057 544 4112 tatem
566 4050 673 4113 multis
695 4051 757 4114 iam
779 4057 851 4112 ante
874 4048 964 4110 annis
987 4049 1184 4131 Oppianicus
1209 4050 1391 4132 applicaret.
1435 4046 1485 4111 47.
1507 4051 1620 4134 ltaque
1643 4061 1717 4120 tum
1738 4060 1781 4122 sic

450 4144 558 4207 statuit
578 4165 635 4228 per
657 4145 690 4207 C.
705 4144 881 4206 Fabricium
903 4175 944 4188 -
966 4162 1038 4205 nam
1060 4143 1176 4206 Lucius
1199 4152 1266 4206 erat
1287 4153 1429 4207 mortuus
1443 4176 1485 4190 -
1505 4144 1641 4210 insidias
1665 4146 1787 4222 Habito¹

515 4397 538 4445 4.
557 4396 655 4459 quidam
671 4396 699 4445 T.
714 4421 741 4431 ·-
760 4394 785 4444 2.
803 4394 825 4443 ei
842 4391 894 4458 deo]
911 4393 1005 4452 ideas,
1025 4394 1086 4443 adeo
1098 4394 1126 4443 T.
1142 4419 1167 4429 -
1182 4393 1205 4443 3.
1218 4399 1247 4442 ut
1263 4405 1316 4443 om.
1329 4394 1396 4443 F.-
1410 4392 1434 4445 l.
1451 4393 1599 4447 l’eneriibl:
1620 4394 1780 4459 VMSR

452 4471 550 4522 Venerei
567 4467 706 4521 FALOO.
734 4469 771 4519 Ct.
790 4468 956 4532 Wesenberg
972 4470 1114 4519 Emendatt.
1130 4469 1197 4519 linc.
1215 4470 1286 4531 Dira
1305 4472 1333 4520 P.
1352 4470 1394 4519 lll.
1413 4482 1440 4533 p.
1453 4470 1484 4518 ta
1501 4481 1542 4532 sq.
1562 4494 1591 4505 ·-
1611 4470 1636 4520 7.
1658 4486 1712 4536 qua
1727 4488 1781 4526 om,

448 4547 539 4597 l'blA.
554 4574 581 4583 —
601 4547 625 4597 9.
643 4559 669 4595 se
685 4546 779 4595 om.l'.
800 4572 826 4580 —
845 4559 894 4595 nan
911 4546 962 4594 sais
978 4546 1035 4594 ST:
1053 4558 1104 4593 non
1120 4545 1199 4594 solam
1213 4545 1265 4593 sais
1282 4541 1369 4602 aa&
1387 4558 1437 4594 non
1452 4544 1503 4593 suis
1518 4543 1600 4594 soban
1616 4546 1720 4601 HLO.
1742 4552 1781 4603 ct,

447 4621 573 4672 Kritzium
591 4622 623 4673 ad
640 4619 705 4671 Vcll.
724 4623 826 4672 Patere.
844 4623 875 4671 ll.
893 4623 936 4681 44,
955 4622 980 4670 4.
1001 4649 1028 4657 -
1048 4621 1088 4670 40.
1107 4621 1269 4683 manicipium
1286 4621 1340 4670 TF.
1360 4648 1387 4656 —
1406 4620 1604 4670 maselinum
1620 4633 1681 4675 om.
1702 4627 1733 4677 T,
1752 4653 1780 4666 ..

448 4699 488 4749 44.
507 4698 601 4759 anae]
619 4701 694 4747 antea
710 4698 762 4747 ST.
781 4724 808 4734 —
834 4697 872 4746 44.
891 4696 979 4746 cotidie
995 4697 1012 4745 S
1029 4694 1138 4759 ubique.
1159 4723 1186 4732 -
1206 4696 1246 4746 46.
1264 4697 1386 4746 moveri
1402 4697 1459 4746 ST:
1478 4695 1682 4760 amared&
1702 4703 1785 4754 dana·

446 4786 504 4824 ocra
520 4774 646 4832 l'blL0;
665 4773 787 4822 dnnooni
804 4771 925 4822 Klotzius.
941 4798 967 4806 -
987 4771 1027 4820 47.
1048 4775 1123 4832 atque
1139 4770 1298 4821 audacissimi
1315 4785 1368 4822 om.
1384 4773 1401 4822 S
1417 4784 1458 4835 pr.
1472 4783 1509 4820 m.
1523 4798 1550 4808 -
1571 4771 1614 4822 49.
1634 4787 1784 4841 quanqum

448 4849 581 4911 quicquam
596 4848 714 4898 citaroedi
730 4848 807 4897 matri
819 4852 919 4909 poterat
935 4848 961 4895 in
978 4846 1091 4895 animum
1107 4846 1223 4895 inducere
1232 4848 1377 4897 Arusianus
1388 4846 1500 4897 Messius
1515 4859 1542 4897 v.
1554 4847 1674 4902 lnducite
1689 4853 1720 4904 tn
1730 4855 1785 4905 fle.

447 4936 517 4973 mam
536 4937 561 4987 p.
579 4924 636 4973 435.
655 4923 698 4972 ed.
718 4923 836 4974 Lindem.
860 4950 887 4958 -
915 4923 980 4972 'enim
1000 4934 1053 4972 om.
1073 4923 1127 4971 ST.
1157 4949 1184 4957 —
1211 4923 1344 4984 quaquam
1363 4922 1521 4972 Arusianus:
1550 4934 1606 4974 om.
1636 4930 1737 4981 ceteri.
1755 4955 1782 4966 -

448 4999 489 5049 40.
507 5001 619 5049 mimam
635 5000 786 5051 STFblA:
810 5000 837 5047 ia
857 4999 969 5047 animam
985 4998 1144 5060 Arusianus,
1166 4995 1248 5048 LOO.
1269 5025 1296 5033 —
1321 5000 1361 5048 45.
1385 4996 1490 5046 Fabiitii
1511 4997 1783 5066 suscensuisse,

448 5074 494 5123 ST
510 5076 617 5137 passim.
639 5102 665 5112 -
689 5075 730 5126 26.
748 5074 879 5125 Aletrinati
899 5074 1047 5123 Priscianus
1073 5073 1135 5135 (Vll.
1155 5072 1200 5134 44,
1218 5073 1283 5135 lod,
1302 5074 1334 5122 L:
1358 5072 1473 5122 Larinati
1490 5072 1547 5130 ST;
1569 5074 1784 5134 Aletrinatem

448 5145 537 5206 at0;
563 5150 705 5200 Atacninatc
722 5149 765 5198 cd.
784 5161 808 5197 a.
829 5147 915 5206 4474.;
940 5148 1076 5198 Aletrinati
1097 5146 1222 5198 Halmius.
1250 5147 1288 5199 Cl.
1314 5147 1337 5210 ἓ.
1356 5147 1397 5198 la.
1416 5147 1455 5197 56.
1481 5173 1509 5183 -
1531 5149 1599 5215 mam]
1622 5156 1681 5207 tran
1705 5158 1736 5210 Τ,
1754 5183 1782 5198 ..

449 5222 490 5273 30.
508 5228 543 5273 ert
558 5238 617 5274 asar
632 5226 691 5275 ST:
709 5237 769 5275 aras
784 5228 820 5274 est
836 5219 978 5274 RALOO.
993 5250 1020 5259 -
1040 5224 1079 5274 33.
1098 5237 1149 5273 csse
1165 5229 1262 5286 talpam
1278 5225 1338 5273 Sl:
1360 5229 1457 5286 talpam
1472 5235 1523 5272 asse
1539 5224 1693 5286 444ιὲ0,
1708 5261 1739 5274 -
1755 5235 1785 5286 gg

449 5297 510 5348 ST:
527 5297 565 5348 bis
580 5297 752 5355 suanno,
772 5326 800 5337 -·
818 5297 859 5350 30.
877 5297 990 5364 dadino]
1007 5299 1088 5350 stadia
1104 5300 1179 5350 bt·
1198 5299 1239 5349 37.
1257 5298 1347 5349 Lucius
1363 5298 1393 5347 S:
1412 5298 1440 5347 l..
1459 5297 1552 5349 ceteri.
