4367 6109
444 551 508 620 ati
823 553 866 617 IN
882 549 1053 617 vanum
1072 547 1196 616 ACTIO
1218 549 1402 616 SECUNDA

445 724 681 793 nummulorum
704 721 783 785 dicis
805 741 901 786 causa
922 721 1020 786 daret.
1052 722 1178 785 lnvemt
1190 718 1407 804 Archagathus
1420 739 1557 804 paucos,
1579 740 1637 804 qur
1627 717 1777 784 vellent

445 820 606 903 accipere.
640 817 679 880 iis
702 815 805 879 66644·
837 835 892 879 eos
920 836 1068 879 nummos
1089 823 1195 878 466666
1224 817 1284 880 istc
1312 814 1511 897 Archagatho
1537 835 1602 879 nou
1622 812 1774 878 reddidit.

445 914 555 978 Voluit
574 913 691 974 Romae
713 882 863 994 repetere
878 910 1111 994 Archagathum
1134 910 1191 974 Cu.
1214 909 1365 974 Lentulus
1387 908 1588 973 Marcellinus
1610 907 1774 983 dissuasit,

446 1008 529 1073 sicut
556 1006 661 1088 ipsum
688 1005 793 1068 dicere
815 1002 957 1067 audistis.
1000 1005 1109 1067 Recita
1130 1004 1320 1088 Archagathi
1343 1011 1376 1066 et
1396 1002 1521 1066 Lentuli
1543 1004 1773 1068 testimonium.

422 1097 496 1167 sal.
517 1101 558 1164 Et
577 1119 619 1162 ne
640 1097 722 1161 forte
743 1098 903 1162 bominem
926 1098 1113 1161 existimetis
1134 1097 1217 1161 banc
1238 1103 1356 1159 4664664
1370 1097 1433 1159 mm
1457 1097 1679 1162 emblematum
1701 1097 1773 1160 sine

445 1213 541 1260 causa
570 1211 756 1257 coacervare
782 1193 938 1266 voluisse,
971 1192 1093 1267 videte,
1126 1191 1235 1274 quanti
1261 1211 1336 1265 vos,
1370 1191 1481 1274 quanti
1504 1192 1772 1256 existimationem

445 1287 556 1374 populi
578 1288 727 1361 liomani,
756 1288 869 1371 quanti
891 1286 977 1370 leges
1000 1293 1032 1349 et
1053 1285 1186 1360 iudicia,
1215 1286 1325 1367 quanti
1345 1292 1442 1348 testes
1464 1284 1606 1362 Siculos,
1627 1286 1651 1368 †
1672 1305 1773 1369 nego·

446 1385 575 1447 tiatores
603 1379 725 1444 fecerit
769 1382 978 1464 Posteaquam
1007 1387 1126 1442 tantam
1151 1378 1386 1443 multitudinem
1409 1378 1579 1461 collegerat
1601 1380 1773 1445 emblema·

446 1485 530 1551 tum,
551 1482 587 1538 ut
607 1494 648 1537 66
670 1494 769 1538 unum
792 1475 920 1558 quidem
943 1474 1090 1557 cuiquam
1112 1472 1311 1556 reliquisset,
1337 1473 1474 1536 instituit
1495 1470 1653 1538 officinam
1676 1476 1773 1559 Syra·

410 1592 437 1641 m
447 1573 530 1636 cusis
552 1571 586 1634 iu
607 1568 695 1651 regia
715 1570 893 1632 maximam.
935 1568 1043 1631 Palam
1065 1564 1200 1630 artifices
1222 1586 1350 1642 omues,
1373 1567 1546 1631 caelatores
1568 1587 1605 1631 ac
1626 1568 1773 1632 vascula·

446 1667 528 1739 rios,
558 1663 726 1727 convocari
748 1662 852 1737 iubet3
882 1663 1004 1744 etipse
1027 1682 1102 1725 suos
1125 1661 1303 1744 complures
1324 1661 1470 1725 habebat.
1512 1663 1576 1724 Eos
1598 1661 1773 1737 concludit,

447 1778 593 1842 magnam
613 1757 778 1820 bominum
799 1755 1041 1819 multitudinem.
1084 1756 1209 1818 Menses
1238 1762 1309 1820 octo
1338 1757 1504 1819 continuos
1528 1757 1579 1820 bis
1600 1777 1682 1839 opus
1703 1775 1773 1819 nou

448 1853 565 1929 defuit,
594 1872 666 1915 cum
694 1870 749 1915 vas
778 1848 902 1913 nullum
927 1847 1016 1913 fieret
1040 1851 1103 1914 nisi
1132 1871 1273 1914 aureum.
1317 1853 1397 1915 Tum
1426 1850 1494 1926 illa,
1523 1871 1564 1914 ex
1591 1849 1718 1933 patellis
1740 1858 1775 1913 et

448 1947 594 2011 turibulis
617 1966 699 2030 quae
721 1945 886 2019 evelleret,
907 1945 951 2008 ita
973 1944 1050 2007 scite
1070 1946 1104 2007 in
1126 1946 1230 2008 aureis
1252 1944 1377 2029 poculis
1398 1945 1556 2028 illigabat,
1578 1945 1622 2007 ita
1641 1950 1717 2027 apte
1738 1946 1773 2008 in

411 2065 439 2111 tn
448 2041 586 2125 scaphiis
608 2038 713 2102 aureis
735 2036 959 2113 concludebat,
981 2046 1017 2101 ut
1038 2058 1075 2100 ea
1097 2040 1136 2101 ad
1158 2040 1244 2102 illam
1266 2060 1333 2102 rem
1354 2047 1428 2103 nata
1450 2059 1519 2102 esse
1539 2038 1678 2101 diceres:
1701 2037 1774 2120 ipse

447 2143 552 2200 466666
575 2138 718 2216 praetor,
748 2134 803 2217 qui
833 2153 889 2196 sua
911 2132 1075 2215 vigilantia
1096 2152 1207 2216 pacem
1229 2135 1261 2197 in
1285 2133 1392 2197 Sicilia
1414 2132 1490 2195 dicit
1510 2132 1627 2208 fuisse,
1655 2133 1690 2195 iu
1711 2133 1774 2198 bac

448 2225 574 2293 officina
595 2229 746 2291 maiorem
768 2234 888 2310 partem
910 2226 975 2289 diei
996 2246 1069 2288 cum
1090 2227 1197 2289 tunica
1223 2226 1310 2310 pulla
1332 2227 1442 2291 sedere
1464 2227 1586 2289 solebat
1607 2233 1639 2290 et
1660 2226 1771 2312 pallio.

448 2323 548 2386 XXV.
570 2320 621 2384 55.
640 2322 726 2385 Haec
741 2341 817 2404 ego,
840 2321 978 2396 iudices,
999 2341 1064 2384 nou
1078 2322 1228 2384 auderem
1247 2321 1405 2403 proferre,
1426 2323 1459 2384 ni
1480 2340 1606 2385 vererer
1625 2341 1667 2384 66
1687 2321 1772 2385 forte

448 2418 540 2504 plura
560 2417 599 2480 de
620 2417 681 2480 isto
703 2416 742 2478 ab
765 2415 836 2480 aliis
858 2416 892 2479 in
914 2435 1059 2479 sermone
1075 2436 1171 2499 quam
1193 2436 1211 2478 a
1234 2435 1283 2478 me
1305 2417 1337 2478 iu
1359 2416 1476 2479 iudicio
1494 2435 1552 2478 vos
1574 2416 1773 2481 audissedi·

412 2513 572 2582 necaretis.
617 2509 696 2587 Quis
719 2510 802 2573 enim
824 2518 886 2586 est,
919 2510 975 2594 qui
997 2511 1035 2573 de
1058 2509 1118 2573 bac
1140 2509 1285 2585 officina,
1316 2510 1371 2593 qui
1394 2510 1433 2573 de
1455 2512 1539 2574 vasis
1561 2510 1683 2585 aureis,
1714 2509 1771 2594 qui

450 2606 489 2670 de
511 2607 603 2670 istius
624 2605 721 2689 pallio
743 2624 807 2668 non
830 2604 986 2669 audierit?
1018 2605 1121 2681 Quem
1150 2604 1239 2668 voles
1267 2625 1284 2667 e
1315 2612 1473 2668 conventu
1502 2606 1700 2689 Syracusano
1723 2604 1773 2668 vi·

516 2868 540 2917 4.
558 2878 717 2917 calamonem
733 2863 798 2916 6644.
820 2893 846 2900 -
862 2866 896 2915 6.
913 2864 952 2928 iis]
970 2865 991 2914 is
1007 2866 1042 2925 14;
1068 2865 1106 2914 iris
1122 2865 1151 2914 0.
1178 2892 1205 2900 -
1224 2865 1248 2915 3.
1263 2869 1347 2928 petere
1363 2863 1428 2914 dett.
1447 2864 1476 2914 0.
1497 2891 1524 2900 -
1543 2863 1567 2915 4.
1586 2863 1670 2913 1466446
1685 2861 1772 2928 Aren]

449 2945 479 2994 14.
496 2941 649 3005 Archagathi
665 2940 716 2999 143,
735 2938 752 2991 λ
769 2940 827 3005 (666
843 2942 875 2992 64
896 2943 989 2992 liomae
1004 2953 1053 3005 pro
1065 2941 1116 3002 ml:
1136 2944 1211 3001 atque
1225 2941 1273 2989 iac
1285 2945 1338 2989 4646
1349 2941 1377 2989 de
1388 2952 1417 2989 re
1427 2939 1532 2990 audistis
1541 2937 1692 3002 Arcbagalbi
1704 2938 1770 2990 dett.

449 3014 528 3083 prob.
545 3015 631 3067 Madv.
650 3030 676 3081 p.
695 3014 736 3068 il.
771 3018 804 3067 At
823 3013 905 3067 multo
927 3016 1028 3066 cautius
1050 3014 1166 3079 disputat
1185 3017 1270 3065 Garat.
1290 3017 1333 3064 11.;
1362 3015 1478 3064 «6664664
1501 3027 1565 3064 saue
1582 3012 1660 3064 lectio
1678 3014 1713 3077 (ε
1731 3014 1771 3074 14.)

449 3092 537 3143 66666
553 3093 642 3157 potest
658 3105 717 3143 esse
734 3093 867 3157 suspecta.
899 3091 967 3152 Quid
984 3091 1054 3140 euim
1071 3090 1124 3141 hoc
1141 3091 1290 3141 testimonio
1308 3091 1416 3140 recitato
1434 3091 1491 3140 erat
1507 3090 1594 3153 opust
1626 3089 1772 3138 14666466-

448 3168 537 3231 tiquae
556 3166 590 3229 (³
610 3166 688 3217 codd.
707 3165 781 3228 dett.)
800 3164 904 3217 lectioni
921 3164 1037 3216 Tulliana
1054 3165 1227 3217 consuetudo.
1252 3166 1285 3216 cl.
1298 3166 1364 3216 intra
1376 3179 1400 3216 6.
1413 3165 1453 3216 36.
1472 3178 1536 3227 quae
1550 3164 1618 3215 66646
1633 3165 1723 3216 4666446
1734 3191 1772 3203 --

448 3244 554 3294 recitata
578 3246 620 3292 ert.
648 3239 730 3292 616.
755 3241 784 3292 de
805 3253 854 3302 auo
874 3241 960 3304 priore
982 3241 1077 3291 actione
1097 3242 1177 3291 646646
1198 3241 1310 3291 audatis.
1336 3241 1367 3292 V.
1389 3253 1413 3291 c.
1431 3240 1472 3291 31.
1498 3254 1531 3290 ec
1551 3254 1599 3302 quo
1619 3254 1663 3291 aas
1683 3240 1772 3303 priore

448 3317 756 3378 artiore-cognovistis.
783 3315 859 3365 Adde
884 3329 964 3380 supra
987 3329 1011 3365 c.
1030 3317 1070 3365 ta.
1088 3316 1129 3365 20.
1147 3317 1188 3366 at.
1207 3319 1258 3366 cet.
1277 3316 1343 3366 inira
1360 3329 1383 3366 c.
1402 3316 1442 3366 34.
1460 3315 1501 3366 ii.
1519 3318 1560 3366 64.
1578 3318 1628 3366 cet.
1657 3314 1711 3366 Alia
1730 3318 1771 3367 est

448 3392 514 3440 ratio
532 3387 681 3440 tabularum
698 3391 755 3440 lleii
772 3402 795 3440 6.
815 3390 838 3439 6.
857 3391 884 3440 64
906 3391 958 3440 Scti
975 3391 1203 3453 Syracusanorum
1220 3405 1243 3443 6.
1263 3390 1303 3441 61.
1322 3394 1349 3440 64
1366 3389 1475 3441 aliarum
1492 3404 1596 3451 rerum,
1614 3403 1682 3454 quaa
1700 3391 1770 3440 reci·

448 3468 536 3516 tantm
552 3465 582 3513 V.
602 3477 625 3513 c.
646 3464 685 3514 49.
704 3465 756 3525 at..
775 3464 914 3527 inquibus
932 3466 1055 3517 omnibus
1071 3466 1154 3516 verba
1173 3467 1229 3531 ipsa
1246 3465 1301 3515 vult
1319 3467 1411 3516 Cicero
1431 3466 1613 3516 animadverti.
1647 3465 1703 3517 Alia
1720 3465 1770 3516 de·

448 3542 528 3605 nique
545 3537 626 3589 multa
643 3534 787 3588 recitantur
804 3540 940 3602 superiore
958 3538 1026 3590 14666
1042 3544 1069 3591 64
1086 3543 1222 3605 sequenti,
1242 3541 1289 3592 sed
1302 3554 1354 3590 uon
1372 3544 1433 3590 suut
1444 3554 1537 3590 eorum
1548 3542 1706 3602 testimonia,
1725 3541 1771 3604 qui

447 3616 602 3680 praesentes
620 3614 741 3664 dixerint.
771 3614 846 3673 Quod
863 3616 1022 3664 tamennon
1040 3617 1080 3665 664
1096 3619 1269 3679 perpetuum
1288 3616 1431 3664 recitantur
1447 3616 1518 3665 enim
1535 3617 1553 3665 1.
1572 3615 1613 3678 16,
1632 3616 1687 3665 448.
1712 3616 1770 3675 Quo

447 3690 489 3750 flt,
516 3692 545 3739 ut
566 3687 646 3740 nolim
668 3687 815 3752 quidquam
834 3690 935 3738 temere
954 3688 1122 3739 adfirmare·
1141 3715 1169 3727 -
1197 3691 1221 3740 7.
1239 3692 1305 3740 testis
1320 3692 1349 3742 14,
1371 3717 1398 3725 -
1415 3691 1580 3754 negotiatores
1596 3690 1631 3740 143
1642 3691 1672 3750 Ε,
1690 3688 1768 3740 6666.

447 3762 550 3825 Lamb.,
568 3765 636 3828 6349
652 3763 729 3829 prob.
748 3761 845 3812 Klotzio
863 3765 888 3813 in
906 3763 979 3813 1666.
997 3766 1064 3814 aun.
1083 3763 1101 3814 1.
1120 3762 1136 3814 l.
1155 3778 1181 3829 p.
1201 3765 1273 3814 tit:
1292 3767 1504 3829 negotiatoresque
1520 3765 1583 3815 dett.
1603 3766 1632 3815 0.
1657 3763 1770 3828 «vulga-

447 3843 502 3891 tam
520 3841 555 3903 (ε
573 3839 651 3890 codd.
671 3838 744 3902 6644.)
771 3851 823 3888 666
845 3840 886 3888 664
907 3851 987 3889 66666
1009 3840 1105 3889 eiicere
1128 3839 1288 3890 Lambinus:
1316 3842 1439 3890 nimirum
1461 3839 1586 3891 intellexit
1602 3839 1654 3889 duo
1671 3850 1770 3901 366666

446 3916 555 3966 testium
572 3914 791 3974 commemorari,
814 3926 928 3976 quorum
951 3912 1064 3964 alterum
1082 3913 1229 3964 Siculorum
1247 3919 1331 3973 66664,
1358 3914 1470 3965 alterum
1488 3917 1680 3978 negotiatorum
1697 3914 1723 3963 6.
1743 3927 1767 3964 6.

447 3992 543 4042 civium
561 3992 753 4048 Romanorum
780 3988 813 4039 cl.
832 3988 861 4038 V.
881 3987 905 4051 S.
925 3988 948 4038 8.
972 3988 1070 4039 Etenim
1087 4004 1144 4038 curn
1160 3990 1221 4038 64444
1240 4003 1299 4053 sqq.
1318 3989 1384 4040 Nihil
1405 3989 1545 4042 absurdius
1559 3989 1769 4053 interpunctione

447 4065 566 4117 Lambini
584 4067 611 4116 et
627 4064 728 4115 Graevii
745 4063 841 4113 8466466
857 4064 1037 4127 macellatores,
1061 4065 1111 4114 nisi
1129 4062 1257 4129 explices,
1282 4067 1354 4116 cives
1370 4067 1455 4127 ltom.¹
1479 4066 1523 4129 qui
1541 4067 1568 4115 46
1584 4061 1669 4112 Sicilia
1687 4075 1770 4125 nego-

446 4141 587 4202 tiabantur,
605 4140 651 4203 qui
668 4142 757 4190 tamen
774 4138 910 4188 Sicilicmer
926 4139 1031 4189 dicendi
1049 4139 1173 4198 luissent;
1193 4139 1226 4190 cl.
1240 4142 1281 4190 111.
1295 4139 1319 4202 5.
1336 4138 1376 4190 18.
1395 4140 1433 4189 Aa
1450 4139 1482 4189 66
1493 4139 1584 4189 Siculis
1599 4150 1659 4201 sqq.
1672 4137 1770 4188 Vitium

447 4219 493 4267 aut
508 4218 581 4266 certe
598 4214 755 4278 ambiguitas
771 4213 877 4263 vitanda
895 4217 936 4265 est
951 4215 1161 4279 interpunctione
1179 4215 1235 4276 illa,
1254 4229 1333 4280 quam
1352 4216 1407 4281 ipse
1423 4216 1547 4266 Graevius
1564 4213 1637 4264 dedit
1653 4214 1679 4264 iu
1696 4214 1726 4263 V.
1739 4215 1768 4264 L.

448 4290 535 4355 quanti
556 4295 636 4350 466466,
660 4290 768 4351 Similes,
791 4290 956 4352 negotiatores
975 4290 1068 4353 fecerit.
1108 4290 1160 4340 Sed
1182 4289 1286 4341 lucrum
1307 4292 1384 4341 unius
1406 4284 1563 4342 ἀσυνδέτου
1586 4288 1648 4339 64641
1669 4289 1713 4338 646
1735 4288 1769 4338 66

447 4363 579 4430 vulgatam
597 4363 790 4416 excludendam
808 4363 903 4415 valet.»
922 4367 1013 4415 Graan.
1027 4366 1058 4416 ll.
1076 4367 1242 4430 negotiatores
1258 4365 1371 4429 glossam
1390 4378 1450 4416 esse
1468 4364 1609 4415 arbitratur
1626 4362 1710 4413 llalm.
1737 4364 1771 4413 st

448 4441 500 4492 duo
518 4441 625 4491 testium
646 4452 758 4502 genera,
786 4438 933 4491 Siculorum
957 4442 983 4490 64
1002 4441 1196 4503 Romanorum,
1223 4442 1249 4491 6.
1269 4440 1285 4491 l.
1305 4441 1455 4491 necessario
1473 4439 1608 4490 66666666
1625 4441 1715 4499 66664,
1740 4441 1771 4488 64

446 4515 534 4583 paullo
552 4516 613 4566 6646
629 4515 786 4579 Archagathi
804 4515 960 4575 641664614;
979 4515 1059 4566 ambo
1076 4517 1147 4566 enim
1165 4529 1262 4580 genera
1279 4514 1350 4565 nihili
1367 4517 1429 4567 46644
1445 4519 1472 4566 64
1489 4517 1647 4579 contempsit
1662 4515 1768 4565 Verres.

450 4618 477 4629 -
496 4591 521 4641 9.
539 4590 707 4653 6366666666
723 4591 768 4641 143.
790 4617 813 4626 -
845 4592 885 4641 ta.
904 4592 1019 4656 aarims
1035 4591 1093 4642 cod.
1114 4593 1168 4643 Urs.
1190 4618 1217 4629 -
1244 4592 1362 4642 celatores
1378 4593 1406 4642 14.
1426 4618 1454 4628 -
1482 4594 1522 4641 il.
1541 4592 1674 4653 compluris
1689 4592 1718 4641 14.
1740 4618 1767 4627 -

446 4680 488 4719 ene
504 4665 553 4727 143,
572 4669 606 4727 Ε,
625 4665 640 4715 3
658 4665 736 4716 6666.
755 4664 846 4717 Lamb.
868 4665 951 4731 [prob.
970 4666 1056 4717 Madv.
1074 4679 1100 4730 p.
1120 4667 1160 4716 69.
1179 4667 1226 4732 Op.
1242 4668 1261 4716 1.
1279 4680 1306 4731 p.
1319 4667 1399 4728 360.):
1419 4680 1446 4716 ec
1464 4665 1528 4718 dett.
1547 4667 1619 4716 0.-
1638 4666 1768 4733 concludit]

446 4741 560 4794 conducit
575 4741 839 4805 1633666646649,
858 4741 887 4791 0.
908 4769 935 4778 -
964 4741 1004 4791 ta.
1021 4754 1117 4804 mapna
1132 4742 1254 4792 bominem
1270 4741 1450 4792 mamutium
1466 4744 1500 4800 14;
1527 4755 1623 4806 magna
1643 4741 1770 4790 bominum

446 4816 603 4869 mulitudine
619 4815 664 4866 (43.
685 4842 712 4850 -
730 4816 768 4864 lais
784 4828 846 4878 opus
862 4815 974 4868 usia:
992 4828 1053 4878 opus
1068 4816 1106 4864 isis
1123 4816 1187 4867 dett.
1206 4818 1235 4868 0.
1250 4842 1278 4853 -
1298 4816 1337 4868 41.
1357 4817 1470 4867 melaac
1486 4814 1531 4867 aa
1543 4817 1593 4867 G3:
1612 4816 1765 4876 6664464614,

446 4894 548 4944 celarat
567 4892 631 4943 6644.
650 4892 679 4941 0.
699 4917 726 4925 -
754 4890 876 4954 inligabat
893 4891 921 4941 14.
943 4916 970 4926 -
997 4896 1054 4953 apte
1069 4903 1123 4942 om.
1143 4893 1218 4955 1349.
1239 4918 1267 4930 -
1289 4895 1328 4942 46.
1347 4892 1454 4954 scaphiis
1470 4891 1647 4942 Guilielmius:
1673 4891 1770 4953 6666646

446 4971 526 5036 ltEC
544 4968 591 5020 Ld.
610 4966 696 5031 Lg‘i93
713 4967 786 5030 666446
802 4966 852 5026 Gt;
871 4965 968 5028 scaphis
984 4968 1029 5015 644.
1049 4967 1077 5016 0.
1099 4994 1126 5002 -
1144 4968 1302 5019 concludebat
1317 4968 1367 5028 143,
1386 4969 1451 5017 EC:
1473 4966 1613 5017 includebat
1628 4964 1677 5015 644.
1696 4965 1724 5015 0.
1740 4990 1768 5003 -

448 5046 489 5097 46.
507 5046 534 5097 in
549 5046 613 5096 bunc
629 5045 659 5095 14.
678 5067 707 5079 -
734 5042 774 5092 ii.
789 5041 862 5105 pulla
877 5042 955 5106 1633.
975 5044 1081 5107 praeter
1097 5042 1137 5092 29.
1158 5069 1185 5078 -
1213 5044 1252 5094 49.
1269 5058 1313 5094 cos
1329 5044 1425 5094 6664666
1441 5043 1490 5093 G3:
1514 5056 1558 5092 aas
1573 5041 1677 5091 audistis
1692 5053 1717 5090 se
1734 5040 1766 5109 R3

447 5121 545 5172 audisse
558 5133 603 5171 coe
619 5120 684 5171 dett.
703 5121 732 5171 0.
747 5146 774 5154 -
793 5120 834 5171 rt.
849 5120 929 5182 pollio
940 5120 1090 5185 Zumptius:
1107 5121 1185 5182 pallio
1198 5119 1267 5183 pullo
1278 5119 1314 5170 143
1326 5116 1356 5179 λ,
1372 5120 1449 5181 pullio
1462 5119 1536 5181 palla
1553 5119 1584 5182 (s.
1595 5116 1673 5179 putta)
1691 5113 1767 5172 detta

444 5198 537 5261 pallio,
555 5198 641 5248 tunica
653 5195 726 5260 pulta
742 5208 803 5246 cum
814 5195 929 5246 Victorio
941 5197 970 5246 0.
991 5197 1031 5259 [Ut
1046 5197 1181 5260 Zumptius
1198 5195 1315 5259 scripsit,
1333 5194 1415 5244 habet
1429 5193 1512 5257 6344,
1534 5194 1560 5244 iu
1577 5194 1609 5244 29
1621 5195 1675 5242 est:
1691 5191 1770 5254 pallio

444 5271 535 5339 364446,
553 5273 581 5325 46
596 5270 719 5340 reliquis:
735 5269 918 5338 paliopolin]
940 5299 966 5309 -
984 5273 1014 5322 de
1029 5275 1150 5323 concentu
1165 5270 1229 5321 dett.
1248 5270 1277 5321 0.
1298 5297 1325 5307 -
1347 5270 1506 5334 6366666666
1523 5266 1615 5321 aaut
1631 5268 1663 5318 2:
1687 5268 1770 5330 spra-
