4367 6109
811 559 883 624 cn.
905 559 1065 629 xxxvn.
1095 557 1152 646 ss.
1173 556 1340 624 ere-roa
1667 555 1728 624 sao

412 729 478 794 lare
500 727 631 792 debetis.
675 726 777 802 Quem
799 728 1003 805 admodum,
1026 752 1097 795 cum
1118 730 1280 814 petebam,
1301 728 1381 793 nnlli
1404 729 1565 794 merobis
1586 736 1728 793 auctores

413 821 537 906 generis
559 822 621 887 mei
637 821 911 898 commendarunt,
933 826 995 900 sie,
1017 827 1043 889 si
1059 825 1137 910 quid
1152 825 1335 908 deliquero,
1357 823 1465 888 nullae
1479 831 1553 887 sunt
1566 824 1728 906 imagines,

413 935 496 1001 quae
524 934 574 978 me
607 936 627 980 a
654 917 744 980 robis
775 916 992 1000 deprecentur.
1034 920 1195 983 XXXVII.
1223 918 1329 994 Quare
1357 918 1453 981 modo
1481 919 1546 982 rita
1566 925 1728 1001 suppetat,

414 1030 507 1094 quam
529 1029 588 1091 ego
610 1012 739 1073 summis
763 1009 780 1040 ³*
794 1008 812 1042 ³*
827 1007 844 1042 '¹'
867 1012 906 1075 ab
928 1013 1061 1075 istorum
1082 1013 1202 1076 scelere
1223 1011 1409 1095 insidiisque
1431 1010 1617 1086 defendere,
1639 1012 1730 1095 polli-

413 1124 487 1167 ceor
506 1103 569 1166 hoe
592 1104 697 1178 vobis,
720 1104 876 1181 Quirites,
898 1105 1076 1168 bonafide:
1099 1105 1338 1188 rempublicam
1351 1103 1494 1185 vigilanti
1507 1104 1644 1178 bomini,
1665 1112 1753 1168 nont

413 1197 541 1271 timido,
574 1196 735 1279 diligenti,
771 1217 832 1262 non
862 1199 969 1279 ipsam
1002 1200 1211 1264 commisistis.
1262 1195 1333 1261 404.
1365 1200 1431 1280 Ego
1460 1200 1487 1262 is
1515 1198 1640 1272 consul,
1674 1199 1728 1282 qui

412 1290 593 1353 contionem
615 1294 774 1354 metuam?
796 1294 851 1376 qui
866 1292 1024 1357 tribunum
1038 1292 1140 1375 plebis
1155 1293 1410 1376 perhorrescam?
1433 1293 1489 1376 qui
1506 1313 1600 1375 saepe
1615 1300 1647 1355 et
1661 1293 1729 1356 sine

413 1403 509 1447 eausa
537 1384 734 1448 tumultuet?
766 1384 821 1469 qui
850 1386 994 1463 timeam,
1022 1408 1063 1450 ne
1095 1387 1170 1449 mibi
1192 1389 1225 1450 in
1248 1407 1370 1451 carcere
1390 1386 1594 1450 habitandum
1616 1386 1674 1461 sit,
1702 1387 1730 1449 si

413 1479 556 1543 tribunus
584 1477 686 1561 plebis
713 1480 785 1543 duci
807 1481 960 1543 iusserit?
998 1483 1065 1564 Ego
1087 1482 1170 1544 enirn
1192 1482 1304 1544 vestris
1324 1480 1420 1544 armis
1441 1489 1578 1544 armatus
1599 1480 1730 1562 insigni·

413 1572 535 1656 busque
556 1572 759 1655 amplissimis
775 1583 964 1650 exornatus,
986 1576 1130 1658 imperio,
1152 1576 1347 1648 auctoritate,
1369 1595 1433 1637 non
1454 1574 1568 1640 horreo
1590 1574 1625 1637 in
1645 1575 1767 1639 hunc⁴⁰

413 1666 517 1729 locum
545 1665 692 1749 progredi
720 1666 871 1751 vobisque
898 1670 1077 1733 auctoribus
1108 1669 1299 1753 improbitati
1320 1668 1457 1732 hominis
1478 1669 1640 1742 resistere,
1669 1689 1729 1732 nee

413 1780 540 1835 vereor,
561 1780 602 1823 ne
624 1780 675 1823 res
697 1760 824 1844 publiea
845 1763 939 1825 tantis
959 1765 1077 1827 munita
1098 1763 1263 1847 praesidiis
1285 1763 1324 1825 ab
1342 1763 1411 1825 istis
1427 1762 1577 1825 vinciant
1593 1761 1727 1844 opprimi

413 1854 521 1936 possit.
558 1853 591 1915 Si
613 1860 706 1917 antea
727 1855 918 1929 timuissem,
948 1864 1052 1919 tamen
1073 1858 1318 1931 baeeontione,
1340 1856 1400 1918 hoc
1421 1855 1538 1938 populo
1560 1861 1644 1917 certe
1666 1874 1728 1916 non

413 1967 546 2011 vererer.
578 1947 658 2023 Quis
680 1950 764 2012 enirn
785 1970 935 2034 umquam
957 1957 1019 2014 tam
1042 1951 1181 2020 secunda
1203 1951 1349 2014 contione
1371 1949 1471 2030 legem
1488 1948 1641 2029 agrariam
1659 1966 1730 2009 sua·

414 2040 455 2103 sit
482 2060 576 2123 quam
604 2062 663 2125 ego
693 2042 851 2106 dissuasit
881 2046 908 2108 si
935 2045 996 2108 hoe
1018 2045 1201 2109 dissuadere
1224 2052 1280 2113 est,
1293 2064 1329 2107 aa
1351 2062 1415 2106 non
1438 2040 1613 2106 disturbare
1634 2046 1768 2122 atquem

413 2142 600 2216 pervertere.
644 2133 716 2200 402.
736 2137 786 2199 Ex
808 2157 871 2221 que
894 2138 1044 2221 intelligi,
1067 2138 1223 2213 Quirites,
1244 2146 1348 2220 potest
1368 2135 1447 2199 nihil
1469 2155 1539 2199 esse
1554 2142 1616 2198 tam
1630 2154 1731 2218 popu·

413 2225 478 2296 lare
506 2248 600 2311 quam
626 2232 676 2306 id,
704 2231 789 2315 quod
818 2252 877 2314 ego
900 2232 988 2296 vobis
1008 2233 1043 2295 in
1063 2232 1148 2294 hune
1169 2251 1286 2294 annum
1308 2232 1418 2295 consul
1439 2229 1601 2313 popularis
1622 2228 1731 2301 allero,

412 2339 537 2404 pacem,
564 2325 840 2409 tranquillitatem,
863 2326 972 2389 otium.
1009 2326 1099 2402 Quae
1121 2326 1213 2389 nobis
1235 2325 1405 2407 designatis
1427 2322 1602 2396 timebatis,
1630 2342 1669 2385 ea
1689 2343 1730 2384 ne

413 2414 557 2479 accidere
576 2426 723 2499 possent,
751 2420 886 2484 consilio
908 2440 978 2483 meo
1000 2440 1037 2482 ae
1058 2420 1180 2484 ratione
1202 2419 1328 2502 provisa
1349 2425 1432 2482 sunt.
1467 2418 1537 2480 Non
1558 2414 1654 2478 modo
1672 2435 1730 2479 vos

413 2509 502 2573 eritis
526 2509 561 2573 in
589 2512 672 2587 otio,
701 2513 756 2596 qui
786 2531 909 2594 semper
937 2532 1007 2576 esse
1029 2512 1216 2587 volueratis,
1247 2512 1470 2576 verumetiam
1492 2512 1586 2583 istos,
1615 2509 1768 2593 mbusso

414 2603 489 2667 odio
510 2612 559 2668 est
580 2605 696 2681 otium,
718 2627 820 2691 aeque
842 2607 960 2670 otiosos
981 2606 1121 2670 reddam.
1153 2607 1278 2670 Etenim
1296 2605 1360 2669 illis
1374 2606 1528 2677 bonores,
1549 2608 1730 2685 potestates,

414 2697 542 2760 divitiae
572 2718 612 2761 ex
639 2701 775 2764 tumultu
804 2707 902 2783 atque
931 2719 971 2762 ex
1000 2699 1250 2764 dissensionibus
1278 2698 1391 2762 civium
1419 2696 1590 2781 comparari
1611 2696 1730 2758 solent:

413 2811 486 2866 ros,
508 2812 642 2875 quorum
664 2795 764 2878 gratia
786 2798 819 2859 in
841 2793 999 2875 suffragiis
1020 2794 1179 2868 consistit,
1208 2793 1336 2856 libertas
1358 2793 1391 2855 in
1412 2790 1551 2872 legibus,
1572 2787 1675 2852 honos
1696 2789 1730 2852 in

413 2885 539 2949 iudiciis
561 2893 593 2951 et
612 2887 771 2971 aequitate
792 2888 1045 2970 magistratuum,
1074 2907 1124 2951 res
1145 2887 1309 2951 familiaris
1330 2887 1364 2948 in
1385 2905 1480 2968 paee,
1502 2882 1587 2947 omni
1608 2883 1729 2947 ratione

414 2979 513 3042 otium
541 2980 676 3043 retinere
706 2981 836 3044 debetis.
880 2976 951 3042 403.
974 2982 1051 3043 Nam
1081 2983 1107 3044 si
1135 2982 1176 3055 ii,
1205 2981 1261 3064 qui
1282 2985 1412 3063 propter
1434 2976 1586 3041 desidiam
1607 2977 1641 3039 in
1663 2978 1767 3041 otios

414 3074 538 3150 vivunt,
560 3082 664 3140 tamen
686 3075 720 3140 in
742 3097 799 3141 sua
813 3077 896 3161 turpi
917 3075 1031 3140 inertia
1046 3074 1174 3157 capiunt
1186 3075 1379 3157 voluptatem
1394 3092 1435 3137 ex
1448 3072 1518 3158 ipso
1532 3070 1613 3145 etio,
1635 3091 1729 3154 quam

480 3449 503 3498 4.
521 3446 704 3499 dsbsotEFF.
723 3472 751 3485 -
770 3449 795 3500 4.
813 3449 917 3499 sicem
936 3449 1020 3499 EFP.
1041 3473 1068 3485 -
1089 3448 1111 3497 si
1128 3446 1452 3509 qaid--reprecsntora
1471 3442 1568 3497 Gellius
1583 3447 1625 3497 VI.
1645 3447 1685 3509 46,
1704 3445 1729 3499 7.

416 3550 443 3559 -
462 3522 485 3573 3.
505 3522 595 3588 Quare]
614 3524 695 3585 000000
710 3536 764 3573 ress
780 3522 863 3573 ΕΗ).
883 3550 911 3559 -
934 3525 1085 3575 medones:
1110 3523 1323 3582 modosiEFP3
1341 3522 1413 3572 modo
1428 3526 1457 3570 ut
1473 3519 1620 3573 04480.
1640 3547 1668 3559 -
1687 3534 1731 3572 so-

410 3605 485 3662 psrot
501 3600 527 3649 F.
549 3626 575 3635 -
593 3598 618 3650 4.
636 3610 713 3659 qaam
730 3611 774 3661 epo
790 3597 970 3648 sononisEP:
993 3612 1070 3661 quom
1086 3611 1255 3662 sperassemus
1271 3598 1302 3656 F;
1325 3610 1402 3658 qaam
1423 3609 1469 3660 ego
1485 3596 1577 3646 0000040
1594 3598 1627 3656 G;
1654 3611 1731 3659 quom

413 3687 458 3739 epo
473 3687 528 3724 sam
543 3675 564 3723 is
581 3674 623 3736 qai
639 3676 673 3732 4;
692 3685 768 3734 quom
783 3685 828 3737 spo
844 3685 899 3722 sum
914 3673 936 3722 is
952 3675 995 3736 qui
1008 3674 1101 3736 possim
1118 3673 1150 3732 4;
1174 3686 1327 3736 quanquam
1342 3685 1386 3737 ego
1402 3684 1457 3720 sam
1472 3671 1495 3719 is
1511 3671 1553 3732 qai
1568 3674 1731 3735 sompossim

415 3761 476 3800 eum
499 3748 541 3798 ed.
561 3748 723 3811 Flervagiana
739 3745 771 3807 F;
795 3759 872 3808 quom
891 3760 936 3811 eqo
956 3749 978 3798 si
1000 3749 1101 3810 quivero
1123 3759 1186 3798 cum
1203 3747 1246 3798 ed.
1265 3747 1365 3797 Iuntina
1383 3746 1417 3805 03
1441 3757 1518 3807 quom
1534 3758 1579 3810 epo
1595 3746 1731 3810 sipossam

413 3820 573 3873 41040400.-
592 3821 721 3883 4040004000
737 3819 770 3870 de
783 3833 831 3871 sna
844 3822 996 3873 coniectura
1008 3822 1068 3872 0.-
1083 3821 1207 3884 polliceor
1217 3822 1237 3872 E
1247 3822 1273 3871 F.
1287 3848 1314 3859 -
1328 3821 1353 3871 5.
1366 3819 1444 3870 bonas
1458 3820 1515 3883 fidei
1531 3821 1617 3872 EFX.
1636 3822 1732 3874 Emen-

414 3896 486 3947 davit
497 3897 648 3960 Hervagius.
663 3923 690 3933 -
704 3896 729 3945 ti.
741 3909 792 3945 0000
802 3896 893 3960 ignavo
904 3909 958 3947 om.
971 3896 1084 3947 EFPs.
1097 3895 1204 3946 Addidit
1214 3897 1366 3960 Hervagius.
1385 3896 1443 3959 (aas
1452 3895 1584 3959 mpliqmti
1595 3896 1730 3962 Halmius.)

417 3996 443 4006 -
454 3969 518 4036 Epo]
533 3972 602 4036 Frqo
618 3971 650 4027 F;
667 3971 736 4035 Ergo
752 3983 795 4019 ero
811 3969 840 4020 li.
855 3996 883 4005 -
900 3970 930 4035 is]
946 3972 984 4021 bis
999 3974 1033 4032 P;
1051 3972 1098 4022 biis
1113 3972 1140 4022 F.
1155 4000 1182 4009 -
1201 3973 1225 4023 7.
1243 3972 1361 4037 anteum]
1379 3985 1429 4021 nes
1439 3976 1547 4021 mutuam
1559 3969 1588 4020 li.
1603 3997 1630 4008 ·-
1648 3971 1730 4022 tribu-

413 4059 474 4096 osen
487 4045 570 4108 piG:
588 4044 712 4108 tr.pi.F;
730 4044 840 4095 tribanos
852 4044 1045 4107 0444440.
1060 4071 1087 4081 -
1107 4046 1132 4096 9.
1144 4047 1243 4098 iusserit
1258 4047 1292 4096 E:
1310 4046 1417 4096 iussisset
1433 4040 1728 4097 Fabia—erim&

413 4133 470 4170 orsu
486 4119 603 4179 EFPA;
629 4121 739 4169 seodssrs
755 4132 816 4170 eum
833 4120 877 4171 ed.
895 4122 996 4172 luntina
1012 4119 1067 4175 LF.
1087 4146 1116 4157 -
1144 4122 1185 4172 40.
1203 4125 1340 4172 exoramus
1356 4121 1417 4171 EF:
1444 4125 1548 4169 amatre
1568 4117 1681 4173 4440.
1702 4149 1730 4158 -

413 4195 502 4245 torreo
518 4194 640 4245 EFGA:
657 4195 746 4245 4000004
761 4208 823 4245 eum
840 4195 884 4245 ed.
901 4197 1003 4247 Iuntina
1020 4193 1102 4248 400.
1118 4223 1145 4232 -
1165 4197 1205 4247 44.
1219 4196 1339 4260 proprodi
1355 4193 1514 4246 Lambinus:
1529 4195 1649 4257 progredi
1662 4209 1733 4258 posse

414 4269 499 4320 EFA.
520 4295 548 4304 -
564 4282 595 4318 00
609 4282 699 4320 uersor
714 4269 749 4328 E;
766 4282 798 4319 as
812 4282 903 4320 uersor
918 4270 948 4330 F,
967 4277 1020 4323 tere
1034 4287 1122 4324 osreor
1139 4275 1170 4333 Ρ;
1188 4285 1255 4321 suso
1269 4283 1358 4321 verear
1375 4283 1437 4321 eum
1453 4267 1496 4319 ed.
1513 4268 1615 4318 Iuntina
1633 4268 1687 4324 LF.
1701 4297 1728 4307 -

415 4344 454 4396 44.
472 4357 512 4394 res
524 4343 563 4408 p.]
578 4357 605 4406 p.
623 4359 646 4394 r.
666 4345 692 4394 F.
712 4370 741 4381 -
761 4344 801 4395 43.
816 4350 898 4407 posset
913 4346 969 4398 EF.
990 4374 1018 4385 -
1036 4353 1120 4399 tomes
1136 4358 1198 4398 eum
1214 4348 1242 4396 P.
1261 4346 1376 4397 Manutio
1392 4358 1445 4395 om.
1464 4340 1517 4393 40.
1538 4368 1565 4378 -
1582 4342 1630 4392 bae
1645 4345 1732 4394 cendi-

414 4417 479 4468 44000
494 4418 578 4468 EFP.
599 4445 626 4454 -
646 4417 686 4469 44.
704 4419 789 4484 egen]
807 4420 891 4485 epoto
907 4422 991 4472 EFP.
1011 4450 1038 4460 -
1059 4424 1099 4474 44.
1117 4419 1264 4484 disturbare]
1278 4419 1429 4482 perturbare
1443 4418 1472 4468 E.
1486 4443 1513 4452 -
1532 4421 1608 4478 atquo
1622 4418 1682 4468 EF:
1701 4433 1732 4469 ae

414 4490 470 4546 44.
491 4521 518 4529 -
536 4493 577 4544 20.
595 4493 721 4544 volueritis
737 4495 799 4552 G0;
817 4495 928 4545 volueris
938 4497 1038 4560 Ussing.
1053 4525 1080 4534 -
1099 4496 1186 4559 quibas
1202 4496 1258 4544 odio
1274 4500 1310 4544 est
1326 4495 1414 4555 etima,
1432 4505 1510 4554 oeque
1526 4491 1614 4540 otiosos
1625 4492 1729 4556 Ussing:

414 4569 501 4630 quibus
516 4569 590 4619 otiosi
606 4570 687 4619 ocium
701 4570 840 4631 secissosrsas
856 4571 1005 4634 (soeemimus
1021 4572 1048 4635 P)
1066 4577 1141 4634 atque
1156 4571 1249 4620 ociosos
1265 4569 1384 4629 EFGP;
1404 4567 1490 4630 putore
1505 4566 1580 4616 ociosi
1595 4568 1678 4617 ocium
1692 4569 1731 4631 se-

414 4645 540 4694 cisssmos:
558 4649 633 4706 atque
648 4643 809 4694 otiosissimos
820 4646 853 4704 4;
872 4645 959 4707 quibos
975 4646 1045 4695 otiosi
1060 4647 1185 4710 segetium
1201 4644 1353 4706 (cebamus,
1372 4642 1528 4693 0400400400οο
1539 4652 1600 4689 cum
1612 4640 1654 4690 ed.
1668 4643 1731 4692 lier-

414 4719 523 4781 vagiann
540 4716 571 4776 F;
590 4717 677 4780 quibus
692 4718 763 4767 otiosi
779 4720 902 4783 negotium
918 4720 1074 4782 4000004000,
1092 4719 1248 4769 otiosissimos
1264 4720 1325 4778 4ος
1352 4719 1439 4781 quibus
1455 4716 1526 4767 otiosi
1542 4715 1619 4764 otium
1633 4718 1731 4780 fecisse-

414 4805 481 4853 mus,
503 4803 581 4853 osque
597 4792 686 4841 otiosos
702 4790 829 4853 Klotzius;
854 4793 941 4856 004400
956 4796 1012 4844 odio
1027 4800 1062 4845 est
1077 4795 1169 4854 otium,
1193 4795 1354 4857 quietissimos
1369 4799 1443 4858 atque
1460 4790 1615 4842 otiosissimos
1630 4793 1731 4844 iladvi-

415 4868 472 4929 gins
488 4866 572 4917 Fbiiot
590 4867 739 4919 8040040οω.
757 4869 788 4918 11.
806 4881 833 4933 p.
847 4867 901 4919 440.
916 4896 944 4905 -
962 4870 1003 4920 23.
1021 4870 1104 4935 40000]
1121 4870 1164 4918 400
1179 4870 1292 4919 EFGP.
1311 4897 1337 4904 -
1356 4869 1397 4921 24.
1415 4868 1616 4932 megistum,
1634 4882 1675 4919 res
1688 4871 1731 4933 fo-

414 4941 521 4990 miiiasis
544 4942 727 4995 Lauredanus:
753 4957 858 5008 mopsos
878 4945 977 4996 timores
995 4938 1133 5007 (omdiar'es
1151 4945 1271 5004 Eius,
1298 4958 1401 5010 nmqoos
1421 4945 1524 4994 bonores
1543 4939 1682 5001 familiares
1698 4948 1729 5004 P3

415 5016 577 5079 magistratus
592 5023 616 5067 et
631 5031 671 5069 res
686 5018 825 5081 Familiares
841 5031 902 5069 cunr
919 5017 961 5068 ed.
981 5019 1144 5083 Flervagiana
1160 5016 1189 5079 8;
1211 5020 1418 5084 moqistrataum,
1439 5030 1479 5068 res
1496 5013 1636 5076 familiares
1652 5018 1681 5069 0.
1700 5045 1727 5055 -

415 5093 456 5142 25.
474 5093 580 5144 retinere
596 5093 688 5144 EFP:
713 5099 795 5145 400000
809 5092 922 5145 snio.
944 5122 971 5131 -
988 5095 1056 5144 Nam
1071 5095 1092 5144 si
1107 5096 1127 5144 ii
1143 5093 1302 5145 Lambinus:
1323 5094 1383 5145 Fam
1398 5095 1443 5145 etsi
1458 5092 1477 5142 ii
1493 5089 1526 5148 E;
1544 5093 1641 5142 40000404
1657 5094 1680 5144 si
1696 5098 1729 5154 P;

417 5165 478 5217 Tam
494 5173 517 5218 st
531 5167 566 5217 bii
582 5168 603 5217 si
620 5168 653 5229 F;
670 5168 737 5219 Nom
753 5170 798 5220 etsi
813 5171 836 5220 si
853 5171 885 5230 G;
903 5170 972 5219 Nom
987 5169 1031 5220 etsi
1046 5170 1065 5218 ii
1081 5171 1118 5230 4;
1135 5183 1195 5220 sam
1210 5171 1233 5220 si
1247 5171 1274 5220 bi
1290 5169 1334 5222 ed.
1353 5171 1463 5221 Iuntina.
1478 5195 1505 5205 -
1523 5162 1565 5215 46.
1582 5167 1610 5217 in
1626 5170 1687 5220 ante
1702 5183 1729 5221 v.

415 5241 653 5295 0000000414.-
671 5255 704 5298 sa
719 5243 863 5308 Madvigius
880 5243 972 5309 (Fbiioi.
984 5243 1134 5300 8040044000.
1145 5245 1178 5298 11.
1194 5256 1221 5311 p.
1234 5241 1315 5310 iiii:
1332 5243 1375 5298 ssd
1390 5243 1478 5306 EFP;
1495 5239 1540 5295 aab
1555 5240 1647 5307 Aio,
1664 5243 1729 5298 sib.
