4367 6109
784 634 854 699 Lm.
875 634 900 697 1.
929 630 1004 697 Car.
1026 631 1198 695 vni-x.
1227 626 1284 713 ss.
1305 624 1342 693 it
1356 625 1458 692 —27.
1713 621 1775 691 439

444 804 594 869 nonnulli
617 802 771 887 suspicati
793 810 884 878 sunt,
905 822 970 865 non
993 802 1061 866 sine
1083 820 1179 864 causa
1198 800 1284 863 illius
1299 800 1467 864 consilium
1482 806 1546 862 tam
1561 803 1691 881 repente
1706 814 1776 860 esse

445 906 615 963 mutatum.

532 990 590 1053 lx.
611 987 664 1055 ii.
685 992 777 1054 Nunc
798 1010 840 1052 ne
855 1009 946 1055 noro
969 989 1189 1074 querimoniae
1211 1007 1327 1071 genere
1349 988 1395 1049 uti
1418 988 1521 1070 possit
1541 987 1731 1051 Hortensius
1746 990 1779 1048 ei

447 1104 487 1149 ea
508 1084 634 1160 dicere,
655 1084 793 1167 opprimi
815 1104 921 1158 reum,
943 1084 983 1146 de
1006 1105 1070 1168 quo
1093 1084 1175 1146 nihil
1198 1083 1283 1147 dicat
1303 1090 1484 1156 accusatam
1518 1082 1598 1144 nibil
1621 1100 1691 1144 esse
1713 1088 1778 1142 tam
1809 1114 1816 1126 ·

448 1178 664 1263 periculosum
686 1177 824 1242 fortunis
846 1178 1080 1252 innocentium,
1107 1198 1203 1261 quam
1218 1185 1322 1240 tacere
1336 1176 1551 1250 adversariam
1573 1177 1660 1249 etjue
1675 1174 1802 1247 alitent

449 1293 544 1358 quam
567 1293 628 1356 ego
651 1273 763 1346 velim,
787 1290 892 1335 meum
914 1271 1023 1334 laudet
1044 1272 1225 1353 ingenium,
1247 1292 1319 1334 cum
1335 1271 1420 1333 dicat
1434 1290 1501 1344 me,
1524 1270 1550 1332 si
1565 1269 1665 1333 multa
1679 1266 1779 1329 dixis·

450 1388 535 1442 sem,
557 1367 797 1431 sublevaturum
817 1364 918 1429 fuisse
939 1386 1028 1441 eum,
1052 1387 1146 1449 quem
1163 1375 1273 1429 contra
1288 1364 1440 1439 dicerem;
1463 1365 1618 1448 quianon
1633 1361 1779 1435 dixerim,
1845 1412 1849 1423 .

449 1461 644 1546 perdidisse:
666 1480 786 1524 morem
809 1460 856 1523 illi
878 1480 1002 1542 geram,
1024 1470 1096 1522 utar
1118 1461 1262 1522 oratioue
1284 1465 1455 1541 perpetua3
1478 1477 1543 1520 non
1561 1478 1625 1542 quo
1641 1458 1704 1520 iam
1717 1456 1780 1519 boo

450 1556 491 1620 sit
511 1574 659 1629 necesse,
687 1574 797 1617 verum
820 1559 857 1615 ut
878 1553 1039 1635 experiar,
1071 1560 1175 1615 utrum
1198 1553 1252 1614 ille
1274 1551 1355 1614 ferat
1376 1551 1541 1615 molestius
1563 1572 1613 1614 me
1635 1558 1711 1613 tunc
1733 1557 1781 1611 ta·

450 1648 553 1713 cuisse
575 1667 617 1711 uu
639 1668 725 1711 nuuc
746 1648 863 1710 dicere.
906 1644 958 1708 25.
981 1646 1041 1709 Hic
1063 1655 1097 1708 tu
1119 1646 1255 1709 fortasse
1277 1647 1340 1708 eris
1363 1646 1515 1728 diligens,
1537 1666 1577 1709 ne
1600 1665 1694 1729 quam
1720 1662 1779 1724 ego
1790 1662 1818 1711 to

449 1743 559 1807 boram
583 1742 623 1805 de
646 1742 725 1806 meis
747 1741 898 1823 legitimis
921 1741 1008 1803 boris
1030 1740 1199 1803 remittam.
1232 1741 1300 1803 Nisi
1317 1741 1577 1822 omnitempore,
1600 1738 1687 1822 quod
1702 1734 1779 1799 mibi

450 1839 519 1921 lege
540 1856 729 1901 concessum
751 1841 816 1908 est,
844 1834 962 1897 abusus
985 1854 1057 1907 ero,
1085 1853 1236 1916 querere,
1265 1835 1360 1897 deum
1382 1841 1478 1917 atque
1500 1833 1663 1896 bominum
1686 1827 1780 1892 iidem

451 1931 651 2015 implorabis,
673 1929 894 1993 circumveniri
919 1928 951 1990 C.
967 1929 1116 2001 Verrem,
1139 1927 1225 2011 quod
1242 1936 1407 1991 accusator
1420 1927 1501 1990 nolit
1514 1934 1576 1989 tam
1593 1926 1662 2000 diu,
1685 1943 1781 2009 quam

451 2024 505 2087 diu
532 2024 644 2097 liceat,
673 2023 790 2085 dicere.
835 2021 930 2096 Quod
960 2022 1036 2083 mihi
1067 2021 1120 2084 lex
1143 2042 1213 2084 mea
1235 2042 1330 2085 causa
1353 2023 1456 2096 dedit,
1486 2041 1525 2084 co
1548 2022 1625 2084 mibi
1647 2039 1711 2083 non
1733 2017 1781 2080 uti

451 2138 515 2183 uon
536 2117 666 2180 licebitl
700 2117 780 2179 Nam
802 2115 972 2178 accusandi
995 2117 1072 2203 mihi
1096 2124 1220 2199 tempus
1243 2136 1311 2179 mea
1333 2136 1429 2179 cansa
1449 2118 1557 2179 datum
1572 2123 1636 2188 est,
1658 2121 1693 2176 ut
1708 2130 1819 2195 pos-iu

450 2211 686 2276 remoratione
708 2229 779 2272 mea
800 2210 932 2272 crimina
956 2230 1148 2293 causamque
1171 2211 1342 2293 explicare.
1386 2212 1454 2273 Hoc
1476 2211 1503 2274 si
1525 2230 1590 2273 uon
1606 2216 1694 2281 ntor,
1716 2224 1781 2268 non

450 2307 507 2371 tibi
538 2304 688 2368 iniuriam
713 2302 816 2377 facio,
843 2305 899 2365 sed
929 2304 969 2367 de
998 2325 1069 2367 meo
1093 2305 1163 2367 inre
1184 2303 1306 2388 aliquid
1329 2312 1361 2366 et
1382 2307 1552 2369 commodo
1576 2304 1718 2367 detraho.
1739 2333 1782 2347 -

451 2401 584 2465 &usam
606 2398 710 2470 enim,
737 2396 861 2479 inquit,
893 2398 1043 2480 cognosci
1066 2405 1203 2480 oportet.
1225 2432 1267 2445 -
1287 2400 1332 2460 lia
1355 2419 1390 2462 re
1412 2401 1560 2483 qnidam,
1582 2397 1669 2482 qnod
1691 2396 1784 2459 aliter

449 2490 656 2558 condemnari
678 2510 766 2564 reus,
790 2491 936 2573 quamvis
958 2492 999 2554 sit
1021 2512 1158 2566 nocens,
1182 2513 1246 2556 uon
1268 2501 1384 2576 potest.
1417 2495 1452 2556 ld
1475 2494 1571 2576 igitur
1593 2502 1626 2557 tu
1650 2492 1782 2554 moleste

450 2588 568 2663 tulisti,
598 2607 617 2650 a
646 2605 696 2648 ma
727 2585 850 2668 aliquid
872 2585 988 2648 lactum
1012 2606 1101 2660 esse,
1130 2607 1194 2669 quo
1216 2589 1321 2650 minus
1343 2588 1403 2650 iste
1425 2588 1630 2650 condemnari
1651 2585 1819 2669 possetiao

449 2685 529 2747 Nam
552 2699 649 2744 causa
669 2679 798 2761 cognita
820 2687 955 2761 possunt
975 2680 1066 2741 multi
1089 2680 1230 2755 absolvi,
1252 2682 1415 2763 incognita
1433 2683 1562 2766 quidem
1578 2678 1782 2745 condemnari

449 2795 545 2841 nemo
567 2781 683 2857 potest.
726 2769 779 2834 26.
803 2772 936 2835 «Adimo
960 2775 1044 2836 enim
1068 2776 1425 2857 comperendinatnmo:
1448 2777 1535 2860 quod
1556 2775 1654 2837 babet
1674 2772 1726 2834 lex
1748 2771 1782 2834 in

450 2890 485 2934 se
508 2867 788 2941 molestissimum,
809 2867 859 2929 bis
880 2875 917 2929 ut
937 2888 1034 2931 cansa
1056 2870 1196 2944 dicatur,
1219 2870 1307 2953 quod
1329 2879 1384 2932 aut
1406 2889 1476 2935 mea
1498 2888 1594 2932 causa
1611 2866 1718 2949 potius
1734 2871 1784 2927 est

450 2962 659 3028 constitutum
687 2981 783 3045 quam
814 2969 882 3035 tua,
912 2969 967 3025 aut
987 2962 1089 3026 nihilo
1113 2971 1166 3026 tua
1194 2964 1301 3047 potius
1333 2985 1430 3048 qnam
1459 2984 1539 3027 mea.
1582 2965 1661 3025 Nam
1683 2960 1710 3022 si
1732 2958 1782 3020 bis

450 3055 558 3118 dicere
581 3060 630 3117 est
650 3055 870 3128 commodum,
892 3063 976 3118 certe
994 3057 1163 3139 utriusque
1178 3078 1346 3121 commune
1361 3065 1429 3120 est:
1451 3060 1581 3133 sicum,
1604 3057 1660 3141 qui
1676 3060 1819 3138 poste-ai

449 3149 517 3211 rius
541 3147 638 3222 dixit,
666 3167 748 3230 opus
770 3156 819 3211 est
840 3150 1003 3231 redargui,
1037 3154 1231 3215 accusatoris
1253 3173 1362 3227 cansa,
1392 3161 1427 3216 ut
1447 3153 1497 3216 bis
1519 3158 1683 3234 ageretur,
1706 3168 1782 3210 con-

451 3241 599 3305 stitutum
622 3249 679 3303 est.
723 3244 856 3315 Verum,
889 3250 925 3304 ut
946 3243 1079 3324 opinor,
1103 3245 1233 3308 Glaucia
1255 3246 1375 3328 primus
1398 3246 1485 3319 tulit,
1507 3252 1543 3307 ut
1564 3242 1784 3327 comperendi-

451 3343 582 3399 naretur
603 3355 695 3410 reus;
718 3344 811 3398 antea
833 3336 882 3398 vel
905 3334 1040 3399 indicari
1064 3339 1166 3419 primo
1197 3348 1322 3422 poterat
1343 3340 1393 3401 vel
1415 3340 1551 3422 amplius
1573 3335 1783 3421 pronuntiari.

451 3431 558 3494 Utrum
589 3430 686 3511 igitur
714 3437 808 3513 putas
837 3430 939 3512 legem
972 3431 1176 3492 molliorem?
1210 3432 1332 3514 Opinor
1354 3432 1441 3494 illam
1464 3439 1619 3503 veterem,
1648 3448 1711 3512 qua
1733 3429 1783 3491 vel

451 3525 516 3587 cito
538 3524 660 3587 absolvi
684 3524 733 3586 vel
756 3523 844 3585 tarde
867 3523 1072 3586 condemnari
1095 3525 1219 3588 licebat.
1263 3528 1330 3608 Ego
1354 3527 1410 3589 tibi
1427 3527 1515 3589 illam
1532 3525 1666 3588 Aciliam
1681 3524 1821 3605 tegemus

450 3616 603 3689 restituo,
635 3638 699 3701 qua
722 3617 791 3700 lege
814 3618 906 3680 multi
928 3617 1027 3679 semel
1050 3619 1206 3693 accusati,
1236 3620 1334 3682 semel
1360 3622 1445 3684 dicta
1466 3639 1577 3690 causa,
1607 3617 1705 3682 semel
1727 3636 1784 3679 an-

454 3709 529 3772 ditis
551 3709 686 3774 testibus
709 3712 911 3775 condemnati
934 3718 1026 3785 suut,
1048 3732 1253 3796 nequaquam
1276 3723 1340 3777 tam
1363 3714 1539 3777 manifestis
1561 3733 1666 3797 neque
1688 3710 1784 3774 tantis

454 3805 658 3880 criminibus,
686 3810 814 3891 quantis
843 3817 877 3872 tu
908 3806 1116 3870 convinceris.
1160 3808 1239 3870 Puta
1269 3815 1300 3870 te
1331 3828 1395 3870 non
1416 3809 1476 3871 hac
1499 3816 1562 3870 tarn
1584 3807 1700 3880 atroci,
1728 3802 1784 3868 sed

455 3898 510 3961 illa
541 3897 612 3981 lege
638 3902 806 3965 mitissima
834 3922 963 3965 causam
993 3900 1109 3962 dicere.
1159 3901 1343 3964 accusabo:
1375 3901 1594 3984 respondebis.
1637 3899 1784 3962 Testibus

455 3994 549 4057 editis
572 3995 617 4057 ita
638 3995 759 4057 mittam
783 3995 815 4057 in
838 3996 1024 4069 consilium,
1054 4000 1106 4068 ut,
1136 3994 1230 4057 etiam
1254 3995 1280 4057 si
1308 3996 1361 4057 lex
1382 3994 1556 4078 ampliandi
1578 3994 1673 4058 iaciat
1695 4000 1822 4076 pote-to

456 4095 583 4161 statem,
607 4095 712 4150 tamen
735 4089 788 4151 isti
810 4097 903 4173 turpe
926 4089 987 4151 sibi
1009 4089 1193 4151 existiment
1214 4108 1279 4150 non
1294 4090 1398 4171 primo
1414 4089 1566 4152 iudicare.
1602 4089 1642 4150 X.
1657 4084 1708 4149 27.
1723 4087 1785 4148 Ve-

454 4201 525 4245 rum
547 4182 575 4244 si
597 4202 726 4246 causam
748 4182 898 4265 cognosci
921 4202 1003 4265 opus
1025 4190 1089 4255 cst,
1113 4201 1267 4263 parumne
1291 4182 1417 4264 cognita
1439 4185 1509 4245 esti
1536 4181 1783 4257 dissimulamus,

411 4308 419 4327 ·
455 4276 621 4350 Hortensi,
644 4280 731 4360 quod
754 4298 849 4360 saepe
873 4276 996 4360 experti
1018 4277 1051 4339 in
1074 4276 1210 4339 dicendo
1233 4298 1354 4339 sumus.
1384 4277 1465 4352 Quis
1480 4296 1539 4338 nos
1554 4296 1669 4358 magno
1687 4296 1784 4359 opere

455 4371 591 4434 attendit
612 4392 764 4456 umquam
786 4373 819 4434 in
841 4372 904 4434 hoc
926 4371 1057 4454 quidem
1078 4390 1193 4452 genere
1216 4390 1401 4446 causarum,
1423 4370 1477 4433 ubi
1500 4370 1622 4453 aliquid
1640 4379 1783 4454 ereptum

522 4647 547 4698 8.
565 4661 615 4697 ooo
632 4661 681 4710 qao
697 4649 750 4697 iam
766 4650 835 4699 coni.
856 4648 941 4698 blada.
961 4648 994 4698 de
1013 4649 1073 4697 Asc.
1086 4650 1153 4710 App.
1165 4660 1193 4711 p.
1206 4647 1254 4697 39:
1273 4662 1321 4697 oon
1340 4649 1458 4709 qnoniam
1475 4648 1554 4699 codd.
1569 4675 1597 4685 -
1617 4647 1657 4698 ti.
1670 4649 1781 4698 dedita:

453 4722 493 4772 dot
511 4722 590 4772 codd.
610 4724 639 4773 0.
661 4750 687 4757 --
713 4738 763 4772 ooo
784 4725 821 4772 ati
841 4723 921 4773 licebit
938 4724 1032 4782 (ilic.
1054 4748 1080 4757 -
1109 4722 1149 4771 48.
1167 4723 1249 4784 inquit
1265 4736 1318 4771 om.
1338 4725 1383 4772 Gi.
1405 4748 1430 4761 ·-
1459 4724 1491 4772 Et
1507 4724 1697 4785 eorcqotdcm
1713 4724 1782 4771 coni.

452 4797 524 4847 Bake
543 4797 577 4847 ed
595 4799 673 4861 Legg.
692 4811 719 4862 p.
738 4799 795 4848 648.
815 4800 869 4848 itan
887 4800 906 4848 l.
925 4812 951 4862 p.
965 4798 1005 4846 oo.
1022 4823 1049 4833 -
1068 4798 1110 4845 il.
1128 4799 1200 4846 inuti
1215 4804 1317 4860 poemat
1334 4798 1382 4847 dtt.
1395 4799 1425 4848 0.
1440 4826 1466 4834 -
1485 4799 1526 4849 23.
1545 4799 1611 4859 qaod
1627 4793 1679 4858 aot]
1698 4797 1783 4845 Locus

453 4872 496 4922 rix
513 4886 603 4923 sanus.
623 4874 683 4923 Ero.
703 4875 770 4923 coni.
790 4875 817 4923 id
833 4879 890 4930 oet;
912 4874 990 4923 lieck.
1005 4869 1077 4921 delet
1093 4874 1171 4933 quod.
1191 4874 1267 4923 uncis
1284 4871 1389 4924 inclusit
1404 4876 1433 4923 0.
1449 4901 1476 4909 -
1495 4874 1536 4922 iti.
1554 4871 1641 4935 igitur]
1658 4884 1718 4934 crgo
1735 4870 1781 4919 Gt.

456 4971 482 4983 -
501 4948 630 4997 moliorem
647 4949 691 5011 Lg.
706 4948 754 5007 atu
777 4949 904 4998 arctiorem
920 4950 982 4997 Gla
999 4949 1104 5012 Zumpt.
1132 4951 1180 4998 nit
1198 4947 1238 4997 lex
1257 4962 1302 5007 aa,
1324 4962 1394 5012 quae
1420 4948 1502 4999 multo
1520 4950 1619 4998 maiora
1638 4946 1690 4996 reis
1707 4958 1783 4994 com·

454 5021 533 5071 moda
551 5021 639 5081 allert,
658 5036 739 5085 quarn
757 5020 805 5071 alia
822 5022 918 5083 iisdem
935 5022 1062 5081 atrocior,
1080 5024 1239 5085 praesertim
1257 5036 1333 5084 cum,
1353 5027 1381 5073 ut
1398 5025 1450 5073 lroc
1464 5022 1523 5074 loco
1535 5024 1577 5080 oi.
1596 5020 1709 5071 oratorie
1721 5020 1785 5070 elle-

454 5099 528 5147 ratur
545 5100 572 5147 et
589 5096 622 5147 de
643 5097 771 5147 industria
789 5102 924 5161 tamquam
943 5100 1119 5161 praestantior
1135 5098 1318 5162 praedicetur,
1343 5111 1391 5148 cur
1408 5112 1459 5148 uon
1478 5101 1550 5147 recte
1566 5095 1647 5144 mollis
1663 5095 1783 5145 dicatur?

454 5181 521 5230 inira
538 5179 686 5244 appellatur
702 5182 858 5231 mitisomo.»
876 5181 970 5231 Kahat.
989 5194 1016 5243 p.
1031 5180 1070 5229 ⁴3.
1091 5207 1117 5218 —
1138 5182 1180 5231 36.
1198 5181 1289 5246 tomen]
1306 5195 1419 5232 cuasam.
1446 5182 1473 5231 ln
1491 5183 1523 5231 Gi
1536 5182 1553 5231 i
1568 5162 1626 5230 σῖηι
1643 5180 1668 5241 (ἰ.
1682 5192 1707 5228 e.
1722 5193 1783 5229 coo-

454 5255 519 5383 agap
536 5261 589 5305 tom
605 5258 632 5306 et
647 5260 731 5307 murco
747 5257 903 5322 saepissime
921 5255 1127 5308 contunduntur.
1149 5284 1175 5292 -
1200 5256 1249 5321 istil
1269 5258 1317 5323 ipsi
1333 5258 1403 5312 coni.
1422 5255 1506 5309 Halm.
1527 5284 1554 5294 -
1572 5257 1613 5313 38.
1631 5271 1783 5329 magnopere
