4367 6109
848 604 1075 670 cnr-n.
1108 599 1320 687 sca-ro.
1684 591 1740 661 444

416 784 511 840 tuma
530 775 694 859 flagrant,
723 781 792 838 tum
813 774 853 837 ad
875 774 1028 837 iudicium
1050 773 1317 856 corrumpendum
1340 780 1464 856 tempus
1485 771 1624 834 alienum
1648 770 1747 832 offen-

416 870 515 934 deret.
557 868 590 933 6.
611 870 723 954 ltaque
752 889 823 932 oum
850 887 909 951 ego
933 868 1016 931 diem
1038 867 1221 951 inquirendi
1244 869 1276 930 in
1300 868 1440 930 Siciliam
1461 866 1667 949 perexiguam
1689 883 1748 946 po·

415 962 634 1037 stnlavissem,
655 963 777 1027 invenit
797 962 871 1036 iste,
895 961 951 1044 qui
974 961 1032 1023 sibi
1053 963 1086 1025 in
1109 961 1259 1024 Achaiam
1280 961 1377 1024 biduo
1391 960 1569 1022 breviorem
1584 957 1667 1019 diem
1689 975 1748 1037 po·

415 1054 564 1130 stularet,
586 1076 651 1119 non
672 1062 708 1118 ut
729 1055 758 1118 is
779 1054 865 1118 idem
887 1051 1056 1118 conficeret
1077 1054 1240 1137 diligentia
1262 1062 1294 1116 et
1315 1054 1470 1117 industria
1488 1070 1560 1126 sua,
1583 1050 1670 1135 quod
1687 1069 1746 1131 ego

416 1166 487 1211 meo
515 1147 625 1213 labore
653 1155 686 1211 et
705 1148 822 1231 vigiliis
848 1157 1037 1211 consecutus
1059 1169 1139 1210 surn.
1176 1149 1300 1210 Etenim
1322 1147 1376 1210 ille
1399 1146 1555 1208 Achaicus
1577 1142 1749 1227 inquisitor
1769 1159 1785 1208 a

416 1262 456 1305 ne
477 1241 681 1305 Brundisium
706 1241 836 1326 quidem
858 1242 1018 1324 pervenit:
1041 1262 1099 1323 ego
1120 1241 1257 1304 Siciliam
1276 1248 1373 1305 totam
1390 1239 1621 1325 quinquaginta
1634 1237 1748 1301 diebus

417 1337 462 1399 sic
483 1335 567 1410 abii,
589 1344 624 1399 ut
644 1337 786 1399 omnium
801 1336 991 1419 populorum
1005 1335 1265 1418 privatorumque
1282 1335 1404 1398 litteras
1419 1333 1614 1416 iniuriasque
1630 1348 1748 1413 cogno·

415 1448 554 1494 acerem:
584 1437 622 1493 ut
648 1431 852 1512 perspicuum
881 1430 982 1492 cuivis
1005 1448 1075 1492 esse
1106 1437 1214 1510 posset
1235 1429 1396 1492 bominem
1420 1428 1459 1491 ab
1482 1427 1543 1489 isto
1567 1424 1747 1508 quaesitum

415 1543 502 1597 esse,
524 1506 597 1587 non¹
612 1524 668 1608 qui
690 1543 779 1587 reum
803 1545 895 1586 suum
918 1523 1108 1597 adduceret,
1137 1524 1192 1585 sed
1225 1524 1280 1607 qui
1302 1544 1407 1585 meum
1429 1530 1555 1603 tempus
1577 1517 1747 1581 obsideret.

415 1619 470 1681 Ill.
492 1615 523 1681 7.
545 1619 638 1682 Nunc
658 1617 755 1680 bomo
778 1617 1008 1680 audacissimus
1031 1625 1128 1701 atque
1149 1618 1384 1681 amentissimus
1405 1616 1467 1678 hoc
1489 1615 1616 1697 cogitat.
1651 1612 1785 1680 lntel·ta

415 1712 485 1795 ligii
504 1732 557 1775 me
578 1712 622 1774 ita
643 1718 789 1794 paratum
812 1718 907 1795 atque
929 1712 1119 1773 instructum
1141 1712 1174 1773 in
1196 1711 1350 1773 iudicium
1365 1711 1490 1783 venire,
1511 1716 1633 1771 utnon
1652 1705 1747 1769 modo

414 1807 447 1870 in
469 1806 602 1870 auribus
622 1806 753 1878 vestris,
776 1804 832 1867 sed
854 1805 888 1866 in
910 1805 1013 1867 oculis
1035 1806 1176 1868 omnium
1198 1825 1255 1868 sua
1278 1804 1361 1867 furta
1383 1812 1480 1886 atque
1494 1799 1612 1885 flagitia
1627 1797 1748 1862 detixu-

413 1919 468 1962 rus
491 1901 561 1962 sim.
594 1898 689 1962 Videt
710 1907 873 1962 senatores
896 1898 1012 1961 multos
1035 1919 1106 1962 esse
1129 1907 1225 1962 testes
1247 1898 1399 1961 audaciae
1415 1916 1509 1971 suae;
1531 1894 1617 1957 videt
1632 1893 1747 1956 multos

414 1993 540 2076 equites
561 1993 737 2064 Romanos,
770 1991 953 2075 frequentes
976 2002 1139 2075 praeterea
1161 1994 1246 2055 cives
1268 1999 1365 2075 atque
1387 1992 1509 2064 socios,
1541 1989 1657 2074 quibus
1678 1989 1747 2069 ipse

413 2086 555 2170 insignes
577 2086 709 2149 iniurias
726 2085 854 2160 fecerit;
876 2086 962 2148 videt
984 2088 1079 2149 etiam
1103 2094 1235 2149 tottam
1257 2105 1368 2167 graves
1389 2085 1429 2146 ab
1451 2083 1650 2147 amicissimis
1672 2082 1786 2150 civi-ta

413 2180 533 2244 tatibus
554 2180 730 2261 legationes
752 2199 824 2242 cum
846 2179 984 2261 publicis
1006 2180 1246 2242 auctoritatibus
1269 2179 1466 2241 convenisse.
1509 2174 1540 2238 8.
1562 2175 1653 2251 Quae
1674 2195 1747 2240 cum

412 2277 457 2338 ita
478 2275 558 2346 sint,
581 2292 684 2356 usque
707 2293 744 2336 eo
768 2274 807 2336 de
830 2274 977 2336 omnibus
998 2274 1093 2336 bonis
1116 2273 1196 2335 male
1216 2272 1393 2346 existimat,
1416 2290 1519 2353 usque
1534 2290 1572 2333 eo
1588 2269 1747 2333 senatoria

413 2368 533 2431 iudicia
552 2366 679 2449 perdita
699 2367 931 2450 profligataque
954 2386 1024 2429 esse
1045 2367 1230 2440 arbitratur,
1255 2373 1290 2429 ut
1310 2366 1371 2428 boc
1393 2364 1498 2447 palam
1520 2364 1659 2438 dictitet,
1682 2381 1746 2424 non

414 2462 484 2525 sine
505 2479 603 2525 causa
624 2480 659 2523 se
674 2460 824 2543 cupidum
846 2462 1001 2543 pecuniae
1018 2461 1131 2535 fuisse,
1156 2462 1306 2544 quoniam
1322 2461 1353 2522 in
1392 2461 1505 2522 ccunia
1519 2467 1640 2522 tantum
1657 2477 1748 2540 prae·

414 2555 532 2618 sidium
555 2554 740 2636 experiatur
762 2574 849 2616 esse:
871 2575 941 2617 sese
964 2553 1006 2635 (id
1030 2554 1117 2639 quod
1134 2551 1354 2617 difficillimum
1367 2481 1472 2633 luerit)
1495 2560 1621 2636 tempus
1642 2555 1786 2634 ipsumia

415 2647 532 2711 emisse
554 2645 663 2711 iudicii
686 2648 754 2721 sui,
777 2668 842 2731 quo
864 2657 970 2712 cetera
987 2648 1114 2712 facilius
1129 2669 1234 2712 emere
1247 2656 1358 2732 postea
1374 2653 1500 2729 posset:
1522 2654 1572 2721 ut,
1596 2645 1746 2729 quoniam

415 2741 583 2805 criminum
605 2739 670 2802 virn
692 2740 909 2824 subterfugere
931 2743 1020 2805 nullo
1042 2744 1138 2807 modo
1161 2750 1301 2826 poterat,
1324 2740 1497 2823 procellam
1519 2741 1670 2823 temporis
1693 2740 1747 2802 de·

415 2835 538 2898 vitaret
574 2831 605 2896 9.
629 2833 724 2911 Quod
747 2836 773 2897 si
795 2855 859 2898 non
883 2836 978 2900 modo
999 2839 1032 2900 in
1049 2857 1161 2911 causa,
1184 2856 1293 2901 verum
1316 2835 1350 2898 in
1371 2835 1479 2919 aliquo
1500 2835 1635 2898 bonesto
1657 2854 1748 2916 prae-

415 2929 497 2992 sidio
519 2935 576 2991 aut
596 2928 630 2989 in
651 2928 786 2991 alicuius
806 2928 990 3014 eloquentia
1005 2939 1060 2993 aut
1075 2933 1176 3013 gratia
1190 2951 1279 3013 spem
1294 2929 1435 3014 aliquam
1451 2929 1652 3002 collocasset,
1674 2948 1748 3010 pro-

415 3023 498 3087 fecto
520 3041 586 3085 non
607 3021 686 3084 baec
708 3023 814 3086 omnia
837 3023 1000 3106 colligeret
1021 3033 1119 3109 atque
1133 3032 1366 3107 aucuparetur,
1388 3043 1453 3087 non
1468 3043 1571 3106 usque
1587 3042 1625 3085 eo
1641 3021 1785 3102 despite

416 3123 501 3180 aeret
521 3121 802 3200 contemneretque
824 3116 968 3180 ordinem
990 3120 1202 3191 senatorium,
1233 3127 1269 3180 ut
1290 3118 1442 3181 arbitratu
1465 3120 1533 3180 eius
1556 3117 1747 3199 deligeretur

416 3217 608 3282 exsenatu,
632 3211 687 3292 qui
708 3229 783 3272 reus
806 3206 911 3285 freret;
934 3213 1007 3295 qui,
1029 3214 1105 3276 dum
1127 3212 1180 3275 hic
1203 3233 1285 3297 quae
1308 3233 1390 3295 opus
1413 3219 1519 3274 essent
1539 3218 1746 3293 compararet,

416 3322 545 3366 causam
566 3303 686 3365 interea
707 3310 781 3365 ante
803 3323 877 3366 eum
898 3305 1026 3368 diceret.
1061 3301 1111 3368 10.
1134 3306 1259 3382 Quibus
1281 3326 1339 3388 ego
1362 3306 1458 3368 rebus
1474 3305 1550 3388 quid
1566 3304 1626 3367 iste
1640 3310 1748 3386 speret

416 3405 534 3480 etqua
556 3396 697 3459 animuin
718 3397 878 3470 intendat,
899 3398 992 3460 facile
1013 3400 1191 3482 perspicio:
1228 3399 1433 3482 quamobrem
1454 3420 1530 3462 vero
1553 3419 1587 3461 se
1610 3394 1747 3460 confidat

417 3488 538 3573 aliquid
561 3486 714 3571 prolicere
735 3510 831 3571 posse
852 3489 914 3553 boc
936 3501 1081 3573 praetore
1101 3501 1133 3554 et
1154 3493 1214 3555 hoc
1230 3493 1379 3566 consilio,
1401 3492 1582 3575 intelligere
1594 3512 1657 3554 non
1673 3509 1784 3574 pos-so

415 3604 496 3646 sum.
540 3583 644 3645 Unum
666 3582 744 3646 illud
766 3584 928 3666 intelligo,
955 3586 1042 3668 quod
1072 3587 1212 3669 populus
1233 3587 1395 3649 Romanus
1417 3588 1451 3649 in
1472 3588 1642 3650 reiectione
1665 3587 1748 3651 iudi·

416 3696 488 3739 cum
510 3676 678 3751 iudicavit,
709 3696 747 3740 ea
768 3698 825 3760 spe
848 3678 943 3741 istum
964 3679 1064 3743 fuisse
1085 3679 1282 3763 praeditum,
1313 3687 1348 3742 ut
1374 3700 1499 3743 omnem
1520 3681 1675 3745 rationem
1698 3700 1748 3742 sa·

415 3769 492 3832 lutis
522 3769 555 3831 in
584 3772 720 3852 pecunia
750 3772 973 3836 constitueret:
1002 3774 1063 3837 boc
1085 3782 1195 3856 erepto
1218 3773 1377 3857 praesidio
1401 3783 1436 3838 ut
1455 3775 1577 3837 nullam
1599 3774 1658 3837 sibi
1679 3793 1747 3837 rem

416 3862 600 3926 adiumento
622 3863 691 3927 fore
713 3865 928 3929 arbitraretur.

498 3957 552 4019 lV.
574 3958 699 4021 Etenim
722 3959 808 4044 quod
832 3966 881 4022 est
901 3961 1065 4043 ingenium
1086 3970 1226 4037 tantum,
1250 3982 1332 4048 quae
1354 3971 1441 4026 tanta
1465 3962 1598 4026 facultas
1621 3961 1785 4027 dicendias

416 4058 448 4114 et
462 4051 571 4134 copia,
596 4072 679 4136 quae
701 4054 793 4117 istius
815 4056 911 4117 vitam
934 4063 980 4117 tot
1002 4057 1085 4120 vitiis
1108 4058 1301 4141 flagitiisque
1324 4058 1519 4131 convictam,
1541 4059 1603 4123 iam
1624 4057 1748 4140 pridem

415 4269 500 4307 ream
513 4256 597 4318 factata
612 4262 673 4307 asset
689 4258 738 4318 62,
757 4259 892 4309 recessisset
908 4259 945 4309 Ld
955 4261 980 4310 S.
1002 4287 1028 4297 -
1045 4262 1124 4311 veteri
1140 4262 1218 4325 ngas.
1238 4261 1271 4313 cf.
1291 4262 1324 4312 ad
1341 4263 1426 4312 Divin.
1446 4263 1470 4326 5.
1484 4264 1508 4313 o.
1529 4288 1556 4298 -
1576 4264 1600 4312 4.
1618 4268 1672 4312 tam
1683 4263 1748 4312 diem

416 4332 450 4382 ad
464 4332 517 4381 iad.
537 4334 588 4394 ui,
612 4338 666 4382 tran
682 4333 781 4382 4444444444
796 4335 831 4383 ad
847 4335 898 4383 iad.
919 4334 965 4384 td.
986 4362 1013 4370 -
1037 4336 1061 4384 2.
1086 4337 1139 4397 inq.
1157 4337 1185 4385 io
1201 4336 1322 4401 Siciliam]
1345 4338 1387 4387 Sic
1404 4341 1477 4387 recte
1495 4334 1636 4400 legendum
1655 4339 1748 4388 censet

416 4404 500 4457 lialrn.
519 4405 578 4458 coil.
597 4406 654 4458 Lib.
675 4408 693 4456 l.
713 4407 737 4470 5.
756 4408 796 4458 30.
815 4412 875 4459 Asc.
895 4409 921 4459 in
939 4410 1029 4459 Scaur.
1049 4423 1076 4474 p.
1090 4411 1131 4470 49,
1146 4412 1185 4460 ts.
1205 4414 1246 4461 Ps.
1266 4416 1326 4463 Asc.
1344 4426 1369 4476 p.
1385 4413 1448 4463 tas:
1466 4413 1518 4474 inq.
1537 4413 1563 4460 in
1580 4412 1668 4462 Sicilia
1685 4412 1747 4463 ata

416 4477 508 4545 tegis
525 4479 575 4536 al.;
594 4482 621 4531 ia
637 4482 751 4531 Siciliam
767 4484 818 4545 inq.
838 4485 874 4533 st.
891 4485 923 4539 L;
941 4485 968 4532 in
985 4485 1072 4533 Sicilia
1088 4486 1140 4547 inq.
1159 4486 1189 4535 0.
1210 4513 1237 4521 -
1261 4488 1284 4537 3.
1303 4488 1330 4535 in
1346 4488 1466 4537 Achaiam
1482 4502 1513 4549 g,
1530 4487 1669 4536 indotata
1685 4483 1747 4537 Gii

416 4552 448 4605 al.
468 4582 496 4592 -
515 4554 541 4606 l.
559 4557 581 4605 is
597 4570 651 4606 orn.
670 4557 719 4607 dtt.
741 4581 767 4593 -
788 4558 812 4609 8.
829 4564 910 4620 posset
926 4559 958 4608 64
973 4557 1015 4609 iit
1032 4558 1083 4609 al:
1100 4560 1179 4621 possit
1195 4561 1223 4609 L.
1239 4587 1266 4596 -
1287 4562 1326 4611 45.
1345 4567 1398 4610 mm
1415 4575 1468 4611 om.
1488 4561 1535 4612 dtt.
1558 4589 1584 4598 -
1604 4563 1643 4613 46.
1663 4568 1749 4613 eiecto·

415 4629 531 4680 sitatibus
546 4644 578 4680 ac
594 4632 738 4682 testimoniis
754 4648 771 4694 ς
786 4634 814 4696 li)
828 4634 875 4684 dtt.
890 4634 918 4683 0.
936 4637 969 4684 nt
987 4633 1019 4684 ci.
1039 4633 1124 4683 blodv.
1144 4635 1191 4698 Ep.
1211 4634 1244 4684 ad
1262 4636 1304 4685 Or.
1323 4649 1349 4700 p.
1363 4637 1395 4686 32
1406 4650 1447 4700 sq.
1462 4663 1489 4672 -
1509 4637 1549 4688 48.
1567 4637 1635 4687 dicat
1651 4640 1696 4688 64.
1718 4666 1745 4675 -

416 4703 454 4754 49.
473 4709 573 4754 motam
589 4705 616 4754 in
629 4720 684 4768 pec.
702 4707 752 4757 dtt.
763 4708 792 4757 0.
807 4734 832 4743 -
852 4709 893 4759 at.
909 4714 997 4770 postea
1009 4713 1091 4770 posset
1108 4709 1191 4760 GtLd
1202 4711 1268 4772 ngas
1278 4712 1310 4759 S:
1329 4716 1410 4773 posset
1423 4717 1510 4772 postea
1526 4712 1572 4772 Gi,
1588 4718 1675 4773 postea
1691 4726 1743 4763 orn.

415 4779 529 4840 rtitdtt.
543 4782 578 4839 0,
596 4787 687 4831 emeret
700 4787 789 4844 postea
806 4783 874 4833 coni.
894 4783 1026 4834 Fritzscbe
1044 4784 1069 4832 in
1088 4785 1171 4834 Lecti.
1189 4783 1254 4834 Tull.
1268 4785 1389 4835 flostoab.
1406 4785 1478 4836 ista.
1493 4812 1520 4821 -
1539 4785 1580 4837 st.
1598 4788 1626 4836 ia
1642 4788 1748 4837 aiicaias

416 4853 492 4904 codd.
512 4853 618 4920 pleriq:
636 4857 663 4904 in
680 4871 733 4907 orn.
746 4856 780 4906 41.
797 4885 823 4893 --
843 4863 888 4908 cat
904 4858 1043 4920 eloquentia
1060 4859 1105 4908 Gl.
1122 4885 1149 4894 —
1168 4859 1209 4910 30.
1225 4861 1345 4923 perficere
1361 4859 1409 4909 dtt.
1421 4862 1450 4909 0.
1472 4859 1505 4909 cf.
1518 4861 1602 4910 Divin.
1623 4860 1647 4924 5.
1660 4861 1701 4912 89.
1717 4887 1745 4898 -

415 4926 458 4976 boc
470 4933 591 4990 praetore
601 4933 631 4987 Α,
645 4931 705 4980 cod.
718 4934 775 4981 Par.
786 4930 859 4983 balb:
874 4939 995 4994 praetore
1005 4946 1059 4983 om.
1072 4933 1138 4995 ς(4);
1156 4934 1400 4995 emanationes,
1420 4934 1479 4984 cod.
1495 4937 1563 4989 Par:
1575 4935 1621 4985 bac
1629 4941 1748 4998 praetore

415 5002 547 5054 Glabrione
563 5006 595 5062 ὃς
621 5007 666 5055 bac
685 5005 818 5056 Glabrione
838 5013 958 5069 praetore
974 5005 1006 5057 al.
1029 5031 1054 5042 -
1078 5008 1120 5059 34.
1136 5023 1196 5072 pop.
1216 5010 1285 5059 Rom.
1305 5010 1366 5059 642
1383 5012 1441 5061 Par.
1461 5009 1539 5060 Lali:
1563 5015 1669 5072 praetor
1685 5014 1745 5062 Aac.

415 5078 475 5129 edd.
489 5080 593 5144 priores
611 5081 708 5131 etcod.
724 5079 837 5133 Floreat.
851 5097 893 5147 sp.
908 5081 1005 5134 Fabrlt.
1019 5081 1063 5141 al.;
1081 5097 1121 5133 rr.
1133 5098 1173 5135 no.
1193 5086 1212 5134 L
1229 5097 1261 5134 ex
1279 5083 1357 5134 codd.
1374 5111 1400 5121 -
1419 5084 1460 5134 ³3.
1478 5085 1632 5134 constituerit
1648 5087 1680 5136 64
1694 5086 1745 5148 ἲς,

411 5160 514 5216 poneret
530 5153 579 5204 dtt.
590 5156 619 5205 0.
635 5183 662 5193 -
681 5155 722 5204 35.
737 5159 803 5219 qaod
818 5158 850 5207 sit
861 5157 986 5209 Claudius
997 5158 1129 5209 Sacerdos
1146 5174 1172 5223 p.
1186 5158 1226 5209 11.
1243 5186 1270 5195 -
1289 5158 1330 5209 36.
1348 5162 1372 5209 et
1388 5158 1469 5222 copia]
1487 5164 1533 5208 aut
1548 5160 1622 5220 copia
1634 5161 1666 5211 64
1680 5161 1704 5210 2.
1717 5187 1745 5198 -

412 5229 551 5280 connatam
567 5232 622 5294 gli)
635 5230 683 5280 dtt.
702 5230 735 5280 cl.
749 5231 805 5283 Lib.
820 5232 839 5282 l.
858 5233 882 5297 g.
896 5234 936 5283 26.
957 5246 982 5297 p.
996 5231 1080 5284 Flacc.
1093 5233 1168 5299 §.bb
1187 5232 1265 5302 prob.
1278 5233 1372 5284 Kahnt.
1384 5232 1402 5283 l.
1415 5231 1432 5283 l.
1451 5247 1478 5301 p.
1491 5233 1520 5283 7:
1538 5235 1698 5288 coniunctam
1709 5236 1746 5290 68

413 5306 464 5356 64)
481 5304 533 5367 al.;
551 5306 730 5358 communiam
747 5307 793 5358 Gt.
