4367 6109
655 587 724 652 Lm.
745 587 799 651 IV.
821 585 895 651 Gar.
916 583 1225 650 XXXI-XXXIV.
1252 580 1309 668 §§.
1330 579 1479 648 69-74.
1651 577 1708 646 llil

395 757 497 821 solum
525 755 720 832 hominibus,
748 777 856 821 verum
885 756 981 821 etiam
1007 756 1056 819 dis
1083 754 1310 820 immortalibus
1338 754 1458 819 bellum
1486 753 1635 819 indictum
1657 775 1716 839 pu·

395 857 521 916 taretur.

479 945 628 1010 XXXIII.
653 946 784 1028 Segesta
806 953 854 1008 est
875 944 1023 1029 oppidum
1045 951 1193 1028 pervetus
1214 944 1248 1006 in
1270 943 1392 1019 Sicilia,
1414 944 1552 1020 iudices,
1575 947 1660 1028 quod
1677 947 1716 1010 ah

396 1041 502 1103 Aenea
522 1038 664 1123 fugiente
693 1060 712 1104 a
734 1040 828 1103 Troia
856 1047 952 1122 atque
975 1039 1008 1100 in
1029 1038 1108 1102 haec
1131 1038 1199 1101 loca
1221 1037 1367 1100 veniente
1390 1037 1548 1103 conditum
1570 1060 1640 1104 esse
1662 1041 1718 1105 de-

395 1141 579 1197 monstrant.
612 1135 723 1218 ltaque
739 1133 901 1216 Segestani
921 1152 986 1195 non
1008 1131 1109 1194 solum
1129 1138 1282 1214 perpetua
1296 1130 1447 1194 societate
1461 1140 1556 1215 atque
1572 1135 1740 1208 amicitias

396 1247 503 1290 verum
532 1228 625 1291 etiam
651 1227 840 1310 cognatione
866 1247 900 1290 se
930 1246 1001 1290 cum
1027 1224 1146 1309 populo
1173 1225 1314 1287 Romano
1339 1226 1523 1289 coniunctos
1545 1246 1615 1291 esse
1636 1230 1718 1293 arhi-

396 1327 527 1384 trantur.
570 1322 637 1385 Hoc
668 1321 827 1405 quondam
855 1321 1019 1403 oppidum,
1049 1340 1120 1383 cum
1146 1319 1201 1381 illa
1223 1318 1332 1382 civitas
1354 1338 1425 1381 cum
1446 1320 1560 1383 Poenis
1582 1342 1640 1386 suo
1661 1344 1718 1387 no-

398 1415 482 1478 mine
503 1434 539 1478 ac
561 1435 619 1478 sua
641 1423 752 1498 sponte
774 1414 922 1488 bellaret,
944 1434 963 1476 a
984 1412 1298 1495 Karthaginiensibus
1318 1411 1350 1474 vi
1371 1421 1496 1496 captum
1517 1422 1611 1500 atque
1634 1417 1719 1483 dele-

398 1517 464 1574 tum
486 1517 535 1573 est
555 1509 741 1593 omniaque,
764 1528 846 1593 quae
867 1515 1051 1571 ornamento
1065 1507 1136 1570 urbi
1152 1526 1221 1569 esse
1242 1514 1386 1588 possent,
1408 1507 1632 1592 Karthaginem
1646 1520 1720 1575 sunt

399 1623 440 1667 ex
460 1603 515 1666 illo
537 1603 608 1666 loco
631 1603 805 1685 deportata.
834 1602 907 1664 Fuit
927 1601 1009 1685 apud
1032 1601 1222 1684 Segestanos
1244 1619 1285 1661 ex
1299 1618 1372 1662 aere
1386 1601 1505 1663 Dianae
1520 1604 1719 1669 simulacrum
1729 1621 1757 1667 to

398 1717 469 1760 cum
492 1717 614 1760 summa
635 1704 731 1780 atque
753 1697 969 1779 antiquissima
989 1696 1164 1781 praeditum
1186 1693 1354 1775 religione,
1376 1701 1443 1756 tum
1457 1695 1609 1779 singulari
1624 1719 1720 1781 opere

398 1786 593 1874 artificioque
622 1789 806 1873 perlectum.
849 1790 918 1852 lloc
943 1788 1127 1852 translatum
1148 1787 1373 1869 Karthaginem
1396 1787 1501 1851 locum
1522 1798 1643 1854 tantum
1664 1791 1722 1856 ho·

399 1886 562 1968 minusque
584 1891 734 1957 mutarat,
761 1882 946 1965 religionem
969 1883 1099 1967 quidem
1121 1882 1285 1966 pristinam
1308 1882 1526 1946 conservabat:
1554 1903 1627 1947 nam
1648 1905 1721 1967 pro·

398 1984 470 2060 pter
498 1977 645 2040 eximiam
675 1975 940 2060 pulchritudinem
969 1977 1063 2039 etiam
1090 1975 1232 2039 hostibus
1261 1975 1372 2058 digna,
1405 1995 1500 2060 quam
1521 1978 1720 2041 sanctissime

399 2071 548 2144 colerent,
570 2070 741 2133 videbatur.
776 2066 827 2131 73.
848 2069 980 2155 Aliquot
994 2069 1128 2132 saeculis
1147 2075 1218 2151 post
1230 2069 1263 2131 P.
1280 2069 1385 2150 Scipio
1399 2069 1484 2133 hello
1498 2070 1615 2133 Punico
1629 2073 1758 2139 tertiora

399 2163 623 2247 Karthaginem
650 2164 751 2247 cepit:
778 2183 841 2247 qua
866 2164 900 2226 in
922 2164 1049 2226 victoria
1075 2161 1189 2244 (videte
1210 2161 1346 2225 hominis
1367 2165 1514 2227 virtutem
1536 2172 1568 2227 et
1589 2165 1723 2249 diligen·

400 2259 491 2333 ham,
518 2265 554 2321 ut
582 2265 613 2321 et
633 2257 813 2320 domesticis
839 2257 1106 2339 praeclarissimae
1126 2255 1248 2319 virurtis
1271 2256 1425 2340 exemplis
1447 2257 1609 2340 gaudeatis
1631 2268 1664 2323 et
1684 2280 1723 2324 eo

400 2352 518 2415 maiore
546 2349 619 2415 odio
646 2350 773 2433 dignam
803 2351 894 2414 istius
922 2349 1141 2414 incredibilem
1170 2348 1332 2413 audaciam
1360 2349 1514 2432 iudicetis)
1544 2354 1723 2419 convocatis

401 2445 512 2509 Siculis
534 2444 696 2519 omnihus,
718 2444 805 2528 quod
827 2443 1002 2508 diutissime
1023 2443 1271 2526 saepissimeque
1292 2444 1431 2508 Siciliam
1445 2453 1588 2509 vexatam
1611 2449 1725 2512 aKar·

399 2536 646 2621 thaginiensibus
661 2556 732 2602 esse
745 2545 913 2621 cognorat,
935 2537 1022 2600 iubet
1035 2537 1141 2599 omnia
1154 2537 1314 2621 conquiri:
1335 2538 1504 2621 pollicetur
1517 2540 1578 2604 sibi
1592 2562 1723 2626 magnae
1732 2559 1762 2609 so

401 2650 495 2696 curae
515 2630 599 2705 lore,
627 2639 663 2694 ut
684 2630 790 2694 omnia
811 2631 1003 2707 civitatibus,
1026 2650 1108 2715 quae
1129 2631 1281 2715 cuiusque
1302 2631 1453 2708 fuissent,
1474 2635 1723 2702 restituerentur.

401 2726 480 2787 Tum
502 2724 572 2798 illa,
605 2743 689 2808 quae
711 2725 871 2809 quondam
896 2733 985 2788 erant
1014 2726 1141 2788 Himera
1162 2726 1301 2800 sublata,
1332 2725 1371 2790 de
1394 2728 1508 2812 quihus
1531 2738 1624 2795 antea
1646 2732 1724 2808 dixi,

401 2818 609 2881 Thermitanis
630 2826 704 2880 sunt
724 2817 861 2882 reddita:
882 2828 950 2882 tum
971 2820 1033 2884 alia
1053 2818 1259 2893 Gelensibus,
1281 2820 1343 2883 alia
1355 2821 1585 2904 Agrigentinis,
1606 2826 1639 2888 in
1656 2826 1725 2911 qui·

401 2912 460 2975 bus
481 2911 577 2976 etiam
598 2911 653 2975 ille
674 2912 791 2975 nobilis
813 2919 937 2988 taurus,
967 2933 1061 2998 quem
1089 2912 1328 2977 crudelissimus
1357 2914 1497 2978 omnium
1519 2924 1724 2999 tyrannorum

401 3005 542 3071 Phalaris
571 3005 719 3069 habuisse
751 3005 881 3081 dicitur,
911 3028 975 3091 quo
996 3008 1085 3072 vivos
1107 3007 1253 3091 supplicii
1276 3027 1370 3072 causa
1391 3008 1557 3073 demittere
1579 3011 1765 3080 hominesne

402 3109 433 3164 ot
454 3101 608 3165 subiicere
629 3096 785 3164 llammam
807 3101 938 3164 solebat.
981 3101 1083 3177 Quem
1106 3108 1229 3165 taumm
1250 3121 1321 3164 cum
1344 3102 1448 3185 Scipio
1469 3102 1617 3168 redderet
1638 3109 1728 3191 Agri·

403 3194 556 3277 gentinis,
578 3193 696 3257 dixisse
718 3194 830 3258 dicitur
850 3215 987 3279 aequum
1008 3214 1078 3259 esse
1097 3195 1169 3258 illos
1184 3195 1336 3277 cogitare,
1357 3204 1462 3259 utrum
1478 3204 1561 3262 esset
1574 3200 1728 3285 Agrigen-

403 3289 477 3352 tinis
498 3288 618 3361 utilius,
641 3288 749 3352 suisne
772 3291 889 3352 servire
910 3309 992 3353 anne
1014 3289 1133 3372 populo
1154 3288 1294 3352 Romano
1308 3290 1535 3373 obtemperare,
1557 3295 1727 3360 cumidem

403 3389 640 3447 monumentum
655 3389 687 3444 et
701 3381 896 3446 domesticae
912 3382 1104 3446 crudelitatis
1116 3390 1147 3445 et
1160 3389 1288 3444 nostrae
1302 3385 1552 3450 mansuetudinis
1565 3387 1729 3454 haberent.

404 3476 551 3539 XXXIV.
573 3472 624 3537 ll.
646 3476 705 3538 Illo
728 3484 869 3559 tempore
892 3476 1073 3559 Segestanis
1095 3475 1232 3539 maxima
1253 3496 1324 3538 cum
1346 3495 1422 3539 cura
1443 3476 1522 3541 haec
1536 3481 1606 3564 ipsa
1618 3484 1766 3560 Dianam

405 3572 444 3635 de
466 3588 530 3655 qua
550 3569 700 3644 dicimus,
722 3568 883 3633 redditur:
905 3578 1083 3653 reportatur
1098 3571 1275 3652 Segestam:
1296 3571 1330 3632 in
1352 3573 1416 3634 suis
1437 3573 1578 3657 antiquis
1600 3576 1728 3641 sedibus

405 3684 527 3728 summa
552 3684 622 3727 cum
650 3664 858 3747 gratulatione
885 3665 1001 3728 civium
1023 3674 1055 3728 et
1075 3663 1193 3728 laetitia
1214 3663 1386 3745 reponitur.
1429 3665 1516 3729 Haec
1537 3675 1604 3731 erat
1624 3671 1729 3754 posita

406 3759 554 3841 Segestae
575 3778 652 3822 sane
675 3759 802 3823 excelsa
821 3759 854 3821 in
874 3759 961 3832 basi,
981 3759 1014 3821 in
1037 3776 1101 3841 qua
1121 3754 1291 3840 grandibus
1312 3756 1425 3821 litteris
1447 3760 1650 3828 Maurum
1671 3785 1728 3828 no-

405 3872 478 3916 men
507 3860 575 3915 erat
599 3853 734 3916 incisum
762 3873 899 3936 eumque
927 3853 1137 3916 harenosus
1166 3869 1265 3912 carra
1292 3870 1489 3915 assrrrvrssn
1511 3856 1729 3940 perscriptum.

407 3946 575 4011 Colehatur
595 3965 615 4009 a
635 3947 774 4010 civibus:
797 3947 837 4009 ab
859 3947 1003 4010 omnibus
1021 3946 1150 4010 advenis
1165 3943 1341 4007 visebatur:
1363 3965 1435 4008 cum
1450 3955 1601 4029 quaestor
1617 3970 1769 4026 essem,es

406 4040 485 4103 nihil
513 4041 590 4104 mihi
620 4040 658 4103 ah
688 4041 750 4104 illis
772 4049 821 4104 est
842 4041 1088 4104 demonstratum
1108 4037 1208 4123 prius.
1251 4037 1326 4100 Erat
1348 4037 1516 4103 admodum
1538 4044 1679 4127 amplum
1700 4052 1732 4109 et

408 4133 569 4199 excelsum
595 4135 718 4218 signum
747 4155 819 4198 cum
848 4133 944 4209 stola;
971 4153 1080 4196 verum
1113 4139 1217 4194 umen
1250 4130 1353 4195 inerat
1377 4131 1412 4194 in
1440 4133 1495 4197 illu
1516 4137 1731 4220 magnitudine

408 4236 494 4292 aetas
522 4236 619 4313 atque
644 4227 771 4292 habitus
799 4227 978 4311 virginalis:
1006 4226 1138 4310 sagittae
1166 4222 1349 4307 pendebant
1369 4225 1409 4287 ab
1430 4226 1579 4293 humero:
1607 4231 1733 4297 sinistra

474 4471 498 4521 4.
516 4469 564 4520 dttr
578 4469 680 4521 tumore.
699 4471 728 4521 lt.
748 4496 776 4507 -
799 4469 824 4521 4.
845 4469 927 4535 Troia]
952 4468 1027 4519 trotio
1042 4469 1072 4520 a.
1098 4493 1125 4503 -
1151 4467 1176 4518 8.
1193 4465 1282 4516 Korth.
1300 4465 1340 4517 sic
1355 4465 1383 4516 h.
1402 4464 1419 4516 l.
1438 4468 1472 4530 R,
1493 4482 1546 4521 nec
1561 4473 1651 4525 tumen
1668 4488 1734 4526 con-

408 4545 518 4596 stanter.
533 4571 561 4582 ·
580 4544 605 4594 0.
622 4544 688 4609 urbs]
706 4544 740 4594 444
756 4545 835 4609 Lagg.
850 4573 877 4582 -
897 4548 938 4598 40.
955 4543 1152 4595 rimatvs'ueoe
1167 4540 1273 4592 detto.
1288 4567 1317 4578 -
1336 4542 1445 4592 ltcsm
1460 4546 1734 4612 mleELgtt:

409 4625 461 4671 tren
476 4632 575 4670 marro
590 4621 624 4671 04
640 4621 668 4670 0.
693 4621 722 4670 ln
740 4621 777 4671 Gt
794 4622 822 4671 et
838 4621 865 4672 h.
882 4619 899 4671 l.
917 4623 945 4671 et
960 4620 1027 4671 intra
1042 4632 1100 4669 caeo
1114 4629 1164 4682 pro
1181 4621 1234 4666 tacu
1245 4615 1327 4667 scribi
1338 4616 1452 4669 videtur.
1469 4621 1536 4671 Nam
1548 4625 1573 4673 iu
1586 4625 1618 4674 Gt
1633 4624 1649 4674 2
1662 4625 1735 4675 cett

409 4696 435 4746 iu
453 4695 505 4746 hoc
520 4693 652 4746 vocabulo
669 4708 750 4760 saepe
767 4696 810 4746 vix
827 4695 942 4747 discerni
964 4696 1084 4759 possunt.
1108 4718 1137 4730 -
1163 4691 1203 4742 43.
1221 4690 1383 4742 coemebat
1399 4693 1451 4743 ltE
1468 4695 1560 4759 lagg:
1586 4696 1735 4749 motari

410 4770 456 4821 03,
476 4797 503 4808 -
524 4772 564 4821 44.
583 4770 687 4832 ottquod
702 4771 732 4820 n.
752 4795 781 4808 -
801 4771 840 4822 46.
859 4770 1030 4834 cathaginem
1046 4770 1075 4818 n.
1096 4793 1123 4803 -
1142 4767 1183 4818 44.
1198 4765 1400 4828 praemorsas
1409 4767 1439 4817 44.
1454 4793 1481 4802 -
1500 4770 1542 4821 48.
1560 4773 1734 4823 mundanti.

411 4873 439 4883 -
457 4846 500 4897 40.
516 4859 567 4896 esse
589 4849 710 4910 cognorat
726 4844 775 4905 443,
801 4847 834 4908 Ε,
859 4845 943 4910 ngas:
968 4845 1074 4893 emeat
1095 4838 1160 4892 dett.
1189 4841 1229 4891 De
1247 4840 1299 4890 hoc
1314 4839 1428 4891 Xlrlcani
1445 4840 1514 4893 lacto
1531 4845 1645 4896 conferri
1661 4845 1737 4897 iubet

411 4923 497 4972 Garat.
515 4921 547 4972 11.
565 4919 621 4971 Vel.
640 4921 708 4971 blaa.
721 4920 752 4970 V.
770 4920 795 4982 4,
808 4921 833 4972 6.
847 4947 877 4959 -
893 4919 940 4970 sthi
952 4918 1084 4983 pollicetur
1098 4918 1176 4981 Lagg.
1191 4943 1219 4952 -
1237 4916 1278 4968 84.
1297 4921 1371 4967 eant
1387 4914 1492 4969 nats:
1509 4918 1611 4981 {am
1626 4919 1691 4971 dett.
1704 4921 1735 4971 0.

412 5021 438 5031 -
459 5001 536 5047 cabo
551 4995 615 5054 RE,
634 4995 728 5058 lagg:
747 4999 806 5046 uoto
822 4995 867 5046 03.
887 5021 914 5030 -
933 4994 975 5045 44.
989 4992 1120 5056 photocrts
1134 4993 1164 5044 44.
1184 5019 1211 5030 -
1230 4992 1354 5051 Mittam
1370 4991 1449 5056 lagg.
1469 5018 1497 5029 -
1520 4993 1562 5043 40.
1579 4992 1664 5056 So‘pto
1679 5005 1737 5045 caus

412 5069 477 5121 dett.
495 5071 525 5122 0.
546 5097 574 5108 -
591 5070 634 5120 tt.
652 5083 740 5120 occmn
757 5072 778 5122 R
793 5083 834 5136 pr.
852 5083 889 5121 m.
911 5093 938 5107 -
961 5067 1129 5133 spamus
1144 5064 1254 5119 narn:
1280 5065 1371 5117 Siculis
1387 5065 1453 5117 dett.
1471 5068 1501 5117 0.
1521 5092 1549 5103 -
1573 5067 1614 5118 88.
1633 5068 1737 5119 cueclt

411 5142 507 5196 inus
524 5145 587 5196 Ld:
611 5158 647 5196 oe
663 5147 695 5196 Gt
718 5145 783 5198 dett.
801 5147 830 5197 0.
854 5173 882 5184 ·-
903 5146 944 5197 49.
962 5143 1176 5195 momcctudtetc
1191 5144 1221 5195 44.
1247 5168 1275 5180 -
1298 5142 1340 5194 34.
1358 5147 1383 5194 ct
1397 5143 1425 5192 ta
1440 5143 1493 5192 cois
1508 5139 1736 5202 cod.11rs.;l.N.

411 5219 462 5270 vect:
478 5219 532 5282 (stc)
545 5221 574 5271 44.
593 5219 627 5270 cl.
646 5219 681 5269 ad
697 5218 722 5283 4.
731 5218 773 5270 84.
787 5245 816 5256 -
834 5219 876 5271 34.
892 5218 1004 5282 reposito
1018 5219 1098 5282 Lagg.
1110 5217 1175 5269 dett.
1189 5244 1218 5255 -
1235 5218 1277 5271 33.
1294 5218 1418 5272 4444αο4.
1430 5242 1459 5255 -
1477 5215 1519 5269 34.
1533 5215 1736 5281 monuwa.

414 5320 442 5331 -
461 5292 503 5345 34.
513 5293 595 5360 pctus]
613 5293 743 5357 4444444444
758 5291 818 5346 cod.
836 5293 893 5347 urs.
914 5319 942 5331 -
960 5292 1002 5345 38.
1019 5305 1107 5345 mucro
1122 5294 1152 5345 a.
