4367 6109
801 554 875 620 an.
896 553 1089 619 vm-rx.
1116 550 1174 638 ss.
1195 547 1352 619 ao-ao.
1694 547 1736 614 ro

412 728 449 793 in
469 744 567 791 causa
589 733 622 789 et
641 725 676 790 iu
696 723 815 788 iudicio
838 725 1001 788 collocata.
1032 726 1149 788 Decem
1170 723 1221 787 his
1242 724 1334 786 annis
1349 720 1502 804 proximis
1517 719 1577 785 HS
1592 724 1736 808 sexagies

412 822 640 886 honestissime
661 817 815 904 consequi
836 819 955 902 potuit:
977 820 1091 884 noluit.
1131 819 1286 882 Laborem
1309 825 1458 902 quaestus
1481 821 1616 901 recepit:
1638 842 1736 906 qnae-

415 925 501 982 stum
530 917 647 980 laboris
674 915 793 979 reiecit.
835 913 957 996 Populo
988 915 1131 977 Romano
1153 913 1257 976 adhue
1279 912 1397 976 servire
1418 932 1483 974 non
1506 913 1645 979 destitit:
1675 917 1736 981 sibi

415 1011 537 1075 servire
559 1010 763 1093 iampridem
785 1007 915 1072 destitit.
957 1003 1008 1069 ii.
1031 1008 1100 1070 Hoc
1121 1015 1156 1070 tu
1174 1026 1339 1092 pmquam,
1360 1006 1471 1080 Fanni,
1492 1007 1633 1073 laceres?
1656 1021 1688 1077 et
1708 1014 1735 1078 si

415 1104 476 1168 bos
499 1111 650 1189 quaestus
670 1102 811 1184 recipere
833 1120 961 1184 posses,
985 1121 1049 1164 non
1071 1102 1184 1165 eodem
1206 1108 1348 1183 tempore
1363 1107 1396 1163 et
1416 1108 1539 1183 gestum
1553 1111 1586 1166 et
1599 1106 1737 1172 mimam
1759 1124 1775 1174 s

416 1201 550 1281 ageres?
578 1198 637 1261 Dio
658 1218 742 1261 nunc
764 1204 795 1261 te
817 1197 857 1259 ab
877 1195 993 1258 lloseio
1009 1196 1069 1260 HS
1085 1213 1155 1256 rouo
1171 1194 1443 1277 circumscriptum
1458 1215 1541 1270 esse,
1564 1199 1619 1281 qui
1635 1207 1736 1268 tantas

417 1300 450 1356 44
472 1301 537 1356 tam
558 1289 697 1357 infinitas
720 1292 870 1376 pecunias
892 1311 957 1353 non
979 1297 1110 1372 propter
1130 1289 1276 1353 inertiam
1298 1288 1433 1363 laboris,
1456 1288 1512 1351 sed
1528 1299 1660 1374 propter
1672 1315 1738 1360 ma·

416 1383 630 1469 guilicentiam
662 1385 860 1448 liberalitatis
891 1382 1075 1465 repudiarit.
1125 1383 1211 1459 Quid
1239 1402 1299 1464 ego
1320 1402 1406 1445 nune
1427 1381 1482 1445 illa
1503 1384 1622 1460 dicam,
1655 1409 1737 1473 quae

416 1479 508 1543 robis
530 1480 564 1542 in
585 1485 723 1542 mentem
743 1477 852 1541 venire
874 1484 960 1540 certo
984 1476 1073 1540 scioi
1110 1477 1288 1540 Fraudabat
1316 1483 1346 1540 te
1368 1476 1402 1538 in
1425 1477 1574 1542 societate
1595 1481 1738 1550 Roscius.

417 1573 501 1638 Sunt
520 1573 607 1649 iura,
628 1580 703 1637 sunt
722 1571 878 1636 formulae
900 1571 939 1633 de
961 1572 1109 1635 omnibus
1130 1571 1225 1635 rebus
1247 1570 1456 1646 constitutae,
1477 1592 1518 1635 ne
1540 1575 1613 1657 quis
1628 1585 1684 1641 aut
1704 1579 1777 1648 ineo

418 1686 535 1750 genere
556 1667 693 1732 iniuriae
714 1674 772 1731 aut
791 1666 914 1729 ratione
936 1666 1070 1729 actionis
1092 1685 1198 1730 errare
1220 1665 1332 1750 possit.
1360 1667 1539 1748 Expressae
1560 1678 1634 1733 sunt
1655 1673 1740 1736 enim

418 1780 460 1824 ex
480 1762 578 1826 unius
593 1762 749 1846 cuiusque
763 1763 897 1836 damno,
913 1761 1033 1835 dolore,
1055 1760 1273 1836 incommodo,
1290 1758 1484 1834 calamitate,
1505 1759 1623 1827 iniuria
1635 1765 1741 1846 publi·

418 1875 475 1921 cae
495 1876 516 1922 a
536 1864 682 1940 praetore
701 1854 874 1928 formulae,
897 1854 936 1918 ad
959 1875 1038 1938 quas
1059 1855 1182 1938 privata
1202 1853 1242 1918 lis
1264 1853 1531 1917 accommodatur.
1641 1918 1646 1928 ,

502 1952 559 2015 lx.
580 1947 632 2014 25.
662 1950 752 2026 Quae
780 1969 853 2012 cum
880 1949 925 2011 ita
953 1949 1031 2024 sint,
1058 1970 1116 2012 eur
1142 1968 1208 2012 non
1233 1949 1385 2012 arbitrum
1406 1967 1465 2031 pro
1488 1948 1576 2013 socio
1597 1951 1741 2038 adegeris

419 2044 459 2123 Q.
480 2045 648 2119 Roscium,
679 2062 808 2127 quaero.
852 2043 1032 2106 Formulam
1060 2063 1126 2106 non
1156 2045 1275 2106 norasl
1307 2041 1478 2106 Notissima
1500 2052 1576 2107 erat.
1618 2047 1778 2119 ludiciott
1843 2067 1849 2082 ¹

418 2139 507 2223 gravi
531 2136 669 2222 experiri
690 2137 844 2201 nolebas?
882 2138 967 2214 Quid
989 2139 1056 2202 ital
1088 2139 1222 2220 Propter
1241 2135 1488 2199 familiaritatem
1501 2145 1663 2205 veteremi
1685 2163 1743 2208 eur

419 2252 495 2317 ergo
510 2233 633 2296 laedis?
662 2233 794 2315 Propter
809 2233 1022 2315 integritatem
1034 2233 1198 2296 hominist
1221 2251 1277 2294 cur
1292 2230 1389 2313 igitur
1401 2230 1589 2296 insimulari
1609 2238 1743 2321 Propter

419 2326 671 2411 magnitudinem
693 2326 856 2390 criminis?
888 2327 978 2390 ltane
1005 2329 1103 2390 verot
1138 2325 1241 2402 Quem
1263 2344 1319 2407 per
1340 2323 1492 2387 arbitrum
1516 2326 1742 2396 circumvenire

419 2439 485 2483 non
507 2439 636 2504 posses,
658 2420 750 2484 cuius
772 2419 810 2482 de
833 2439 871 2483 ea
891 2440 925 2482 re
947 2421 1110 2504 proprium
1132 2427 1200 2484 erat
1220 2418 1391 2494 iudicium,
1419 2417 1506 2481 buno
1526 2441 1585 2502 per
1605 2423 1743 2488 iudicem

420 2515 664 2590 condemnabis,
686 2515 776 2578 cuius
799 2515 838 2578 de
861 2534 900 2578 ea
919 2535 954 2579 re
975 2515 1099 2578 nullum
1113 2522 1162 2579 est
1179 2512 1365 2576 arbitrium?
1399 2511 1485 2588 Quin
1500 2514 1610 2579 tuboe
1624 2517 1781 2592 crimeuao

421 2617 476 2674 aut
497 2610 617 2686 obiice,
645 2610 700 2672 ubi
721 2609 798 2672 lieet
817 2629 930 2693 agere,
959 2617 1014 2672 aut
1035 2609 1138 2671 iacere
1159 2605 1243 2682 noli,
1267 2606 1322 2668 ubi
1344 2626 1410 2669 non
1431 2615 1568 2689 oportet.
1604 2612 1742 2678 Tametsi

419 2703 484 2766 iam
514 2702 578 2766 boc
609 2710 665 2766 tuo
696 2705 878 2767 testimonio
909 2704 1027 2768 crimen
1057 2703 1216 2766 sublatum
1238 2709 1296 2764 444.
1329 2702 1425 2775 Nam,
1458 2721 1523 2785 qno
1544 2711 1580 2766 tu
1601 2712 1743 2789 tempore

420 2797 477 2860 illa
501 2796 640 2861 formula
667 2796 716 2860 uti
736 2798 885 2872 noluisti,
914 2798 996 2861 nibil
1016 2798 1102 2861 huno
1122 2797 1157 2859 in
1178 2795 1363 2860 societatem
1384 2794 1505 2859 fraudis
1527 2796 1640 2862 iecisse
1660 2800 1744 2864 iudi·

423 2886 522 2974 [curti.
551 2885 571 2923 *
593 2886 612 2923 *
635 2887 654 2923 ¹⁵
677 2886 881 2972 pac]tionem.
909 2923 951 2937 -
985 2890 1122 2953 Tabulas
1146 2890 1243 2953 babet
1271 2910 1312 2954 an
1342 2894 1430 2953 uon‘l
1477 2891 1512 2954 Si
1538 2912 1603 2956 non
1630 2894 1743 2971 babet,

425 2982 693 3068 quemadmodum
713 2984 819 3065 pactio
842 2989 910 3048 esti
943 2984 977 3048 Si
997 2984 1111 3059 babet,
1133 3004 1190 3047 cur
1210 3004 1276 3048 non
1298 2984 1465 3047 nominas?
1506 2981 1559 3049 26.
1579 2986 1639 3049 Dio
1659 3008 1784 3060 munere

423 3078 573 3142 Roscium
594 3076 651 3140 abs
673 3084 705 3140 te
727 3078 862 3160 petisse,
883 3086 920 3141 ut
940 3078 1127 3142 familiarem
1148 3099 1241 3142 suum
1262 3098 1404 3142 sumeres
1426 3077 1589 3143 arbitrum.
1610 3084 1744 3147 -Non

422 3171 525 3256 petiit.
547 3201 591 3216 -
621 3170 680 3232 Dic
709 3171 890 3252 pactionem
916 3172 1047 3247 iecisse,
1080 3179 1118 3235 ut
1143 3172 1370 3237 absolveretur.
1391 3204 1434 3218 -
1458 3174 1530 3236 Non
1550 3176 1682 3259 pepigit.
1703 3209 1745 3224 -

424 3265 564 3343 Quaere,
587 3284 686 3348 quare
706 3265 748 3328 sit
761 3266 945 3330 absoluturi
965 3297 1007 3313 ·-
1030 3265 1125 3342 Quod
1147 3273 1216 3329 erat
1236 3287 1358 3330 summa
1372 3265 1555 3332 innocentia
1569 3277 1602 3333 et
1615 3270 1746 3355 integri·

423 3367 498 3424 tate.
533 3358 619 3436 Quid
641 3358 726 3422 enim
746 3357 865 3422 facturn
887 3363 960 3423 esti
994 3358 1119 3423 Venisti
1142 3359 1271 3423 domum
1284 3360 1368 3424 ultro
1383 3360 1508 3436 lloseii3
1531 3362 1609 3426 satis
1621 3361 1745 3442 iecisti3

424 3452 511 3537 quod
534 3459 652 3516 temere
673 3454 880 3530 commisisti,
901 3454 935 3516 iu
956 3454 1110 3517 iudicium
1130 3461 1167 3517 ut
1187 3453 1403 3529 denuntiaret,
1431 3454 1569 3536 rogasti,
1598 3464 1635 3521 ut
1655 3457 1785 3542 igno-so

489 3623 513 3672 4.
531 3620 624 3672 rodata
639 3622 675 3687 A.
691 3649 718 3658 -
735 3622 760 3673 2.
779 3622 916 3688 4444444444]
934 3628 1032 3686 questas
1047 3624 1144 3684 aGM,
1163 3628 1279 3686 maestas
1293 3623 1390 3673 Acum
1406 3623 1531 3686 quattuor
1543 3623 1744 3681 oxoniensibus.

427 3722 454 3735 ·-
473 3695 498 3748 4.
517 3695 549 3761 44]
566 3695 608 3746 red
623 3694 770 3750 aenae.
790 3695 959 3759 (etiumebo
977 3696 1068 3748 tribuit
1078 3697 1226 3759 Gruterus.)
1246 3723 1274 3734 -
1291 3696 1317 3747 4.
1334 3696 1436 3762 reflare-e
1450 3697 1484 3759 L,
1503 3696 1557 3750 «ai.
1573 3699 1676 3763 4444444
1693 3716 1747 3768 mg.

424 3771 451 3827 4.
471 3797 500 3809 -
519 3772 559 3821 44.
577 3775 624 3822 aut
637 3771 666 3821 444
679 3772 778 3822 ratione
794 3772 823 3822 1..
843 3799 871 3808 -
898 3772 937 3825 44.
955 3773 1051 3823 iniuria
1063 3773 1166 3836 publiea
1181 3774 1211 3823 Ae
1227 3785 1245 3822 a
1260 3769 1357 3834 aG'M,
1374 3771 1604 3836 4444444444444444
1620 3777 1667 3827 Aae
1682 3792 1700 3828 a
1715 3783 1747 3831 A.

425 3845 602 3899 Emendatum
625 3847 667 3897 444
685 3846 713 3896 in
728 3845 830 3897 Aldina.
851 3872 878 3882 -
906 3847 945 3898 43.
963 3849 1161 3899 accommodetur
1181 3847 1234 3898 duo
1250 3845 1311 3897 libri
1326 3846 1433 3898 4444444
1449 3859 1493 3914 ap.
1511 3848 1698 3904 liotomenum.
1717 3880 1747 3894 -·

426 3921 467 3974 ii.
484 3935 536 3972 non
550 3922 586 3971 ad
601 3920 725 3971 4404444444
739 3924 770 3972 A.
791 3935 883 3984 -pro
898 3920 972 3986 rocio]
987 3936 1014 3984 p.
1032 3924 1112 3973 roccio
1129 3937 1157 3971 α.
1173 3949 1200 3959 -
1219 3921 1259 3971 48.
1278 3921 1475 3984 magnitudinem
1489 3924 1610 3991 micuisid
1627 3930 1750 3992 4444444444·

425 4011 482 4049 nen
497 3997 716 4061 mininisaGM,
735 3996 1111 4061 aegmtudinemerimtnirdA,
1130 3996 1476 4062 aegmtudmernoorporieii,
1491 4000 1750 4055 4444404444444444-

426 4074 466 4123 444
481 4075 617 4124 Gruterus.
643 4072 849 4136 (4444443444
867 4074 978 4124 4444444444
998 4073 1147 4133 Manutius.)
1166 4098 1193 4107 -
1215 4071 1349 4122 arbitrium
1371 4075 1401 4122 A.
1421 4098 1449 4109 -
1475 4072 1516 4124 49.
1541 4077 1607 4139 eran
1627 4091 1678 4128 non
1693 4085 1751 4130 4444

427 4145 475 4209 αβ
483 4151 504 4200 G
513 4149 567 4198 444
576 4145 602 4201 4.
620 4147 680 4211 (non
696 4145 749 4198 del.
768 4148 918 4210 Manutius.)
936 4174 963 4184 ·-
981 4148 1053 4213 04444]
1070 4161 1137 4198 nunc
1153 4146 1201 4208 αβ
1210 4150 1230 4198 G
1238 4145 1328 4200 MAP.
1346 4147 1421 4211 (444444
1437 4146 1551 4200 debatur
1566 4153 1700 4212 Munatio.)
1718 4179 1747 4193 -

427 4222 467 4274 40.
486 4235 518 4273 ea
534 4233 587 4272 om.
607 4221 754 4283 adGMA.
783 4223 890 4274 Addidit
911 4224 1048 4274 Manutius.
1069 4250 1097 4262 -
1121 4225 1162 4275 44.
1188 4223 1278 4284 iacere]
1304 4227 1386 4272 meere
1409 4219 1559 4281 adGMA.
1594 4227 1751 4281 Emendavit

426 4297 567 4348 Manutius.
586 4296 625 4349 cl.
637 4310 692 4348 var.
704 4297 765 4349 lect.
777 4311 804 4363 p.
817 4300 857 4349 ti.
870 4311 896 4348 v.
906 4299 948 4348 46.
962 4324 990 4334 -
1006 4299 1047 4349 43.
1059 4299 1175 4349 societate
1190 4296 1367 4358 adFGMA.
1378 4321 1408 4335 -
1424 4298 1509 4361 4444444
1522 4299 1689 4366 iudicasti*
1700 4304 1719 4340 *
1729 4303 1749 4343 *

422 4371 584 4434 pactionem
599 4397 626 4406 -
647 4372 752 4423 labatur
768 4385 833 4423 nos:
850 4373 934 4436 4444444
950 4373 1120 4424 iudiditionem
1133 4371 1298 4433 4404444444,
1318 4373 1463 4436 (maisit
1473 4375 1597 4427 4444444444
1610 4377 1748 4442 mosam,

424 4447 509 4512 4444444
525 4449 553 4497 in
568 4447 684 4498 ditionem
700 4447 798 4498 tabulas
813 4450 834 4497 G
851 4450 879 4498 44
894 4446 987 4498 Aldina
1005 4450 1038 4510 (in
1055 4462 1108 4512 qua
1124 4453 1186 4514 post
1201 4464 1227 4500 v.
1248 4450 1332 4512 4444444
1348 4447 1442 4500 lacuna
1460 4451 1502 4500 444
1518 4453 1596 4504 unius
1612 4467 1706 4506 versus
1723 4459 1750 4507 44

427 4522 551 4585 dimidii),
568 4524 652 4587 4444444
664 4524 829 4573 uenditionem
840 4523 938 4573 4444444
948 4525 982 4585 M,
998 4525 1083 4586 4444444
1093 4526 1226 4585 ortmdisti,
1238 4539 1298 4575 44444
1308 4523 1406 4574 tabulas
1416 4525 1516 4575 Iuntina
1529 4528 1557 4577 44
1567 4528 1748 4592 Cratandrina,

425 4598 510 4662 444444
520 4599 653 4649 4444404444.
663 4597 709 4648 *in
720 4599 844 4650 ditionern.
857 4612 917 4648 aum
927 4598 1026 4648 44044444
1035 4600 1206 4663 Naugerium,
1214 4601 1299 4665 fecisse
1306 4600 1439 4650 ostendisti.
1451 4600 1518 4650 Fecit
1525 4603 1673 4664 pactionem.
1683 4605 1751 4655 Mrem

427 4673 526 4723 44044444
542 4686 605 4724 eum
621 4673 735 4725 Manutio
752 4671 814 4733 40,
832 4674 965 4723 ostendisti.
983 4674 1050 4724 Fecit
1062 4675 1212 4736 pocrmnen.
1234 4675 1264 4725 44
1280 4674 1370 4724 tabuiis
1385 4676 1413 4724 L.
1432 4674 1526 4739 (4444444
1541 4677 1594 4728 iudi
1608 4680 1693 4742 [444444
1708 4681 1751 4730 ire·

426 4748 569 4799 riditiorrem
588 4749 654 4799 44444
675 4749 869 4798 iurisdictionem
885 4749 984 4799 4404444
1000 4750 1081 4800 Oxou.
1101 4750 1143 4813 li.)
1169 4751 1242 4802 cont.
1261 4751 1364 4814 Madvig
1380 4751 1469 4814 044444.
1486 4752 1530 4802 aii.
1548 4766 1575 4817 p.
1593 4754 1637 4805 434
1657 4768 1699 4820 sq.
1718 4781 1748 4793 -

427 4821 467 4876 44.
476 4822 574 4874 44444-
583 4822 807 4875 -44044--44044
815 4824 965 4875 Menardus.
974 4851 1002 4861 —
1015 4825 1056 4876 48.
1068 4825 1168 4888 Quaero
1178 4824 1407 4890 Osenbriiggen.-
1422 4826 1463 4878 49.
1476 4828 1546 4878 Aorsi
1556 4831 1618 4879 A.-
1632 4829 1673 4880 30.
1685 4843 1752 4880 4444-

427 4899 515 4949 444444
529 4899 687 4950 aFGMA:
704 4900 864 4951 4444444444
880 4912 942 4951 cum
958 4901 1072 4953 Manutlo
1089 4900 1174 4955 440.
1194 4928 1222 4938 -
1239 4901 1360 4950 iudicium
1374 4906 1403 4951 ut
1419 4902 1577 4954 dmiratiarer
1593 4904 1654 4967 (om.
1672 4904 1707 4967 444)
1719 4905 1748 4966 L,

428 4973 464 5023 4444
478 4974 601 5024 4440444444
614 4977 644 5023 ut
659 4973 848 5025 dmontiaretur
863 4975 1001 5025 Manutius.
1022 5001 1050 5012 -
1075 4975 1171 5026 Totum
1187 4974 1276 5026 locum
1292 4976 1330 5027 sic
1347 4975 1448 5027 attinxit
1462 4978 1605 5029 Graevius:
1632 4980 1698 5042 quod
1713 4984 1751 5030 ie-

428 5061 495 5100 rnere
509 5048 685 5109 commutare,
702 5047 729 5098 ia
743 5049 821 5100 iudici
836 5053 864 5098 444
880 5049 1036 5100 dmuetiaret
1051 5050 1162 5113 4444444,Ι
1178 5051 1274 5115 rogasti
1289 5056 1317 5101 444
1332 5052 1475 5116 ignosceret.
1501 5053 1650 5105 Ernestius:
1675 5056 1751 5106 44444-

428 5121 520 5187 reim,
540 5122 608 5186 quod
627 5127 719 5175 4444444
740 5125 913 5184 mammisea·
936 5126 963 5174 44
978 5125 1098 5176 iudiciaria
1113 5130 1141 5175 ut
1157 5126 1313 5177 denuntiaret
1327 5127 1438 5190 rogasti·
1462 5131 1486 5177 te
1500 5128 1640 5189 4414444444
1654 5130 1752 5193 repudi

430 5198 542 5262 (omissis
558 5197 649 5250 verbis
664 5204 694 5250 444
708 5200 862 5265 4444444444).
890 5199 1054 5252 liusabkius:
1073 5200 1225 5264 4444444444,
1243 5202 1309 5264 quod
1324 5205 1414 5252 4444444
1423 5201 1578 5252 4444444444
1594 5202 1622 5252 ie
1631 5202 1751 5255 4444444444

430 5273 646 5338 rddmmdiaret,
662 5275 1102 5342 reaestuatmoecererfflertai:
1119 5276 1426 5344 444044444444444444.
1451 5277 1512 5328 (iar.
1529 5276 1561 5329 a:
1579 5278 1751 5342 4444044444
