4367 6109
462 512 526 581 tie

461 684 542 738 mode
560 683 698 737 divertitur
712 681 882 748 Segodunum
898 683 1076 748 Rutenorum,
1098 682 1170 749 quod
1185 681 1265 735 hodie
1282 684 1324 736 eut
1338 681 1440 744 [todem
1456 683 1496 736 oto
1511 683 1584 737 enim
1601 679 1787 736 eunibendum

461 769 568 821 videtur
583 782 632 835 pro
648 766 811 821 secrodunu.
838 767 913 830 Quod
930 767 1057 833 oppidum
1074 765 1143 819 solet
1158 766 1266 832 quidem
1285 766 1364 818 hodie
1381 768 1489 820 Rutenis
1505 766 1719 834 provincialibus
1735 764 1786 817 eb-

461 853 585 916 iudieuri‚
606 851 655 904 ned
670 852 700 903 tit
717 853 769 903 hoe
785 866 818 903 ex
835 853 985 904 coniectura
1003 849 1128 903 d’Anvillii
1146 851 1239 913 [notice
1256 851 1290 902 de
1307 848 1333 901 la
1349 850 1429 903 deute
1445 865 1472 918 p.
1490 852 1558 916 toi.)
1575 864 1678 918 perum
1695 853 1783 914 uentu,

461 949 550 1001 neque
567 935 713 1001 quidquam
729 935 836 988 obsturo
851 935 957 988 videtur
972 949 1005 986 ne
1023 949 1056 987 eo
1074 935 1375 1002 extendeturpuovineia
1386 934 1573 987 Narbonensis.
1594 932 1786 986 Vulehulovel

460 1021 548 1086 potius
564 1018 670 1072 volouto
687 1019 772 1071 iormu
789 1020 901 1071 nominis
921 1019 999 1085 piene
1016 1018 1112 1070 Gutliue
1129 1019 1175 1070 ubi
1191 1019 1280 1080 tuerit.
1304 1033 1357 1071 non
1375 1021 1490 1084 constet,
1508 1020 1558 1071 nisi
1574 1018 1650 1084 quod
1667 1019 1698 1070 in
1716 1030 1785 1082 egro

460 1103 600 1156 Voloonum
624 1104 681 1156 etue
705 1105 879 1168 Teutorogum
902 1103 958 1154 sive
979 1105 1196 1156 Arecomicorum
1220 1104 1301 1156 iuisue
1322 1117 1376 1155 non
1397 1103 1471 1156 teuiie
1495 1106 1555 1170 quio
1571 1102 1699 1168 negabit:
1727 1115 1785 1166 quo

459 1189 559 1252 optime
574 1188 714 1253 pervenire
730 1189 815 1253 potuit
831 1189 875 1254 qui
886 1186 1034 1252 Ebromugo
1045 1188 1196 1239 diverteret.
1211 1216 1238 1225 -
1250 1187 1290 1239 Ad
1306 1185 1448 1240 tectionem
1458 1187 1530 1252 quod
1542 1187 1649 1249 attinet,
1669 1187 1786 1253 praeter

458 1284 504 1334 uu,
522 1284 591 1336 qune
607 1273 805 1337 supranotati,
829 1271 916 1324 delevi
931 1273 1076 1323 uiotomotou
1092 1285 1119 1322 m
1135 1275 1196 1337 poet
1211 1277 1305 1334 umet,
1324 1285 1358 1323 ne
1375 1272 1453 1323 nimis
1468 1269 1615 1336 inuequoiin
1634 1268 1784 1333 vectigalia

459 1354 614 1407 efficientur.
648 1356 749 1407 Deinde
765 1370 814 1421 pro
830 1356 899 1408 diuos
914 1361 937 1408 et
952 1357 1097 1408 oiotovu'otou
1112 1371 1137 1407 m
1154 1358 1215 1421 (quo
1231 1353 1290 1407 loeo
1307 1356 1353 1420 qui
1370 1355 1526 1407 deleverunt
1541 1360 1578 1418 ot,
1601 1368 1657 1406 non
1675 1355 1785 1418 cogitn-

457 1439 554 1491 venunt
570 1438 705 1491 maledici
722 1454 771 1505 pro
787 1440 895 1491 dennnio
906 1439 984 1491 binos
1000 1441 1158 1504 victoriatos)
1176 1441 1270 1504 scripsi
1287 1439 1355 1490 binos
1370 1444 1394 1490 et
1407 1440 1575 1490 otmundum.
1602 1437 1785 1490 Oduiuseunti

458 1535 555 1573 nomen
573 1537 637 1575 num
654 1527 809 1589 corruptum
822 1525 856 1574 sit
872 1525 911 1586 et,
929 1525 951 1576 ei
969 1524 1022 1583 est,
1043 1522 1177 1589 quomodo
1195 1522 1402 1585 emendandum,
1419 1523 1446 1573 iu
1462 1522 1551 1575 medio
1567 1520 1784 1588 relinquendum

458 1608 514 1667 eet;
533 1605 629 1659 Geliice
650 1609 758 1659 nomine
774 1609 800 1659 in
816 1614 874 1659 utut
888 1607 1035 1660 desinentia
1052 1608 1270 1671 nominasent,
1288 1608 1318 1658 ut
1333 1607 1507 1670 Aduumutue,
1524 1608 1681 1658 Gutruetue.
1707 1607 1786 1657 Euo-

457 1691 521 1756 atoeo
536 1705 585 1756 pno
600 1692 736 1758 mutuno
751 1692 902 1745 emendavit
916 1693 1102 1757 Pantagathus.
