4367 6109
415 554 478 622 ist
752 559 1074 626 SUPPLEMENTUM
1093 558 1396 626 innominata

418 724 468 762 nee
485 713 571 761 minus
589 708 680 760 taleam
697 707 775 777 aliam
792 708 926 772 abfuerant
942 710 970 759 et
985 707 1141 772 adsuerant),
1160 721 1228 772 quos
1239 721 1288 772 ego
1306 721 1339 758 ex
1356 710 1445 758 nostra
1462 707 1578 758 editione
1589 701 1751 757 sustuli.-

417 794 459 846 at.
478 797 574 844 aaron
589 796 616 842 in
631 795 671 843 tas
685 806 754 843 onus
766 794 884 855 Lagona..
903 793 951 843 sed
969 793 1101 843 incertum
1113 793 1186 855 quis3
1205 805 1266 842 nam
1279 803 1406 842 numerus
1417 790 1567 855 adscriptus
1579 789 1613 840 17
1626 787 1672 852 (an
1685 785 1749 849 277)

418 876 498 928 talsus
519 881 568 928 eat.
604 877 671 927 Cum
687 877 828 926 Vaticanus
850 875 963 926 habeat:
990 881 1124 938 antequam
1140 877 1236 925 aditam
1253 876 1409 938 postulatum
1424 876 1451 924 in
1466 875 1506 924 tos
1521 878 1597 936 esset,
1625 871 1693 922 vide
1712 882 1750 921 ne

417 967 551 1022 antequam
567 961 675 1020 actitans,
694 965 828 1022 antequam
840 965 905 1022 post.
926 961 952 1008 in
968 960 1088 1018 inessent,
1107 958 1279 1010 scribendum
1297 960 1344 1019 sit;
1365 960 1456 1023 potest
1471 961 1562 1008 tamem
1578 959 1607 1008 in
1625 955 1748 1007 lectione

417 1043 580 1109 palimpsesti
595 1043 748 1106 postntatam
763 1045 887 1108 supinum
906 1056 976 1094 esse.
993 1071 1026 1080 —
1051 1044 1092 1093 ti.
1111 1056 1136 1092 se
1150 1058 1176 1093 n.
1193 1031 1255 1094 ἐἶθ
1269 1044 1361 1093 dedisse
1377 1044 1416 1094 sic
1433 1042 1464 1094 it
1480 1056 1507 1106 p.
1525 1069 1559 1079 -
1577 1041 1622 1093 28.
1641 1037 1748 1102 obisset]

417 1127 509 1178 acceo
524 1128 639 1178 Bronnio
656 1129 743 1192 potius
758 1128 786 1176 in
803 1128 825 1176 V
842 1140 922 1190 qoam
940 1127 1028 1177 obisset
1042 1126 1148 1177 videtur
1164 1130 1277 1178 exstare.
1290 1155 1323 1165 -
1339 1128 1380 1178 28.
1399 1127 1432 1177 ab
1448 1127 1533 1177 seseV
1551 1140 1637 1177 corn:
1655 1125 1749 1174 adessa

417 1212 439 1261 V
454 1225 495 1275 pr.
514 1224 565 1271 m.;
584 1211 712 1262 abcessit
729 1224 756 1275 p.
774 1239 808 1248 —
823 1212 864 1262 29.
882 1212 1021 1261 hereditate·
1032 1224 1085 1261 om.
1105 1209 1136 1260 ta
1153 1224 1180 1275 p.

481 1308 541 1358 pag.
560 1295 616 1345 aas.
634 1309 660 1345 v.
679 1295 703 1344 t.
721 1300 831 1345 actorem
847 1294 879 1345 tt
896 1309 923 1359 p.
938 1322 965 1330 -
983 1295 1008 1345 3.
1027 1295 1164 1358 nammmn]
1181 1309 1231 1346 non
1247 1294 1279 1346 ia
1296 1308 1323 1359 p.
1341 1322 1368 1330 -
1383 1295 1540 1358 percrebruit
1555 1293 1641 1345 habet
1657 1294 1746 1344 etiam

417 1380 447 1429 V.
461 1405 488 1415 -
507 1381 531 1428 o.
549 1379 738 1439 Saramnanam
754 1379 777 1429 V
793 1379 927 1437 distincte;
946 1378 1029 1429 verba
1046 1392 1115 1443 quae
1132 1379 1294 1431 antecedunt
1310 1380 1336 1429 in
1354 1362 1413 1431 cod.
1427 1379 1505 1445 piane
1517 1381 1699 1431 evanuerunt.
1712 1405 1741 1414 -

417 1463 457 1513 ta.
475 1461 507 1511 ab
523 1462 576 1524 ipsc
591 1460 624 1513 tt
639 1476 667 1527 p.
691 1490 718 1498 -
746 1462 785 1513 ti.
804 1476 855 1525 pua
870 1465 897 1512 tn
912 1476 942 1513 re
957 1464 1033 1525 ipsias
1049 1476 1103 1514 om.
1123 1463 1165 1514 it.
1188 1491 1216 1500 -
1243 1464 1284 1514 te.
1303 1467 1364 1514 ante
1384 1464 1597 1514 animadvertisset
1614 1464 1642 1513 in
1659 1461 1696 1513 42
1713 1474 1742 1526 p.

415 1545 448 1596 nsi
470 1547 612 1610 repetitum
634 1548 683 1598 est.
703 1573 730 1583 —
754 1547 794 1596 to.
813 1547 841 1595 at
862 1552 932 1597 taam
948 1548 1071 1597 decretum
1087 1559 1141 1598 om.
1160 1549 1192 1600 ta
1209 1561 1236 1612 p.
1255 1550 1351 1608 Recte;
1375 1562 1401 1598 v.
1420 1550 1523 1613 Zumpt.
1543 1574 1572 1584 -
1597 1547 1640 1598 23.
1659 1559 1743 1609 oum

416 1636 561 1681 aanoentons
577 1630 608 1681 ta
625 1641 652 1694 p.
672 1658 699 1667 —
722 1629 763 1681 at.
782 1632 824 1680 sed
845 1632 900 1693 qais
919 1631 980 1680 iiber
1004 1631 1071 1680 debet
1087 1632 1197 1693 aspicere
1212 1638 1278 1680 recte
1292 1637 1377 1693 postea
1393 1631 1424 1682 it
1441 1645 1469 1695 p.
1489 1657 1515 1670 -
1535 1632 1576 1682 25.
1595 1644 1647 1681 esse
1663 1635 1742 1680 tanta

417 1713 449 1766 ta
460 1728 487 1779 p.
501 1741 528 1749 -
547 1716 588 1766 26.
607 1720 686 1765 tecam
702 1715 834 1765 consoneat
851 1727 899 1765 nos
917 1714 1085 1778 reduximus,
1104 1729 1153 1779 pro
1169 1721 1249 1764 acon
1265 1720 1318 1764 tarn
1333 1716 1399 1774 coti.¹
1418 1715 1490 1778 quod
1502 1714 1575 1765 dedit
1584 1715 1738 1781 Zumpiius.

417 1798 492 1858 Quod
510 1800 580 1850 enim
598 1800 634 1848 ait
650 1803 729 1848 neom
745 1804 797 1848 tom
814 1799 839 1848 in
856 1797 990 1862 plerisque
1006 1797 1079 1849 libris
1097 1813 1171 1858 esse.
1190 1800 1215 1850 in
1233 1812 1265 1848 ea
1282 1813 1312 1849 re
1328 1812 1358 1850 se
1370 1812 1473 1850 errasse
1485 1800 1541 1863 ipse
1553 1799 1660 1849 videtur
1671 1811 1740 1849 sen-

415 1882 483 1933 sisse
500 1896 526 1946 p.
546 1883 618 1933 iore.
638 1909 665 1917 -
684 1882 725 1932 29.
743 1882 789 1946 An]
807 1884 842 1932 ait
852 1882 898 1942 ta;
918 1883 976 1934 iort.
995 1888 1035 1942 at,
1054 1887 1083 1933 ut
1099 1884 1234 1947 Zumptius
1246 1883 1318 1933 vidit.
1334 1909 1361 1918 -
1379 1883 1421 1933 30.
1438 1884 1607 1944 inprudenter
1619 1883 1651 1933 tt
1664 1896 1693 1947 p.

482 1979 542 2030 pag.
561 1966 617 2016 496.
635 1980 660 2016 v.
680 1966 705 2016 t.
723 1968 852 2028 compertit
868 1966 900 2016 tt
916 1980 943 2030 p.
964 1994 991 2002 -
1011 1966 1035 2017 3.
1053 1967 1098 2032 tiis]
1116 1969 1138 2016 is
1154 1969 1184 2027 V,
1203 1968 1220 2017 i.
1235 1981 1259 2018 e.
1278 1968 1322 2027 iis,
1341 1966 1413 2030 quod
1430 1966 1623 2017 restituendum
1641 1969 1694 2018 est.
1707 1992 1736 2001 -

416 2047 441 2100 i.
455 2049 565 2113 emeat]
584 2050 635 2099 «ins
648 2051 702 2099 Vat.
720 2050 782 2100 stetit
798 2052 903 2110 andan·
921 2050 950 2100 ab
967 2064 1014 2100 aas
1028 2052 1144 2101 Verseten
1161 2052 1324 2102 vevenerat‘i
1339 2051 1404 2100 Ater
1418 2051 1483 2101 aucis
1499 2064 1542 2099 arn
1556 2051 1627 2100 Eride
1641 2051 1741 2101 setim

415 2135 462 2183 das
476 2133 526 2197 sest
542 2134 679 2183 ertosctene
691 2135 763 2184 chrt
778 2135 890 2198 topper.»
909 2135 1048 2185 Bruanius.
1065 2162 1091 2170 -
1111 2137 1136 2186 5.
1155 2137 1293 2198 adpetiotos
1303 2134 1334 2184 V.
1349 2161 1375 2170 -
1395 2136 1420 2186 a.
1438 2135 1521 2184 tabeat
1536 2134 1619 2185 habet
1629 2136 1662 2196 V,
1683 2149 1739 2186 non

415 2217 521 2278 taboret,
539 2221 569 2267 ut
585 2217 727 2268 affirmavit
743 2219 834 2268 Maius.
854 2245 881 2253 -
901 2220 982 2269 aicae
998 2231 1052 2269 om.
1071 2218 1103 2269 ta
1121 2233 1147 2284 p.
1163 2248 1190 2256 -
1209 2221 1250 2270 to.
1266 2221 1348 2269 exitas
1364 2219 1642 2283 natosreppers'ebator
1652 2221 1739 2271 etiam

415 2303 446 2352 V.
466 2301 555 2363 (itaius
573 2301 688 2363 erravit.)
702 2328 730 2337 -
749 2303 789 2352 ta.
808 2302 899 2352 scaea
915 2316 940 2352 se
954 2316 1072 2365 passuros
1083 2304 1114 2353 V.
1134 2304 1202 2353 Cum
1219 2301 1315 2352 locutio
1331 2303 1423 2353 iudicio
1436 2303 1492 2366 pati
1509 2304 1588 2354 etiam
1599 2304 1642 2353 111.
1655 2317 1682 2354 o.
1692 2304 1736 2354 28.

415 2385 506 2435 codice
523 2385 649 2434 Vaticano
667 2388 694 2435 et
710 2387 770 2449 Lag.
789 2385 821 2436 tt
838 2385 1022 2446 confirmetur,
1042 2400 1091 2437 nec
1109 2385 1184 2437 aliter
1201 2387 1291 2450 optimi
1304 2385 1383 2437 codd.
1396 2388 1421 2436 in
1434 2400 1473 2437 or.
1487 2388 1641 2448 Quinctiana
1652 2387 1680 2452 5.
1692 2388 1736 2438 8Ί.

415 2468 544 2527 habeant,
567 2469 619 2519 hoc
642 2469 751 2520 tootiom
772 2483 904 2521 consensu
927 2474 1075 2521 commotus
1092 2470 1191 2520 Theod.
1211 2471 1414 2521 Mommsenium
1431 2470 1465 2521 de
1482 2484 1512 2520 re
1529 2469 1664 2532 consului,
1690 2473 1739 2536 qui

414 2555 482 2603 haec
498 2553 632 2617 rescripsit
643 2567 649 2602 ε
668 2554 720 2603 «tm
731 2553 951 2617 Spractspebraocis
967 2555 1011 2604 iter
1021 2556 1155 2603 Pondecten
1173 2555 1204 2603 ist
1220 2555 1347 2605 iudicium
1359 2556 1411 2620 pati
1422 2555 1498 2619 attitip
1507 2554 1639 2619 pectenem
1657 2555 1738 2605 aitein

413 2638 452 2686 icis
468 2637 547 2687 meina
561 2638 607 2687 snit
622 2637 711 2698 tinen,
729 2638 787 2687 dass
802 2651 827 2687 es
842 2639 986 2701 ansam
1002 2639 1047 2698 sot,
1066 2639 1119 2688 eine
1135 2639 1206 2688 tiatira
1219 2638 1477 2688 abennrtnmenaer
1491 2638 1580 2688 Stetien
1596 2653 1631 2689 sa
1645 2640 1737 2689 tsorri-

414 2722 493 2784 ptren.
511 2721 635 2771 aratores
651 2721 710 2770 titsst
725 2722 776 2770 sict
792 2723 836 2770 der
847 2722 1066 2786 Spractpebranct
1081 2736 1149 2787 poris
1164 2722 1245 2781 wath·
1256 2724 1290 2784 ja
1305 2723 1344 2771 ict
1359 2736 1427 2772 moes
1436 2736 1525 2786 sapen,
1543 2724 1601 2771 dass
1611 2723 1657 2773 der
1666 2723 1735 2773 Ans·

414 2805 492 2854 drocis
513 2804 640 2855 iudicium
662 2805 715 2869 pati
734 2806 784 2854 nsir
804 2807 892 2856 immor
910 2806 1045 2856 sonderbor
1064 2806 1252 2870 oorpetommen
1273 2807 1319 2865 ist,·
1345 2807 1409 2856 donn
1427 2821 1488 2855 man
1509 2811 1566 2870 sapt
1587 2807 1648 2856 docti
1665 2809 1737 2858 nient

414 2890 515 2939 crimen
532 2890 598 2953 pati.
616 2889 683 2939 nteit
698 2889 790 2940 cinnat
805 2891 1000 2941 accusationem
1017 2892 1084 2954 pati;
1103 2904 1233 2956 poenam3
1249 2889 1407 2954 supplicium
1418 2891 1472 2954 pati
1484 2891 1514 2939 ist
1523 2892 1664 2941 wesentticts
1673 2906 1736 2941 oer-

413 2974 532 3024 scandes.
557 2973 598 3023 Icta
615 2973 704 3035 moise,
726 2975 774 3023 wie
796 2987 876 3037 agere
892 2975 996 3038 istopen,
1020 2975 1091 3024 heisst
1112 2976 1166 3040 pati
1188 2975 1413 3038 ademptionem,
1436 2975 1488 3024 ond
1502 2974 1592 3025 konnte
1607 2977 1736 3026 entwmsr

413 3057 509 3107 absoim
525 3057 617 3118 stetten,
640 3057 688 3107 soie
703 3069 730 3122 p.
750 3059 852 3118 Quinct.
871 3072 895 3109 c.
913 3059 955 3109 20.
974 3056 1048 3122 (naris
1065 3059 1111 3108 den
1127 3056 1290 3121 Hermann),
1315 3059 1386 3119 oder,
1409 3057 1457 3108 cote
1472 3059 1569 3108 iudicio
1586 3073 1681 3123 agere,
1705 3073 1735 3110 so

411 3142 501 3191 tonate
524 3141 587 3190 aactt
609 3141 704 3191 iudicio
721 3143 774 3207 pati
794 3148 879 3207 pesapt
894 3144 1002 3192 woden.
1022 3141 1150 3193 iudicium
1167 3144 1220 3207 pati
1236 3148 1307 3192 ware
1323 3143 1391 3192 donn
1407 3144 1502 3192 aeroas
1518 3143 1596 3191 dorcic
1610 3144 1735 3194 Missoer-

412 3225 535 3275 stttniintss
553 3225 670 3285 enatettt,
692 3226 741 3275 wie
761 3226 912 3290 derpieictsen
931 3227 957 3276 in
982 3227 1026 3276 aar
1042 3227 1192 3276 tectntschen
1207 3227 1318 3289 Spracte
1333 3227 1489 3276 tandertmot
1503 3227 1655 3288 caricampi,
1683 3228 1736 3279 wie

411 3322 436 3358 s.
454 3309 484 3358 B.
503 3307 633 3358 condictio
650 3322 730 3360 causa
748 3309 807 3360 dato
824 3325 850 3359 a.
866 3323 886 3360 s.
899 3325 949 3360 w.»
970 3338 996 3347 -
1017 3310 1056 3361 te.
1075 3311 1178 3360 consitta
1195 3308 1276 3361 hahet
1293 3312 1323 3361 V.
1344 3338 1371 3347 -
1391 3312 1431 3360 ts.
1450 3324 1467 3360 a
1484 3310 1543 3375 aaa]
1561 3316 1636 3373 atque
1652 3310 1685 3361 ia
1703 3325 1732 3375 p.

414 3419 440 3427 —
462 3393 501 3442 aa.
520 3405 550 3442 ns
566 3391 625 3455 poa]
650 3392 823 3443 Scribendum
845 3396 886 3443 est
907 3395 934 3444 in
954 3393 1098 3444 vorborum
1122 3397 1321 3445 contentusero
1341 3395 1378 3455 tut
1395 3396 1474 3444 etiarn
1491 3395 1514 3443 V
1530 3398 1597 3445 teste
1614 3396 1733 3445 Bronnio

412 3474 516 3535 habeti,
536 3488 597 3524 cum
614 3488 684 3526 nunc
703 3476 812 3526 demum
830 3477 933 3527 videam
951 3478 1147 3528 adnotationem
1161 3479 1280 3529 criticam
1291 3477 1325 3527 ob
1337 3476 1423 3528 levem
1436 3477 1627 3541 negligentiam,
1646 3491 1731 3542 quarn

412 3557 487 3609 Nieh.
506 3560 532 3608 io
550 3561 667 3622 margine
685 3561 818 3611 commisit
835 3562 917 3624 (cuius
934 3564 972 3612 rei
990 3561 1139 3614 Ciasscoius
1157 3564 1230 3612 testis
1248 3564 1318 3622 erit),
1344 3576 1359 3611 a
1378 3575 1423 3611 me
1440 3576 1492 3612 non
1510 3565 1581 3612 recte
1599 3564 1730 3613 mutatam

413 3655 481 3693 esse.
509 3643 545 3692 Ea
569 3644 607 3693 sic
630 3643 782 3706 refingenda
805 3648 859 3695 est:
884 3660 929 3695 «ne
946 3648 1011 3708 qaod
1032 3647 1151 3696 indiciam
1167 3647 1190 3693 V
1206 3649 1233 3696 et
1249 3644 1280 3696 ia
1297 3659 1338 3710 pr.
1357 3659 1410 3696 m.:
1427 3658 1458 3694 ne
1474 3647 1539 3708 qood
1554 3659 1645 3696 novom
1661 3647 1732 3696 todi-

412 3727 478 3775 ctarn
495 3725 572 3776 codd.
592 3725 648 3777 reli.
669 3730 696 3776 et
713 3728 741 3777 0.
763 3755 789 3762 -
812 3743 872 3778 neira
888 3729 910 3778 V
927 3732 953 3780 et
970 3732 1061 3794 Lagg.:
1085 3744 1164 3792 nepae
1185 3729 1283 3794 aliquot
1300 3730 1362 3780 edd.
1380 3732 1459 3789 vett.;
1485 3743 1516 3780 ne
1531 3743 1583 3792 qua
1599 3730 1619 3779 0
1636 3734 1731 3780 contra

413 3809 508 3859 codd.»
527 3836 554 3845 -
579 3811 619 3860 49.
639 3811 735 3871 attenta
750 3813 776 3861 id
792 3814 858 3872 quod
874 3813 904 3864 te
923 3827 949 3878 p.
971 3842 997 3850 -
1021 3815 1061 3865 ἢ.
1079 3815 1235 3864 simutatione
1251 3815 1273 3862 V
1290 3826 1352 3864 cum
1368 3828 1394 3863 m
1411 3827 1469 3879 sup.
1488 3827 1526 3863 ne.
1546 3840 1575 3850 -
1600 3816 1731 3865 revertisse

411 3894 525 3943 amalto
542 3896 617 3944 etiam
631 3896 712 3957 piaris
728 3893 759 3945 ta
776 3909 802 3960 p.
828 3924 854 3932 -
877 3897 918 3947 23.
937 3899 1080 3948 destiterant
1097 3897 1128 3948 ta
1145 3911 1171 3962 p.
1197 3925 1225 3935 -
1247 3899 1288 3948 25.
1307 3898 1359 3948 itta.
1378 3913 1403 3946 n.
1422 3911 1442 3947 s.
1461 3899 1489 3960 o.
1507 3898 1579 3947 mitia
1594 3899 1633 3949 sic
1649 3898 1682 3949 ta
1699 3913 1727 3963 p.

412 3978 565 4038 (Numerus,
590 3991 669 4041 quem
693 3977 774 4029 habet
797 3981 878 4030 Maius
899 3981 948 4032 toa.
968 3995 1019 4032 non
1037 3984 1077 4032 est
1094 3983 1120 4032 io
1138 3982 1197 4033 cod.
1216 3983 1285 4044 Vat.‚
1304 3981 1352 4032 sed
1370 3979 1452 4046 quatis
1470 3980 1548 4044 alius,
1571 3996 1622 4032 non
1640 3985 1731 4047 potest

412 4060 552 4123 extricari.)
570 4087 597 4096 —
623 4063 663 4113 25.
681 4063 763 4112 ANNI
776 4061 779 4128 Ι
796 4065 856 4125 QVA
874 4065 905 4125 V,
928 4068 957 4115 ut
973 4065 1090 4120 videtur:
1116 4066 1211 4116 deinde
1229 4068 1291 4116 note
1310 4082 1334 4112 ω
1350 4067 1489 4128 vestigium
1506 4065 1616 4116 aiicuios
1632 4067 1729 4117 ductus

411 4147 535 4208 apparet;
554 4159 641 4208 neque
660 4148 720 4196 nota
737 4147 883 4198 nomeriis
900 4149 1015 4199 Bruanio
1033 4151 1086 4200 tam
1104 4151 1244 4214 perspicua
1257 4150 1375 4210 videtur,
1395 4163 1475 4213 quam
1487 4151 1553 4201 Maio
1564 4151 1620 4200 visa
1632 4154 1682 4202 eet.
1697 4176 1725 4187 -

411 4229 453 4278 27.
474 4228 560 4278 Verres
576 4229 635 4279 iaec
658 4243 722 4291 qaae
738 4232 792 4280 diri
808 4237 835 4280 at
858 4234 939 4295 pratis
953 4233 1024 4297 [octo
1040 4235 1172 4284 otcieantar
1188 4248 1237 4284 esse
1253 4233 1285 4283 tt
1302 4248 1328 4298 p.
1353 4235 1387 4296 (in
1403 4235 1426 4282 V
1440 4235 1509 4296 faeta
1526 4248 1585 4299 sop.
1603 4233 1647 4285 lin.
1666 4237 1728 4299 est.)

415 4337 442 4347 —
461 4311 503 4363 29.
522 4313 636 4362 macrias
651 4314 682 4362 V.
703 4340 730 4348 -
749 4314 789 4364 32.
809 4316 893 4375 quoad
908 4318 935 4365 1..
954 4316 1072 4381 Meteilus]
1090 4316 1154 4368 talea
1171 4317 1250 4367 tradit
1267 4317 1300 4367 de
1318 4317 1377 4367 cod.
1391 4316 1431 4368 ta.
1450 4319 1585 4382 Zumptius
1601 4333 1628 4384 p.
1641 4316 1727 4378 4030.;

412 4393 494 4445 habet
511 4394 553 4445 ilie
570 4409 611 4460 pr.
631 4409 667 4446 m.
686 4409 742 4446 men
758 4399 786 4447 L.
803 4399 928 4461 Metellos,
946 4414 1000 4451 sec.
1020 4413 1056 4452 m.
1075 4414 1180 4463 canipae
1195 4401 1224 4451 L.
1241 4402 1299 4452 Met.
1320 4403 1491 4465 (praenomen
1504 4403 1532 4453 L.
1551 4400 1683 4466 habetV.)
1697 4429 1724 4438 —

411 4478 471 4543 tarn]
490 4485 572 4529 tamen
588 4479 620 4530 ti
637 4493 663 4544 p.

476 4576 536 4627 pag.
557 4563 613 4614 497.
636 4577 662 4613 v.
681 4567 705 4614 t.
729 4565 756 4615 in
779 4567 890 4629 atrisque
907 4567 929 4615 V
945 4570 972 4616 et
988 4566 1056 4630 Lgse
1073 4581 1111 4631 p..
1136 4566 1196 4618 tort.
1214 4570 1295 4618 recte.
1317 4597 1344 4605 -
1362 4570 1386 4620 2.
1405 4570 1453 4618 ns‘si
1469 4571 1534 4632 qood
1550 4569 1632 4620 habet
1647 4570 1682 4632 V,
1701 4572 1729 4621 et

412 4646 509 4697 deinde
523 4653 619 4709 poteret
635 4661 704 4699 corr.
724 4650 749 4698 in
764 4655 872 4711 poterat.
886 4679 912 4687 -
931 4651 1021 4700 inritas
1035 4652 1129 4713 faceret
1144 4651 1285 4701 Heracliam
1301 4654 1396 4703 restitas·
1413 4654 1493 4704 habet
1504 4654 1535 4715 V,
1553 4657 1582 4703 ut
1598 4657 1639 4704 est
1655 4654 1728 4719 apud

411 4733 517 4781 Maium.
539 4760 565 4767 -
590 4733 614 4782 7.
632 4734 735 4794 quidam
751 4733 782 4785 te
799 4748 826 4798 p.
846 4762 873 4770 -
898 4736 922 4786 8.
940 4736 1033 4797 censos]
1054 4747 1187 4797 cornaque
1203 4736 1263 4786 cod.
1282 4737 1404 4800 quidam,
1426 4740 1501 4789 cuius
1518 4752 1659 4789 numerum
1675 4740 1727 4789 La-

411 4828 482 4877 gom.
501 4815 654 4868 adscribere
671 4818 766 4867 omisit.
786 4844 812 4852 -
833 4819 872 4868 io.
892 4819 942 4882 ope
957 4823 961 4878 ι
975 4819 1075 4868 aneas
1092 4819 1122 4870 v.
1137 4846 1164 4854 -
1186 4819 1225 4870 ta.
1243 4821 1305 4870 aaa
1319 4824 1323 4878 ι
1339 4822 1407 4872 nas
1423 4824 1453 4873 v.
1469 4849 1495 4857 -
1516 4823 1556 4874 ie.
1574 4806 1726 4886 οὸριωων.

413 4923 440 4934 -·
459 4913 537 4949 onom
557 4901 648 4949 domito
669 4902 815 4951 immutarat
836 4907 914 4952 totam
931 4903 1052 4953 nerninem
1073 4902 1105 4954 ii
1122 4917 1163 4968 p.;
1189 4901 1246 4954 rell.
1268 4905 1357 4968 Lagg.,
1381 4907 1461 4957 etiam
1482 4908 1527 4968 29,
1554 4908 1654 4959 hahent
1673 4924 1727 4960 orsa

411 4982 446 5045 (in
463 4983 537 5033 Vest
553 4998 630 5034 anam
646 4989 674 5063 at
689 4986 787 5034 mnsam
804 4998 869 5046 qaae
886 4986 957 5048 cet).
978 5012 1005 5022 -
1031 4988 1070 5037 ti.
1088 4988 1216 5039 miranter
1232 5002 1313 5039 ornnes
1330 4990 1374 5038 trac
1390 4997 1413 5040 et
1429 4996 1512 5041 tamen
1528 4993 1632 5054 darique
1648 4992 1679 5043 ἥ
1696 5009 1723 5060 p.

413 5092 440 5103 -
460 5067 499 5117 tt.
518 5069 561 5130 pat
576 5074 690 5131 poterant
707 5070 819 5119 ienuam
836 5068 866 5120 ta
884 5084 911 5134 p.
930 5095 958 5106 -
977 5072 1018 5120 ti.
1032 5071 1188 5121 mutationes
1203 5071 1285 5122 habet
1302 5075 1331 5122 V.
1353 5101 1380 5109 -
1407 5075 1447 5125 23.
1467 5082 1618 5140 properassent
1634 5076 1674 5128 it.
1695 5105 1724 5114 -

410 5151 451 5202 27.
469 5165 566 5202 mecam
582 5153 695 5202 mcedere
710 5152 791 5204 habet
807 5155 837 5214 V,
855 5157 939 5204 recte.
959 5181 986 5189 —
1005 5155 1046 5205 29.
1065 5153 1232 5217 qoodtdensits'
1247 5156 1278 5206 V.
1299 5184 1326 5192 -
1345 5158 1385 5208 3⁴.
1404 5160 1521 5211 oeniandi
1536 5162 1567 5212 V.
1588 5184 1615 5198 -
1635 5161 1675 5214 32.
1694 5161 1725 5210 iis

411 5234 511 5286 habant
527 5236 567 5287 ti.
586 5236 626 5288 Ξῖ.
645 5236 687 5287 29.
705 5236 747 5287 it.
