4367 6109
451 564 514 631 ist
848 565 999 632 ORATIO
1020 566 1100 632 PRO
1120 565 1163 632 Μ.
1183 566 1360 633 FONTEIO

452 758 579 823 prorum
605 757 641 801 ao
667 737 842 801 lubidinnm
869 737 1071 819 pertinerent
1114 733 1165 799 39.
1189 731 1264 820 [aa]
1286 736 1397 802 Exstat
1426 738 1527 803 oratio
1547 736 1711 812 bominis,
1740 741 1777 800 nt

452 833 559 914 opinio
579 851 650 894 mea
670 830 745 905 fert,
766 836 944 893 nostrorum
958 829 1121 893 hominum
1134 830 1228 913 longe
1240 831 1487 913 ingeniosissimi
1500 840 1596 916 atque
1613 832 1775 915 eloquen-

451 925 579 998 tissimi,
609 921 641 986 C.
664 924 812 989 Gracchi:
842 943 904 1007 qua
929 924 963 986 in
985 924 1125 988 oratione
1152 923 1307 1006 permulta
1327 926 1359 988 in
1381 926 1416 987 L.
1437 926 1582 989 Pisonem
1604 927 1716 1009 turpia
1736 944 1775 989 ec

451 1018 604 1101 flagitiosa
624 1017 779 1082 dicuntur.
821 1017 863 1081 At
882 1019 915 1081 in
939 1038 1032 1102 quem
1053 1017 1171 1081 virum!
1202 1017 1257 1100 qui
1277 1025 1363 1081 tanta
1383 1019 1499 1083 virtute
1519 1027 1615 1103 atque
1636 1019 1775 1100 integri-

427 1119 514 1175 ttatc
534 1110 606 1187 init,
634 1120 670 1175 ut
690 1113 783 1176 etiam
803 1112 867 1175 illis
889 1111 1013 1195 optimis
1033 1110 1243 1193 temporibus,
1273 1131 1344 1175 cum
1363 1112 1523 1177 hominem
1544 1114 1693 1177 invenire
1715 1132 1775 1175 ne-

451 1224 545 1289 quam
565 1206 724 1271 neminem
744 1225 870 1288 posses,
896 1204 982 1269 solus
1009 1211 1115 1268 nmen
1141 1205 1237 1287 Frugi
1257 1207 1479 1270 nominaretur.
1511 1207 1616 1282 Quem
1637 1227 1716 1270 cum
1736 1207 1773 1268 in

449 1299 627 1363 contionem
649 1298 807 1362 Gracchus
827 1300 932 1362 vocari
954 1299 1077 1363 iuberet
1100 1305 1133 1361 et
1152 1299 1254 1361 viator
1275 1308 1457 1383 quaereret,
1480 1321 1575 1384 quem
1595 1301 1773 1364 Pisonem?

449 1392 535 1476 quod
557 1401 645 1455 erant
664 1392 787 1476 plures:
819 1394 928 1475 scogis
950 1412 1019 1467 me,
1047 1392 1166 1474 inquit,
1195 1391 1301 1456 dicere
1330 1393 1491 1457 inimicum
1513 1416 1616 1459 meum
1638 1396 1769 1476 Frugi.»

447 1487 478 1551 Is
505 1489 601 1571 igitur
627 1489 690 1563 vir,
720 1508 815 1571 quem
842 1506 882 1549 ne
906 1487 1051 1551 inimicus
1073 1484 1203 1569 quidem
1224 1486 1301 1549 satis
1321 1487 1356 1548 in
1377 1487 1566 1570 appellando
1587 1485 1772 1571 significare

411 1589 585 1666 sopotcrat,
606 1582 668 1646 nisi
688 1591 760 1646 ante
781 1581 958 1657 laudasset;
980 1581 1036 1663 qui
1057 1599 1122 1642 uno
1138 1580 1323 1661 cognomine
1338 1580 1569 1655 declarabatur,
1590 1600 1657 1644 non
1672 1579 1771 1644 modo

447 1677 519 1759 quis
541 1683 640 1751 esset,
662 1676 717 1740 sed
739 1677 833 1739 etiam
855 1675 956 1759 qualis
978 1679 1078 1737 esset:
1100 1679 1205 1736 tamen
1226 1675 1259 1736 in
1281 1672 1391 1737 falsam
1411 1682 1506 1757 atque
1527 1675 1671 1757 iniquam
1693 1691 1773 1756 pro·

447 1770 574 1834 brorum
587 1769 851 1834 insimulationem
867 1768 1045 1831 vocabatur.
1078 1763 1129 1827 40.
1153 1761 1227 1850 [30]
1250 1769 1292 1830 Μ.
1307 1768 1456 1831 Fonteius
1473 1769 1518 1831 ita
1532 1767 1655 1831 duabus
1669 1767 1772 1830 actio-

448 1864 540 1928 nibus
561 1871 723 1929 accusatus
744 1869 807 1937 est,
829 1871 865 1926 ut
885 1863 1041 1926 obiectum
1061 1859 1141 1923 nihil
1163 1862 1219 1935 sit,
1241 1881 1304 1944 quo
1320 1859 1487 1944 significari
1501 1861 1670 1943 vestigium
1685 1858 1772 1922 lubi-

449 1956 547 2033 dinis,
568 1957 775 2042 petulantiae,
797 1955 1008 2030 crudelitatis,
1030 1953 1180 2019 audaciae
1201 1955 1312 2039 possit.
1344 1956 1415 2018 Non
1436 1955 1531 2019 modo
1552 1954 1675 2017 nullum
1690 1951 1772 2015 iaci·

412 2067 441 2115 tt
449 2072 509 2115 nus
537 2053 634 2116 lanius
658 2050 871 2134 protulerunt,
900 2049 956 2113 sed
984 2068 1024 2111 nc
1046 2048 1164 2112 dictum
1185 2048 1314 2131 qrridem
1334 2048 1461 2132 aliquod
1482 2048 1769 2132 reprehenderunt.

448 2146 562 2209 xvlll.
585 2140 692 2228 [xlm]
715 2143 808 2218 Quod
835 2145 862 2207 si
887 2150 941 2207 aut
969 2149 1119 2226 quantam
1140 2141 1332 2205 voluntatem
1352 2140 1471 2206 habent
1490 2144 1530 2206 ad
1550 2141 1637 2205 hune
1658 2141 1770 2223 oppri-

448 2239 596 2301 mendum
616 2245 670 2300 aut
691 2242 840 2321 quantam
861 2235 901 2299 ad
922 2235 1176 2299 maledicendum
1197 2235 1369 2310 licentiam,
1396 2242 1516 2300 tanum
1536 2235 1693 2299 baberent
1711 2238 1770 2296 aut

448 2331 488 2395 ad
516 2330 748 2394 ementiendum
777 2330 873 2393 animi
898 2329 1014 2393 autad
1036 2327 1217 2411 fingendum
1237 2329 1375 2411 ingenii,
1401 2350 1465 2393 non
1487 2330 1617 2393 meliora
1636 2327 1769 2391 fortuna

448 2424 488 2488 ad
509 2425 622 2509 probra
642 2443 706 2487 non
727 2422 884 2486 audienda
906 2426 948 2488 Μ.
970 2425 1138 2497 Fonteius,
1164 2442 1258 2505 quam
1280 2423 1343 2498 illi,
1366 2423 1406 2486 de
1428 2424 1543 2508 quibus
1564 2429 1659 2486 antea
1681 2439 1769 2484 com·

411 2520 633 2594 memoravi,
653 2517 775 2581 inisset.
804 2518 897 2600 Frugi
919 2518 1013 2600 igitur
1032 2515 1209 2591 hominem,
1234 2517 1371 2591 iudices,
1392 2518 1490 2600 frugi,
1513 2519 1658 2599 inquam,
1678 2523 1711 2578 et
1733 2515 1770 2577 in

450 2612 595 2676 omnibus
627 2613 709 2676 vitae
738 2611 876 2696 partibus
903 2611 1098 2674 moderatum
1126 2631 1161 2675 ac
1195 2619 1436 2695 temperantem,
1468 2612 1595 2696 plenum
1622 2609 1769 2693 pudoris,

449 2706 577 2789 plenum
599 2705 712 2781 officii,
733 2705 862 2788 plenum
884 2703 1060 2786 religionis,
1081 2706 1193 2769 videtis
1213 2707 1351 2789 positum
1372 2706 1405 2768 in
1420 2714 1524 2771 vestra
1543 2700 1605 2766 fide
1620 2723 1656 2767 ac
1674 2711 1769 2787 pote-

448 2806 529 2862 state
550 2807 646 2884 atque
667 2800 729 2874 ita,
749 2805 786 2862 ut
806 2799 987 2861 commissus
1009 2798 1050 2860 sit
1071 2795 1161 2873 fidei,
1182 2801 1354 2883 permissus
1375 2801 1531 2885 potestati.

534 2888 585 2956 ll.
608 2888 683 2977 [3l.]
707 2892 818 2957 Videte
838 2892 948 2975 igitur,
976 2899 1083 2955 utrum
1103 2893 1144 2956 sit
1163 2894 1475 2977 aequius-bominem
1494 2895 1767 2970 honestissimum,

412 2989 549 3053 sevirum
570 2987 789 3062 fortissimum,
810 2986 911 3050 civem
925 2987 1078 3068 optimum
1094 2985 1169 3050 dedi
1183 2987 1406 3051 inimicissimis
1420 2997 1515 3073 atque
1529 2989 1767 3053 immanissimis

449 3081 629 3145 nationibus
650 3100 692 3143 an
713 3080 801 3144 reddi
822 3079 940 3153 amicis,
961 3080 1145 3163 praesertim
1159 3100 1232 3143 oum
1250 3088 1296 3144 tot
1313 3102 1363 3145 res
1376 3083 1453 3157 sint,
1475 3103 1556 3166 qnae
1571 3085 1682 3148 vestris
1695 3085 1767 3147 ani·

449 3177 509 3238 mis
535 3195 591 3259 pro
618 3173 714 3237 lrnius
740 3174 917 3236 innocentis
942 3173 1043 3237 salute
1065 3174 1257 3257 supplicenit
1283 3176 1418 3259 primum
1439 3177 1563 3259 generis
1584 3177 1765 3262 antiquitas,

449 3289 544 3353 quam
565 3268 718 3343 Tusculo,
740 3287 781 3330 ex
801 3267 973 3330 clarissimo
988 3267 1156 3351 municipio
1176 3268 1364 3350 proiectam,
1386 3270 1419 3332 in
1432 3271 1644 3334 monumentis
1658 3290 1766 3333 rernm

449 3371 606 3447 gestarum
633 3363 763 3425 incisam
783 3379 820 3423 ac
843 3367 979 3424 notatam
1000 3360 1162 3424 videmus:
1191 3368 1256 3426 tum
1277 3372 1382 3427 autem
1403 3365 1567 3428 continuae
1589 3373 1766 3448 praeturae,

411 3472 529 3542 soquae
559 3464 590 3519 et
617 3457 729 3519 ceteris
757 3455 947 3518 ornamentis
970 3461 1001 3516 et
1025 3455 1256 3519 existimatione
1276 3458 1473 3521 innocentiae
1495 3461 1629 3522 maxime
1649 3461 1767 3523 tlorue-

449 3559 540 3616 runi:
562 3550 677 3615 deinde
699 3569 808 3613 recens
829 3549 979 3611 memoria
999 3550 1154 3632 parentis,
1176 3549 1267 3612 cuins
1288 3551 1439 3633 sanguine
1461 3571 1525 3614 non
1546 3553 1648 3615 solum
1667 3555 1766 3617 Ascu-
1809 3588 1811 3591 ·

449 3648 592 3710 lanorum
618 3664 744 3718 manus,
774 3662 793 3705 a
821 3661 885 3726 qua
914 3642 1096 3705 interiectus
1118 3648 1182 3715 est,
1210 3643 1266 3706 sed
1287 3651 1388 3707 totum
1409 3645 1487 3708 illud
1510 3647 1625 3709 sociale
1645 3648 1765 3711 bellum

449 3740 569 3804 macula
591 3738 717 3802 sceleris
738 3737 891 3801 imbutum
914 3741 980 3798 est:
1002 3742 1162 3818 postremo
1184 3737 1253 3818 ipse
1275 3757 1345 3800 cum
1367 3739 1401 3801 in
1423 3740 1567 3803 omnibus
1587 3741 1670 3803 vitae
1692 3761 1766 3823 par·

450 3833 532 3897 tibus
559 3832 710 3896 honestus
738 3837 834 3913 atque
855 3829 990 3911 integer,
1018 3837 1083 3892 tum
1104 3831 1139 3893 in
1158 3850 1194 3893 re
1214 3831 1338 3894 militari
1358 3851 1430 3894 cnm
1451 3834 1565 3896 summi
1586 3834 1711 3898 consilii
1733 3841 1766 3898 et

412 3928 576 3993 etmaximi
605 3926 715 4000 animi,
748 3933 813 3988 tum
840 3943 915 3988 vero
942 3944 1002 3986 usu
1030 3943 1159 4007 quoque
1185 3924 1337 3988 bellorum
1365 3927 1570 4008 gerendorum
1599 3928 1763 4010 inprimis

449 4043 557 4086 eorum
577 4021 755 4094 bominum,
778 4021 834 4101 qui
849 4037 931 4081 nnnc
947 4024 1034 4092 sunt,
1057 4019 1256 4081 exercitatus.
1298 4020 1385 4081 xlx.
1399 4016 1450 4082 it.
1476 4017 1555 4103 [XV.
1570 4017 1633 4104 32]
1656 4022 1764 4097 Quare

449 4117 476 4180 si
498 4116 590 4177 etiam
610 4112 758 4176 monendi
781 4113 856 4176 estis
878 4131 978 4186 arne,
1000 4110 1138 4185 indices,
1160 4111 1246 4195 qnod
1261 4132 1326 4174 non
1341 4114 1433 4189 estis,
1456 4114 1564 4178 videor
1577 4117 1638 4180 hoc
1652 4117 1765 4180 leviter

448 4229 505 4294 pro
534 4227 604 4271 mea
628 4207 811 4270 auctoritate
839 4207 929 4270 vobis
953 4206 1133 4290 praecipere
1155 4226 1265 4288 posse,
1293 4215 1329 4270 ut
1351 4227 1392 4270 ex
1413 4228 1451 4272 eo
1472 4229 1587 4291 genere
1608 4209 1763 4284 homines,

450 4323 582 4387 quorum
609 4301 733 4383 cognita
761 4303 876 4375 virtus,
906 4300 1075 4374 industria,
1104 4299 1237 4364 felicitas
1258 4302 1290 4363 in
1311 4321 1346 4364 re
1367 4303 1490 4366 militari
1511 4303 1567 4378 sit,
1595 4303 1765 4384 diligenter

412 4397 539 4461 tovobis
560 4395 741 4460 retinendos
763 4393 959 4458 existimetis.
993 4393 1064 4456 Fuit
1085 4395 1169 4457 enim
1191 4396 1288 4458 maior
1309 4396 1416 4460 talium
1438 4396 1575 4460 virorum
1595 4397 1628 4460 in
1649 4395 1708 4458 hac
1728 4417 1765 4460 re

449 4490 574 4575 publica
595 4490 704 4572 copia:
727 4509 808 4573 quae
830 4496 1015 4563 comesset,
1037 4496 1142 4551 tamen
1156 4508 1263 4552 eorum
1281 4509 1346 4552 non
1361 4491 1454 4553 modo
1469 4489 1579 4564 saluti,
1601 4490 1765 4553 sedetiam

449 4584 563 4647 honori
585 4584 812 4648 consulebatur.
846 4581 930 4658 Quid
951 4602 1035 4645 nunc
1057 4581 1146 4645 vobis
1166 4581 1345 4646 iaciendum
1367 4590 1430 4658 est,
1451 4583 1563 4647 studiis
1577 4583 1765 4647 militaribus

516 4799 539 4848 t.
557 4811 588 4848 uc
600 4796 728 4848 mininam
743 4797 870 4848 Faernus:
892 4796 926 4846 od
941 4796 1072 4846 lubidinem
1082 4796 1129 4846 VS
1147 4794 1205 4858 (sed
1216 4795 1233 4845 S
1243 4794 1305 4857 tiu).
1318 4822 1346 4832 -
1364 4801 1434 4847 cetui
1444 4797 1465 4846 V
1474 4798 1499 4847 S.
1520 4824 1547 4832 —
1566 4798 1590 4847 t.
1609 4798 1715 4859 optumis
1730 4797 1763 4847 V.

451 4902 478 4910 -
497 4875 522 4924 7.
540 4874 676 4923 emtionem
691 4874 752 4923 VS:
777 4873 916 4923 concionem
932 4872 961 4922 0.
981 4898 1008 4907 -
1026 4877 1049 4922 et
1065 4877 1141 4921 unior
1156 4872 1187 4922 V.
1207 4897 1234 4908 -
1262 4871 1301 4922 43.
1319 4871 1519 4922 menuctus
1535 4872 1627 4922 lamb.
1645 4886 1761 4937 susp.-

451 4951 490 5001 ti.
509 4955 554 5000 out
569 4949 604 4998 od
619 4948 836 4999 memiiesdnms:
855 4952 901 4997 uui
915 4947 1137 4998 nmmiendumv.
1152 4975 1179 4984 -
1196 4946 1255 5011 non]
1271 4960 1337 4996 nunc
1353 4947 1378 4997 S.
1397 4975 1425 4984 -
1443 4948 1484 4998 ⁴9.
1501 4948 1628 4997 audienda
1642 4949 1678 4999 ri.
1697 4950 1765 4999 scri-

449 5026 505 5090 psi:
522 5025 672 5076 audiendum
681 5024 713 5084 V,
730 5023 856 5075 audiendo
871 5022 926 5072 S0.
944 5049 971 5058 —
989 5022 1030 5072 su.
1047 5022 1150 5084 sument
1165 5022 1191 5072 S.
1211 5048 1239 5057 -
1257 5021 1298 5072 at.
1312 5021 1349 5084 pi.
1366 5022 1493 5083 pinruv.
1507 5049 1534 5057 -
1553 5020 1594 5073 ai.
1611 5023 1697 5088 videte]
1713 5025 1765 5104 uiip

450 5127 481 5178 V.
502 5155 529 5164 -
547 5128 588 5177 Yl.
606 5127 740 5190 supplicent
756 5127 789 5175 S:
812 5125 945 5188 supplicem
961 5125 991 5174 V.
1006 5152 1034 5161 -
1052 5124 1093 5175 30.
1110 5123 1280 5174 muninsuev.
1299 5147 1328 5160 -
1346 5123 1387 5175 33.
1404 5125 1526 5188 imprimis
1541 5126 1567 5175 S.
1586 5151 1614 5161 -
1633 5125 1673 5177 37.
1691 5141 1709 5176 u
1724 5140 1765 5178 me

449 5204 541 5253 iudices
556 5204 639 5253 oms
656 5205 683 5253 et
699 5201 780 5252 habet
796 5201 891 5252 deinde
908 5201 1000 5251 iudicet
1015 5212 1064 5264 pro
1079 5199 1173 5250 uideor.
1187 5225 1214 5234 -
1232 5198 1453 5251 mimarum·
1472 5200 1512 5250 33.
1524 5201 1620 5252 meos:
1637 5201 1719 5252 meV.
1732 5227 1761 5238 -

452 5275 492 5330 io.
511 5278 583 5344 min]
601 5277 659 5328 olim
674 5277 822 5342 suspicatur
838 5277 1035 5329 Mommsenlus.
1055 5302 1083 5313 -
1100 5274 1142 5327 n.
1159 5274 1247 5326 minti·
1260 5275 1292 5327 V.
