4367 6109
806 567 879 634 cn.
901 568 1086 634 vm-1x.
1113 565 1172 653 ss.
1193 565 1340 635 so-sc.
1669 566 1731 637 tsi

414 738 566 820 impetum
588 737 699 802 armati
718 737 868 804 Antiochi
882 746 1125 824 ceterorumque
1148 739 1211 804 tela
1231 747 1328 825 atque
1341 741 1501 806 incursum
1515 739 1639 826 refugit
1668 745 1731 809 Eo-

414 831 487 895 dem
514 836 656 914 tempore
685 853 720 897 se
748 833 781 895 iu
808 832 915 915 lugam
936 832 1103 898 conferunt
1128 855 1191 898 una
1213 836 1305 899 amici
1325 836 1532 921 advocatique
1554 837 1623 902 eius
1643 845 1730 902 metu

412 924 588 1008 perterriti,
611 946 706 1009 quem
727 926 767 991 ad
788 927 916 990 modum
939 926 1063 990 illorum
1085 936 1200 992 testem
1222 929 1328 992 dicere
1349 930 1490 994 audistis.
1530 928 1581 994 23.
1602 931 1660 994 His
1681 952 1730 995 re-

413 1020 474 1084 bus
495 1019 541 1082 ita
561 1020 657 1102 gestis
680 1022 713 1085 P.
735 1020 899 1085 Dolabella
919 1030 1045 1104 praetor
1066 1023 1246 1099 interdixit,
1273 1030 1310 1086 ut
1330 1031 1379 1088 est
1400 1024 1613 1100 cousuetudo,
1635 1045 1676 1089 nn
1698 1047 1730 1090 vr

413 1133 584 1179 noxmrnvs
605 1134 742 1180 sanam
764 1116 833 1180 sine
854 1113 920 1177 ulla
942 1116 1148 1198 exceptione,
1170 1124 1291 1181 tantum
1305 1124 1357 1192 ut,
1378 1119 1463 1182 unde
1478 1119 1659 1195 deiecisset,
1681 1131 1753 1183 reo

414 1210 569 1273 stitueret.
601 1209 788 1273 Restituisse
809 1230 844 1273 se
867 1207 965 1270 dixit:
988 1210 1118 1291 sponsio
1140 1210 1223 1274 iacta
1237 1217 1294 1274 est.
1322 1211 1389 1276 Hac
1404 1212 1443 1276 de
1458 1215 1626 1297 sponsione
1641 1214 1730 1278 vobis

413 1303 618 1369 iudicandum
639 1311 697 1367 est.

497 1396 553 1459 IX.
581 1399 719 1462 Maxime
742 1397 805 1462 tuit
825 1399 997 1483 optandum
1018 1398 1188 1474 Caecinae,
1216 1407 1470 1483 recuperatores,
1495 1408 1531 1465 ut
1551 1409 1731 1468 controver-

413 1498 480 1562 siae
501 1492 582 1557 nihil
594 1493 742 1570 haberet3
765 1493 905 1557 secundo
920 1495 1009 1567 loco,
1030 1499 1120 1556 utne
1136 1514 1208 1557 cum
1222 1502 1285 1557 tam
1302 1495 1445 1577 improbo
1460 1496 1605 1571 homine;
1627 1497 1730 1575 tertio,

414 1599 450 1655 ut
471 1610 540 1654 cum
562 1594 626 1653 tarn
647 1587 743 1651 stulto
764 1585 903 1650 haberet.
935 1588 1062 1652 Etenim
1083 1608 1148 1651 non
1170 1588 1277 1652 minue
1298 1609 1357 1652 uos
1379 1590 1512 1653 stultitia
1525 1590 1610 1653 illius
1627 1590 1767 1656 suble-to

414 1693 466 1751 vat
493 1703 590 1769 quam
618 1682 716 1747 laedit
736 1681 930 1764 improbitas.
966 1683 1132 1765 improbus
1153 1682 1230 1757 fuit,
1260 1683 1347 1766 quod
1368 1681 1512 1746 homiues
1534 1685 1653 1766 coegit,
1682 1707 1731 1749 ar·

414 1781 525 1852 mavit,
556 1776 673 1841 coactis
702 1775 895 1859 armatisque
923 1776 987 1839 vim
1014 1775 1099 1840 fecit.
1131 1777 1238 1841 haesit
1260 1777 1292 1840 in
1315 1797 1354 1840 eo
1377 1777 1559 1841 Caecinam:
1590 1779 1732 1844 sublevat

415 1875 541 1939 ibidem.
573 1872 653 1935 Nam
673 1870 707 1932 iu
727 1889 780 1935 eas
801 1871 887 1952 ipsas
909 1890 975 1946 res,
999 1891 1077 1954 quas
1095 1872 1326 1956 improbissime
1339 1871 1431 1947 fecit,
1452 1873 1633 1935 testimonia
1647 1891 1732 1935 sum-

415 1970 479 2054 psit
500 1973 532 2031 et
553 1965 599 2028 eis
621 1965 655 2027 in
677 1984 771 2029 causa
792 1965 981 2029 testimoniis
1001 1966 1110 2030 utitur.
1152 1963 1203 2029 24.
1224 1967 1336 2050 ltaque
1357 1966 1435 2030 mihi
1457 1972 1575 2030 certum
1597 1971 1660 2038 est,
1682 1987 1732 2030 re·

415 2067 634 2146 superatores,
666 2068 836 2144 autequam
870 2058 911 2121 ad
946 2081 1048 2126 meam
1077 2061 1292 2125 defensionem
1323 2081 1474 2145 meosque
1502 2067 1600 2126 testes
1627 2061 1731 2136 venio,
1741 2072 1769 2120 ts

414 2158 500 2222 illius
526 2157 574 2219 uti
599 2153 799 2219 confessione
827 2162 859 2217 et
886 2155 1086 2228 testimoniis,
1118 2154 1204 2231 Quid
1226 2152 1392 2219 confitetur
1412 2164 1508 2240 atque
1529 2156 1573 2219 ita
1597 2154 1732 2219 libenter

416 2247 597 2324 confitetur,
624 2257 744 2314 utnon
767 2249 870 2312 solum
892 2249 1001 2324 fateri,
1026 2250 1083 2313 sed
1106 2251 1201 2314 etiam
1222 2247 1361 2334 profiteri
1382 2250 1543 2326 videatur,
1564 2269 1733 2332 recupera·

416 2349 520 2412 tores?
557 2343 752 2408 «Convocavi
773 2342 932 2419 homines,
961 2345 1067 2426 coegi,
1096 2346 1231 2421 armavi3
1260 2353 1381 2408 terrore
1403 2346 1512 2409 mortis
1534 2365 1570 2408 ac
1590 2343 1732 2427 periculo

415 2441 541 2524 capitis,
563 2458 604 2502 ne
618 2437 801 2513 accederes,
823 2439 945 2514 obstiti;
967 2438 1066 2513 ferro,
1092 2439 1212 2523 inquit,
1233 2440 1316 2504 ferro
1336 2437 1379 2522 (et
1392 2439 1453 2504 hoc
1468 2440 1545 2504 dicit
1557 2440 1590 2502 in
1604 2437 1732 2523 iudicio)

415 2546 447 2602 te
468 2534 565 2599 reieci
585 2541 680 2615 atque
701 2533 888 2616 proterrui.»
932 2534 1042 2609 Quid?
1075 2540 1170 2596 testes
1192 2532 1270 2617 quid
1292 2534 1402 2597 aiunt?
1429 2535 1463 2595 Ρ.
1483 2532 1634 2607 Vetilius,
1660 2542 1771 2616 pro-to

413 2631 553 2714 pinquus
568 2626 710 2700 Aebutii,
732 2646 767 2689 se
781 2626 917 2690 Aebutio
939 2647 1010 2689 cum
1029 2629 1157 2690 armatis
1178 2628 1276 2690 servis
1290 2629 1415 2691 venisse
1428 2627 1624 2690 advocatum.
1646 2625 1733 2701 Quid

414 2721 599 2808 praetereat
620 2719 732 2782 Fuisse
754 2718 934 2801 complures
955 2727 1102 2783 armatos.
1134 2720 1219 2794 Quid
1240 2721 1349 2784 aliud?
1370 2721 1525 2784 Minatum
1546 2740 1615 2783 esse
1631 2719 1735 2783 Aebu-

415 2821 494 2882 tium
516 2816 678 2879 Caecinae.
713 2811 798 2889 Quid
821 2833 880 2896 ego
903 2812 943 2877 de
964 2813 1026 2876 hoc
1048 2821 1127 2877 teste
1143 2812 1245 2878 dicam
1264 2815 1326 2878 nisi
1343 2816 1415 2891 hoc,
1429 2822 1677 2898 recuperatores,
1699 2821 1735 2879 ut

415 2934 455 2976 ue
482 2911 600 2974 idcirco
628 2908 733 2972 minus
762 2909 793 2971 oi
813 2907 964 2983 credatis,
992 2908 1078 2992 quod
1099 2908 1195 2971 homo
1216 2909 1323 2972 minus
1344 2909 1478 2973 idoneus
1499 2909 1648 2985 habetur,
1677 2907 1734 2973 sed

416 3009 487 3070 ideo
510 3003 665 3077 credatis,
688 3001 775 3087 quod
797 3022 837 3076 ex
858 3002 913 3066 illa
933 3009 1023 3084 parte
1044 3001 1077 3064 id
1100 3002 1191 3078 dicit,
1218 3002 1304 3087 quod
1325 3003 1372 3066 illi
1395 3021 1507 3067 causae
1528 3003 1665 3067 maxime
1686 3012 1772 3067 est!

415 3102 577 3166 alienum‘t
613 3095 665 3161 25.
685 3097 722 3160 A.
738 3097 919 3172 Terentius,
941 3096 1022 3159 alter
1040 3097 1150 3172 testis,
1171 3117 1237 3161 non
1251 3096 1345 3161 modo
1361 3095 1545 3172 Aebutium,
1566 3095 1735 3161 sedetiam

416 3215 450 3259 ee
478 3192 611 3277 pessimi
637 3191 787 3255 facinoris
818 3191 931 3274 arguit.
973 3192 1010 3253 ln
1037 3191 1206 3254 Aebutium
1229 3190 1291 3256 hoo
1313 3191 1405 3267 dicit,
1432 3198 1567 3256 armatos
1589 3189 1734 3254 homines

414 3289 532 3353 fuisse:
565 3285 604 3349 de
626 3307 660 3349 se
681 3292 787 3349 autem
808 3286 868 3349 hoc
887 3286 1062 3369 praedicat,
1083 3287 1257 3362 Antiocho,
1278 3286 1404 3350 Aebutii
1426 3307 1532 3362 servo,
1554 3285 1735 3370 imperasse,

415 3392 450 3448 ut
473 3383 507 3445 in
530 3381 696 3445 Caecinam
718 3380 937 3444 advenientem
959 3401 1030 3443 cum
1050 3379 1135 3444 ferro
1155 3381 1328 3445 invaderet.
1357 3381 1443 3458 Quid
1464 3382 1577 3464 loquar
1596 3377 1735 3463 amplius

416 3479 455 3542 de
477 3477 538 3540 hoc
559 3474 709 3539 homine?
740 3474 778 3536 In
799 3494 895 3558 quem
916 3494 975 3557 ego
993 3475 1055 3539 hoo
1069 3474 1193 3550 dicere,
1215 3496 1286 3539 cum
1299 3495 1428 3558 rogarer
1441 3496 1460 3539 a
1475 3475 1623 3548 Caecina,
1644 3487 1771 3536 num-to

416 3590 511 3657 quam
533 3569 639 3644 volui,
668 3588 709 3631 ne
730 3588 862 3651 arguere
884 3569 973 3632 illum
993 3571 1040 3634 rei
1062 3570 1206 3653 capitalis
1229 3570 1367 3646 viderer,
1389 3571 1429 3634 de
1451 3590 1489 3634 eo
1511 3568 1620 3633 dubito
1640 3586 1734 3642 nunc,

416 3685 480 3749 quo
502 3664 598 3728 modo
619 3669 676 3727 aut
695 3660 809 3745 loquer
828 3669 884 3727 aut
903 3668 1038 3738 taceam,
1061 3684 1132 3727 oum
1152 3665 1221 3747 ipse
1241 3662 1303 3727 hoc
1325 3663 1364 3727 de
1379 3684 1414 3728 se
1431 3665 1551 3728 iuratus
1565 3662 1736 3746 praedicet,

416 3757 468 3822 26.
488 3758 610 3822 Deinde
637 3758 673 3821 L.
703 3756 828 3823 Caelius
856 3776 921 3820 nou
950 3757 1051 3820 solum
1077 3757 1248 3820 Aebutium
1274 3777 1344 3820 eum
1374 3758 1499 3821 armatis
1526 3756 1608 3820 dixit
1634 3755 1735 3821 fuisse

482 4003 507 4054 4.
525 4001 653 4052 maim
668 3999 688 4049 E
706 3997 844 4062 (Freondio
861 3996 937 4059 teste)
955 3997 988 4047 T:
1012 3997 1127 4047 incursas
1142 3998 1289 4053 RALQO.
1321 3996 1360 4050 Ci.
1382 3997 1406 4061 5.
1425 3997 1466 4050 ll.
1484 3997 1525 4050 to.
1553 4021 1581 4034 -
1606 3998 1631 4048 2.
1650 3999 1735 4064 maten

416 4078 501 4131 meo
515 4078 572 4141 Ep,
591 4074 663 4140 quod
679 4072 806 4125 mendum
818 4073 852 4124 ll.
866 4072 977 4136 Hauptio
995 4071 1061 4122 obss.
1073 4073 1140 4123 oritt.
1153 4086 1179 4137 p.
1190 4071 1232 4124 42.
1251 4075 1338 4124 crtum
1348 4072 1452 4124 videtur
1468 4086 1501 4123 ex
1516 4074 1645 4139 scriptura
1660 4076 1738 4127 eme

417 4156 462 4206 cet.
481 4177 509 4191 -
535 4152 559 4203 3.
577 4151 691 4201 audiistis
706 4151 736 4199 A.
756 4175 784 4183 —
807 4148 851 4198 llis
870 4147 991 4197 roboan
1003 4147 1165 4196 iudicandam
1179 4151 1215 4197 est
1231 4145 1402 4208 Quintilianus
1417 4148 1491 4199 lnstt.
1509 4150 1551 4202 lv.
1568 4151 1593 4212 2,
1611 4150 1668 4201 432.
1695 4151 1734 4202 Cl.

417 4227 497 4283 lulius
514 4226 603 4277 Victor
618 4239 646 4290 p.
664 4224 721 4277 247.
739 4237 764 4274 v.
783 4223 815 4273 38
832 4236 873 4287 sq.
892 4222 954 4274 edit.
972 4224 1087 4273 nostrae.
1108 4248 1136 4258 -
1153 4220 1179 4273 4.
1194 4221 1307 4286 morte]
1326 4222 1362 4273 .Ρ.
1379 4223 1408 4273 lt.
1426 4223 1456 4273 E.
1474 4222 1512 4274 Cl.
1532 4225 1556 4287 5.
1574 4223 1615 4276 ld.
1633 4225 1674 4276 82.
1691 4225 1734 4277 03.

416 4319 443 4370 p.
461 4300 543 4353 Tullio
560 4299 584 4365 ὅ.
597 4301 637 4351 33.
652 4326 680 4337 -
697 4301 722 4349 d.
734 4299 881 4350 restitueret.
898 4298 993 4349 Darde
1007 4297 1141 4347 restituisse
1151 4293 1333 4356 Quintilianus.
1348 4323 1377 4334 -
1393 4297 1522 4347 restitaret-e
1531 4299 1559 4348 T.
1574 4324 1601 4334 -
1620 4299 1645 4349 0.
1663 4312 1736 4362 spos·

416 4379 454 4427 sio
472 4377 544 4440 {octo
565 4380 609 4426 est.
626 4375 679 4424 lloc
695 4374 725 4424 de
741 4385 795 4423 om.
814 4370 880 4430 olm
898 4373 1013 4436 primum
1028 4372 1097 4422 haec
1113 4371 1196 4422 verba
1213 4374 1369 4435 comparent
1384 4372 1411 4422 in
1421 4370 1514 4423 Aldina
1529 4384 1554 4422 a.
1567 4373 1652 4434 4040,
1670 4386 1736 4439 snp-

416 4451 486 4517 pleta
503 4464 536 4501 ex
553 4447 718 4511 Quintiliano.
748 4475 774 4484 -
801 4447 826 4496 0.
843 4447 919 4498 tercio
934 4448 963 4498 T.
982 4473 1009 4481 -
1034 4448 1074 4497 40.
1097 4448 1180 4498 minos
1198 4447 1267 4496 otiis
1285 4460 1331 4496 nos
1351 4446 1439 4497 media
1461 4459 1528 4498 voce
1550 4449 1682 4512 expuncta
1703 4447 1733 4499 T.

419 4553 446 4563 -
465 4525 538 4590 itlius]
556 4525 626 4575 istite
640 4524 671 4583 k;
690 4536 744 4574 om.
761 4523 792 4573 A.
810 4550 837 4558 -
856 4522 895 4571 44.
915 4519 1001 4571 ltalim
1017 4522 1097 4573 lost.
1116 4549 1144 4557 -
1164 4521 1203 4571 42.
1221 4520 1332 4572 sottetot
1348 4520 1517 4572 ETGblra:
1535 4522 1670 4574 sebtwooit
1683 4523 1735 4574 nt

417 4600 500 4656 Lto.
522 4627 549 4637 -
568 4600 608 4651 46.
628 4598 701 4664 Quid]
719 4598 797 4661 coiit
812 4597 842 4647 Τ.
862 4622 890 4633 -
909 4596 949 4647 49.
967 4597 1059 4659 Ferro,
1075 4599 1278 4661 ferro--otque
1290 4598 1420 4661 protonat
1434 4596 1527 4662 Aquila
1543 4599 1619 4648 Rom.
1637 4596 1671 4647 de
1688 4595 1734 4661 flg.

417 4676 484 4727 sent.
503 4674 528 4739 fl.
541 4675 582 4725 48.
597 4702 624 4711 -
643 4675 683 4725 20.
698 4672 837 4737 proterret,
850 4673 879 4721 ut
890 4672 1002 4722 coniecit
1015 4672 1167 4733 Lambinus,
1179 4672 1271 4738 Aquila
1282 4676 1430 4725 Romanus:
1447 4675 1573 4736 perterrti
1589 4671 1733 4726 anuto.

417 4751 456 4802 Ct.
475 4750 498 4815 S.
517 4750 557 4801 34.
574 4750 614 4800 37.
627 4748 668 4801 ti.
683 4777 711 4787 -
729 4751 771 4800 24.
789 4748 871 4799 mooli
882 4747 909 4796 T.
925 4747 963 4798 Ct.
976 4747 1000 4811 ἓ.
1013 4749 1038 4797 4.
1053 4776 1081 4785 -
1099 4761 1125 4799 se
1140 4762 1221 4813 supra
1237 4763 1346 4801 versum
1361 4748 1483 4800 babetE.
1498 4776 1526 4785 —-
1543 4747 1585 4798 22.
1603 4748 1736 4810 coemistis

416 4827 565 4879 mcianus
575 4823 632 4876 Vol.
644 4828 664 4876 l.
677 4839 703 4891 p.
717 4823 773 4877 342.
786 4824 829 4875 ed.
842 4821 930 4874 Krehl.
945 4852 972 4860 —
991 4823 1032 4874 23.
1043 4824 1222 4886 reciperatores
1231 4825 1260 4875 Ε.
1280 4824 1318 4875 cl.
1332 4825 1356 4888 5.
1369 4824 1394 4874 0.
1409 4849 1437 4862 ·-
1454 4829 1483 4874 ot
1497 4836 1529 4874 oe
1544 4823 1637 4873 idcirco
1652 4822 1735 4874 new

328 4921 337 4935 ⁸
416 4904 490 4954 ETk
507 4902 612 4953 etho:
640 4899 935 4950 ottodrcorsosmioits
950 4897 1036 4952 nat.
1057 4925 1085 4935 -
1102 4897 1144 4949 24.
1161 4899 1292 4950 hobmutr
1307 4901 1336 4950 T.
1360 4927 1386 4939 -
1405 4898 1734 4950 sedideo--estols'esssii

417 4992 470 5029 om.
488 4978 516 5027 T.
537 5004 565 5014 -
583 4976 625 5028 27.
642 4988 668 5025 sc
679 4975 780 5036 parent
794 4973 916 5037 [witonis
931 4974 1017 5037 creuit
1027 4975 1198 5025 Garatonius:
1216 4975 1335 5037 morini
1350 4975 1497 5039 (modost
1506 4974 1535 5037 Ε)
1550 4973 1672 5038 tonsoris
1686 4986 1734 5023 or·

416 5053 471 5118 psit
491 5052 555 5112 ET;
580 5050 721 5113 morosiore
741 5047 783 5099 vel
803 5048 925 5110 midine
949 5048 1336 5113 [om.fociaoris)orqsettlttt;
1361 5050 1483 5112 mipm
1499 5049 1584 5112 orpoit
1599 5060 1652 5110 mg.
1670 5044 1689 5096 b
1707 5048 1735 5098 et

417 5124 503 5178 200.
523 5150 550 5160 -
568 5125 610 5176 28.
628 5124 711 5175 emoti
723 5124 752 5176 E.
771 5123 810 5176 cl.
823 5124 847 5188 5.
860 5125 884 5173 4.
900 5149 927 5160 -
945 5135 1030 5174 serios
1044 5125 1189 5187 {oweno
1198 5124 1227 5173 Τ.
1245 5124 1338 5174 Omisit
1353 5124 1422 5175 hanc
1437 5123 1579 5175 lectionem
1593 5120 1731 5175 terdenus.

421 5229 447 5239 -
466 5201 507 5252 30.
525 5201 555 5251 de
569 5201 614 5252 tor
630 5197 722 5261 ETli:
745 5199 792 5251 ltoc
807 5201 836 5252 de
852 5198 996 5253 004220.
1016 5226 1044 5236 -
1069 5213 1115 5264 epo
1130 5198 1176 5249 Aoo
1191 5198 1272 5250 dem
1292 5199 1353 5251 ET:
1375 5213 1420 5264 epo
1436 5199 1518 5251 dicere
1534 5199 1595 5261 (om.
1612 5198 1665 5262 Aoo)
1681 5198 1732 5250 aa

419 5276 503 5331 000.
524 5302 551 5315 -
569 5277 610 5329 33.
627 5277 667 5344 h]
683 5276 808 5331 tsoissE.
827 5303 856 5315 -
874 5273 1381 5336 &decoramentumcttcsa
