4367 6109
765 610 837 676 cn.
861 606 1180 672 xxxv-xxxvl.
1205 602 1261 689 sp
1283 598 1431 666 rr-vs.
1695 585 1757 658 us

533 779 660 843 XXXV.
682 775 733 841 73.
755 777 774 810 '³‘
790 774 837 811 ¹⁶*
870 775 1061 860 praelectum
1089 774 1211 838 labrum
1240 772 1337 837 semel
1365 774 1468 836 locum
1496 771 1664 835 tribulibus
1692 769 1758 832 suis

448 875 594 938 dedisse:
621 873 695 956 quid
728 876 866 934 statuent
893 870 926 932 in
954 869 1038 932 viros
1066 869 1247 952 primarios,
1275 868 1331 952 qui
1352 867 1386 929 in
1407 867 1489 930 circo
1511 872 1592 929 totas
1614 864 1759 928 tabernas

447 967 606 1031 tribulium
636 985 731 1029 causa
759 966 1000 1046 compererunt?
1031 963 1117 1026 Haec
1138 962 1246 1025 omnia
1266 966 1475 1034 sectatorum,
1498 959 1759 1043 spectaculorum,

446 1060 648 1144 prandiorum
676 1060 751 1122 item
783 1057 913 1120 crimina
944 1076 963 1119 a
991 1055 1193 1120 multitudine
1220 1055 1254 1118 in
1283 1063 1367 1119 turm
1395 1053 1525 1117 nimiam
1555 1051 1760 1136 diligentiam,

449 1153 556 1225 Servi,
584 1154 725 1215 eoniecta
753 1159 841 1215 sunt:
869 1151 902 1213 in
925 1151 1040 1234 quibus
1070 1157 1174 1213 tamen
1195 1151 1327 1212 Murena
1348 1155 1477 1211 senatus
1497 1147 1684 1210 auctoritate
1705 1143 1783 1206 ‹lo-b

447 1246 594 1309 tenditur.
624 1245 708 1320 Quid
722 1245 831 1308 enimt
852 1251 978 1306 senatus
1000 1264 1076 1306 num
1099 1243 1222 1306 obviam
1244 1242 1371 1327 prodire
1386 1241 1505 1305 crimen
1521 1241 1638 1323 putatt
1662 1240 1761 1313 «Non,

447 1339 503 1402 sed
524 1338 695 1402 mercede.»
731 1337 898 1402 Convinoe.
935 1338 1016 1401 Num
1037 1337 1150 1401 sectari
1171 1337 1309 1400 multost
1344 1338 1456 1410 «Non,
1478 1332 1535 1398 sed
1556 1334 1758 1398 conductos.»

447 1435 541 1495 Doce.
584 1433 665 1495 Num
700 1431 804 1494 locum
831 1431 871 1493 ad
902 1431 1107 1513 spectandum
1137 1429 1238 1493 dare?
1270 1435 1324 1492 aut
1351 1429 1391 1493 ad
1420 1427 1584 1512 prandium
1606 1427 1761 1490 invitaret

450 1524 617 1598 «Minime,
645 1524 700 1587 sed
722 1524 818 1608 vulgo
842 1519 1011 1608 [passimln
1036 1523 1122 1599 Quid
1145 1531 1193 1586 est
1213 1522 1329 1605 vulget
1363 1521 1578 1584 «Universos»
1611 1522 1681 1583 Non
1703 1518 1762 1600 igi·

446 1630 511 1692 tur,
534 1619 561 1681 si
583 1619 616 1679 Ι..
638 1620 741 1692 Natta,
763 1637 885 1681 summo
907 1619 978 1680 loco
999 1617 1196 1690 adolescens,
1218 1617 1274 1701 qui
1297 1625 1328 1680 et
1349 1636 1413 1700 quo
1434 1615 1537 1678 animo
1561 1608 1646 1699 [iam]
1669 1611 1709 1675 sit
1730 1615 1797 1674 etto

447 1712 549 1797 qualis
577 1713 626 1775 vir
654 1711 778 1776 iuturus
807 1712 848 1775 sit
874 1711 1035 1786 videmus,
1064 1713 1096 1774 in
1119 1712 1261 1796 equitum
1283 1710 1434 1774 centuriis
1454 1708 1556 1772 voluit
1577 1728 1646 1772 esse
1668 1703 1761 1769 etad

446 1806 505 1869 bne
527 1803 665 1868 officium
687 1804 928 1868 necessitudinis
950 1811 981 1868 et
1001 1806 1042 1868 ad
1064 1805 1222 1888 reliquum
1237 1813 1361 1887 tempus
1375 1803 1548 1887 gratiosus,
1570 1801 1603 1864 id
1619 1800 1678 1864 erit
1691 1798 1761 1861 eius

447 1899 556 1963 vitrico
577 1899 681 1962 fraudi
702 1906 758 1962 aut
785 1898 926 1961 crimini:
953 1919 1027 1974 nec,
1055 1899 1081 1961 si
1109 1899 1197 1981 virgo
1217 1898 1371 1973 Vestalis,
1400 1897 1494 1961 buius
1523 1896 1703 1980 propinqua
1729 1897 1762 1954 et

447 1993 641 2067 necessaria,
663 1992 780 2055 -looum
809 2012 900 2055 suum
931 1992 1147 2074 gladiatorium
1175 1993 1330 2057 concessit
1350 1992 1440 2066 huic,
1472 2010 1537 2054 uon
1567 1997 1599 2052 et
1626 1987 1680 2051 illa
1708 1985 1761 2068 pie

445 2086 534 2161 lecit,
564 2095 597 2149 et
622 2087 674 2150 bio
695 2105 715 2148 a
736 2085 830 2168 culpa
851 2094 899 2148 est
919 2095 1067 2148 remotus.
1110 2086 1226 2148 Omnia
1249 2086 1328 2148 haee
1350 2093 1424 2149 sunt
1444 2081 1547 2148 ollioia
1568 2081 1798 2147 necessario-u

445 2200 531 2253 rum,
554 2180 717 2243 commodo
738 2179 930 2253 tenuiorum,
953 2179 1059 2242 munia
1080 2179 1327 2243 candidatorum.

529 2268 580 2334 74.
601 2274 642 2335 dt
663 2273 743 2336 enim
766 2272 833 2354 agit
854 2292 975 2335 meeum
998 2281 1122 2335 austere
1144 2281 1175 2335 et
1196 2272 1296 2335 stoice
1319 2273 1405 2336 Cato.
1447 2275 1546 2356 Negat
1566 2290 1675 2334 verum
1691 2287 1761 2333 esse

446 2366 528 2430 allici
564 2366 817 2430 benevolentiam
850 2366 938 2440 cibo;
969 2373 1064 2447 negat
1091 2365 1243 2429 iudicium
1271 2366 1434 2430 bominum
1466 2366 1500 2429 in
1528 2362 1761 2447 magistratibus

446 2459 632 2524 mandendis
662 2460 820 2542 corrumpi
848 2458 1063 2542 voluptatibus
1091 2468 1246 2541 oportere.
1287 2460 1370 2540 Ergo
1398 2457 1439 2522 ad
1467 2476 1575 2522 cenam
1597 2454 1761 2540 petitionis

446 2573 538 2617 causa
560 2553 587 2616 si
609 2553 682 2636 quis
703 2560 813 2626 vocat,
835 2550 1071 2615 condemnetur.
1118 2551 1277 2635 «Quippe,
1301 2553 1421 2636 inquit;
1450 2561 1483 2615 tu
1507 2551 1584 2615 mibi
1605 2564 1798 2614 summumst

446 2647 630 2730 imperium,
653 2655 687 2708 tu
708 2665 861 2708 summam
883 2645 1117 2718 auctoritatem,
1145 2653 1180 2708 tu
1207 2646 1418 2728 gubernacula
1437 2647 1484 2709 rei
1506 2645 1651 2728 publicae
1673 2649 1762 2726 petas

447 2740 592 2804 fovendis
612 2739 777 2803 hominurn
799 2739 942 2802 sensibus
965 2743 997 2800 et
1018 2737 1212 2801 deleniendis
1234 2739 1349 2803 animis
1371 2747 1402 2803 et
1419 2738 1606 2802 adhibendis
1619 2738 1763 2819 volupta-

448 2835 557 2897 tibust
588 2834 696 2896 Utrum
717 2831 926 2905 lenocinium,
957 2832 1076 2913 inquit,
1097 2850 1117 2893 a
1138 2850 1231 2914 grege
1252 2833 1403 2896 delicatae
1424 2833 1595 2897 iuventutis
1615 2851 1656 2895 sn
1677 2828 1762 2894 orbis

446 2936 598 2990 terrarum
629 2926 797 3012 imperium
819 2946 838 2989 4
866 2924 986 3009 populo
1014 2923 1156 2987 Romano
1178 2926 1352 3011 petebest»
1382 2926 1549 2990 Horribilis
1570 2926 1684 2998 oratio,
1705 2923 1762 2987 sed

450 3041 520 3084 eam
544 3040 636 3094 usus,
657 3020 739 3095 vite,
761 3039 883 3094 mores,
905 3019 1015 3082 civitas
1037 3017 1105 3101 ipsa
1117 3018 1246 3102 respuit.
1268 3021 1380 3104 Neque
1394 3028 1496 3083 tamen
1512 3015 1799 3093 Lacedaemoniis

445 3122 591 3178 auctores
619 3115 710 3178 istius
738 3114 821 3177 vitae
849 3121 944 3197 atque
976 3111 1145 3187 orationis,
1174 3112 1228 3196 qui
1250 3114 1446 3197 quotidianis
1472 3114 1575 3198 epulis
1594 3114 1628 3176 iu
1648 3112 1762 3175 robore

446 3208 653 3282 accumbunt,
676 3227 780 3291 neque
801 3227 876 3270 vero
893 3206 1017 3280 Cretes,
1039 3226 1175 3289 quorum
1195 3227 1289 3271 nemo
1310 3208 1445 3290 gustavit
1465 3226 1613 3292 umquam
1635 3205 1763 3279 cubsns,

445 3301 557 3364 melius
580 3321 674 3384 quam
695 3300 828 3364 Romani
849 3299 1012 3375 homines,
1033 3299 1088 3382 qui
1109 3307 1251 3384 tempora
1263 3300 1435 3384 voluptatis
1449 3301 1629 3384 laborisque
1644 3299 1763 3383 disper

445 3396 542 3467 tiunt,
571 3414 621 3457 res
643 3393 786 3477 publices
808 3414 881 3458 suas
903 3395 1117 3457 retinuemnt=
1151 3413 1286 3476 quorum
1307 3395 1400 3457 alteri
1419 3413 1483 3457 uno
1505 3393 1642 3457 adventu
1662 3391 1763 3456 nostri

447 3488 605 3550 exereitus
633 3486 729 3549 deleti
758 3495 849 3562 sunt,
879 3486 969 3552 alteri
999 3486 1098 3549 nostri
1125 3487 1250 3570 imperii
1272 3487 1432 3571 praesidio
1454 3487 1651 3571 disciplinam
1673 3500 1799 3553 suamet

444 3581 593 3665 legesque
613 3588 810 3645 conservant.
861 3580 1004 3644 xxxvl.
1019 3576 1070 3643 75.
1093 3580 1199 3656 Quare
1221 3580 1301 3656 noli,
1324 3581 1418 3658 Cato,
1441 3582 1592 3646 maiorum
1607 3580 1762 3655 instituta,

509 3954 532 4002 4.
550 3951 641 4013 sectum
655 3949 757 4014 fabrum
773 3951 809 4008 Gt
830 3953 979 4013 naemu·
993 3953 1090 4016 1444444
1105 3966 1123 4002 v
1139 3956 1167 4004 et
1182 3953 1240 4004 vat.
1259 3951 1332 4004 tm.
1350 3956 1418 4006 teste
1441 3954 1581 4006 Niebubrio
1604 3952 1762 4017 (praesertim

443 4028 524 4079 babet
541 4027 620 4077 etism
632 4026 670 4088 Τ).
695 4028 767 4086 Quae
785 4025 828 4076 hie
845 4026 1013 4086 exciderunt,
1031 4041 1064 4078 ea
1080 4028 1254 4081 llommsenio
1270 4030 1300 4077 de
1311 4029 1423 4093 coltepiir
1433 4031 1483 4078 cet.
1501 4043 1528 4094 p.
1540 4030 1581 4080 46.
1598 4031 1633 4080 ita
1650 4029 1760 4080 lortssss

443 4101 571 4167 explenda
589 4100 726 4150 videntur:
746 4100 821 4163 [quod
836 4101 858 4150 si
874 4102 1034 4153 4444444444
1049 4103 1146 4153 viduus
1156 4104 1265 4153 4444444
1276 4104 1400 4166 quasdam
1410 4102 1537 4168 44444444]
1549 4106 1704 4168 mactetis»
1717 4104 1761 4166 {o-

443 4178 515 4227 brem
531 4175 603 4226 444444
618 4174 699 4224 locum
715 4173 845 4225 tribulibus
860 4176 912 4226 suls
927 4178 1036 4235 dedisse.
1054 4178 1115 4240 quid
1129 4180 1312 4228 natsetwcet
1329 4205 1356 4214 -
1375 4177 1399 4227 2.
1411 4180 1582 4238 4444444444,
1599 4179 1759 4243 statuorum.

445 4279 470 4290 -
491 4252 515 4300 3.
533 4249 659 4299 4444444444
676 4250 736 4298 Gv:
764 4248 882 4301 4444444444
898 4250 1089 4314 4144044444.
1114 4277 1141 4288 -
1165 4252 1309 4302 4444446.
1330 4277 1357 4288 -
1384 4251 1408 4303 4.
1426 4253 1710 4314 44444144444446.
1730 4280 1759 4292 -

442 4329 466 4377 5.
484 4328 592 4377 surm
607 4323 840 4376 4444444144444444
861 4338 968 4375 murena
983 4340 1001 4376 a
1017 4338 1068 4376 444.
1086 4327 1152 4386 btv,
1169 4327 1278 4377 4444444
1293 4325 1325 4375 ab
1340 4338 1392 4376 444.
1411 4325 1526 4376 ueto.
1545 4353 1572 4362 -
1591 4328 1615 4377 4.
1629 4331 1704 4390 parnt
1718 4327 1761 4377 444

441 4415 490 4451 non
506 4413 582 4449 mero.
600 4398 629 4448 E.
653 4424 680 4433 —
704 4399 728 4447 7.
747 4399 865 4449 mercede.
888 4401 1000 4451 ulmodo
1021 4402 1138 4451 44444444
1154 4399 1188 4450 44
1204 4401 1345 4452 liotomenl
1363 4401 1431 4452 cont.
1449 4402 1478 4451 L.
1498 4426 1524 4436 -
1547 4407 1641 4453 soctan
1656 4403 1760 4453 ECST

442 4478 469 4525 et
486 4476 510 4525 44
527 4488 562 4524 m.
577 4485 629 4537 pr..
646 4477 765 4524 4444444.
780 4499 806 4511 -
826 4487 876 4524 non
887 4487 941 4525 om.
955 4476 985 4525 G.
998 4500 1025 4511 -
1044 4476 1183 4526 conductos.
1201 4477 1337 4527 Cmdeetor
1353 4477 1412 4527 does
1428 4477 1462 4526 de
1480 4475 1583 4528 llotom.
1601 4478 1668 4528 cont.
1686 4478 1714 4527 4..
1729 4502 1756 4515 -

441 4551 466 4601 8.
484 4553 529 4599 444
545 4549 580 4597 44
595 4548 627 4598 E:
647 4548 682 4598 44
697 4560 753 4599 om.
772 4549 859 4599 thv.
875 4575 901 4586 -
921 4548 945 4600 9.
962 4550 1035 4615 ootqo
1051 4551 1085 4602 44.
1100 4575 1129 4587 -
1144 4551 1239 4612 pssum
1254 4553 1349 4602 merito
1365 4553 1395 4602 ut
1410 4549 1541 4615 glossema
1557 4553 1651 4604 Beclio
1667 4565 1760 4618 suspe-

442 4627 515 4674 ctum
533 4625 582 4674 est.
604 4649 631 4659 -
650 4623 894 4685 44444--4444444444
909 4624 987 4674 affert
1003 4622 1106 4685 Quintil.
1125 4625 1144 4674 l.
1160 4625 1189 4674 0.
1207 4625 1261 4676 vu.
1274 4626 1303 4687 3,
1316 4626 1356 4676 td.
1371 4650 1399 4660 -
1419 4626 1459 4676 lb.
1476 4631 1540 4677 aeta
1554 4640 1585 4688 v,
1602 4631 1678 4677 44444
1693 4628 1757 4687 Gbl.

443 4700 459 4751 4
475 4702 550 4761 orn,
567 4703 637 4749 cocto
652 4698 682 4749 Ε.
697 4725 724 4736 -
737 4697 790 4749 ium
805 4711 860 4749 om.
873 4701 903 4750 G.
918 4726 945 4736 -
960 4701 1000 4750 42.
1017 4701 1065 4750 erit
1080 4712 1135 4750 om.
1154 4701 1183 4749 G.
1196 4726 1223 4736 -
1237 4700 1277 4750 43.
1294 4700 1397 4750 44444444
1413 4700 1483 4764 up,
1500 4702 1601 4752 obrloos
1616 4703 1673 4760 (ὶχ.
1692 4702 1759 4752 ilino

441 4776 568 4833 tortasse,
587 4785 649 4825 cum
668 4774 716 4824 erit
732 4774 758 4824 in
775 4775 797 4822 G
813 4772 897 4836 desit,
915 4771 1086 4824 scribendum
1103 4775 1158 4823 est:
1175 4774 1263 4824 vitrico
1274 4779 1316 4824 est.
1329 4801 1357 4812 -
1367 4775 1459 4837 esque
1469 4777 1503 4836 G,
1521 4780 1544 4826 et
1554 4775 1583 4825 E.
1595 4800 1621 4810 -
1633 4773 1673 4825 44.
1686 4786 1759 4826 m

441 4863 494 4901 om.
512 4865 540 4910 χ.
557 4876 583 4889 -
593 4851 773 4915 aladiatorium
788 4851 888 4912 EGlt,
907 4853 977 4902 Perr.
997 4853 1024 4901 et
1040 4852 1119 4901 0xx.:
1137 4852 1306 4916 qtedtatorom
1321 4849 1759 4915 vsp591adiatoribusbsmb.,qul

441 4926 479 4975 sic
495 4937 524 4975 se
542 4925 567 4974 in
583 4926 647 4976 vett.
665 4924 738 4975 libris
755 4925 887 4977 invenisse
905 4925 983 4984 dicit,
1001 4927 1028 4975 et
1044 4926 1152 4978 llrsinus
1170 4927 1211 4986 (er
1227 4925 1356 4990 scriptura
1373 4924 1432 4975 cod.
1449 4927 1490 4976 sui
1505 4924 1619 4990 4444444.)
1636 4929 1663 4976 et
1679 4927 1709 4976 0.
1729 4955 1757 4967 -

440 5013 521 5052 44444
537 5015 590 5060 xv.
609 5002 667 5064 (444
683 5000 775 5052 lamb.
793 5013 935 5067 perperam
951 5003 1013 5051 ante
1029 5013 1073 5051 vv.
1087 5005 1123 5050 444
1137 5005 1247 5050 rosetus
1262 4999 1442 5065 transposuit.)
1460 5026 1489 5037 -
1507 4999 1545 5050 46.
1562 5000 1669 5050 miso
1684 5001 1714 5051 E.
1727 5027 1755 5038 -

442 5077 480 5126 lt.
499 5077 562 5140 epit]
577 5080 653 5140 nepot
668 5078 697 5126 G.
711 5101 738 5111 -
751 5075 791 5127 t8.
809 5075 912 5127 benicet
931 5075 1014 5127 usu
1025 5088 1051 5126 v.
1065 5101 1092 5111 -
1105 5076 1144 5126 49.
1162 5088 1251 5126 cenom
1266 5075 1334 5126 Ell:
1352 5088 1455 5126 4444444
1471 5077 1523 5126 ον.
1535 5072 1614 5123 -tb,
1631 5074 1756 5131 44444444.

441 5166 466 5200 v.
481 5177 508 5189 -
521 5153 562 5202 tt.
581 5156 608 5200 to
624 5163 748 5201 44444444
764 5151 917 5203 Lambinus:
944 5156 973 5201 ts
988 5162 1041 5201 om.
1060 5149 1138 5201 codd.
1150 5151 1229 5201 -ἥ,
1247 5163 1278 5200 oc
1294 5153 1323 5200 G.
1335 5174 1361 5186 —
1373 5150 1518 5202 4444444444
1533 5150 1597 5199 GL:
1616 5151 1758 5202 4444444444

440 5226 527 5277 Ellv.
547 5253 574 5263 -
593 5226 634 5276 27.
653 5226 772 5278 44444444
787 5240 813 5276 v.
829 5253 855 5264 -
873 5227 915 5278 28.
934 5225 1086 5291 dtrpnrttsnt
1102 5224 1259 5277 wll.-
1278 5225 1319 5279 30.
1336 5240 1409 5279 44444
1424 5238 1477 5278 om.
1495 5226 1525 5275 G.
1538 5247 1568 5262 -
1586 5224 1626 5277 44.
1645 5225 1758 5280 testim
