<?xml version="1.0" encoding="UTF-8"?>
<!DOCTYPE html PUBLIC "-//W3C//DTD XHTML 1.0 Transitional//EN"
    "http://www.w3.org/TR/xhtml1/DTD/xhtml1-transitional.dtd">
<html xmlns="http://www.w3.org/1999/xhtml" xml:lang="en" lang="en">
 <head>
  <title>
</title>
<meta http-equiv="Content-Type" content="text/html;charset=utf-8" />
  <meta name='ocr-system' content='tesseract 3.04.00' />
  <meta name='ocr-capabilities' content='ocr_page ocr_carea ocr_par ocr_line ocrx_word'/>
</head>
<body>
  <div class='ocr_page' id='page_1' title='image "./operaquaesupers02halmgoog_0369.png"; bbox 0 0 4367 6109; ppageno 0'>
   <div class='ocr_carea' id='block_1_1' title="bbox 634 546 1737 645">
    <p class='ocr_par' dir='ltr' id='par_1_1' title="bbox 634 546 1737 645">
     <span class='ocr_line' id='line_1_1' title="bbox 634 546 1737 645; baseline -0.012 -17"><span class='ocrx_word' id='word_1_1' title='bbox 634 561 705 628; x_wconf 74' lang='lat' dir='ltr'><strong>nn.</strong></span> <span class='ocrx_word' id='word_1_2' title='bbox 725 562 779 628; x_wconf 89' lang='lat' dir='ltr'><strong>rv.</strong></span> <span class='ocrx_word' id='word_1_3' title='bbox 808 560 882 628; x_wconf 67' lang='lat' dir='ltr'><strong>cr».</strong></span> <span class='ocrx_word' id='word_1_4' title='bbox 903 559 1260 628; x_wconf 79' lang='lat' dir='ltr'><strong>xxxvn-xxxrn</strong></span> <span class='ocrx_word' id='word_1_5' title='bbox 1285 557 1343 645; x_wconf 81' lang='grc'><strong>33.</strong></span> <span class='ocrx_word' id='word_1_6' title='bbox 1363 555 1400 624; x_wconf 86' lang='grc'><strong>44</strong></span> <span class='ocrx_word' id='word_1_7' title='bbox 1411 555 1511 624; x_wconf 76' lang='lat' dir='ltr'><strong>-ss,</strong></span> <span class='ocrx_word' id='word_1_8' title='bbox 1673 546 1737 615; x_wconf 79' lang='lat' dir='ltr'><strong>ass</strong></span> 
     </span>
    </p>
   </div>
   <div class='ocr_carea' id='block_1_2' title="bbox 414 725 1780 3824">
    <p class='ocr_par' dir='ltr' id='par_1_2' title="bbox 414 725 1780 3824">
     <span class='ocr_line' id='line_1_2' title="bbox 419 725 1737 817; baseline -0.003 -20"><span class='ocrx_word' id='word_1_9' title='bbox 419 729 505 817; x_wconf 94' lang='lat' dir='ltr'><strong>quod</strong></span> <span class='ocrx_word' id='word_1_10' title='bbox 526 730 560 795; x_wconf 92' lang='lat' dir='ltr'><strong>in</strong></span> <span class='ocrx_word' id='word_1_11' title='bbox 580 731 621 797; x_wconf 92' lang='lat' dir='ltr'><strong>iis</strong></span> <span class='ocrx_word' id='word_1_12' title='bbox 641 731 735 797; x_wconf 86' lang='lat' dir='ltr'><strong>rebus</strong></span> <span class='ocrx_word' id='word_1_13' title='bbox 756 751 814 816; x_wconf 93' lang='lat' dir='ltr'><strong>pro</strong></span> <span class='ocrx_word' id='word_1_14' title='bbox 835 751 906 797; x_wconf 90' lang='lat' dir='ltr'><strong>mea</strong></span> <span class='ocrx_word' id='word_1_15' title='bbox 925 738 1014 817; x_wconf 87' lang='lat' dir='ltr'><strong>parto</strong></span> <span class='ocrx_word' id='word_1_16' title='bbox 1034 751 1160 808; x_wconf 83' lang='lat' dir='ltr'><strong>versor,</strong></span> <span class='ocrx_word' id='word_1_17' title='bbox 1188 749 1322 815; x_wconf 90' lang='lat' dir='ltr'><strong>quarum</strong></span> <span class='ocrx_word' id='word_1_18' title='bbox 1342 729 1398 795; x_wconf 90' lang='lat' dir='ltr'><strong>ills</strong></span> <span class='ocrx_word' id='word_1_19' title='bbox 1419 728 1565 814; x_wconf 84' lang='lat' dir='ltr'><strong>princeps</strong></span> <span class='ocrx_word' id='word_1_20' title='bbox 1585 725 1663 804; x_wconf 79' lang='lat' dir='ltr'><strong>init,</strong></span> <span class='ocrx_word' id='word_1_21' title='bbox 1683 747 1737 793; x_wconf 88' lang='lat' dir='ltr'><strong>ae-</strong></span> 
     </span>
     <span class='ocr_line' id='line_1_3' title="bbox 417 821 1737 912; baseline -0.004 -21"><span class='ocrx_word' id='word_1_22' title='bbox 417 827 552 912; x_wconf 88' lang='lat' dir='ltr'><strong>quitate,</strong></span> <span class='ocrx_word' id='word_1_23' title='bbox 573 826 744 901; x_wconf 89' lang='lat' dir='ltr'><strong>industria,</strong></span> <span class='ocrx_word' id='word_1_24' title='bbox 766 826 981 909; x_wconf 73' lang='lat' dir='ltr'><strong>temperantia,</strong></span> <span class='ocrx_word' id='word_1_25' title='bbox 1000 825 1184 890; x_wconf 82' lang='lat' dir='ltr'><strong>defensione</strong></span> <span class='ocrx_word' id='word_1_26' title='bbox 1202 826 1403 902; x_wconf 90' lang='lat' dir='ltr'><strong>miserorum,</strong></span> <span class='ocrx_word' id='word_1_27' title='bbox 1425 823 1498 888; x_wconf 93' lang='lat' dir='ltr'><strong>odio</strong></span> <span class='ocrx_word' id='word_1_28' title='bbox 1512 821 1737 908; x_wconf 83' lang='lat' dir='ltr'><strong>improborum:</strong></span> 
     </span>
     <span class='ocr_line' id='line_1_4' title="bbox 417 919 1739 1008; baseline -0.004 -22"><span class='ocrx_word' id='word_1_29' title='bbox 417 940 499 1008; x_wconf 88' lang='lat' dir='ltr'><strong>quae</strong></span> <span class='ocrx_word' id='word_1_30' title='bbox 520 920 664 1006; x_wconf 90' lang='lat' dir='ltr'><strong>cognatio</strong></span> <span class='ocrx_word' id='word_1_31' title='bbox 687 919 862 984; x_wconf 90' lang='lat' dir='ltr'><strong>studiorum</strong></span> <span class='ocrx_word' id='word_1_32' title='bbox 883 925 917 983; x_wconf 87' lang='grc'><strong>44</strong></span> <span class='ocrx_word' id='word_1_33' title='bbox 936 921 1050 985; x_wconf 78' lang='lat' dir='ltr'><strong>ardum</strong></span> <span class='ocrx_word' id='word_1_34' title='bbox 1073 920 1298 1005; x_wconf 82' lang='lat' dir='ltr'><strong>propemodum</strong></span> <span class='ocrx_word' id='word_1_35' title='bbox 1314 940 1380 985; x_wconf 92' lang='lat' dir='ltr'><strong>non</strong></span> <span class='ocrx_word' id='word_1_36' title='bbox 1393 921 1496 983; x_wconf 91' lang='lat' dir='ltr'><strong>minus</strong></span> <span class='ocrx_word' id='word_1_37' title='bbox 1511 927 1560 984; x_wconf 90' lang='lat' dir='ltr'><strong>est</strong></span> <span class='ocrx_word' id='word_1_38' title='bbox 1573 919 1739 982; x_wconf 81' lang='lat' dir='ltr'><strong>coniameta</strong></span> 
     </span>
     <span class='ocr_line' id='line_1_5' title="bbox 417 1010 1740 1101; baseline -0.002 -20"><span class='ocrx_word' id='word_1_39' title='bbox 417 1036 512 1101; x_wconf 91' lang='lat' dir='ltr'><strong>quam</strong></span> <span class='ocrx_word' id='word_1_40' title='bbox 532 1016 610 1090; x_wconf 86' lang='lat' dir='ltr'><strong>ista,</strong></span> <span class='ocrx_word' id='word_1_41' title='bbox 632 1033 695 1099; x_wconf 87' lang='lat' dir='ltr'><strong>qua</strong></span> <span class='ocrx_word' id='word_1_42' title='bbox 711 1034 769 1078; x_wconf 75' lang='lat' dir='ltr'><strong>nos</strong></span> <span class='ocrx_word' id='word_1_43' title='bbox 790 1013 1005 1089; x_wconf 90' lang='lat' dir='ltr'><strong>delectamini,</strong></span> <span class='ocrx_word' id='word_1_44' title='bbox 1028 1014 1153 1096; x_wconf 90' lang='lat' dir='ltr'><strong>generis</strong></span> <span class='ocrx_word' id='word_1_45' title='bbox 1175 1022 1207 1078; x_wconf 86' lang='lat' dir='ltr'><strong>ct</strong></span> <span class='ocrx_word' id='word_1_46' title='bbox 1227 1015 1373 1078; x_wconf 91' lang='lat' dir='ltr'><strong>nominis.</strong></span> <span class='ocrx_word' id='word_1_47' title='bbox 1409 1014 1584 1076; x_wconf 85' lang='lat' dir='ltr'><strong>xxxvlfl.</strong></span> <span class='ocrx_word' id='word_1_48' title='bbox 1605 1010 1657 1076; x_wconf 76' lang='lat'><strong>82.</strong></span> <span class='ocrx_word' id='word_1_49' title='bbox 1678 1014 1740 1079; x_wconf 81' lang='lat' dir='ltr'><strong>Rc-</strong></span> 
     </span>
     <span class='ocr_line' id='line_1_6' title="bbox 416 1107 1763 1195; baseline -0.004 -22"><span class='ocrx_word' id='word_1_50' title='bbox 416 1117 490 1195; x_wconf 85' lang='lat' dir='ltr'><strong>peto</strong></span> <span class='ocrx_word' id='word_1_51' title='bbox 512 1109 568 1174; x_wconf 89' lang='lat' dir='ltr'><strong>ahs</strong></span> <span class='ocrx_word' id='word_1_52' title='bbox 589 1116 640 1184; x_wconf 88' lang='lat' dir='ltr'><strong>te,</strong></span> <span class='ocrx_word' id='word_1_53' title='bbox 662 1109 793 1184; x_wconf 80' lang='lat' dir='ltr'><strong>Verres,</strong></span> <span class='ocrx_word' id='word_1_54' title='bbox 814 1114 1051 1171; x_wconf 86' lang='lat' dir='ltr'><strong>monumentum</strong></span> <span class='ocrx_word' id='word_1_55' title='bbox 1064 1109 1098 1170; x_wconf 88' lang='lat' dir='ltr'><strong>P.</strong></span> <span class='ocrx_word' id='word_1_56' title='bbox 1114 1107 1267 1171; x_wconf 75' lang='lat' dir='ltr'><strong>Africam:</strong></span> <span class='ocrx_word' id='word_1_57' title='bbox 1289 1127 1414 1172; x_wconf 87' lang='lat' dir='ltr'><strong>eausam</strong></span> <span class='ocrx_word' id='word_1_58' title='bbox 1428 1107 1623 1183; x_wconf 89' lang='lat' dir='ltr'><strong>Siculorum,</strong></span> <span class='ocrx_word' id='word_1_59' title='bbox 1645 1120 1763 1191; x_wconf 84' lang='lat' dir='ltr'><strong>qnams</strong></span> 
     </span>
     <span class='ocr_line' id='line_1_7' title="bbox 416 1199 1739 1288; baseline -0.002 -22"><span class='ocrx_word' id='word_1_60' title='bbox 416 1203 559 1288; x_wconf 78' lang='lat' dir='ltr'><strong>suscepi,</strong></span> <span class='ocrx_word' id='word_1_61' title='bbox 581 1201 747 1285; x_wconf 85' lang='lat' dir='ltr'><strong>relinquo:</strong></span> <span class='ocrx_word' id='word_1_62' title='bbox 778 1200 930 1265; x_wconf 90' lang='lat' dir='ltr'><strong>iudicium</strong></span> <span class='ocrx_word' id='word_1_63' title='bbox 952 1199 991 1263; x_wconf 93' lang='lat' dir='ltr'><strong>de</strong></span> <span class='ocrx_word' id='word_1_64' title='bbox 1013 1200 1156 1283; x_wconf 85' lang='lat' dir='ltr'><strong>pecuniis</strong></span> <span class='ocrx_word' id='word_1_65' title='bbox 1177 1202 1358 1286; x_wconf 82' lang='lat' dir='ltr'><strong>repetundis</strong></span> <span class='ocrx_word' id='word_1_66' title='bbox 1379 1221 1420 1265; x_wconf 90' lang='lat' dir='ltr'><strong>ne</strong></span> <span class='ocrx_word' id='word_1_67' title='bbox 1442 1201 1562 1265; x_wconf 90' lang='lat' dir='ltr'><strong>sithoc</strong></span> <span class='ocrx_word' id='word_1_68' title='bbox 1585 1210 1739 1286; x_wconf 88' lang='lat' dir='ltr'><strong>tempore:</strong></span> 
     </span>
     <span class='ocr_line' id='line_1_8' title="bbox 417 1293 1740 1380; baseline -0.002 -21"><span class='ocrx_word' id='word_1_69' title='bbox 417 1297 661 1380; x_wconf 72' lang='lat' dir='ltr'><strong>Segestanorum</strong></span> <span class='ocrx_word' id='word_1_70' title='bbox 683 1294 816 1359; x_wconf 90' lang='lat' dir='ltr'><strong>iniuriae</strong></span> <span class='ocrx_word' id='word_1_71' title='bbox 838 1293 1052 1377; x_wconf 87' lang='lat' dir='ltr'><strong>negligantur:</strong></span> <span class='ocrx_word' id='word_1_72' title='bbox 1073 1294 1160 1358; x_wconf 87' lang='lat' dir='ltr'><strong>basis</strong></span> <span class='ocrx_word' id='word_1_73' title='bbox 1181 1295 1215 1357; x_wconf 88' lang='lat' dir='ltr'><strong>P.</strong></span> <span class='ocrx_word' id='word_1_74' title='bbox 1231 1294 1388 1377; x_wconf 88' lang='lat' dir='ltr'><strong>Scipionis</strong></span> <span class='ocrx_word' id='word_1_75' title='bbox 1405 1294 1603 1359; x_wconf 85' lang='lat' dir='ltr'><strong>restituatur:</strong></span> <span class='ocrx_word' id='word_1_76' title='bbox 1624 1314 1740 1360; x_wconf 89' lang='lat' dir='ltr'><strong>nomen</strong></span> 
     </span>
     <span class='ocr_line' id='line_1_9' title="bbox 416 1387 1740 1475; baseline 0.002 -23"><span class='ocrx_word' id='word_1_77' title='bbox 416 1390 523 1455; x_wconf 85' lang='lat' dir='ltr'><strong>invicti</strong></span> <span class='ocrx_word' id='word_1_78' title='bbox 551 1389 750 1475; x_wconf 90' lang='lat' dir='ltr'><strong>imperatoris</strong></span> <span class='ocrx_word' id='word_1_79' title='bbox 779 1388 950 1452; x_wconf 87' lang='lat' dir='ltr'><strong>incidatur:</strong></span> <span class='ocrx_word' id='word_1_80' title='bbox 979 1388 1104 1470; x_wconf 86' lang='lat' dir='ltr'><strong>signum</strong></span> <span class='ocrx_word' id='word_1_81' title='bbox 1131 1388 1377 1470; x_wconf 87' lang='lat' dir='ltr'><strong>pulcherrimum</strong></span> <span class='ocrx_word' id='word_1_82' title='bbox 1405 1387 1595 1471; x_wconf 69' lang='lat' dir='ltr'><strong>Karthagine</strong></span> <span class='ocrx_word' id='word_1_83' title='bbox 1617 1398 1740 1475; x_wconf 82' lang='lat' dir='ltr'><strong>captum</strong></span> 
     </span>
     <span class='ocr_line' id='line_1_10' title="bbox 417 1480 1741 1568; baseline -0.001 -22"><span class='ocrx_word' id='word_1_84' title='bbox 417 1491 596 1568; x_wconf 91' lang='lat' dir='ltr'><strong>reponatur.</strong></span> <span class='ocrx_word' id='word_1_85' title='bbox 639 1483 725 1546; x_wconf 88' lang='lat' dir='ltr'><strong>Haec</strong></span> <span class='ocrx_word' id='word_1_86' title='bbox 753 1483 808 1547; x_wconf 90' lang='lat' dir='ltr'><strong>ahs</strong></span> <span class='ocrx_word' id='word_1_87' title='bbox 839 1491 870 1546; x_wconf 90' lang='lat' dir='ltr'><strong>te</strong></span> <span class='ocrx_word' id='word_1_88' title='bbox 899 1502 962 1545; x_wconf 94' lang='lat' dir='ltr'><strong>non</strong></span> <span class='ocrx_word' id='word_1_89' title='bbox 993 1480 1171 1544; x_wconf 89' lang='lat' dir='ltr'><strong>Siculorum</strong></span> <span class='ocrx_word' id='word_1_90' title='bbox 1194 1480 1361 1556; x_wconf 80' lang='lat' dir='ltr'><strong>defensor,</strong></span> <span class='ocrx_word' id='word_1_91' title='bbox 1389 1501 1455 1544; x_wconf 95' lang='lat' dir='ltr'><strong>non</strong></span> <span class='ocrx_word' id='word_1_92' title='bbox 1476 1489 1548 1546; x_wconf 89' lang='lat' dir='ltr'><strong>tuus</strong></span> <span class='ocrx_word' id='word_1_93' title='bbox 1569 1491 1741 1557; x_wconf 89' lang='lat' dir='ltr'><strong>accusator,</strong></span> 
     </span>
     <span class='ocr_line' id='line_1_11' title="bbox 416 1574 1778 1661; baseline 0.001 -22"><span class='ocrx_word' id='word_1_94' title='bbox 416 1596 482 1639; x_wconf 94' lang='lat' dir='ltr'><strong>non</strong></span> <span class='ocrx_word' id='word_1_95' title='bbox 504 1577 667 1660; x_wconf 90' lang='lat' dir='ltr'><strong>Segestani</strong></span> <span class='ocrx_word' id='word_1_96' title='bbox 688 1578 866 1661; x_wconf 88' lang='lat' dir='ltr'><strong>postulant,</strong></span> <span class='ocrx_word' id='word_1_97' title='bbox 887 1576 944 1640; x_wconf 92' lang='lat' dir='ltr'><strong>sed</strong></span> <span class='ocrx_word' id='word_1_98' title='bbox 963 1577 1008 1652; x_wconf 90' lang='lat' dir='ltr'><strong>is,</strong></span> <span class='ocrx_word' id='word_1_99' title='bbox 1031 1574 1087 1660; x_wconf 92' lang='lat' dir='ltr'><strong>qui</strong></span> <span class='ocrx_word' id='word_1_100' title='bbox 1101 1575 1228 1639; x_wconf 85' lang='lat' dir='ltr'><strong>laudem</strong></span> <span class='ocrx_word' id='word_1_101' title='bbox 1241 1575 1437 1659; x_wconf 75' lang='lat' dir='ltr'><strong>gloriamque</strong></span> <span class='ocrx_word' id='word_1_102' title='bbox 1451 1576 1485 1639; x_wconf 89' lang='lat' dir='ltr'><strong>P.</strong></span> <span class='ocrx_word' id='word_1_103' title='bbox 1498 1574 1638 1640; x_wconf 75' lang='lat' dir='ltr'><strong>Africani</strong></span> <span class='ocrx_word' id='word_1_104' title='bbox 1652 1585 1778 1640; x_wconf 84' lang='lat' dir='ltr'><strong>tuen-so</strong></span> 
     </span>
     <span class='ocr_line' id='line_1_12' title="bbox 417 1663 1741 1755; baseline -0.001 -22"><span class='ocrx_word' id='word_1_105' title='bbox 417 1670 489 1734; x_wconf 87' lang='lat' dir='ltr'><strong>dam</strong></span> <span class='ocrx_word' id='word_1_106' title='bbox 511 1670 823 1755; x_wconf 86' lang='lat' dir='ltr'><strong>conservandamque</strong></span> <span class='ocrx_word' id='word_1_107' title='bbox 844 1670 993 1753; x_wconf 79' lang='lat' dir='ltr'><strong>suscepit</strong></span> <span class='ocrx_word' id='word_1_108' title='bbox 1034 1671 1106 1732; x_wconf 89' lang='lat' dir='ltr'><strong>Non</strong></span> <span class='ocrx_word' id='word_1_109' title='bbox 1126 1688 1256 1743; x_wconf 86' lang='lat' dir='ltr'><strong>vereor,</strong></span> <span class='ocrx_word' id='word_1_110' title='bbox 1277 1689 1318 1733; x_wconf 89' lang='lat' dir='ltr'><strong>ne</strong></span> <span class='ocrx_word' id='word_1_111' title='bbox 1338 1668 1400 1733; x_wconf 89' lang='lat' dir='ltr'><strong>hoc</strong></span> <span class='ocrx_word' id='word_1_112' title='bbox 1421 1663 1558 1732; x_wconf 83' lang='lat' dir='ltr'><strong>officium</strong></span> <span class='ocrx_word' id='word_1_113' title='bbox 1579 1690 1685 1734; x_wconf 89' lang='lat' dir='ltr'><strong>meum</strong></span> <span class='ocrx_word' id='word_1_114' title='bbox 1707 1671 1741 1733; x_wconf 85' lang='lat' dir='ltr'><strong>P.</strong></span> 
     </span>
     <span class='ocr_line' id='line_1_13' title="bbox 417 1762 1741 1848; baseline -0.001 -22"><span class='ocrx_word' id='word_1_115' title='bbox 417 1763 550 1828; x_wconf 82' lang='lat' dir='ltr'><strong>Servilio</strong></span> <span class='ocrx_word' id='word_1_116' title='bbox 571 1764 667 1828; x_wconf 90' lang='lat' dir='ltr'><strong>iudici</strong></span> <span class='ocrx_word' id='word_1_117' title='bbox 687 1784 753 1828; x_wconf 93' lang='lat' dir='ltr'><strong>non</strong></span> <span class='ocrx_word' id='word_1_118' title='bbox 773 1764 921 1847; x_wconf 86' lang='lat' dir='ltr'><strong>prohem;</strong></span> <span class='ocrx_word' id='word_1_119' title='bbox 943 1764 998 1848; x_wconf 89' lang='lat' dir='ltr'><strong>qui</strong></span> <span class='ocrx_word' id='word_1_120' title='bbox 1012 1785 1082 1828; x_wconf 91' lang='lat' dir='ltr'><strong>cum</strong></span> <span class='ocrx_word' id='word_1_121' title='bbox 1097 1783 1148 1827; x_wconf 90' lang='lat' dir='ltr'><strong>res</strong></span> <span class='ocrx_word' id='word_1_122' title='bbox 1163 1762 1315 1826; x_wconf 83' lang='lat' dir='ltr'><strong>maximas</strong></span> <span class='ocrx_word' id='word_1_123' title='bbox 1329 1763 1463 1846; x_wconf 82' lang='lat' dir='ltr'><strong>gesserit</strong></span> <span class='ocrx_word' id='word_1_124' title='bbox 1477 1771 1741 1846; x_wconf 89' lang='lat' dir='ltr'><strong>monumentaque</strong></span> 
     </span>
     <span class='ocr_line' id='line_1_14' title="bbox 417 1857 1742 1941; baseline -0.002 -20"><span class='ocrx_word' id='word_1_125' title='bbox 417 1876 543 1922; x_wconf 90' lang='lat' dir='ltr'><strong>suarum</strong></span> <span class='ocrx_word' id='word_1_126' title='bbox 576 1877 681 1921; x_wconf 91' lang='lat' dir='ltr'><strong>rerum</strong></span> <span class='ocrx_word' id='word_1_127' title='bbox 711 1866 867 1941; x_wconf 87' lang='lat' dir='ltr'><strong>gestarum</strong></span> <span class='ocrx_word' id='word_1_128' title='bbox 894 1878 963 1920; x_wconf 91' lang='lat' dir='ltr'><strong>cum</strong></span> <span class='ocrx_word' id='word_1_129' title='bbox 984 1859 1121 1921; x_wconf 85' lang='lat' dir='ltr'><strong>maxime</strong></span> <span class='ocrx_word' id='word_1_130' title='bbox 1143 1857 1312 1921; x_wconf 90' lang='lat' dir='ltr'><strong>constituat</strong></span> <span class='ocrx_word' id='word_1_131' title='bbox 1332 1863 1428 1941; x_wconf 88' lang='lat' dir='ltr'><strong>atque</strong></span> <span class='ocrx_word' id='word_1_132' title='bbox 1455 1857 1488 1920; x_wconf 91' lang='lat' dir='ltr'><strong>in</strong></span> <span class='ocrx_word' id='word_1_133' title='bbox 1517 1857 1556 1920; x_wconf 93' lang='lat' dir='ltr'><strong>iis</strong></span> <span class='ocrx_word' id='word_1_134' title='bbox 1585 1857 1742 1940; x_wconf 85' lang='lat' dir='ltr'><strong>elaboret,</strong></span> 
     </span>
     <span class='ocr_line' id='line_1_15' title="bbox 414 1950 1742 2036; baseline -0.001 -21"><span class='ocrx_word' id='word_1_135' title='bbox 414 1950 555 2035; x_wconf 90' lang='lat' dir='ltr'><strong>profecto</strong></span> <span class='ocrx_word' id='word_1_136' title='bbox 576 1951 662 2016; x_wconf 84' lang='lat' dir='ltr'><strong>volet</strong></span> <span class='ocrx_word' id='word_1_137' title='bbox 681 1952 761 2016; x_wconf 88' lang='lat' dir='ltr'><strong>haec</strong></span> <span class='ocrx_word' id='word_1_138' title='bbox 783 1971 848 2015; x_wconf 95' lang='lat' dir='ltr'><strong>non</strong></span> <span class='ocrx_word' id='word_1_139' title='bbox 870 1950 972 2015; x_wconf 90' lang='lat' dir='ltr'><strong>solum</strong></span> <span class='ocrx_word' id='word_1_140' title='bbox 995 1952 1061 2016; x_wconf 88' lang='lat' dir='ltr'><strong>suis</strong></span> <span class='ocrx_word' id='word_1_141' title='bbox 1082 1951 1232 2036; x_wconf 89' lang='lat' dir='ltr'><strong>posteris,</strong></span> <span class='ocrx_word' id='word_1_142' title='bbox 1256 1971 1364 2015; x_wconf 88' lang='lat' dir='ltr'><strong>verum</strong></span> <span class='ocrx_word' id='word_1_143' title='bbox 1386 1951 1479 2014; x_wconf 88' lang='lat' dir='ltr'><strong>etiam</strong></span> <span class='ocrx_word' id='word_1_144' title='bbox 1502 1951 1646 2014; x_wconf 86' lang='lat' dir='ltr'><strong>omnihus</strong></span> <span class='ocrx_word' id='word_1_145' title='bbox 1667 1950 1742 2014; x_wconf 83' lang='lat' dir='ltr'><strong>viris</strong></span> 
     </span>
     <span class='ocr_line' id='line_1_16' title="bbox 415 2042 1780 2130; baseline 0.004 -24"><span class='ocrx_word' id='word_1_146' title='bbox 415 2042 548 2109; x_wconf 80' lang='lat' dir='ltr'><strong>fortibus</strong></span> <span class='ocrx_word' id='word_1_147' title='bbox 580 2051 612 2108; x_wconf 90' lang='lat' dir='ltr'><strong>et</strong></span> <span class='ocrx_word' id='word_1_148' title='bbox 640 2045 733 2109; x_wconf 92' lang='lat' dir='ltr'><strong>bonis</strong></span> <span class='ocrx_word' id='word_1_149' title='bbox 762 2045 883 2108; x_wconf 81' lang='lat' dir='ltr'><strong>civibus</strong></span> <span class='ocrx_word' id='word_1_150' title='bbox 914 2043 1131 2119; x_wconf 79' lang='lat' dir='ltr'><strong>defendenda,</strong></span> <span class='ocrx_word' id='word_1_151' title='bbox 1163 2065 1228 2108; x_wconf 93' lang='lat' dir='ltr'><strong>non</strong></span> <span class='ocrx_word' id='word_1_152' title='bbox 1249 2044 1415 2130; x_wconf 88' lang='lat' dir='ltr'><strong>spolianda</strong></span> <span class='ocrx_word' id='word_1_153' title='bbox 1435 2045 1587 2128; x_wconf 87' lang='lat' dir='ltr'><strong>improbis</strong></span> <span class='ocrx_word' id='word_1_154' title='bbox 1607 2044 1742 2110; x_wconf 86' lang='lat' dir='ltr'><strong>tradere.</strong></span> <span class='ocrx_word' id='word_1_155' title='bbox 1751 2063 1780 2111; x_wconf 89' lang='grc'><strong>44</strong></span> 
     </span>
     <span class='ocr_line' id='line_1_17' title="bbox 416 2137 1743 2222; baseline 0.002 -22"><span class='ocrx_word' id='word_1_156' title='bbox 416 2138 486 2202; x_wconf 86' lang='lat' dir='ltr'><strong>Non</strong></span> <span class='ocrx_word' id='word_1_157' title='bbox 507 2159 634 2214; x_wconf 79' lang='lat' dir='ltr'><strong>vereor,</strong></span> <span class='ocrx_word' id='word_1_158' title='bbox 657 2159 697 2202; x_wconf 91' lang='lat' dir='ltr'><strong>ne</strong></span> <span class='ocrx_word' id='word_1_159' title='bbox 718 2139 792 2215; x_wconf 89' lang='lat' dir='ltr'><strong>tihi,</strong></span> <span class='ocrx_word' id='word_1_160' title='bbox 815 2138 854 2215; x_wconf 87' lang='lat' dir='ltr'><strong>Q.</strong></span> <span class='ocrx_word' id='word_1_161' title='bbox 877 2137 1003 2213; x_wconf 85' lang='lat' dir='ltr'><strong>Catule,</strong></span> <span class='ocrx_word' id='word_1_162' title='bbox 1029 2138 1207 2222; x_wconf 89' lang='lat' dir='ltr'><strong>displiceat,</strong></span> <span class='ocrx_word' id='word_1_163' title='bbox 1229 2139 1316 2203; x_wconf 88' lang='lat' dir='ltr'><strong>cuius</strong></span> <span class='ocrx_word' id='word_1_164' title='bbox 1337 2137 1565 2221; x_wconf 85' lang='lat' dir='ltr'><strong>amplissimum</strong></span> <span class='ocrx_word' id='word_1_165' title='bbox 1587 2139 1656 2203; x_wconf 91' lang='lat' dir='ltr'><strong>orhi</strong></span> <span class='ocrx_word' id='word_1_166' title='bbox 1680 2145 1743 2202; x_wconf 86' lang='lat' dir='ltr'><strong>ter·</strong></span> 
     </span>
     <span class='ocr_line' id='line_1_18' title="bbox 416 2232 1743 2318; baseline 0.002 -23"><span class='ocrx_word' id='word_1_167' title='bbox 416 2250 520 2295; x_wconf 83' lang='lat' dir='ltr'><strong>aarum</strong></span> <span class='ocrx_word' id='word_1_168' title='bbox 552 2232 824 2318; x_wconf 90' lang='lat' dir='ltr'><strong>clarissimumque</strong></span> <span class='ocrx_word' id='word_1_169' title='bbox 850 2239 1088 2296; x_wconf 90' lang='lat' dir='ltr'><strong>monumentum</strong></span> <span class='ocrx_word' id='word_1_170' title='bbox 1119 2240 1180 2306; x_wconf 90' lang='lat' dir='ltr'><strong>est,</strong></span> <span class='ocrx_word' id='word_1_171' title='bbox 1214 2232 1482 2318; x_wconf 89' lang='lat' dir='ltr'><strong>quamplurimos</strong></span> <span class='ocrx_word' id='word_1_172' title='bbox 1503 2250 1574 2297; x_wconf 89' lang='lat' dir='ltr'><strong>esse</strong></span> <span class='ocrx_word' id='word_1_173' title='bbox 1595 2232 1743 2297; x_wconf 82' lang='lat' dir='ltr'><strong>custodes</strong></span> 
     </span>
     <span class='ocr_line' id='line_1_19' title="bbox 416 2325 1742 2410; baseline 0 -21"><span class='ocrx_word' id='word_1_174' title='bbox 416 2333 708 2402; x_wconf 88' lang='lat' dir='ltr'><strong>monumentorum,</strong></span> <span class='ocrx_word' id='word_1_175' title='bbox 738 2333 770 2391; x_wconf 91' lang='lat' dir='ltr'><strong>et</strong></span> <span class='ocrx_word' id='word_1_176' title='bbox 796 2334 908 2410; x_wconf 89' lang='lat' dir='ltr'><strong>putare</strong></span> <span class='ocrx_word' id='word_1_177' title='bbox 929 2346 1038 2390; x_wconf 92' lang='lat' dir='ltr'><strong>omnes</strong></span> <span class='ocrx_word' id='word_1_178' title='bbox 1058 2327 1160 2390; x_wconf 90' lang='lat' dir='ltr'><strong>honos</strong></span> <span class='ocrx_word' id='word_1_179' title='bbox 1181 2325 1303 2389; x_wconf 78' lang='lat' dir='ltr'><strong>ahenas</strong></span> <span class='ocrx_word' id='word_1_180' title='bbox 1324 2325 1443 2408; x_wconf 90' lang='lat' dir='ltr'><strong>gloriae</strong></span> <span class='ocrx_word' id='word_1_181' title='bbox 1464 2325 1680 2390; x_wconf 80' lang='lat' dir='ltr'><strong>defensionem</strong></span> <span class='ocrx_word' id='word_1_182' title='bbox 1701 2325 1742 2391; x_wconf 92' lang='lat' dir='ltr'><strong>ad</strong></span> 
     </span>
     <span class='ocr_line' id='line_1_20' title="bbox 417 2417 1742 2504; baseline 0.002 -22"><span class='ocrx_word' id='word_1_183' title='bbox 417 2417 553 2484; x_wconf 87' lang='lat' dir='ltr'><strong>officium</strong></span> <span class='ocrx_word' id='word_1_184' title='bbox 576 2440 669 2484; x_wconf 91' lang='lat' dir='ltr'><strong>suurn</strong></span> <span class='ocrx_word' id='word_1_185' title='bbox 690 2422 860 2503; x_wconf 88' lang='lat' dir='ltr'><strong>pertinere.</strong></span> <span class='ocrx_word' id='word_1_186' title='bbox 903 2417 954 2482; x_wconf 91' lang='lat'><strong>83.</strong></span> <span class='ocrx_word' id='word_1_187' title='bbox 976 2419 1134 2503; x_wconf 85' lang='lat' dir='ltr'><strong>Equidem</strong></span> <span class='ocrx_word' id='word_1_188' title='bbox 1156 2419 1268 2483; x_wconf 88' lang='lat' dir='ltr'><strong>ceteris</strong></span> <span class='ocrx_word' id='word_1_189' title='bbox 1289 2418 1379 2483; x_wconf 91' lang='lat' dir='ltr'><strong>istius</strong></span> <span class='ocrx_word' id='word_1_190' title='bbox 1398 2417 1491 2483; x_wconf 79' lang='lat' dir='ltr'><strong>furtis</strong></span> <span class='ocrx_word' id='word_1_191' title='bbox 1506 2428 1602 2504; x_wconf 86' lang='lat' dir='ltr'><strong>atque</strong></span> <span class='ocrx_word' id='word_1_192' title='bbox 1615 2418 1742 2504; x_wconf 80' lang='lat' dir='ltr'><strong>flagitiis</strong></span> 
     </span>
     <span class='ocr_line' id='line_1_21' title="bbox 416 2510 1780 2599; baseline 0.004 -25"><span class='ocrx_word' id='word_1_193' title='bbox 416 2510 461 2577; x_wconf 90' lang='lat' dir='ltr'><strong>ita</strong></span> <span class='ocrx_word' id='word_1_194' title='bbox 482 2531 628 2587; x_wconf 84' lang='lat' dir='ltr'><strong>moveor,</strong></span> <span class='ocrx_word' id='word_1_195' title='bbox 657 2521 693 2577; x_wconf 91' lang='lat' dir='ltr'><strong>ut</strong></span> <span class='ocrx_word' id='word_1_196' title='bbox 714 2535 753 2579; x_wconf 89' lang='lat' dir='ltr'><strong>ea</strong></span> <span class='ocrx_word' id='word_1_197' title='bbox 773 2513 1036 2599; x_wconf 90' lang='lat' dir='ltr'><strong>reprehendenda</strong></span> <span class='ocrx_word' id='word_1_198' title='bbox 1057 2520 1178 2578; x_wconf 88' lang='lat' dir='ltr'><strong>tantum</strong></span> <span class='ocrx_word' id='word_1_199' title='bbox 1199 2520 1325 2597; x_wconf 87' lang='lat' dir='ltr'><strong>putem:</strong></span> <span class='ocrx_word' id='word_1_200' title='bbox 1352 2512 1406 2576; x_wconf 91' lang='lat' dir='ltr'><strong>hic</strong></span> <span class='ocrx_word' id='word_1_201' title='bbox 1426 2531 1501 2578; x_wconf 84' lang='lat' dir='ltr'><strong>vero</strong></span> <span class='ocrx_word' id='word_1_202' title='bbox 1522 2520 1610 2578; x_wconf 88' lang='lat' dir='ltr'><strong>tanto</strong></span> <span class='ocrx_word' id='word_1_203' title='bbox 1633 2513 1780 2582; x_wconf 86' lang='lat' dir='ltr'><strong>doloreac</strong></span> 
     </span>
     <span class='ocr_line' id='line_1_22' title="bbox 415 2602 1741 2692; baseline 0.002 -22"><span class='ocrx_word' id='word_1_204' title='bbox 415 2602 548 2683; x_wconf 83' lang='lat' dir='ltr'><strong>afficior,</strong></span> <span class='ocrx_word' id='word_1_205' title='bbox 579 2612 616 2669; x_wconf 91' lang='lat' dir='ltr'><strong>ut</strong></span> <span class='ocrx_word' id='word_1_206' title='bbox 643 2607 723 2672; x_wconf 89' lang='lat' dir='ltr'><strong>nihil</strong></span> <span class='ocrx_word' id='word_1_207' title='bbox 751 2609 828 2673; x_wconf 91' lang='lat' dir='ltr'><strong>mihi</strong></span> <span class='ocrx_word' id='word_1_208' title='bbox 855 2608 1030 2692; x_wconf 91' lang='lat' dir='ltr'><strong>indignius,</strong></span> <span class='ocrx_word' id='word_1_209' title='bbox 1062 2607 1143 2670; x_wconf 87' lang='lat' dir='ltr'><strong>nihil</strong></span> <span class='ocrx_word' id='word_1_210' title='bbox 1170 2608 1274 2672; x_wconf 92' lang='lat' dir='ltr'><strong>minus</strong></span> <span class='ocrx_word' id='word_1_211' title='bbox 1299 2606 1466 2671; x_wconf 79' lang='lat' dir='ltr'><strong>ferendum</strong></span> <span class='ocrx_word' id='word_1_212' title='bbox 1497 2626 1568 2672; x_wconf 89' lang='lat' dir='ltr'><strong>esse</strong></span> <span class='ocrx_word' id='word_1_213' title='bbox 1588 2608 1741 2674; x_wconf 80' lang='lat' dir='ltr'><strong>rideatur.</strong></span> 
     </span>
     <span class='ocr_line' id='line_1_23' title="bbox 415 2699 1742 2788; baseline 0.003 -24"><span class='ocrx_word' id='word_1_214' title='bbox 415 2700 529 2765; x_wconf 79' lang='lat' dir='ltr'><strong>Verres</strong></span> <span class='ocrx_word' id='word_1_215' title='bbox 547 2699 685 2765; x_wconf 79' lang='lat' dir='ltr'><strong>Africani</strong></span> <span class='ocrx_word' id='word_1_216' title='bbox 706 2703 916 2768; x_wconf 88' lang='lat' dir='ltr'><strong>monumentis</strong></span> <span class='ocrx_word' id='word_1_217' title='bbox 931 2701 1060 2765; x_wconf 89' lang='lat' dir='ltr'><strong>domum</strong></span> <span class='ocrx_word' id='word_1_218' title='bbox 1074 2720 1181 2776; x_wconf 77' lang='lat' dir='ltr'><strong>mam,</strong></span> <span class='ocrx_word' id='word_1_219' title='bbox 1203 2702 1330 2785; x_wconf 90' lang='lat' dir='ltr'><strong>plenam</strong></span> <span class='ocrx_word' id='word_1_220' title='bbox 1343 2701 1460 2784; x_wconf 89' lang='lat' dir='ltr'><strong>stupri,</strong></span> <span class='ocrx_word' id='word_1_221' title='bbox 1481 2701 1609 2786; x_wconf 85' lang='lat' dir='ltr'><strong>plenam</strong></span> <span class='ocrx_word' id='word_1_222' title='bbox 1622 2704 1742 2788; x_wconf 83' lang='lat' dir='ltr'><strong>flagitii,</strong></span> 
     </span>
     <span class='ocr_line' id='line_1_24' title="bbox 416 2792 1741 2881; baseline 0.004 -24"><span class='ocrx_word' id='word_1_223' title='bbox 416 2792 541 2877; x_wconf 88' lang='lat' dir='ltr'><strong>plenam</strong></span> <span class='ocrx_word' id='word_1_224' title='bbox 569 2793 754 2873; x_wconf 89' lang='lat' dir='ltr'><strong>dedecoris,</strong></span> <span class='ocrx_word' id='word_1_225' title='bbox 782 2797 928 2860; x_wconf 76' lang='lat' dir='ltr'><strong>omahit?</strong></span> <span class='ocrx_word' id='word_1_226' title='bbox 959 2797 1075 2859; x_wconf 86' lang='lat' dir='ltr'><strong>Verres</strong></span> <span class='ocrx_word' id='word_1_227' title='bbox 1105 2795 1380 2878; x_wconf 85' lang='lat' dir='ltr'><strong>temperantissimi</strong></span> <span class='ocrx_word' id='word_1_228' title='bbox 1406 2796 1660 2881; x_wconf 82' lang='lat' dir='ltr'><strong>sanctissimique</strong></span> <span class='ocrx_word' id='word_1_229' title='bbox 1681 2797 1741 2862; x_wconf 83' lang='lat' dir='ltr'><strong>viri</strong></span> 
     </span>
     <span class='ocr_line' id='line_1_25' title="bbox 416 2888 1742 2976; baseline 0.001 -24"><span class='ocrx_word' id='word_1_230' title='bbox 416 2895 670 2963; x_wconf 90' lang='lat' dir='ltr'><strong>monumentum,</strong></span> <span class='ocrx_word' id='word_1_231' title='bbox 692 2891 810 2955; x_wconf 85' lang='lat' dir='ltr'><strong>Dianae</strong></span> <span class='ocrx_word' id='word_1_232' title='bbox 832 2890 1030 2955; x_wconf 89' lang='lat' dir='ltr'><strong>simulacrum</strong></span> <span class='ocrx_word' id='word_1_233' title='bbox 1050 2889 1197 2971; x_wconf 72' lang='lat' dir='ltr'><strong>vhginis,</strong></span> <span class='ocrx_word' id='word_1_234' title='bbox 1218 2891 1253 2953; x_wconf 92' lang='lat' dir='ltr'><strong>in</strong></span> <span class='ocrx_word' id='word_1_235' title='bbox 1267 2909 1306 2953; x_wconf 91' lang='lat' dir='ltr'><strong>ea</strong></span> <span class='ocrx_word' id='word_1_236' title='bbox 1319 2888 1413 2954; x_wconf 90' lang='lat' dir='ltr'><strong>domo</strong></span> <span class='ocrx_word' id='word_1_237' title='bbox 1426 2889 1608 2967; x_wconf 79' lang='lat' dir='ltr'><strong>collocabit,</strong></span> <span class='ocrx_word' id='word_1_238' title='bbox 1629 2891 1664 2954; x_wconf 96' lang='lat' dir='ltr'><strong>in</strong></span> <span class='ocrx_word' id='word_1_239' title='bbox 1678 2908 1742 2976; x_wconf 90' lang='lat' dir='ltr'><strong>qua</strong></span> 
     </span>
     <span class='ocr_line' id='line_1_26' title="bbox 416 2982 1779 3068; baseline 0.001 -22"><span class='ocrx_word' id='word_1_240' title='bbox 416 3001 542 3064; x_wconf 92' lang='lat' dir='ltr'><strong>semper</strong></span> <span class='ocrx_word' id='word_1_241' title='bbox 562 2982 776 3058; x_wconf 88' lang='lat' dir='ltr'><strong>meretricum,</strong></span> <span class='ocrx_word' id='word_1_242' title='bbox 799 2984 948 3048; x_wconf 89' lang='lat' dir='ltr'><strong>lenonum</strong></span> <span class='ocrx_word' id='word_1_243' title='bbox 969 2983 1091 3068; x_wconf 86' lang='lat' dir='ltr'><strong>llagitia</strong></span> <span class='ocrx_word' id='word_1_244' title='bbox 1111 2987 1302 3047; x_wconf 71' lang='lat' dir='ltr'><strong>versantur?</strong></span> <span class='ocrx_word' id='word_1_245' title='bbox 1749 3003 1779 3053; x_wconf 80' lang='lat' dir='ltr'><strong>aa</strong></span> 
     </span>
     <span class='ocr_line' id='line_1_27' title="bbox 499 3071 1740 3162; baseline 0.002 -23"><span class='ocrx_word' id='word_1_246' title='bbox 499 3075 651 3139; x_wconf 74' lang='lat' dir='ltr'><strong>xxxix.</strong></span> <span class='ocrx_word' id='word_1_247' title='bbox 672 3071 724 3140; x_wconf 78' lang='lat' dir='ltr'><strong>sl.</strong></span> <span class='ocrx_word' id='word_1_248' title='bbox 745 3079 787 3141; x_wconf 76' lang='lat' dir='ltr'><strong>at</strong></span> <span class='ocrx_word' id='word_1_249' title='bbox 807 3079 867 3142; x_wconf 92' lang='lat' dir='ltr'><strong>hoc</strong></span> <span class='ocrx_word' id='word_1_250' title='bbox 888 3079 990 3143; x_wconf 89' lang='lat' dir='ltr'><strong>solum</strong></span> <span class='ocrx_word' id='word_1_251' title='bbox 1011 3077 1151 3141; x_wconf 71' lang='lat' dir='ltr'><strong>Asticani</strong></span> <span class='ocrx_word' id='word_1_252' title='bbox 1172 3084 1408 3141; x_wconf 90' lang='lat' dir='ltr'><strong>monumentum</strong></span> <span class='ocrx_word' id='word_1_253' title='bbox 1429 3077 1578 3142; x_wconf 72' lang='lat' dir='ltr'><strong>violasti?</strong></span> <span class='ocrx_word' id='word_1_254' title='bbox 1600 3078 1699 3162; x_wconf 83' lang='lat' dir='ltr'><strong>qnidt</strong></span> <span class='ocrx_word' id='word_1_255' title='bbox 1720 3097 1740 3142; x_wconf 91' lang='lat' dir='ltr'><strong>a</strong></span> 
     </span>
     <span class='ocr_line' id='line_1_28' title="bbox 415 3170 1742 3257; baseline 0.002 -24"><span class='ocrx_word' id='word_1_256' title='bbox 415 3170 636 3256; x_wconf 83' lang='lat' dir='ltr'><strong>Tyndaritanis</strong></span> <span class='ocrx_word' id='word_1_257' title='bbox 664 3192 729 3234; x_wconf 96' lang='lat' dir='ltr'><strong>non</strong></span> <span class='ocrx_word' id='word_1_258' title='bbox 763 3173 903 3237; x_wconf 88' lang='lat' dir='ltr'><strong>eiusdem</strong></span> <span class='ocrx_word' id='word_1_259' title='bbox 925 3173 1080 3257; x_wconf 89' lang='lat' dir='ltr'><strong>Scipionis</strong></span> <span class='ocrx_word' id='word_1_260' title='bbox 1100 3171 1257 3235; x_wconf 86' lang='lat' dir='ltr'><strong>beneficio</strong></span> <span class='ocrx_word' id='word_1_261' title='bbox 1278 3172 1417 3255; x_wconf 91' lang='lat' dir='ltr'><strong>positum</strong></span> <span class='ocrx_word' id='word_1_262' title='bbox 1438 3173 1638 3237; x_wconf 87' lang='lat' dir='ltr'><strong>simulacrum</strong></span> <span class='ocrx_word' id='word_1_263' title='bbox 1659 3173 1742 3236; x_wconf 84' lang='lat' dir='ltr'><strong>ller-</strong></span> 
     </span>
     <span class='ocr_line' id='line_1_29' title="bbox 415 3264 1741 3351; baseline 0.003 -23"><span class='ocrx_word' id='word_1_264' title='bbox 415 3265 509 3341; x_wconf 91' lang='lat' dir='ltr'><strong>curii,</strong></span> <span class='ocrx_word' id='word_1_265' title='bbox 530 3265 740 3351; x_wconf 90' lang='lat' dir='ltr'><strong>pulcherrime</strong></span> <span class='ocrx_word' id='word_1_266' title='bbox 760 3266 893 3342; x_wconf 83' lang='lat' dir='ltr'><strong>laotum,</strong></span> <span class='ocrx_word' id='word_1_267' title='bbox 915 3266 1089 3332; x_wconf 69' lang='lat' dir='ltr'><strong>sustulisti?</strong></span> <span class='ocrx_word' id='word_1_268' title='bbox 1122 3266 1163 3329; x_wconf 81' lang='lat' dir='ltr'><strong>At</strong></span> <span class='ocrx_word' id='word_1_269' title='bbox 1184 3285 1279 3349; x_wconf 80' lang='grc'><strong>34444</strong></span> <span class='ocrx_word' id='word_1_270' title='bbox 1300 3264 1340 3329; x_wconf 94' lang='lat' dir='ltr'><strong>ad</strong></span> <span class='ocrx_word' id='word_1_271' title='bbox 1361 3265 1506 3342; x_wconf 86' lang='lat' dir='ltr'><strong>modurn,</strong></span> <span class='ocrx_word' id='word_1_272' title='bbox 1528 3267 1560 3330; x_wconf 94' lang='lat' dir='ltr'><strong>di</strong></span> <span class='ocrx_word' id='word_1_273' title='bbox 1582 3267 1741 3332; x_wconf 88' lang='lat' dir='ltr'><strong>immorta—</strong></span> 
     </span>
     <span class='ocr_line' id='line_1_30' title="bbox 414 3358 1742 3445; baseline 0.002 -23"><span class='ocrx_word' id='word_1_274' title='bbox 414 3359 477 3422; x_wconf 87' lang='lat' dir='ltr'><strong>lesl</strong></span> <span class='ocrx_word' id='word_1_275' title='bbox 500 3378 597 3443; x_wconf 90' lang='lat' dir='ltr'><strong>quam</strong></span> <span class='ocrx_word' id='word_1_276' title='bbox 619 3358 784 3423; x_wconf 76' lang='lat' dir='ltr'><strong>audacter!</strong></span> <span class='ocrx_word' id='word_1_277' title='bbox 809 3380 902 3444; x_wconf 83' lang='grc'><strong>3444444</strong></span> <span class='ocrx_word' id='word_1_278' title='bbox 923 3359 1107 3423; x_wconf 77' lang='lat' dir='ltr'><strong>libidinose!</strong></span> <span class='ocrx_word' id='word_1_279' title='bbox 1130 3378 1225 3443; x_wconf 91' lang='lat' dir='ltr'><strong>quam</strong></span> <span class='ocrx_word' id='word_1_280' title='bbox 1242 3360 1458 3442; x_wconf 76' lang='lat' dir='ltr'><strong>impudenter!</strong></span> <span class='ocrx_word' id='word_1_281' title='bbox 1479 3361 1618 3424; x_wconf 77' lang='lat' dir='ltr'><strong>Audistis</strong></span> <span class='ocrx_word' id='word_1_282' title='bbox 1638 3380 1742 3445; x_wconf 88' lang='lat' dir='ltr'><strong>nuper</strong></span> 
     </span>
     <span class='ocr_line' id='line_1_31' title="bbox 417 3452 1777 3539; baseline 0.008 -24"><span class='ocrx_word' id='word_1_283' title='bbox 417 3452 523 3517; x_wconf 91' lang='lat' dir='ltr'><strong>dicere</strong></span> <span class='ocrx_word' id='word_1_284' title='bbox 545 3453 666 3537; x_wconf 87' lang='lat' dir='ltr'><strong>legatos</strong></span> <span class='ocrx_word' id='word_1_285' title='bbox 689 3453 933 3536; x_wconf 82' lang='lat' dir='ltr'><strong>Tyndaritanos,</strong></span> <span class='ocrx_word' id='word_1_286' title='bbox 959 3454 1104 3518; x_wconf 87' lang='lat' dir='ltr'><strong>homines</strong></span> <span class='ocrx_word' id='word_1_287' title='bbox 1134 3454 1371 3519; x_wconf 89' lang='lat' dir='ltr'><strong>honestissimos</strong></span> <span class='ocrx_word' id='word_1_288' title='bbox 1393 3473 1430 3518; x_wconf 91' lang='lat' dir='ltr'><strong>ac</strong></span> <span class='ocrx_word' id='word_1_289' title='bbox 1451 3455 1610 3539; x_wconf 87' lang='lat' dir='ltr'><strong>principes</strong></span> <span class='ocrx_word' id='word_1_290' title='bbox 1631 3455 1777 3526; x_wconf 80' lang='lat' dir='ltr'><strong>cirita-so</strong></span> 
     </span>
     <span class='ocr_line' id='line_1_32' title="bbox 414 3546 1767 3634; baseline 0.003 -24"><span class='ocrx_word' id='word_1_291' title='bbox 414 3546 470 3620; x_wconf 87' lang='lat' dir='ltr'><strong>tis,</strong></span> <span class='ocrx_word' id='word_1_292' title='bbox 500 3547 703 3622; x_wconf 75' lang='lat' dir='ltr'><strong>Mercurium,</strong></span> <span class='ocrx_word' id='word_1_293' title='bbox 735 3547 790 3631; x_wconf 90' lang='lat' dir='ltr'><strong>qui</strong></span> <span class='ocrx_word' id='word_1_294' title='bbox 819 3549 915 3611; x_wconf 91' lang='lat' dir='ltr'><strong>sacris</strong></span> <span class='ocrx_word' id='word_1_295' title='bbox 943 3548 1167 3611; x_wconf 85' lang='lat' dir='ltr'><strong>anniversariis</strong></span> <span class='ocrx_word' id='word_1_296' title='bbox 1195 3547 1279 3632; x_wconf 92' lang='lat' dir='ltr'><strong>apud</strong></span> <span class='ocrx_word' id='word_1_297' title='bbox 1308 3567 1363 3612; x_wconf 91' lang='lat' dir='ltr'><strong>eos</strong></span> <span class='ocrx_word' id='word_1_298' title='bbox 1388 3569 1425 3612; x_wconf 90' lang='lat' dir='ltr'><strong>ac</strong></span> <span class='ocrx_word' id='word_1_299' title='bbox 1446 3569 1568 3613; x_wconf 90' lang='lat' dir='ltr'><strong>summa</strong></span> <span class='ocrx_word' id='word_1_300' title='bbox 1588 3549 1767 3634; x_wconf 85' lang='lat' dir='ltr'><strong>religione·</strong></span> 
     </span>
     <span class='ocr_line' id='line_1_33' title="bbox 414 3639 1740 3727; baseline 0.004 -24"><span class='ocrx_word' id='word_1_301' title='bbox 414 3639 588 3716; x_wconf 87' lang='lat' dir='ltr'><strong>coleretur,</strong></span> <span class='ocrx_word' id='word_1_302' title='bbox 615 3660 709 3725; x_wconf 87' lang='lat' dir='ltr'><strong>quem</strong></span> <span class='ocrx_word' id='word_1_303' title='bbox 736 3641 769 3704; x_wconf 89' lang='lat' dir='ltr'><strong>P.</strong></span> <span class='ocrx_word' id='word_1_304' title='bbox 791 3641 956 3705; x_wconf 70' lang='lat' dir='ltr'><strong>Africanus</strong></span> <span class='ocrx_word' id='word_1_305' title='bbox 977 3641 1171 3724; x_wconf 87' lang='lat' dir='ltr'><strong>Karthagine</strong></span> <span class='ocrx_word' id='word_1_306' title='bbox 1198 3649 1289 3725; x_wconf 89' lang='lat' dir='ltr'><strong>capta</strong></span> <span class='ocrx_word' id='word_1_307' title='bbox 1310 3641 1531 3727; x_wconf 78' lang='lat' dir='ltr'><strong>Tyndaritanis</strong></span> <span class='ocrx_word' id='word_1_308' title='bbox 1551 3662 1616 3707; x_wconf 92' lang='lat' dir='ltr'><strong>non</strong></span> <span class='ocrx_word' id='word_1_309' title='bbox 1638 3643 1740 3708; x_wconf 88' lang='lat' dir='ltr'><strong>solum</strong></span> 
     </span>
     <span class='ocr_line' id='line_1_34' title="bbox 415 3733 1740 3824; baseline 0.005 -27"><span class='ocrx_word' id='word_1_310' title='bbox 415 3751 491 3797; x_wconf 87' lang='lat' dir='ltr'><strong>anae</strong></span> <span class='ocrx_word' id='word_1_311' title='bbox 510 3734 680 3811; x_wconf 78' lang='lat' dir='ltr'><strong>victoriae,</strong></span> <span class='ocrx_word' id='word_1_312' title='bbox 701 3734 759 3799; x_wconf 88' lang='lat' dir='ltr'><strong>sed</strong></span> <span class='ocrx_word' id='word_1_313' title='bbox 780 3737 875 3801; x_wconf 84' lang='lat' dir='ltr'><strong>etiam</strong></span> <span class='ocrx_word' id='word_1_314' title='bbox 895 3735 1022 3800; x_wconf 92' lang='lat' dir='ltr'><strong>illorum</strong></span> <span class='ocrx_word' id='word_1_315' title='bbox 1042 3733 1119 3800; x_wconf 86' lang='lat' dir='ltr'><strong>fidei</strong></span> <span class='ocrx_word' id='word_1_316' title='bbox 1139 3735 1363 3821; x_wconf 85' lang='lat' dir='ltr'><strong>societatisque</strong></span> <span class='ocrx_word' id='word_1_317' title='bbox 1384 3745 1623 3803; x_wconf 86' lang='lat' dir='ltr'><strong>monumentum</strong></span> <span class='ocrx_word' id='word_1_318' title='bbox 1644 3745 1740 3824; x_wconf 83' lang='lat' dir='ltr'><strong>atqua</strong></span> 
     </span>
    </p>
   </div>
   <div class='ocr_carea' id='block_1_3' title="bbox 413 4001 1747 5339">
    <p class='ocr_par' dir='ltr' id='par_1_3' title="bbox 413 4001 1747 5339">
     <span class='ocr_line' id='line_1_35' title="bbox 481 4001 1739 4072; baseline 0.002 -15"><span class='ocrx_word' id='word_1_319' title='bbox 481 4002 717 4067; x_wconf 73' lang='grc'><strong>4444444144444</strong></span> <span class='ocrx_word' id='word_1_320' title='bbox 737 4001 816 4054; x_wconf 88' lang='lat' dir='ltr'><strong>codd.</strong></span> <span class='ocrx_word' id='word_1_321' title='bbox 842 4029 870 4042; x_wconf 90' lang='lat'><em>-</em></span> <span class='ocrx_word' id='word_1_322' title='bbox 893 4002 1031 4057; x_wconf 74' lang='grc'><strong>4444444434</strong></span> <span class='ocrx_word' id='word_1_323' title='bbox 1058 4001 1235 4055; x_wconf 73' lang='grc'><strong>4443444444.</strong></span> <span class='ocrx_word' id='word_1_324' title='bbox 1254 4002 1283 4055; x_wconf 94' lang='grc'><strong>0.</strong></span> <span class='ocrx_word' id='word_1_325' title='bbox 1311 4030 1340 4041; x_wconf 96' lang='grc'>-</span> <span class='ocrx_word' id='word_1_326' title='bbox 1366 4005 1689 4072; x_wconf 67' lang='lat' dir='ltr'><strong>anommggasu</strong></span> <span class='ocrx_word' id='word_1_327' title='bbox 1710 4036 1739 4048; x_wconf 96' lang='lat'><em>-</em></span> 
     </span>
     <span class='ocr_line' id='line_1_36' title="bbox 416 4077 1739 4148; baseline 0.002 -15"><span class='ocrx_word' id='word_1_328' title='bbox 416 4081 441 4134; x_wconf 97' lang='grc'><strong>6.</strong></span> <span class='ocrx_word' id='word_1_329' title='bbox 457 4080 601 4147; x_wconf 64' lang='lat' dir='ltr'><strong>mdia</strong></span> <span class='ocrx_word' id='word_1_330' title='bbox 612 4091 667 4144; x_wconf 82' lang='lat' dir='ltr'><strong>pec.</strong></span> <span class='ocrx_word' id='word_1_331' title='bbox 687 4077 723 4130; x_wconf 85' lang='grc'><strong>03</strong></span> <span class='ocrx_word' id='word_1_332' title='bbox 741 4079 803 4144; x_wconf 78' lang='lat' dir='ltr'><strong>(non</strong></span> <span class='ocrx_word' id='word_1_333' title='bbox 814 4079 853 4143; x_wconf 85' lang='lat' dir='ltr'><strong>ll).</strong></span> <span class='ocrx_word' id='word_1_334' title='bbox 867 4107 896 4118; x_wconf 93' lang='lat'><em>-</em></span> <span class='ocrx_word' id='word_1_335' title='bbox 913 4080 938 4131; x_wconf 82' lang='lat'><strong>7.</strong></span> <span class='ocrx_word' id='word_1_336' title='bbox 955 4079 1120 4144; x_wconf 70' lang='lat' dir='ltr'><strong>malcomus</strong></span> <span class='ocrx_word' id='word_1_337' title='bbox 1128 4081 1159 4131; x_wconf 85' lang='lat' dir='ltr'><strong>a.</strong></span> <span class='ocrx_word' id='word_1_338' title='bbox 1174 4106 1202 4117; x_wconf 96' lang='lat'>-</span> <span class='ocrx_word' id='word_1_339' title='bbox 1213 4079 1241 4129; x_wconf 89' lang='grc' dir='ltr'><strong>Ρ.</strong></span> <span class='ocrx_word' id='word_1_340' title='bbox 1253 4091 1308 4130; x_wconf 93' lang='lat' dir='ltr'><strong>orn.</strong></span> <span class='ocrx_word' id='word_1_341' title='bbox 1319 4078 1398 4143; x_wconf 71' lang='lat' dir='ltr'><strong>ngas.</strong></span> <span class='ocrx_word' id='word_1_342' title='bbox 1413 4105 1441 4118; x_wconf 92' lang='lat'><em>-</em></span> <span class='ocrx_word' id='word_1_343' title='bbox 1458 4081 1583 4145; x_wconf 72' lang='grc'><strong>8443444444</strong></span> <span class='ocrx_word' id='word_1_344' title='bbox 1598 4081 1644 4144; x_wconf 72' lang='lat' dir='ltr'><strong>ne,</strong></span> <span class='ocrx_word' id='word_1_345' title='bbox 1656 4083 1739 4148; x_wconf 78' lang='grc'><strong>43434</strong></span> 
     </span>
     <span class='ocr_line' id='line_1_37' title="bbox 413 4151 1739 4223; baseline 0.002 -16"><span class='ocrx_word' id='word_1_346' title='bbox 413 4155 529 4221; x_wconf 66' lang='lat' dir='ltr'><strong>statuuat</strong></span> <span class='ocrx_word' id='word_1_347' title='bbox 549 4156 615 4207; x_wconf 86' lang='lat' dir='ltr'><strong>dett.</strong></span> <span class='ocrx_word' id='word_1_348' title='bbox 633 4154 663 4207; x_wconf 92' lang='grc'><strong>0.</strong></span> <span class='ocrx_word' id='word_1_349' title='bbox 689 4180 716 4190; x_wconf 90' lang='grc'>-</span> <span class='ocrx_word' id='word_1_350' title='bbox 743 4155 767 4206; x_wconf 88' lang='grc'><strong>3.</strong></span> <span class='ocrx_word' id='word_1_351' title='bbox 785 4153 871 4205; x_wconf 78' lang='grc'><strong>3444444</strong></span> <span class='ocrx_word' id='word_1_352' title='bbox 887 4153 924 4206; x_wconf 81' lang='lat' dir='ltr'><strong>aa</strong></span> <span class='ocrx_word' id='word_1_353' title='bbox 935 4151 953 4206; x_wconf 84' lang='grc' dir='ltr'><strong><em>λ</em></strong></span> <span class='ocrx_word' id='word_1_354' title='bbox 963 4154 1049 4219; x_wconf 65' lang='lat' dir='ltr'><strong>snas:</strong></span> <span class='ocrx_word' id='word_1_355' title='bbox 1073 4154 1228 4206; x_wconf 65' lang='grc'><strong>4444443444</strong></span> <span class='ocrx_word' id='word_1_356' title='bbox 1247 4153 1313 4206; x_wconf 83' lang='lat' dir='ltr'><strong>dett.</strong></span> <span class='ocrx_word' id='word_1_357' title='bbox 1336 4180 1364 4191; x_wconf 93' lang='lat'>-</span> <span class='ocrx_word' id='word_1_358' title='bbox 1390 4159 1493 4218; x_wconf 71' lang='grc'><strong>44444444</strong></span> <span class='ocrx_word' id='word_1_359' title='bbox 1507 4157 1546 4208; x_wconf 80' lang='lat' dir='ltr'><strong>ns</strong></span> <span class='ocrx_word' id='word_1_360' title='bbox 1560 4157 1577 4208; x_wconf 78' lang='lat' dir='ltr'><strong>‘l</strong></span> <span class='ocrx_word' id='word_1_361' title='bbox 1593 4157 1672 4222; x_wconf 80' lang='lat' dir='ltr'><strong>lagg.</strong></span> <span class='ocrx_word' id='word_1_362' title='bbox 1692 4158 1739 4223; x_wconf 87' lang='lat' dir='ltr'><strong>(cl.</strong></span> 
     </span>
     <span class='ocr_line' id='line_1_38' title="bbox 415 4228 1740 4297; baseline 0.001 -13"><span class='ocrx_word' id='word_1_363' title='bbox 415 4231 442 4297; x_wconf 69' lang='grc'><strong>3.</strong></span> <span class='ocrx_word' id='word_1_364' title='bbox 458 4232 516 4293; x_wconf 72' lang='grc'><strong>334</strong></span> <span class='ocrx_word' id='word_1_365' title='bbox 534 4231 574 4284; x_wconf 88' lang='grc'><strong>444</strong></span> <span class='ocrx_word' id='word_1_366' title='bbox 590 4229 674 4282; x_wconf 79' lang='lat' dir='ltr'><strong>tollere</strong></span> <span class='ocrx_word' id='word_1_367' title='bbox 689 4229 823 4294; x_wconf 65' lang='grc'><strong>43434444</strong></span> <span class='ocrx_word' id='word_1_368' title='bbox 839 4228 864 4292; x_wconf 69' lang='lat'><strong>5.</strong></span> <span class='ocrx_word' id='word_1_369' title='bbox 883 4229 923 4281; x_wconf 88' lang='grc'><strong>34.</strong></span> <span class='ocrx_word' id='word_1_370' title='bbox 942 4230 1024 4294; x_wconf 73' lang='grc'><strong>44444</strong></span> <span class='ocrx_word' id='word_1_371' title='bbox 1051 4235 1153 4294; x_wconf 63' lang='lat' dir='ltr'><strong>amasa</strong></span> <span class='ocrx_word' id='word_1_372' title='bbox 1168 4234 1294 4293; x_wconf 73' lang='grc'><strong>4444344444</strong></span> <span class='ocrx_word' id='word_1_373' title='bbox 1307 4231 1323 4281; x_wconf 90' lang='grc'><strong>4</strong></span> <span class='ocrx_word' id='word_1_374' title='bbox 1335 4228 1414 4281; x_wconf 91' lang='lat' dir='ltr'><strong>codd.</strong></span> <span class='ocrx_word' id='word_1_375' title='bbox 1432 4229 1552 4282; x_wconf 75' lang='lat' dir='ltr'><strong>lambini</strong></span> <span class='ocrx_word' id='word_1_376' title='bbox 1569 4229 1637 4297; x_wconf 77' lang='lat' dir='ltr'><strong>(coll.</strong></span> <span class='ocrx_word' id='word_1_377' title='bbox 1655 4232 1680 4297; x_wconf 71' lang='lat'><strong>5.</strong></span> <span class='ocrx_word' id='word_1_378' title='bbox 1698 4233 1740 4286; x_wconf 76' lang='grc' dir='ltr'><strong>Π.</strong></span> 
     </span>
     <span class='ocr_line' id='line_1_39' title="bbox 414 4303 1740 4373; baseline 0.003 -16"><span class='ocrx_word' id='word_1_379' title='bbox 414 4305 571 4373; x_wconf 69' lang='lat' dir='ltr'><strong>Karthagine</strong></span> <span class='ocrx_word' id='word_1_380' title='bbox 584 4306 705 4370; x_wconf 77' lang='lat' dir='ltr'><strong>mactol3</strong></span> <span class='ocrx_word' id='word_1_381' title='bbox 723 4311 801 4370; x_wconf 80' lang='lat' dir='ltr'><strong>captu</strong></span> <span class='ocrx_word' id='word_1_382' title='bbox 816 4305 898 4369; x_wconf 76' lang='grc' dir='ltr'><strong>4343ς</strong></span> <span class='ocrx_word' id='word_1_383' title='bbox 915 4310 993 4370; x_wconf 81' lang='lat' dir='ltr'><strong>copto</strong></span> <span class='ocrx_word' id='word_1_384' title='bbox 1007 4310 1134 4369; x_wconf 75' lang='lat' dir='ltr'><strong>rcccpnsn</strong></span> <span class='ocrx_word' id='word_1_385' title='bbox 1149 4304 1184 4356; x_wconf 92' lang='lat' dir='ltr'><strong>de</strong></span> <span class='ocrx_word' id='word_1_386' title='bbox 1200 4305 1289 4357; x_wconf 72' lang='lat' dir='ltr'><strong>Bechil</strong></span> <span class='ocrx_word' id='word_1_387' title='bbox 1305 4305 1374 4357; x_wconf 88' lang='lat' dir='ltr'><strong>conl.</strong></span> <span class='ocrx_word' id='word_1_388' title='bbox 1392 4306 1423 4357; x_wconf 99' lang='grc'><strong>0.</strong></span> <span class='ocrx_word' id='word_1_389' title='bbox 1436 4330 1464 4341; x_wconf 88' lang='grc'>-</span> <span class='ocrx_word' id='word_1_390' title='bbox 1483 4303 1524 4357; x_wconf 91' lang='grc'><strong>43.</strong></span> <span class='ocrx_word' id='word_1_391' title='bbox 1541 4311 1670 4371; x_wconf 69' lang='lat' dir='ltr'><strong>gannane</strong></span> <span class='ocrx_word' id='word_1_392' title='bbox 1685 4321 1740 4361; x_wconf 93' lang='lat' dir='ltr'><strong>om.</strong></span> 
     </span>
     <span class='ocr_line' id='line_1_40' title="bbox 414 4379 1744 4445; baseline 0 -13"><span class='ocrx_word' id='word_1_393' title='bbox 414 4380 479 4432; x_wconf 83' lang='lat' dir='ltr'><strong>dett.</strong></span> <span class='ocrx_word' id='word_1_394' title='bbox 498 4383 528 4434; x_wconf 95' lang='grc'><strong>0.</strong></span> <span class='ocrx_word' id='word_1_395' title='bbox 548 4380 867 4445; x_wconf 71' lang='grc' dir='ltr'><strong>-3444444444444404ς</strong></span> <span class='ocrx_word' id='word_1_396' title='bbox 885 4380 1287 4444; x_wconf 55' lang='lat' dir='ltr'><strong>mammosam</strong></span> <span class='ocrx_word' id='word_1_397' title='bbox 1305 4379 1744 4444; x_wconf 56' lang='lat' dir='ltr'><strong>mmmmmccc-</strong></span> 
     </span>
     <span class='ocr_line' id='line_1_41' title="bbox 413 4453 1740 4520; baseline 0.001 -13"><span class='ocrx_word' id='word_1_398' title='bbox 413 4456 483 4507; x_wconf 79' lang='grc'><strong>44444</strong></span> <span class='ocrx_word' id='word_1_399' title='bbox 499 4454 560 4508; x_wconf 90' lang='lat' dir='ltr'><strong>cod.</strong></span> <span class='ocrx_word' id='word_1_400' title='bbox 578 4455 636 4509; x_wconf 87' lang='lat' dir='ltr'><strong>llrs.</strong></span> <span class='ocrx_word' id='word_1_401' title='bbox 657 4480 685 4492; x_wconf 91' lang='lat'><em>-</em></span> <span class='ocrx_word' id='word_1_402' title='bbox 703 4455 735 4505; x_wconf 82' lang='lat' dir='ltr'><strong>tis</strong></span> <span class='ocrx_word' id='word_1_403' title='bbox 750 4455 783 4506; x_wconf 83' lang='lat' dir='ltr'><strong>R:</strong></span> <span class='ocrx_word' id='word_1_404' title='bbox 801 4454 839 4504; x_wconf 80' lang='grc'><strong>444</strong></span> <span class='ocrx_word' id='word_1_405' title='bbox 855 4455 885 4508; x_wconf 89' lang='grc'><strong>0.</strong></span> <span class='ocrx_word' id='word_1_406' title='bbox 904 4481 932 4493; x_wconf 90' lang='grc'>-</span> <span class='ocrx_word' id='word_1_407' title='bbox 949 4455 1045 4507; x_wconf 77' lang='grc'><strong>4444444</strong></span> <span class='ocrx_word' id='word_1_408' title='bbox 1060 4455 1186 4520; x_wconf 73' lang='lat' dir='ltr'><strong>Gangas.</strong></span> <span class='ocrx_word' id='word_1_409' title='bbox 1206 4481 1234 4491; x_wconf 89' lang='lat'>-</span> <span class='ocrx_word' id='word_1_410' title='bbox 1254 4453 1294 4506; x_wconf 92' lang='grc'><strong>44.</strong></span> <span class='ocrx_word' id='word_1_411' title='bbox 1312 4456 1364 4506; x_wconf 79' lang='lat' dir='ltr'><strong>nris</strong></span> <span class='ocrx_word' id='word_1_412' title='bbox 1378 4468 1433 4506; x_wconf 90' lang='lat' dir='ltr'><strong>om.</strong></span> <span class='ocrx_word' id='word_1_413' title='bbox 1448 4455 1528 4519; x_wconf 76' lang='lat' dir='ltr'><strong>agas.</strong></span> <span class='ocrx_word' id='word_1_414' title='bbox 1541 4480 1569 4492; x_wconf 92' lang='lat'><em>-</em></span> <span class='ocrx_word' id='word_1_415' title='bbox 1589 4456 1630 4507; x_wconf 88' lang='grc'><strong>46.</strong></span> <span class='ocrx_word' id='word_1_416' title='bbox 1644 4457 1740 4519; x_wconf 69' lang='lat' dir='ltr'><strong>aona.</strong></span> 
     </span>
     <span class='ocr_line' id='line_1_42' title="bbox 415 4528 1744 4595; baseline 0.001 -14"><span class='ocrx_word' id='word_1_417' title='bbox 415 4530 496 4583; x_wconf 87' lang='lat' dir='ltr'><strong>idem.</strong></span> <span class='ocrx_word' id='word_1_418' title='bbox 516 4556 546 4570; x_wconf 94' lang='lat'><em>-</em></span> <span class='ocrx_word' id='word_1_419' title='bbox 564 4530 619 4582; x_wconf 76' lang='grc'><strong>4444·</strong></span> <span class='ocrx_word' id='word_1_420' title='bbox 635 4529 672 4583; x_wconf 70' lang='lat' dir='ltr'><strong>Rc</strong></span> <span class='ocrx_word' id='word_1_421' title='bbox 694 4529 735 4594; x_wconf 86' lang='lat' dir='ltr'><strong>(cl.</strong></span> <span class='ocrx_word' id='word_1_422' title='bbox 754 4543 781 4595; x_wconf 88' lang='lat' dir='ltr'><strong>p.</strong></span> <span class='ocrx_word' id='word_1_423' title='bbox 800 4529 872 4581; x_wconf 92' lang='lat' dir='ltr'><strong>dom.</strong></span> <span class='ocrx_word' id='word_1_424' title='bbox 893 4529 917 4594; x_wconf 70' lang='grc'><strong>4.</strong></span> <span class='ocrx_word' id='word_1_425' title='bbox 935 4528 976 4582; x_wconf 87' lang='grc'><strong>44.</strong></span> <span class='ocrx_word' id='word_1_426' title='bbox 995 4529 1080 4582; x_wconf 86' lang='lat' dir='ltr'><strong>llalm.</strong></span> <span class='ocrx_word' id='word_1_427' title='bbox 1099 4530 1133 4581; x_wconf 93' lang='lat' dir='ltr'><strong>ad</strong></span> <span class='ocrx_word' id='word_1_428' title='bbox 1155 4530 1227 4581; x_wconf 87' lang='lat' dir='ltr'><strong>hunc</strong></span> <span class='ocrx_word' id='word_1_429' title='bbox 1242 4529 1261 4581; x_wconf 91' lang='lat' dir='ltr'><strong>l.</strong></span> <span class='ocrx_word' id='word_1_430' title='bbox 1280 4530 1357 4581; x_wconf 86' lang='lat' dir='ltr'><strong>etad</strong></span> <span class='ocrx_word' id='word_1_431' title='bbox 1373 4532 1442 4583; x_wconf 80' lang='lat' dir='ltr'><strong>sest.</strong></span> <span class='ocrx_word' id='word_1_432' title='bbox 1461 4530 1485 4595; x_wconf 70' lang='lat' dir='ltr'><strong>s.</strong></span> <span class='ocrx_word' id='word_1_433' title='bbox 1504 4531 1545 4582; x_wconf 90' lang='grc'><strong>66.</strong></span> <span class='ocrx_word' id='word_1_434' title='bbox 1563 4543 1591 4595; x_wconf 90' lang='lat' dir='ltr'><strong>p.</strong></span> <span class='ocrx_word' id='word_1_435' title='bbox 1609 4530 1692 4594; x_wconf 74' lang='grc'><strong>43444</strong></span> <span class='ocrx_word' id='word_1_436' title='bbox 1715 4531 1744 4582; x_wconf 79' lang='lat' dir='ltr'><strong>la</strong></span> 
     </span>
     <span class='ocr_line' id='line_1_43' title="bbox 415 4605 1744 4671; baseline -0.001 -13"><span class='ocrx_word' id='word_1_437' title='bbox 415 4606 473 4658; x_wconf 79' lang='lat' dir='ltr'><strong>orla</strong></span> <span class='ocrx_word' id='word_1_438' title='bbox 488 4606 554 4658; x_wconf 83' lang='lat' dir='ltr'><strong>dett.</strong></span> <span class='ocrx_word' id='word_1_439' title='bbox 573 4606 602 4657; x_wconf 93' lang='lat'><strong>0.</strong></span> <span class='ocrx_word' id='word_1_440' title='bbox 623 4632 650 4644; x_wconf 92' lang='lat'><em>-</em></span> <span class='ocrx_word' id='word_1_441' title='bbox 671 4606 711 4657; x_wconf 86' lang='grc'><strong>43.</strong></span> <span class='ocrx_word' id='word_1_442' title='bbox 730 4610 753 4656; x_wconf 98' lang='grc'><strong>44</strong></span> <span class='ocrx_word' id='word_1_443' title='bbox 770 4617 823 4656; x_wconf 86' lang='lat' dir='ltr'><strong>orn.</strong></span> <span class='ocrx_word' id='word_1_444' title='bbox 842 4606 919 4668; x_wconf 80' lang='lat' dir='ltr'><strong>lagg.</strong></span> <span class='ocrx_word' id='word_1_445' title='bbox 941 4631 969 4641; x_wconf 94' lang='lat'>-</span> <span class='ocrx_word' id='word_1_446' title='bbox 988 4606 1029 4656; x_wconf 84' lang='grc'><strong>49.</strong></span> <span class='ocrx_word' id='word_1_447' title='bbox 1046 4606 1159 4668; x_wconf 72' lang='lat' dir='ltr'><strong>squidem</strong></span> <span class='ocrx_word' id='word_1_448' title='bbox 1175 4605 1240 4656; x_wconf 80' lang='lat' dir='ltr'><strong>RGl</strong></span> <span class='ocrx_word' id='word_1_449' title='bbox 1254 4605 1350 4668; x_wconf 80' lang='grc'><strong>44340</strong></span> <span class='ocrx_word' id='word_1_450' title='bbox 1368 4606 1463 4669; x_wconf 70' lang='lat' dir='ltr'><strong>(Madv.</strong></span> <span class='ocrx_word' id='word_1_451' title='bbox 1481 4619 1509 4671; x_wconf 87' lang='lat' dir='ltr'><strong>p.</strong></span> <span class='ocrx_word' id='word_1_452' title='bbox 1526 4605 1591 4668; x_wconf 66' lang='grc'><strong>4344</strong></span> <span class='ocrx_word' id='word_1_453' title='bbox 1616 4610 1670 4657; x_wconf 77' lang='lat' dir='ltr'><strong>nen</strong></span> <span class='ocrx_word' id='word_1_454' title='bbox 1685 4607 1744 4670; x_wconf 77' lang='lat' dir='ltr'><strong>qul-</strong></span> 
     </span>
     <span class='ocr_line' id='line_1_44' title="bbox 414 4678 1741 4745; baseline -0.002 -11"><span class='ocrx_word' id='word_1_455' title='bbox 414 4683 470 4734; x_wconf 80' lang='lat' dir='ltr'><strong>dcm</strong></span> <span class='ocrx_word' id='word_1_456' title='bbox 486 4681 551 4744; x_wconf 87' lang='lat' dir='ltr'><strong>Ld.;</strong></span> <span class='ocrx_word' id='word_1_457' title='bbox 576 4685 601 4734; x_wconf 89' lang='grc'><strong>44</strong></span> <span class='ocrx_word' id='word_1_458' title='bbox 616 4681 715 4745; x_wconf 72' lang='lat' dir='ltr'><strong>quiden</strong></span> <span class='ocrx_word' id='word_1_459' title='bbox 731 4679 796 4732; x_wconf 86' lang='lat' dir='ltr'><strong>dett.</strong></span> <span class='ocrx_word' id='word_1_460' title='bbox 815 4681 844 4732; x_wconf 91' lang='lat'><strong>0.</strong></span> <span class='ocrx_word' id='word_1_461' title='bbox 868 4705 897 4718; x_wconf 91' lang='lat'>-</span> <span class='ocrx_word' id='word_1_462' title='bbox 923 4679 964 4731; x_wconf 90' lang='grc'><strong>40.</strong></span> <span class='ocrx_word' id='word_1_463' title='bbox 982 4681 1101 4742; x_wconf 64' lang='lat' dir='ltr'><strong>saputem</strong></span> <span class='ocrx_word' id='word_1_464' title='bbox 1117 4680 1195 4731; x_wconf 78' lang='grc'><strong>403.</strong></span> <span class='ocrx_word' id='word_1_465' title='bbox 1219 4705 1246 4714; x_wconf 98' lang='grc'>-</span> <span class='ocrx_word' id='word_1_466' title='bbox 1273 4684 1343 4729; x_wconf 72' lang='lat' dir='ltr'><strong>mato</strong></span> <span class='ocrx_word' id='word_1_467' title='bbox 1360 4678 1491 4743; x_wconf 72' lang='grc'><strong>44343444</strong></span> <span class='ocrx_word' id='word_1_468' title='bbox 1513 4684 1611 4730; x_wconf 68' lang='lat' dir='ltr'><strong>tortian</strong></span> <span class='ocrx_word' id='word_1_469' title='bbox 1627 4680 1693 4732; x_wconf 89' lang='lat' dir='ltr'><strong>dett.</strong></span> <span class='ocrx_word' id='word_1_470' title='bbox 1712 4706 1741 4718; x_wconf 92' lang='lat'>-</span> 
     </span>
     <span class='ocr_line' id='line_1_45' title="bbox 414 4752 1744 4822; baseline 0.002 -15"><span class='ocrx_word' id='word_1_471' title='bbox 414 4757 457 4808; x_wconf 89' lang='grc'><strong>44.</strong></span> <span class='ocrx_word' id='word_1_472' title='bbox 475 4755 581 4822; x_wconf 66' lang='grc'><strong>4444444</strong></span> <span class='ocrx_word' id='word_1_473' title='bbox 596 4757 626 4808; x_wconf 85' lang='lat' dir='ltr'><strong>It.</strong></span> <span class='ocrx_word' id='word_1_474' title='bbox 645 4782 674 4793; x_wconf 90' lang='lat'><em>-</em></span> <span class='ocrx_word' id='word_1_475' title='bbox 696 4754 766 4819; x_wconf 80' lang='grc'><strong>44444]</strong></span> <span class='ocrx_word' id='word_1_476' title='bbox 783 4755 819 4805; x_wconf 84' lang='lat' dir='ltr'><strong>ml</strong></span> <span class='ocrx_word' id='word_1_477' title='bbox 835 4757 864 4807; x_wconf 86' lang='lat' dir='ltr'><strong>n.</strong></span> <span class='ocrx_word' id='word_1_478' title='bbox 884 4781 913 4792; x_wconf 89' lang='lat'><em>-</em></span> <span class='ocrx_word' id='word_1_479' title='bbox 933 4755 996 4805; x_wconf 82' lang='grc'><strong>4444444</strong></span> <span class='ocrx_word' id='word_1_480' title='bbox 1010 4755 1093 4804; x_wconf 78' lang='lat' dir='ltr'><strong>minua</strong></span> <span class='ocrx_word' id='word_1_481' title='bbox 1108 4754 1158 4816; x_wconf 78' lang='grc'><strong>43,</strong></span> <span class='ocrx_word' id='word_1_482' title='bbox 1177 4755 1259 4822; x_wconf 69' lang='lat' dir='ltr'><strong>Prisc.</strong></span> <span class='ocrx_word' id='word_1_483' title='bbox 1277 4755 1297 4805; x_wconf 88' lang='lat'><strong>1.</strong></span> <span class='ocrx_word' id='word_1_484' title='bbox 1315 4768 1342 4820; x_wconf 91' lang='lat' dir='ltr'><strong>p.</strong></span> <span class='ocrx_word' id='word_1_485' title='bbox 1360 4755 1427 4806; x_wconf 75' lang='grc'><strong>4334</strong></span> <span class='ocrx_word' id='word_1_486' title='bbox 1454 4768 1508 4807; x_wconf 89' lang='lat' dir='ltr'><strong>om.</strong></span> <span class='ocrx_word' id='word_1_487' title='bbox 1527 4752 1592 4806; x_wconf 90' lang='lat' dir='ltr'><strong>dett.</strong></span> <span class='ocrx_word' id='word_1_488' title='bbox 1611 4782 1638 4792; x_wconf 95' lang='lat'><em>-</em></span> <span class='ocrx_word' id='word_1_489' title='bbox 1657 4758 1744 4809; x_wconf 79' lang='grc'><strong>44444</strong></span> 
     </span>
     <span class='ocr_line' id='line_1_46' title="bbox 416 4828 1742 4898; baseline 0.002 -17"><span class='ocrx_word' id='word_1_490' title='bbox 416 4833 443 4882; x_wconf 85' lang='grc'><strong>44</strong></span> <span class='ocrx_word' id='word_1_491' title='bbox 458 4831 553 4895; x_wconf 75' lang='lat' dir='ltr'><strong>lagg:</strong></span> <span class='ocrx_word' id='word_1_492' title='bbox 571 4842 626 4883; x_wconf 93' lang='lat' dir='ltr'><strong>om.</strong></span> <span class='ocrx_word' id='word_1_493' title='bbox 645 4832 709 4882; x_wconf 71' lang='grc'><strong>4444</strong></span> <span class='ocrx_word' id='word_1_494' title='bbox 726 4831 755 4882; x_wconf 93' lang='grc'><strong>0.</strong></span> <span class='ocrx_word' id='word_1_495' title='bbox 774 4855 802 4868; x_wconf 91' lang='grc'><strong>-</strong></span> <span class='ocrx_word' id='word_1_496' title='bbox 821 4830 862 4881; x_wconf 88' lang='grc'><strong>43.</strong></span> <span class='ocrx_word' id='word_1_497' title='bbox 881 4830 994 4881; x_wconf 62' lang='lat' dir='ltr'><strong>dudm</strong></span> <span class='ocrx_word' id='word_1_498' title='bbox 1009 4831 1039 4880; x_wconf 80' lang='lat' dir='ltr'><strong>a.</strong></span> <span class='ocrx_word' id='word_1_499' title='bbox 1059 4856 1086 4866; x_wconf 94' lang='lat'>-</span> <span class='ocrx_word' id='word_1_500' title='bbox 1109 4830 1325 4893; x_wconf 63' lang='lat' dir='ltr'><strong>marcomanni</strong></span> <span class='ocrx_word' id='word_1_501' title='bbox 1340 4831 1373 4892; x_wconf 86' lang='lat' dir='ltr'><strong>It,</strong></span> <span class='ocrx_word' id='word_1_502' title='bbox 1392 4828 1426 4881; x_wconf 90' lang='lat' dir='ltr'><strong>al.</strong></span> <span class='ocrx_word' id='word_1_503' title='bbox 1444 4830 1471 4881; x_wconf 90' lang='lat' dir='ltr'><strong>in</strong></span> <span class='ocrx_word' id='word_1_504' title='bbox 1489 4841 1572 4893; x_wconf 82' lang='lat' dir='ltr'><strong>marg.</strong></span> <span class='ocrx_word' id='word_1_505' title='bbox 1592 4829 1656 4883; x_wconf 87' lang='grc'><strong>4634</strong></span> <span class='ocrx_word' id='word_1_506' title='bbox 1674 4828 1742 4898; x_wconf 71' lang='lat' dir='ltr'><strong>llil:</strong></span> 
     </span>
     <span class='ocr_line' id='line_1_47' title="bbox 415 4902 1743 4971; baseline 0.002 -15"><span class='ocrx_word' id='word_1_507' title='bbox 415 4905 614 4969; x_wconf 72' lang='grc'><strong>4444444444444444</strong></span> <span class='ocrx_word' id='word_1_508' title='bbox 631 4905 667 4956; x_wconf 83' lang='grc'><strong>03</strong></span> <span class='ocrx_word' id='word_1_509' title='bbox 684 4906 763 4970; x_wconf 77' lang='lat' dir='ltr'><strong>lagg.</strong></span> <span class='ocrx_word' id='word_1_510' title='bbox 790 4904 830 4956; x_wconf 87' lang='lat' dir='ltr'><strong>Cl.</strong></span> <span class='ocrx_word' id='word_1_511' title='bbox 847 4917 875 4969; x_wconf 92' lang='lat' dir='ltr'><strong>p.</strong></span> <span class='ocrx_word' id='word_1_512' title='bbox 894 4906 967 4957; x_wconf 86' lang='lat' dir='ltr'><strong>Font.</strong></span> <span class='ocrx_word' id='word_1_513' title='bbox 986 4905 1011 4970; x_wconf 72' lang='lat' dir='ltr'><strong>s.</strong></span> <span class='ocrx_word' id='word_1_514' title='bbox 1029 4905 1071 4956; x_wconf 79' lang='grc'><strong>43.</strong></span> <span class='ocrx_word' id='word_1_515' title='bbox 1088 4917 1116 4970; x_wconf 93' lang='lat' dir='ltr'><strong>p.</strong></span> <span class='ocrx_word' id='word_1_516' title='bbox 1134 4906 1200 4957; x_wconf 88' lang='lat' dir='ltr'><strong>llur.</strong></span> <span class='ocrx_word' id='word_1_517' title='bbox 1220 4905 1244 4970; x_wconf 68' lang='lat' dir='ltr'><strong>s.</strong></span> <span class='ocrx_word' id='word_1_518' title='bbox 1262 4903 1303 4956; x_wconf 89' lang='grc'><strong>64.</strong></span> <span class='ocrx_word' id='word_1_519' title='bbox 1322 4903 1407 4956; x_wconf 84' lang='lat' dir='ltr'><strong>llalm.</strong></span> <span class='ocrx_word' id='word_1_520' title='bbox 1425 4904 1461 4955; x_wconf 87' lang='lat' dir='ltr'><strong>ad</strong></span> <span class='ocrx_word' id='word_1_521' title='bbox 1477 4904 1563 4954; x_wconf 86' lang='lat' dir='ltr'><strong>Vatln.</strong></span> <span class='ocrx_word' id='word_1_522' title='bbox 1581 4902 1606 4966; x_wconf 71' lang='grc'><strong>5.</strong></span> <span class='ocrx_word' id='word_1_523' title='bbox 1619 4904 1643 4956; x_wconf 91' lang='grc'><strong>4.</strong></span> <span class='ocrx_word' id='word_1_524' title='bbox 1661 4917 1688 4971; x_wconf 93' lang='lat' dir='ltr'><strong>p.</strong></span> <span class='ocrx_word' id='word_1_525' title='bbox 1701 4904 1743 4959; x_wconf 87' lang='grc'><strong>36.</strong></span> 
     </span>
     <span class='ocr_line' id='line_1_48' title="bbox 416 4978 1745 5046; baseline 0.002 -14"><span class='ocrx_word' id='word_1_526' title='bbox 416 4982 503 5032; x_wconf 81' lang='lat' dir='ltr'><strong>Garat.</strong></span> <span class='ocrx_word' id='word_1_527' title='bbox 522 4980 557 5031; x_wconf 89' lang='lat' dir='ltr'><strong>ad</strong></span> <span class='ocrx_word' id='word_1_528' title='bbox 573 4978 638 5032; x_wconf 83' lang='lat' dir='ltr'><strong>Phil.</strong></span> <span class='ocrx_word' id='word_1_529' title='bbox 657 4980 723 5032; x_wconf 90' lang='lat' dir='ltr'><strong>Vlll.</strong></span> <span class='ocrx_word' id='word_1_530' title='bbox 742 4994 767 5033; x_wconf 89' lang='lat' dir='ltr'><strong>c.</strong></span> <span class='ocrx_word' id='word_1_531' title='bbox 784 4982 809 5031; x_wconf 88' lang='grc'><strong>6.</strong></span> <span class='ocrx_word' id='word_1_532' title='bbox 828 4994 855 5046; x_wconf 91' lang='lat' dir='ltr'><strong>p.</strong></span> <span class='ocrx_word' id='word_1_533' title='bbox 873 4981 931 5032; x_wconf 82' lang='grc'><strong>433.</strong></span> <span class='ocrx_word' id='word_1_534' title='bbox 953 4980 1079 5032; x_wconf 89' lang='lat' dir='ltr'><strong>Wernsd.</strong></span> <span class='ocrx_word' id='word_1_535' title='bbox 1097 4981 1195 5045; x_wconf 74' lang='lat' dir='ltr'><strong>(Vm</strong></span> <span class='ocrx_word' id='word_1_536' title='bbox 1209 4981 1323 5045; x_wconf 66' lang='grc'><strong>41444444</strong></span> <span class='ocrx_word' id='word_1_537' title='bbox 1345 4984 1363 5031; x_wconf 91' lang='grc'><strong>4.</strong></span> <span class='ocrx_word' id='word_1_538' title='bbox 1381 4992 1402 5030; x_wconf 90' lang='grc'><strong>4.</strong></span> <span class='ocrx_word' id='word_1_539' title='bbox 1420 4994 1445 5030; x_wconf 90' lang='lat' dir='ltr'><strong>c.</strong></span> <span class='ocrx_word' id='word_1_540' title='bbox 1462 4978 1628 5030; x_wconf 66' lang='lat' dir='ltr'><strong>moneamus</strong></span> <span class='ocrx_word' id='word_1_541' title='bbox 1643 4979 1745 5034; x_wconf 64' lang='lat' dir='ltr'><strong>dcam</strong></span> 
     </span>
     <span class='ocr_line' id='line_1_49' title="bbox 415 5050 1747 5122; baseline 0.002 -16"><span class='ocrx_word' id='word_1_542' title='bbox 415 5069 490 5106; x_wconf 84' lang='grc'><strong>444444</strong></span> <span class='ocrx_word' id='word_1_543' title='bbox 503 5057 540 5120; x_wconf 81' lang='lat' dir='ltr'><strong>pl.</strong></span> <span class='ocrx_word' id='word_1_544' title='bbox 557 5060 587 5107; x_wconf 93' lang='grc'><strong>44.</strong></span> <span class='ocrx_word' id='word_1_545' title='bbox 602 5056 639 5120; x_wconf 84' lang='lat' dir='ltr'><strong>pl.</strong></span> <span class='ocrx_word' id='word_1_546' title='bbox 656 5057 684 5122; x_wconf 72' lang='lat' dir='ltr'><strong>tl.</strong></span> <span class='ocrx_word' id='word_1_547' title='bbox 699 5057 736 5120; x_wconf 84' lang='lat' dir='ltr'><strong>pl.</strong></span> <span class='ocrx_word' id='word_1_548' title='bbox 751 5056 776 5107; x_wconf 93' lang='lat' dir='ltr'><strong>d.</strong></span> <span class='ocrx_word' id='word_1_549' title='bbox 794 5054 915 5106; x_wconf 74' lang='grc'><strong>4444443443</strong></span> <span class='ocrx_word' id='word_1_550' title='bbox 934 5055 1020 5106; x_wconf 69' lang='lat' dir='ltr'><strong>Verres</strong></span> <span class='ocrx_word' id='word_1_551' title='bbox 1035 5057 1137 5108; x_wconf 80' lang='grc'><strong>0444444</strong></span> <span class='ocrx_word' id='word_1_552' title='bbox 1152 5069 1212 5120; x_wconf 87' lang='lat' dir='ltr'><strong>sqq.</strong></span> <span class='ocrx_word' id='word_1_553' title='bbox 1226 5057 1295 5107; x_wconf 90' lang='lat' dir='ltr'><strong>coni.</strong></span> <span class='ocrx_word' id='word_1_554' title='bbox 1307 5055 1378 5107; x_wconf 84' lang='lat' dir='ltr'><strong>Bake</strong></span> <span class='ocrx_word' id='word_1_555' title='bbox 1394 5067 1422 5121; x_wconf 93' lang='lat' dir='ltr'><strong>p.</strong></span> <span class='ocrx_word' id='word_1_556' title='bbox 1436 5053 1488 5117; x_wconf 87' lang='grc'><strong>44.)</strong></span> <span class='ocrx_word' id='word_1_557' title='bbox 1500 5079 1528 5090; x_wconf 95' lang='grc'>-</span> <span class='ocrx_word' id='word_1_558' title='bbox 1547 5050 1589 5103; x_wconf 88' lang='grc'><strong>44.</strong></span> <span class='ocrx_word' id='word_1_559' title='bbox 1607 5053 1747 5108; x_wconf 69' lang='lat' dir='ltr'><strong>cosm</strong></span> 
     </span>
     <span class='ocr_line' id='line_1_50' title="bbox 416 5127 1745 5197; baseline 0.002 -15"><span class='ocrx_word' id='word_1_560' title='bbox 416 5131 450 5193; x_wconf 86' lang='lat' dir='ltr'><strong>tt;</strong></span> <span class='ocrx_word' id='word_1_561' title='bbox 468 5130 702 5182; x_wconf 70' lang='grc' dir='ltr'><strong>44444444αο4-</strong></span> <span class='ocrx_word' id='word_1_562' title='bbox 721 5130 1447 5197; x_wconf 65' lang='lat' dir='ltr'><strong>Sd.lcaomau1l3:lcuooaanqucdett.0.[llects.]-</strong></span> <span class='ocrx_word' id='word_1_563' title='bbox 1467 5130 1508 5181; x_wconf 88' lang='grc'><strong>46.</strong></span> <span class='ocrx_word' id='word_1_564' title='bbox 1527 5127 1564 5194; x_wconf 83' lang='lat' dir='ltr'><strong>ct]</strong></span> <span class='ocrx_word' id='word_1_565' title='bbox 1581 5128 1616 5177; x_wconf 85' lang='lat' dir='ltr'><strong>cd</strong></span> <span class='ocrx_word' id='word_1_566' title='bbox 1632 5127 1662 5192; x_wconf 80' lang='lat' dir='ltr'><strong>R,</strong></span> <span class='ocrx_word' id='word_1_567' title='bbox 1679 5130 1745 5185; x_wconf 83' lang='lat' dir='ltr'><strong>item</strong></span> 
     </span>
     <span class='ocr_line' id='line_1_51' title="bbox 415 5202 1742 5273; baseline 0.001 -16"><span class='ocrx_word' id='word_1_568' title='bbox 415 5205 503 5258; x_wconf 67' lang='lat' dir='ltr'><strong>udi.</strong></span> <span class='ocrx_word' id='word_1_569' title='bbox 522 5231 550 5245; x_wconf 94' lang='lat'><em>-</em></span> <span class='ocrx_word' id='word_1_570' title='bbox 569 5205 804 5273; x_wconf 65' lang='lat' dir='ltr'><strong>anamulata.</strong></span> <span class='ocrx_word' id='word_1_571' title='bbox 823 5206 1160 5272; x_wconf 66' lang='lat' dir='ltr'><strong>-hcacdca&#39;tanlt-w.</strong></span> <span class='ocrx_word' id='word_1_572' title='bbox 1179 5202 1742 5268; x_wconf 52' lang='lat' dir='ltr'><strong>climatis-Thmu-</strong></span> 
     </span>
     <span class='ocr_line' id='line_1_52' title="bbox 417 5281 642 5339; baseline 0.022 -5"><span class='ocrx_word' id='word_1_573' title='bbox 417 5281 642 5339; x_wconf 52' lang='lat' dir='ltr'><strong>nam&amp;</strong></span> 
     </span>
    </p>
   </div>
   <div class='ocr_carea' id='block_1_4' title="bbox 0 0 2188 6101">
    <p class='ocr_par' dir='ltr' id='par_1_4' title="bbox 0 0 2188 6101">
     <span class='ocr_line' id='line_1_53' title="bbox 0 0 2188 6101; baseline 0 0"><span class='ocrx_word' id='word_1_574' title='bbox 0 0 2188 6101; x_wconf 95' lang='lat' dir='ltr'><strong> </strong></span> 
     </span>
    </p>
   </div>
  </div>
 </body>
</html>
