4367 6109
472 572 534 641 roo
842 581 884 645 ru
907 581 946 658 o.
968 579 1187 646 oruouruu
1207 582 1418 680 numano
1502 520 1507 536 ⁸

471 752 613 814 omnium
634 770 729 814 causa
749 749 789 813 ad
811 770 880 815 eam
902 758 1024 834 partem
1045 752 1217 816 accessisse
1230 753 1277 816 rei
1295 752 1442 835 publicae
1459 751 1691 831 sublevandae,
1713 776 1794 841 qsme

471 847 608 909 maximo
629 845 795 908 laboraret.
840 842 889 907 i0.
912 847 1018 922 Nunc,
1052 846 1203 930 quoniam
1232 846 1348 930 quibus
1370 846 1464 909 rebus
1486 846 1644 912 adductus
1658 849 1700 914 ad
1722 870 1796 914 cau·

471 961 538 1005 sam
565 941 751 1006 accesserim
779 940 1008 1015 demonstravi,
1037 941 1205 1003 dicendum
1237 941 1417 1004 necessario
1445 950 1494 1005 est
1522 942 1563 1006 de
1589 946 1795 1010 contentione

470 1044 594 1110 nostra,
615 1036 707 1098 utin
729 1034 953 1097 constituendo
975 1042 1159 1098 accusatore
1182 1033 1260 1118 quid
1281 1036 1374 1118 sequi
1399 1035 1513 1118 positis
1534 1036 1690 1103 babeatis.

445 1155 460 1200 s
551 1133 619 1213 Ego
642 1130 688 1193 sic
710 1129 873 1211 intelligo,
903 1128 1041 1192 iudices:
1070 1150 1143 1192 cum
1166 1128 1206 1192 de
1227 1128 1372 1211 pecuniis
1392 1130 1579 1212 repetundis
1601 1153 1720 1197 nomen
1741 1155 1796 1197 cu·

468 1226 603 1309 iuspiam
627 1225 801 1296 deferatur,
824 1225 850 1285 si
873 1232 1032 1287 certamen
1052 1223 1136 1286 inter
1157 1224 1283 1307 aliquos
1306 1224 1360 1297 sit,
1382 1224 1433 1285 cui
1454 1225 1656 1307 potissimum
1675 1227 1795 1292 delatio

468 1321 576 1395 detur,
599 1321 676 1383 haec
699 1318 763 1382 duo
785 1318 951 1400 inprimis
974 1319 1110 1400 spectari
1134 1325 1300 1401 oportere:
1323 1337 1418 1401 quem
1440 1320 1577 1384 maxime
1592 1321 1694 1385 velint
1709 1329 1796 1385 acto-

466 1437 532 1479 rem
556 1436 626 1479 esse
647 1416 687 1487 ii,
710 1413 827 1497 quibus
848 1412 950 1476 sactae
972 1433 1042 1477 esse
1066 1414 1213 1475 dicautur
1234 1412 1385 1487 iniuriae,
1407 1421 1440 1476 et
1461 1435 1557 1497 quem
1571 1416 1703 1479 minime
1718 1416 1794 1481 velit

467 1510 510 1584 is,
535 1510 590 1595 qui
613 1529 665 1571 eas
687 1507 820 1570 iniurias
842 1506 956 1571 fecisse
978 1516 1136 1591 arguatur.
1180 1509 1232 1569 lv.
1255 1501 1306 1568 ll.
1328 1507 1365 1568 ln
1379 1506 1439 1569 bac
1453 1528 1565 1584 causa,
1586 1509 1727 1587 iudices,
1749 1520 1795 1575 ta-

430 1605 559 1670 rometsi
581 1612 753 1686 utrumque
776 1622 845 1666 esse
868 1603 1004 1666 arbitror
1025 1601 1246 1684 perspicuum,
1268 1608 1375 1664 minen
1397 1602 1437 1664 de
1458 1611 1597 1688 utroque
1618 1606 1740 1682 dicam,
1762 1613 1794 1671 et

467 1699 506 1762 de
529 1719 567 1761 eo
589 1699 697 1781 prius,
721 1697 807 1781 quod
829 1698 915 1779 apud
936 1716 993 1759 vos
1016 1696 1189 1778 plurimum
1211 1695 1306 1758 debet
1320 1694 1443 1771 valere,
1464 1695 1527 1760 boc
1541 1705 1604 1774 est,
1625 1701 1667 1763 de
1679 1701 1793 1765 volun·

467 1803 530 1858 tate
552 1812 680 1867 eorum,
703 1792 820 1875 quibus
842 1791 977 1854 iniuriae
998 1790 1101 1853 factae
1124 1797 1213 1865 sunt;
1237 1809 1373 1874 quorum
1387 1810 1484 1855 causa
1505 1792 1660 1858 iudicium
1675 1796 1715 1860 de
1736 1816 1793 1879 pe·

466 1890 569 1952 cuniis
597 1886 783 1969 repetundis
809 1894 858 1949 est
886 1885 1104 1950 constitutum.
1148 1884 1290 1947 Siciliam
1318 1884 1515 1967 provinciam
1541 1886 1574 1949 C.
1597 1890 1714 1953 Verres
1735 1909 1793 1972 per

465 1982 637 2047 triennium
659 1980 870 2065 depopulatus
893 2000 979 2054 esse,
1003 1980 1183 2042 Siculorum
1204 1978 1349 2041 civitates
1369 1986 1527 2055 vastasse,
1550 1982 1662 2047 domos
1682 1983 1792 2048 exina-

428 2078 567 2149 stnisse‚
598 2074 671 2137 t'ana
699 2075 854 2159 spoliasse
882 2075 1007 2137 dicitur.
1050 2075 1191 2147 Adsunt,
1224 2079 1401 2157 quemutur
1428 2073 1527 2138 Siculi
1556 2078 1719 2142 universi:
1750 2079 1791 2143 ad

464 2191 566 2235 meam
588 2167 699 2243 fidem,
722 2189 817 2253 quam
837 2168 956 2231 habent
978 2174 1150 2250 spectatam
1172 2166 1285 2229 iamet
1307 2168 1484 2250 cognitam,
1507 2170 1712 2254 confugiunt:
1735 2192 1791 2237 au·

464 2265 576 2328 xilium
599 2264 658 2326 sibi
681 2284 739 2347 per
759 2255 809 2327 me
831 2283 850 2325 a
872 2262 962 2327 vobis
983 2270 1079 2345 atque
1101 2281 1121 2323 a
1142 2260 1254 2343 populi
1276 2261 1410 2323 Romani
1432 2261 1555 2344 legibus
1576 2272 1708 2348 petunt:
1740 2286 1791 2330 me

464 2359 663 2424 defensorem
685 2358 897 2421 calamitatum
915 2377 1060 2430 suarum,
1083 2375 1134 2417 me
1152 2355 1289 2417 ultorem
1303 2353 1506 2429 iniuriarum,
1528 2377 1579 2420 me
1594 2360 1790 2441 cognitorem

463 2454 542 2518 iuris
565 2455 631 2528 sui,
653 2474 704 2516 me
726 2461 864 2517 actorem
886 2472 999 2516 causae
1019 2450 1117 2538 totius
1133 2468 1203 2511 esso
1217 2448 1399 2511 voluerunt
1432 2443 1483 2512 l2.
1506 2450 1633 2528 Utrum,
1657 2453 1697 2529 Q.
1713 2453 1791 2518 Cae·

426 2548 536 2621 aocili,
557 2548 619 2610 boc
642 2548 731 2622 dicis,
753 2568 803 2611 me
825 2568 890 2610 non
906 2547 1085 2610 Siculomm
1107 2552 1221 2626 rogatu
1241 2542 1282 2605 ad
1304 2561 1433 2605 causam
1455 2544 1621 2621 accedere,
1642 2566 1685 2610 an
1706 2546 1790 2630 opti·

408 2693 416 2705 .
463 2661 586 2705 morum
614 2638 933 2725 fidelissimorumque
963 2640 1123 2703 sociorum
1149 2638 1345 2701 voluntatem
1372 2638 1458 2720 apud
1486 2635 1546 2702 hos
1568 2659 1697 2723 gravem
1719 2659 1789 2704 esse

462 2756 527 2799 non
550 2739 722 2820 oporteret
755 2737 788 2799 Si
812 2736 845 2798 id
867 2735 1000 2799 audebis
1022 2734 1147 2807 dicere,
1179 2732 1266 2814 quod
1288 2730 1324 2793 C.
1345 2731 1475 2807 Verres,
1497 2734 1549 2797 cui
1570 2742 1602 2797 te
1623 2734 1788 2798 inimicum

462 2851 532 2895 esse
554 2832 700 2905 simulas,
730 2831 866 2893 maxime
892 2828 1067 2892 existimari
1095 2826 1179 2901 vult,
1210 2825 1335 2887 Siculos
1363 2825 1426 2889 boc
1448 2844 1467 2888 a
1487 2846 1538 2890 me
1559 2846 1626 2891 non
1646 2829 1787 2912 petisses

365 3004 367 3009 ,
460 2927 598 3009 primum
627 2944 754 2989 causam
775 2924 895 2987 inimici
917 2924 964 2986 tui
987 2920 1184 2994 sublevabis,
1212 2920 1251 2981 dc
1274 2938 1338 3003 quo
1361 2937 1438 2982 non‘
1454 2921 1704 3001 praeiudicium,
1730 2924 1787 2988 sed

424 3021 558 3104 soplane'
583 3020 736 3084 iudicium
757 3019 821 3081 iam
843 3018 961 3081 lactum
975 3023 1121 3099 putatur,
1143 3014 1230 3098 quod
1245 3014 1290 3076 ita
1303 3013 1516 3096 percrebruit,
1535 3016 1661 3080 Siculos
1675 3036 1786 3082 omues

461 3121 600 3179 actorem
622 3134 699 3177 suae
721 3131 835 3175 causae
857 3119 967 3174 contra
987 3109 1074 3172 illius
1096 3109 1232 3172 iniurias
1247 3109 1421 3193 quaesisse.
1454 3104 1506 3172 t3.
1527 3108 1598 3173 Hoc
1613 3110 1641 3174 si
1656 3116 1704 3187 tu,
1725 3111 1787 3175 ini·

460 3209 561 3272 micus
583 3209 670 3283 eius,
702 3207 821 3271 factum
851 3205 998 3289 negabis,
1032 3204 1120 3287 quod
1148 3203 1233 3287 ipse,
1267 3203 1319 3266 cui
1340 3204 1478 3267 maxime
1498 3203 1578 3267 baec
1598 3224 1650 3269 res
1672 3205 1787 3282 obstat,

459 3319 575 3387 negare
602 3324 668 3367 nou
698 3303 814 3376 audet,
844 3301 949 3364 videto
977 3320 1018 3362 ne
1047 3298 1180 3361 nimium
1206 3297 1406 3361 familiariter
1434 3297 1615 3362 iuimicitias
1638 3318 1785 3363 exercere

458 3399 598 3462 videare.
630 3397 753 3460 Deinde
776 3404 849 3459 sunt
869 3402 966 3459 testes
987 3393 1048 3457 viri
1074 3393 1241 3456 clarissimi
1256 3399 1383 3457 nostrae
1399 3393 1554 3468 civitatis,
1577 3412 1660 3478 quos
1675 3413 1784 3460 omnes

421 3506 478 3556 toa
499 3514 549 3556 me
571 3491 728 3556 nominari
749 3510 814 3552 non
836 3498 886 3553 est
906 3508 1057 3552 necesse:
1090 3508 1146 3551 eos
1177 3486 1232 3571 qui
1262 3486 1379 3550 adsunt
1389 3485 1589 3570 appellabo:
1624 3508 1725 3572 quos,
1757 3489 1784 3553 si

459 3588 624 3661 mentirer,
646 3593 742 3648 testes
765 3604 834 3647 esse
855 3583 1072 3666 impudentiae
1094 3599 1183 3644 meac
1205 3579 1335 3642 minime
1355 3581 1480 3645 vellem.
1516 3581 1643 3657 Scitis,
1665 3582 1722 3666 qui
1736 3590 1784 3646 est

458 3681 492 3744 in
515 3680 665 3754 consilio,
688 3680 721 3741 C.
736 3678 928 3742 Marcellus:
951 3677 1011 3739 scit
1023 3676 1069 3750 is,
1092 3694 1188 3758 quem
1202 3673 1314 3736 adesse
1327 3674 1440 3749 video,
1464 3673 1520 3738 Cn.
1533 3674 1688 3741 Lentulus
1702 3678 1783 3741 blar-

458 3774 610 3838 cellinus:
643 3794 779 3858 quorum
810 3770 873 3834 fide
900 3779 996 3856 atque
1025 3770 1186 3852 praesidio
1216 3766 1315 3830 Siculi
1342 3767 1480 3831 maxime
1502 3769 1663 3846 nituntur,
1695 3769 1782 3855 quod

459 3868 589 3930 omnino
618 3866 838 3929 Marcellorum
867 3864 989 3928 nomini
1016 3872 1084 3927 tota
1113 3864 1169 3926 illa
1198 3862 1363 3946 provincia
1391 3862 1541 3926 adiuncta
1563 3869 1622 3926 est.
1667 3859 1719 3927 is.
1739 3862 1780 3926 lii

420 3961 564 4023 eesciuut
582 3959 645 4022 boc
666 3979 731 4022 nou
752 3956 848 4020 modo
870 3976 953 4020 ame
968 3957 1103 4039 petitum
1118 3976 1205 4032 esse,
1228 3957 1283 4019 sed
1299 3958 1345 4020 ita
1359 3977 1453 4041 saepe
1469 3966 1501 4023 et
1515 3959 1561 4022 ita
1574 3958 1780 4026 vehementer

457 4076 527 4120 esse
549 4055 699 4138 petitum,
720 4060 758 4115 ut
778 4059 833 4115 adt
854 4071 949 4114 causa
970 4051 1048 4113 mihi
1069 4051 1271 4133 suscipienda
1291 4051 1389 4116 fuerit
1408 4060 1465 4116 aut
1479 4050 1621 4117 officium
1641 4053 1779 4117 necessi·

457 4149 576 4212 tudinis
598 4144 839 4232 repudiandum.
883 4146 946 4209 Sed
968 4145 1046 4229 quid
1067 4164 1127 4227 ego
1148 4145 1200 4207 bis
1221 4145 1355 4209 testibus
1376 4152 1466 4222 utor,
1498 4148 1590 4231 quasi
1611 4166 1663 4210 res
1686 4146 1781 4210 dubia

457 4251 513 4306 aut
539 4244 673 4307 obscura
703 4242 768 4305 siti
812 4240 936 4304 Adsunt
961 4240 1108 4303 homines
1139 4260 1179 4304 ex
1208 4246 1275 4303 tota
1296 4242 1463 4324 provincia
1483 4242 1692 4316 nobilissimi,
1724 4239 1779 4325 qui

457 4345 639 4420 praesentes
661 4357 717 4400 vos
739 4344 831 4400 orant
851 4344 947 4420 atque
970 4335 1153 4408 obsecrant,
1175 4334 1315 4410 iudices,
1337 4336 1428 4399 utin
1449 4344 1780 4400 actorecausaesuae

419 4430 625 4513 todeligendo
646 4436 786 4494 vestrum
807 4429 961 4493 iudicium
983 4428 1023 4492 ab
1047 4448 1105 4491 suo
1127 4427 1246 4492 iudicio
1269 4449 1310 4492 ne
1333 4429 1501 4513 discrepet.
1534 4429 1684 4493 Omnium
1703 4427 1779 4492 civi·

456 4529 557 4587 tatum
585 4522 682 4585 totius
710 4523 837 4586 Siciliae
863 4523 1037 4605 legationes
1067 4522 1184 4587 adsunt
1204 4532 1330 4607 praeter
1351 4526 1430 4588 duas
1452 4525 1611 4589 civitates:
1645 4542 1778 4610 quarum

523 4709 547 4759 l.
563 4705 739 4757 sobbomdom
755 4706 822 4756 coni.
835 4707 891 4758 Urs.
905 4705 981 4771 prob.
995 4708 1081 4757 Garat.
1097 4733 1124 4742 —
1143 4708 1168 4757 2.
1181 4706 1276 4757 laboret
1292 4709 1383 4760 Franc.
1399 4736 1426 4746 -
1445 4710 1469 4760 8.
1482 4709 1583 4759 oeneus
1597 4708 1656 4758 uelit
1666 4709 1698 4759 Gt
1714 4704 1776 4759 Poll.

455 4781 489 4836 el.
507 4782 540 4834 cl.
560 4796 583 4833 c.
597 4782 621 4831 7.
638 4781 695 4832 init.
713 4783 777 4833 llas.
790 4782 887 4831 Victor.
906 4794 932 4846 p.
946 4779 993 4831 ot:
1011 4782 1124 4831 mammo
1139 4782 1197 4833 oelit
1213 4782 1350 4845 ortdrc
1369 4784 1446 4835 codd.
1466 4784 1522 4835 Lbi.
1538 4811 1563 4823 -
1584 4782 1624 4834 43.
1642 4783 1779 4846 repetendis

456 4860 506 4919 os;
523 4855 647 4922 repetiidis
664 4858 709 4906 Gt.
729 4882 756 4891 -
782 4856 821 4905 io.
841 4862 864 4906 et
879 4857 1004 4920 cognitam
1021 4856 1161 4919 Gildng
1177 4854 1236 4907 coll.
1255 4860 1312 4907 Act.
1330 4859 1350 4908 l.
1375 4858 1399 4922 5.
1417 4860 1466 4910 29:
1494 4865 1518 4910 et
1539 4860 1583 4909 diu
1598 4859 1725 4922 suasim
1741 4859 1773 4909 Gt

455 4933 503 4985 dtt.
517 4933 546 4984 0.
565 4932 717 4984 «stoicem
732 4930 819 4995 potius
836 4932 986 4994 scripsisset
1001 4937 1137 4993 spectatam
1153 4932 1249 4981 icum
1264 4938 1287 4981 et
1303 4934 1453 4996 mundum».
1472 4933 1558 4986 lladv.
1578 4933 1612 4985 de
1629 4936 1691 4985 Asc.
1708 4936 1775 4998 App.

454 5022 482 5073 p.
495 5008 536 5060 32.
549 5037 576 5046 —
590 5009 629 5059 49.
641 5007 727 5059 volunt
738 5004 862 5056 63131.-
875 5006 916 5057 20.
929 5005 989 5054 dicis
1000 5004 1204 5070 Gibrllgw,
1223 5005 1255 5056 ci.
1268 5005 1302 5056 ad
1315 5006 1339 5071 s.
1349 5007 1405 5058 sa:
1425 5009 1484 5058 dicit
1495 5008 1547 5068 ld,
1566 5008 1631 5057 dues
1641 5008 1674 5057 (il
1688 5006 1736 5058 dit.
1746 5008 1775 5057 0.

457 5108 485 5121 -
498 5084 539 5134 ib.
554 5081 752 5145 pomeranos
765 5080 801 5129 st.
814 5092 820 5127 :
837 5078 1045 5142 permoverem
1060 5081 1201 5143 percrebuit
1216 5081 1278 5144 ng.
1291 5079 1385 5145 pleriq.
1399 5082 1428 5132 0.
1443 5109 1471 5121 -
1483 5082 1524 5134 26.
1537 5089 1696 5135 acwremrm
1706 5083 1775 5136 oonl.

454 5158 572 5209 blenard.
587 5158 615 5209 0.
633 5159 666 5208 At
676 5155 737 5206 vide
748 5152 834 5205 lledv.
848 5154 882 5205 de
893 5157 952 5205 Asc.
963 5156 1030 5218 App.
1043 5167 1069 5218 p.
1083 5156 1124 5206 36.
1138 5182 1166 5192 -
1184 5155 1225 5206 29.
1238 5157 1328 5222 omnes]
1341 5158 1449 5209 bomne
1459 5160 1496 5209 Gt
1505 5158 1543 5209 Ld
1552 5174 1578 5221 ς.
1588 5186 1616 5197 -
1628 5159 1670 5210 30.
1682 5172 1778 5211 necem

455 5246 506 5283 oon
521 5239 556 5283 esi
566 5234 612 5283 Gt.
627 5258 655 5270 -
674 5231 714 5282 33.
731 5228 853 5293 sumar]
870 5230 909 5279 sic
924 5225 1019 5291 vulgo:
1036 5234 1142 5281 utantur
1158 5231 1236 5282 codd.
1251 5233 1314 5283 noti.
1332 5235 1365 5284 at
1382 5233 1414 5284 ct.
1427 5237 1484 5286 Aet.
1498 5236 1517 5286 l.
1536 5235 1561 5300 5.
1574 5236 1615 5286 ss.
1630 5259 1658 5273 -
1678 5236 1720 5288 36.
1732 5240 1779 5287 aas

456 5306 542 5373 com]
560 5320 639 5360 cuore
655 5308 725 5371 (ἰῆς.
745 5327 773 5343 -
792 5303 834 5355 37.
850 5304 888 5356 liis
903 5303 994 5357 mutu
1008 5308 1061 5359 test.
1080 5306 1126 5357 Gt.
1145 5332 1175 5345 -
1192 5306 1270 5359 dublo
1284 5308 1317 5359 sit
1332 5313 1377 5360 eat
1395 5308 1459 5362 obre.
1475 5324 1503 5374 ς.
1523 5335 1552 5349 ·-
1569 5308 1612 5362 lt.
1629 5310 1761 5364 enom.
