4367 6109
450 595 491 663 ll
741 602 891 668 ORATIO
913 603 990 669 PRO
1014 603 1103 669 SEX.
1124 603 1271 670 Roscio
1293 602 1476 669 AMERINO

451 766 606 846 officium,
640 770 694 855 qui
722 773 800 836 tanti
829 773 957 837 sceleris
978 780 1136 856 argueret,
1170 775 1329 859 explicare
1351 774 1458 838 omnia
1478 774 1555 837 vitia
1574 794 1612 838 ac
1631 782 1763 857 peccata

450 862 523 939 lilii,
557 866 673 949 quibus
703 866 851 931 incensus
883 889 997 951 parens
1026 870 1167 952 poluerit
1194 870 1334 932 animum
1363 868 1529 944 inducere,
1562 876 1598 931 ut
1618 877 1762 933 naturam

450 961 550 1042 ipsam
572 962 726 1035 vinceret,
748 969 784 1024 ut
805 982 944 1026 amorem
966 964 1055 1026 illum
1078 964 1204 1046 penitus
1225 962 1356 1025 insitum
1378 961 1507 1025 eiiceret
1528 982 1568 1024 ex
1582 962 1707 1036 animo,
1729 970 1764 1025 ut

450 1053 587 1137 denique
609 1062 729 1137 patrem
752 1075 821 1117 esse
844 1076 913 1120 sese
935 1057 1189 1133 oblivisceretur,
1212 1076 1294 1141 quae
1315 1056 1383 1119 sine
1405 1057 1528 1140 magnis
1542 1056 1676 1121 huiusce
1690 1077 1764 1140 peo-

426 1146 526 1209 ocatis
554 1148 696 1211 accidere
724 1149 867 1232 potuisse
899 1172 964 1215 non
992 1152 1136 1215 arbitror.
1178 1148 1229 1213 54.
1258 1153 1376 1214 Verum
1398 1150 1538 1214 concedo
1559 1151 1636 1225 tibi,
1670 1157 1706 1213 ut
1727 1170 1764 1214 ea

447 1247 640 1324 praetereas,
671 1263 769 1327 quae,
800 1265 870 1308 cum
900 1254 1002 1320 taces,
1030 1246 1118 1309 nulla
1148 1266 1217 1309 esse
1240 1245 1398 1309 concedis.
1440 1245 1534 1308 lllum
1556 1244 1687 1329 quidem
1709 1264 1765 1308 vo·

447 1334 544 1397 luisse
566 1336 757 1400 exheredare
780 1345 863 1400 certe
886 1345 920 1402 tu
934 1339 1064 1422 planum
1078 1339 1182 1404 iacere
1197 1339 1304 1403 debes.
1339 1339 1423 1416 Quid
1439 1358 1514 1422 ergo
1529 1340 1639 1413 affers,
1667 1358 1765 1423 quara

448 1427 480 1492 id
502 1428 620 1493 iactum
642 1434 814 1513 putemus‘l
846 1433 928 1495 Vere
949 1433 1029 1496 nihil
1050 1442 1141 1516 potes
1157 1434 1272 1495 dicere.
1302 1433 1401 1515 Finge
1415 1431 1537 1516 aliquid
1552 1431 1663 1495 saltem
1680 1450 1765 1495 com·

447 1521 554 1598 mode,
583 1532 619 1586 ut
640 1542 681 1586 ue
702 1523 796 1608 plane
817 1525 953 1589 videaris
975 1527 1007 1589 id
1028 1527 1149 1600 facere,
1177 1527 1263 1611 quod
1284 1533 1394 1609 aperte
1415 1524 1509 1600 iacis,
1537 1526 1633 1589 huius
1655 1526 1764 1590 miseri

410 1616 581 1683 tolortunis
604 1618 771 1682 ethorum
793 1619 934 1683 virorum
955 1622 1065 1684 talium
1087 1620 1230 1703 dignitati
1253 1620 1397 1683 illudere.
1440 1620 1641 1683 Exheredare
1662 1620 1765 1683 filium

446 1712 556 1775 voluit.
600 1712 702 1789 Quam
726 1712 766 1775 oh
788 1717 941 1778 causam?
974 1716 1098 1778 Nescio.
1129 1716 1406 1779 Exheredavitne‘l
1438 1717 1519 1778 Non.
1553 1714 1634 1790 Quis
1656 1715 1766 1799 prohi-

446 1806 540 1870 huitl
571 1806 744 1888 Cogitabat.
778 1807 837 1871 Cui
859 1808 964 1872 dixit?
996 1811 1132 1873 Nemini.
1165 1810 1250 1886 Quid
1273 1818 1321 1872 est
1342 1808 1429 1871 aliud
1452 1807 1570 1871 iudicio
1587 1808 1764 1891 aclegihus

446 1921 484 1966 ac
505 1901 666 1963 maiestate
687 1909 791 1964 vestra
808 1903 894 1966 abuti
910 1904 950 1966 ad
966 1914 1133 1988 quaestum
1148 1913 1243 1989 atque
1261 1903 1300 1966 ad
1316 1903 1494 1977 libidinem,
1515 1902 1577 1964 nisi
1591 1902 1653 1965 hoc
1669 1902 1764 1964 modo

447 2013 594 2058 accusare
616 2000 712 2078 atque
733 1995 766 2057 id
788 1996 943 2072 obiicere,
971 1997 1058 2081 quod
1080 1999 1210 2080 planum
1231 1997 1335 2060 facere
1357 2016 1422 2060 non
1444 1995 1539 2058 modo
1561 2015 1627 2058 non
1648 1995 1764 2079 possis,

410 2102 556 2152 laveram
577 2109 617 2151 ne
640 2089 763 2153 coneris
785 2089 940 2174 quidem?
983 2090 1034 2154 55.
1055 2094 1155 2154 Nemo
1179 2099 1323 2154 nostrum
1346 2098 1409 2166 est,
1440 2090 1550 2165 Eruci,
1573 2091 1653 2174 quin
1676 2090 1765 2163 sciat,

448 2183 504 2247 tibi
526 2183 705 2248 inimicitias
728 2205 799 2247 cum
816 2185 888 2247 Sex.
904 2186 1018 2249 Roscio
1031 2185 1137 2249 nullas
1153 2206 1240 2261 esse3
1262 2184 1372 2248 uident
1386 2203 1514 2258 omnes,
1537 2184 1655 2268 quade
1671 2202 1767 2247 causa

446 2277 509 2341 huc
537 2276 685 2341 inimicus
713 2278 840 2353 venias3
873 2280 978 2342 sciunt
998 2280 1132 2344 huiusce
1154 2281 1290 2363 pecunia
1311 2287 1342 2342 te
1364 2278 1534 2341 adductum
1556 2297 1635 2341 esse.
1680 2275 1765 2354 Quid

447 2391 522 2454 crgo
546 2373 615 2435 esti
649 2373 696 2435 lta
717 2380 822 2436 tamen
844 2381 994 2457 quaestus
1016 2381 1046 2437 te
1062 2376 1212 2458 cupidum
1228 2397 1297 2440 esse
1316 2374 1497 2457 oportebat,
1521 2375 1684 2437 uthorum
1698 2372 1767 2436 exi·

448 2467 659 2529 etimationem
682 2474 713 2529 θῖ
734 2466 836 2550 legem
858 2468 1031 2531 Remmiam
1052 2477 1181 2551 putares
1203 2470 1324 2554 aliquid
1347 2468 1452 2531 valere
1475 2475 1631 2549 oportere.

410 2574 439 2624 ro
531 2562 602 2625 llll.
632 2561 840 2625 Accusatores
869 2563 986 2625 multos
1010 2583 1079 2625 esse
1102 2565 1136 2625 in
1158 2564 1285 2627 civitate
1307 2563 1385 2626 utile
1408 2569 1470 2637 est,
1499 2569 1535 2624 ut
1556 2569 1642 2625 metu
1665 2562 1766 2626 conti-

448 2662 562 2721 neatur
582 2655 730 2720 audacia:
752 2664 980 2721 verumtamen
1002 2658 1063 2720 hoc
1086 2660 1130 2721 ita
1145 2648 1194 2722 θεῖΙ
1206 2658 1302 2732 utile,
1323 2667 1359 2721 ut
1374 2678 1413 2720 ne
1434 2657 1528 2739 plane
1542 2656 1714 2721 illudamur
1727 2657 1765 2720 alr

448 2751 694 2814 accusatoribus.
731 2752 887 2814 Innocens
910 2758 957 2813 est
972 2752 1146 2834 quispiam:
1169 2759 1416 2824 verumtamen,
1439 2769 1631 2833 quamquam
1645 2751 1767 2814 abesto

448 2844 558 2925 culpa,
592 2844 774 2926 suspicione
805 2853 909 2908 tamen
938 2866 1002 2908 non
1032 2854 1126 2909 caret.
1171 2848 1308 2909 Tametsi
1331 2846 1480 2909 miserum
1502 2852 1563 2919 est,
1590 2852 1698 2908 tamen
1720 2846 1766 2919 ei,

449 2939 504 3023 qui
532 2939 618 3001 hunc
644 2946 784 3014 accuset,
814 2941 934 3024 possim
961 2941 1070 3023 aliquo
1099 2940 1194 3002 modo
1216 2941 1391 3022 ignoscere.
1436 2938 1515 3001 Cum
1537 2938 1623 3001 enim
1644 2939 1766 3024 aliquid

410 3033 580 3107 rehabeat,
603 3033 689 3116 quod
710 3034 813 3114 possit
835 3034 1003 3096 criminose
1026 3053 1062 3096 aa
1084 3035 1259 3116 suspiciose
1282 3034 1405 3106 dicere,
1428 3038 1536 3114 aperte
1557 3028 1713 3096 ludificari
1735 3040 1768 3097 et

448 3127 631 3192 calumniari
654 3127 757 3189 sciens
778 3147 843 3190 non
865 3128 1018 3191 rideatur.
1062 3126 1113 3191 56.
1143 3128 1248 3204 Quare
1276 3128 1369 3191 facile
1397 3147 1506 3189 omnes
1535 3125 1676 3208 patimur
1697 3147 1766 3192 esse

448 3242 543 3305 quam
573 3221 728 3305 plurimos
757 3227 970 3296 accusatores,
1002 3223 1088 3306 quod
1116 3223 1283 3296 innocens,
1313 3222 1340 3284 si
1368 3226 1534 3283 accusatus
1556 3220 1613 3296 sit,
1644 3221 1766 3286 absolvi

447 3323 566 3397 potest,
595 3335 729 3391 nocens,
758 3316 820 3379 nisi
848 3323 1015 3378 accusatus
1041 3315 1155 3389 fuerit,
1185 3316 1386 3378 condemnari
1407 3334 1472 3376 non
1492 3320 1608 3396 potest.
1651 3315 1766 3379 Utilius

448 3417 496 3472 est
517 3416 621 3472 autem
644 3410 764 3474 absolvi
786 3412 987 3474 innocentem
1009 3431 1106 3494 quam
1128 3417 1295 3474 nocentem
1317 3427 1443 3471 causam
1465 3427 1530 3469 non
1553 3404 1669 3470 dicere.
1703 3408 1768 3470 An-

410 3503 570 3566 toseribus
593 3504 708 3567 cibaria
729 3505 855 3588 publice
878 3505 1037 3581 locantur,
1062 3514 1093 3568 et
1115 3527 1209 3569 canes
1224 3503 1352 3573 aluntur
1372 3503 1405 3563 in
1423 3500 1597 3585 Capitolio,
1619 3508 1656 3564 ut
1670 3503 1767 3585 signi-

449 3592 557 3669 ficent,
580 3597 606 3658 si
627 3596 712 3661 fures
734 3600 890 3662 venerint.
933 3601 974 3664 Αῖ
994 3600 1080 3663 sures
1101 3601 1317 3663 internoscere
1332 3616 1397 3658 non
1416 3601 1567 3677 possunt:
1590 3593 1768 3678 significant

449 3698 569 3763 tamen,
592 3691 618 3751 si
641 3692 696 3774 qui
719 3700 814 3754 noctu
830 3694 864 3755 in
880 3694 1071 3776 Capitolium
1085 3695 1248 3767 venerint3
1271 3699 1318 3766 et,
1342 3691 1418 3774 quia
1433 3689 1466 3752 id
1481 3696 1529 3752 est
1544 3690 1767 3772 suspiciosum,

449 3783 573 3847 tametsi
604 3784 724 3847 bestiae
756 3793 846 3860 sunt,
876 3795 980 3848 tamen
1009 3789 1044 3849 in
1073 3794 1286 3869 campartem
1309 3785 1415 3867 potius
1438 3790 1585 3866 peccant,
1616 3790 1768 3866 quaeest

513 3960 537 4009 t.
556 3971 661 4022 arguero
682 3960 711 4008 G.
732 3985 759 3995 -
784 3960 847 4008 vitia
870 3972 923 4009 om.
943 3962 972 4010 G.
997 3987 1024 3995 —
1051 3974 1082 4009 ac
1099 3974 1126 4022 p.
1145 3961 1239 4009 ilva:
1262 3965 1326 4021 etp.
1346 3962 1381 4019 G;
1407 3965 1522 4022 alquop.
1541 3959 1587 4008 Oc
1604 3960 1631 4008 at
1646 3955 1717 4022 vulg.
1737 3982 1765 3995 -

449 4035 472 4084 i.
489 4047 580 4095 parens
596 4034 620 4083 ll
630 4037 674 4084 Gc
685 4048 690 4082 :
705 4039 780 4096 pater
797 4035 816 4085 C
826 4035 847 4085 ll
858 4035 874 4084 S
883 4036 903 4084 Τ
912 4049 928 4084 ν
937 4048 965 4094 a,
984 4035 1043 4085 cod.
1063 4036 1122 4085 Cur.
1141 4034 1230 4098 steph.
1250 4035 1293 4083 «ln
1311 4034 1352 4085 his
1369 4032 1501 4097 vulgarius
1518 4046 1578 4084 voc.
1595 4030 1767 4083 substitutum

449 4111 490 4160 est
510 4108 678 4173 exquisitiorl.
713 4110 754 4160 Sic
775 4111 885 4159 variavit
906 4110 985 4160 etium
1006 4110 1030 4173 5.
1049 4111 1104 4161 37.:
1129 4110 1249 4160 Occidissc
1268 4115 1367 4171 patrem
1388 4110 1447 4159 Sca.
1467 4109 1566 4158 Roscius
1587 4110 1706 4173 araretur
1722 4134 1737 4145 -
1753 4133 1769 4145 ·

449 4185 492 4248 qui
507 4189 611 4234 mortam
627 4184 740 4235 obtulerit
752 4184 878 4247 parenti.»
891 4185 935 4233 On.
948 4186 972 4233 2.
988 4211 1015 4219 -
1034 4183 1058 4235 4.
1077 4198 1127 4234 esse
1142 4197 1191 4235 εθεθ
1208 4186 1293 4246 Gall,
1311 4198 1394 4235 voc:
1413 4198 1462 4234 θεεθ
1478 4198 1502 4233 εθ
1518 4184 1574 4243 Mi3
1592 4196 1617 4233 εθ
1631 4196 1681 4233 θεεθ
1691 4196 1765 4248 susp.

361 4311 365 4319 ,
450 4260 541 4312 Lamb.
556 4282 589 4294 ·—
607 4261 631 4309 5.
649 4261 754 4311 concedo
770 4259 821 4324 tibi]
839 4260 958 4309 concedas
975 4262 1003 4309 G.
1024 4287 1051 4296 -
1070 4260 1094 4309 6.
1113 4273 1169 4308 coca
1186 4273 1239 4310 om.
1252 4262 1281 4310 G.
1302 4286 1329 4296 ·-
1348 4259 1372 4309 Ἰ.
1390 4264 1457 4309 certo
1473 4272 1499 4308 v.
1514 4286 1541 4295 -
1560 4258 1644 4322 adfare
1660 4258 1687 4307 id
1704 4258 1766 4321 lom.

449 4333 538 4397 quara)
555 4335 583 4383 G.
604 4360 631 4370 -
649 4335 673 4385 8.
689 4341 758 4397 poter
773 4349 798 4385 εθ
813 4335 894 4385 dicere
909 4338 930 4385 G
948 4337 975 4385 et
991 4334 1050 4385 cod.
1069 4335 1106 4383 st.
1124 4335 1189 4384 Vici.
1209 4335 1276 4398 (tort.
1296 4349 1328 4385 ex
1345 4339 1415 4397 paces
1430 4334 1542 4391 edicere;
1568 4332 1602 4383 ci.
1621 4330 1673 4382 Sal.
1692 4329 1766 4384 Catil.

450 4409 494 4470 48,
514 4408 548 4471 4.)
568 4436 595 4445 -
613 4409 717 4475 aliquid]
735 4411 805 4460 aliod
821 4410 851 4461 44,
873 4437 899 4448 -
919 4410 943 4460 9.
961 4416 989 4462 ot
1005 4424 1035 4460 aa
1052 4412 1164 4460 Grac:
1182 4423 1212 4460 aa
1229 4412 1261 4460 ll.
1283 4437 1310 4445 -
1330 4411 1370 4460 ti.
1388 4407 1521 4473 cogitabat]
1540 4408 1578 4459 sio
1594 4408 1685 4458 GTv:
1703 4408 1769 4472 cogi·

450 4483 536 4543 talat;
553 4483 701 4547 cogitabat?
723 4486 774 4536 Ma
787 4499 815 4546 c,
839 4484 916 4535 codd.
936 4483 991 4535 rell.
1012 4486 1079 4545 noti,
1098 4485 1126 4534 0.
1154 4484 1193 4535 Ct.
1211 4483 1295 4536 Madv.
1315 4485 1410 4548 Opusc.
1429 4484 1448 4532 1.
1467 4496 1493 4548 p.
1513 4483 1568 4533 tao.
1587 4509 1616 4519 -
1636 4482 1677 4532 43.
1695 4487 1769 4545 atque

451 4561 492 4629 ad]
510 4572 562 4609 om.
581 4560 615 4608 ad
635 4574 688 4618 xv.
708 4588 735 4597 -
759 4559 799 4611 44.
814 4566 895 4623 pauet
913 4563 941 4610 G.
963 4587 989 4596 -
1009 4561 1048 4610 45.
1066 4574 1137 4609 nemo
1153 4565 1188 4609 θεῖ
1204 4565 1315 4609 noctuam
1331 4560 1389 4615 M2;
1414 4557 1505 4607 nemini
1525 4562 1634 4607 uestram
1655 4562 1691 4607 εεῖ
1707 4556 1766 4607 sch.

453 4664 480 4674 -
498 4636 558 4699 grcia
574 4635 605 4684 sit
621 4636 650 4685 G.
671 4661 698 4671 -
716 4635 757 4685 tr.
774 4635 821 4685 liae
838 4636 1047 4702 (ὶΜΟΤψνθ,
1066 4636 1154 4685 Pars:
1173 4636 1229 4684 huic
1246 4634 1332 4694 LOc,
1351 4632 1422 4697 quod
1439 4631 1551 4682 lordono
1564 4629 1770 4696 (Zeitectirfflia

449 4710 628 4762 Alterdiumsw.
649 4709 720 4760 4835.
738 4722 765 4773 p.
778 4710 845 4771 795.)
865 4710 1045 4760 necessarium
1056 4708 1205 4760 videbatur.
1220 4737 1247 4746 -
1266 4709 1401 4759 inimicitiis
1413 4711 1441 4758 G.
1457 4736 1484 4744 -
1504 4707 1543 4757 49.
1561 4707 1698 4757 ῖῖθθιθιῖθεη
1714 4708 1767 4767 Ga,

450 4786 521 4849 Sch.,
540 4784 606 4835 Gud.
625 4796 660 4833 m.
679 4797 732 4848 pa,
750 4781 828 4833 codd.
847 4785 906 4834 Ant.
919 4785 1055 4846 Augustini
1072 4786 1139 4835 teste
1152 4786 1280 4835 Grutcro:
1300 4785 1409 4834 tiernium
1426 4784 1483 4842 ST;
1502 4783 1539 4832 rai
1553 4783 1633 4832 mium
1649 4786 1695 4833 aut
1710 4796 1770 4833 reic-

450 4865 528 4914 miom
544 4864 589 4912 out
604 4859 747 4911 ῖθνθειθίθθε
764 4856 842 4918 Pall.;
861 4859 929 4908 emaci
945 4859 997 4908 iam
1008 4860 1046 4918 Μ,
1064 4872 1184 4909 resonum
1195 4874 1225 4919 v,
1243 4859 1359 4909 memiam
1370 4860 1403 4917 44;
1422 4857 1566 4907 ltemmiam
1577 4870 1604 4918 c,
1622 4859 1653 4907 ut
1664 4858 1767 4908 Hotom.

450 4937 540 4989 voluit.
560 4965 588 4975 -
606 4936 646 4986 20.
666 4946 715 4983 θεεε
732 4945 783 4983 om.
803 4935 832 4982 G.
848 4959 874 4968 —
893 4938 921 4983 ut
936 4938 1003 4983 mota
1014 4960 1051 4971 --
1062 4934 1122 4983 otilo
1136 4941 1165 4984 ot
1181 4948 1234 4985 om.
1248 4936 1277 4984 G.
1292 4961 1320 4970 -
1338 4935 1378 4983 22.
1398 4933 1529 4995 qaisquam
1540 4937 1727 4994 cuempiam
1738 4934 1767 4982 G.

454 5040 480 5049 -
497 5014 538 5065 23.
558 5010 786 5075 ειιερῖθίοθθ--θεῖ
804 5020 857 5058 om.
876 5009 903 5058 G.
926 5033 953 5044 -
972 5008 1012 5060 24.
1028 5022 1129 5070 possum
1146 5012 1175 5059 G.
1189 5036 1215 5045 -
1233 5009 1274 5057 95.
1290 5009 1368 5070 possit
1384 5020 1416 5057 c:
1433 5007 1526 5068 ροεεῖθι
1542 5006 1767 5067 6Μ448κνθθς

449 5100 550 5149 passam
567 5089 595 5137 R.
615 5112 642 5123 κ
667 5084 796 5148 ludificare
813 5084 841 5132 G.
863 5109 888 5120 -
909 5084 950 5133 io.
968 5083 1138 5145 calumpniari
1154 5088 1188 5142 G;
1215 5083 1368 5133 detumulari
1385 5081 1443 5132 cod.
1462 5080 1554 5133 Lamb.
1574 5106 1602 5115 -
1626 5081 1668 5131 28.
1686 5082 1771 5131 atilius

453 5166 535 5210 aotam
551 5167 585 5211 θεῖ
601 5163 636 5221 G,
655 5160 714 5211 tort.
733 5158 821 5217 recte;
839 5161 876 5206 ut.
895 5163 1028 5208 esttamen
1045 5158 1136 5209 Lamb.
1154 5173 1227 5224 susp.
1249 5186 1275 5197 —
1297 5159 1338 5208 29.
1358 5157 1523 5207 εῖαθιεθνῖῖθε
1539 5157 1598 5206 Sch.
1620 5182 1647 5191 —
1666 5154 1707 5207 30.
1725 5169 1771 5220 ρεῖ-

453 5233 512 5284 blico
533 5248 585 5285 om.
603 5249 630 5287 v.
650 5264 677 5274 -
699 5234 851 5285 collocamur
872 5233 935 5283 citat
954 5235 1045 5283 auctor
1062 5234 1167 5293 Queroli
1183 5249 1210 5299 p.
1229 5233 1270 5285 49.
1290 5232 1332 5283 ed.
1351 5233 1425 5283 Parei
1444 5232 1515 5283 4649.
1536 5257 1564 5267 -
1582 5234 1606 5281 et
1621 5243 1676 5281 om.
1694 5243 1720 5281 v.
1740 5256 1767 5267 -

452 5309 570 5375 capitatio
586 5313 615 5362 G.
636 5337 662 5347 -
683 5307 1429 5378 3⁴.ac]ach.-aa.camenatov.-aatcfls.
1696 5316 1698 5319 ·
