4367 6109
661 580 730 646 nu.
750 580 789 646 v.
818 580 893 648 cn.
914 580 1195 647 xxxix-xrs
1222 578 1279 666 ss.
1301 576 1495 648 toa-too.
1682 575 1744 649 sta

422 752 474 816 cui
500 758 690 836 potestatem
718 751 953 836 imperiumque
980 751 1132 836 permisit
1162 761 1314 837 poterone
1343 771 1399 816 eos
1425 748 1550 816 afficere
1577 752 1745 836 supplicio,

422 845 477 930 qui
500 845 702 910 Cleomenem
724 847 824 911 secuti
846 855 932 922 sunt,
955 847 1119 930 ignoscere
1142 846 1318 923 Cleomeni,
1341 847 1396 932 qni
1418 867 1526 910 secum
1539 845 1649 932 ingere
1664 856 1744 914 etse

423 939 577 1022 consequi
605 940 717 1003 iussitt
748 948 903 1023 poterone
931 961 1000 1003 esse
1022 943 1054 1004 in
1076 962 1133 1006 eos
1155 942 1342 1018 vehemens,
1369 942 1424 1027 qui
1445 961 1542 1006 naves
1563 963 1627 1006 non
1648 942 1744 1007 modo

422 1034 534 1096 inanes
554 1032 748 1110 habuerunt,
770 1035 826 1098 sed
849 1035 942 1099 etiarn
965 1044 1105 1120 apertas,
1134 1037 1169 1099 in
1191 1056 1263 1100 eum
1284 1036 1477 1111 dissolutus,
1504 1038 1560 1121 qui
1580 1038 1668 1103 solus
1688 1037 1745 1101 ha·

421 1125 526 1190 buerit
547 1132 737 1191 constratam
759 1147 870 1191 navem
893 1138 924 1190 et
948 1129 1053 1191 minus
1075 1129 1290 1193 exinanitam?
1323 1132 1434 1193 Pereat
1456 1130 1642 1196 Cleomenes
1664 1130 1770 1195 unalt

421 1252 464 1267 -
486 1220 544 1283 Ubi
567 1217 666 1284 fidest
688 1222 743 1285 ubi
765 1223 1019 1287 exsecrationes?
1048 1223 1104 1285 ubi
1126 1223 1274 1287 dexterae
1297 1223 1567 1309 complexusque?
1588 1227 1643 1289 ubi
1664 1223 1743 1289 illud

422 1315 664 1378 contubernium
696 1315 858 1379 muliebris
889 1316 1020 1380 militiae
1047 1317 1080 1378 in
1110 1317 1165 1380 illo
1188 1318 1415 1382 delicatissimo
1437 1317 1555 1382 litorei
1588 1351 1629 1365 -
1661 1316 1744 1382 Fieri

421 1408 510 1472 nullo
532 1407 629 1472 modo
650 1415 792 1490 poterat,
816 1408 894 1492 quin
910 1409 1070 1474 Cleomeni
1092 1419 1283 1494 parceretur.
1313 1406 1384 1475 l05.
1407 1412 1507 1475 Vocat
1529 1411 1744 1477 Cleomenem:

421 1502 500 1566 dicit
522 1502 552 1565 ei
574 1522 608 1565 se
630 1502 778 1566 statuisse
799 1502 1049 1568 animadvertere
1071 1506 1104 1568 in
1126 1524 1236 1569 omnes
1258 1505 1448 1570 nauarchos:
1475 1506 1591 1570 itacui
1613 1505 1744 1589 periculi

421 1596 561 1660 rationes
582 1594 665 1659 ferre
685 1615 723 1659 ac
745 1596 917 1678 postulare.
931 1628 973 1644 -
997 1597 1086 1661 «Tibi
1110 1598 1166 1662 nni
1188 1619 1314 1682 parcam
1336 1607 1369 1662 et
1389 1599 1497 1683 potins
1518 1600 1610 1663 istius
1632 1599 1744 1683 culpae
1754 1609 1782 1657 44

422 1691 540 1753 cumen
561 1689 890 1774 vituperationemque
913 1691 1142 1756 inconstantiae
1164 1693 1351 1775 suscipiam,
1379 1713 1474 1776 qnam
1501 1701 1556 1757 aut
1576 1695 1610 1757 in
1631 1702 1662 1757 te
1683 1693 1744 1756 sim

421 1783 575 1859 crudelis,
609 1792 665 1848 ant
685 1791 733 1849 tot
758 1792 823 1848 tam
844 1805 953 1869 graves
976 1794 1071 1850 testes
1092 1787 1183 1850 vivos
1204 1785 1443 1870 incolumesque
1466 1805 1536 1849 esse
1556 1786 1686 1871 patiar.»
1702 1817 1745 1833 -

421 1880 496 1962 Agit
517 1881 634 1961 gratias
656 1878 858 1944 Cleomenes:
880 1881 1035 1964 approbat
1055 1880 1241 1945 consilium:
1263 1879 1339 1943 dicit
1351 1880 1396 1942 ita
1410 1876 1477 1943 fieri
1493 1887 1652 1964 oportere.
1681 1879 1745 1943 hd·

422 1981 532 2036 monet
557 1980 663 2037 tamen
692 1974 789 2048 illud,
817 1975 905 2058 qnod
936 1974 1031 2038 istum
1051 1972 1190 2058 fugerat,
1218 1975 1251 2037 in
1273 1971 1476 2049 Phalacrum,
1506 1973 1744 2058 Centuripinum

420 2067 629 2143 navarchum,
658 2089 723 2132 non
752 2088 848 2152 posse
869 2067 1091 2143 animadverti,
1120 2076 1289 2151 propterea
1311 2067 1397 2151 quod
1419 2089 1527 2132 secum
1549 2089 1613 2132 nna
1632 2067 1781 2132 fuissetsa

420 2163 452 2226 in
477 2161 685 2245 Centuripina
706 2162 910 2246 quadriremi.
931 2194 973 2210 -
995 2161 1082 2238 Quid
1104 2165 1200 2246 erqo?
1222 2161 1282 2225 iste
1303 2160 1400 2224 homo
1422 2182 1463 2226 ex
1484 2161 1655 2226 eiusmodi
1671 2161 1746 2226 civi·

422 2263 503 2331 tate,
524 2256 710 2320 adolescens
731 2256 965 2331 nobilissimus,
993 2257 1084 2320 testis
1105 2255 1328 2340 relinquetur?
1349 2288 1392 2303 -
1419 2257 1456 2319 ln
1478 2257 1675 2339 praesentia,
1697 2257 1746 2322 in-

421 2350 492 2434 quit
513 2349 718 2425 Cleomenes:
749 2351 899 2435 quoniam
928 2351 971 2414 ita
991 2369 1124 2414 necesse
1145 2356 1211 2413 est:
1242 2347 1300 2412 sed
1321 2358 1394 2432 post
1414 2348 1536 2435 aliquid
1558 2350 1745 2425 videbimus,

419 2464 461 2509 ne
482 2445 542 2508 iste
563 2444 656 2509 nobis
678 2444 804 2508 obstare
825 2444 993 2528 possit-
1013 2443 1097 2506 XLI.
1120 2438 1191 2506 406.
1212 2443 1299 2507 llaec
1315 2451 1522 2528 posteaquam
1537 2453 1607 2510 acta
1624 2453 1656 2510 et
1669 2464 1746 2509 con·

421 2539 530 2602 stitnta
550 2546 642 2611 sunt,
663 2538 807 2622 procedit
826 2538 887 2601 iste
908 2547 1040 2621 repente
1061 2558 1080 2601 e
1101 2538 1280 2621 praetorio,
1307 2538 1518 2602 inflammatus
1539 2538 1675 2614 scelere,
1695 2538 1783 2602 furo

419 2652 507 2707 rore,
534 2632 736 2697 crudelitate:
767 2634 800 2696 in
828 2632 932 2697 forum
959 2631 1065 2696 venit:
1093 2632 1269 2696 nauarchos
1290 2630 1333 2694 ad
1354 2652 1389 2696 se
1410 2631 1518 2695 vocari
1538 2631 1637 2696 iubet.
1680 2631 1744 2709 Qui

421 2727 501 2790 nihil
529 2733 721 2801 metuerent,
748 2726 829 2790 nihil
857 2727 1107 2811 suspicarentur,
1134 2727 1239 2790 statim
1260 2736 1437 2790 accurrunt
1479 2727 1542 2790 lste
1562 2726 1745 2792 hominibus
1862 2806 1864 2811 Ι

421 2820 545 2885 miseris
573 2821 795 2885 innocentibus
823 2820 913 2886 inlici
941 2828 1069 2885 catenas
1091 2821 1234 2903 imperat
1277 2821 1449 2905 implorare
1470 2821 1517 2884 illi
1539 2816 1631 2884 fidem
1654 2841 1749 2905 prae·¹

421 2914 499 2977 toris
520 2921 569 2988 et,
602 2934 700 2997 quare
728 2915 762 2978 id
788 2914 922 2988 faceret,
954 2934 1075 2999 rogare.
1118 2916 1198 2978 Tum
1226 2915 1287 2979 iste
1316 2914 1378 2980 hoc
1399 2935 1512 2980 musae
1533 2914 1625 2990 dicit,
1658 2911 1745 3000 quod

421 3006 554 3071 classem
584 3007 798 3089 praedonibus
823 3006 1048 3091 prodidissent
1090 3010 1141 3073 Pit
1162 3009 1282 3073 clamor
1301 3017 1334 3074 et
1354 3009 1521 3074 admiratio
1542 3010 1655 3094 populi
1676 3017 1783 3073 tan-ss

421 3109 484 3164 tam
511 3121 583 3183 esse
612 3102 647 3165 in
667 3100 796 3166 homine
817 3101 1045 3185 impudentiam
1066 3111 1162 3187 atque
1184 3103 1366 3180 audaciam,
1394 3111 1431 3168 nt
1451 3111 1505 3168 aut
1525 3103 1596 3168 aliis
1617 3123 1745 3169 causam

423 3196 612 3261 calamitatis
639 3196 838 3271 attribueret,
867 3217 950 3280 quae
980 3197 1081 3261 omnis
1110 3203 1243 3281 propter
1262 3198 1427 3263 avaritiam
1448 3197 1547 3282 ipsius
1568 3197 1745 3273 accidisset,

487 3413 510 3462 4.
529 3412 578 3475 cul]
597 3412 640 3475 qut
656 3413 684 3462 R.
705 3437 732 3448 ·-
756 3412 817 3476 imp.
838 3416 1032 3475 potestatemque
1048 3413 1126 3477 Lagg.
1144 3415 1252 3477 praeter
1267 3413 1309 3476 30,
1327 3412 1356 3465 0.
1376 3439 1403 3449 -
1424 3413 1449 3463 3.
1467 3412 1609 3464 choram
1625 3414 1646 3464 4
1662 3414 1690 3464 et
1705 3411 1745 3464 stc

421 3483 477 3537 iere
494 3499 611 3552 semper.
631 3513 658 3524 -
678 3485 702 3537 3.
721 3487 748 3536 in
764 3500 805 3537 scs
820 3499 869 3538 esse
886 3485 951 3537 dett.
970 3487 999 3537 0.
1020 3515 1047 3525 -
1067 3489 1110 3551 qui
1125 3488 1210 3553 nwss]
1228 3489 1271 3552 qut
1286 3489 1343 3539 aut:
1359 3490 1388 3539 4.
1406 3514 1433 3524 -
1451 3501 1502 3538 non
1516 3488 1590 3538 modo
1605 3486 1693 3537 inanes
1708 3485 1745 3537 43

421 3562 501 3626 huia:
520 3562 607 3613 444444
622 3576 673 3612 nos
687 3576 722 3613 m.
740 3562 806 3614 dett.
826 3563 855 3613 0.
876 3588 904 3599 -
931 3562 955 3614 4.
973 3569 1075 3625 opertos
1086 3568 1207 3627 potem
1221 3564 1249 3614 te
1264 3577 1321 3615 cuso
1336 3563 1415 3627 egra.
1435 3588 1462 3599 -
1483 3563 1606 3614 ...tutas
1621 3563 1665 3626 qut
1680 3561 1747 3612 :ctus

420 3638 539 3687 --dcmt
561 3638 662 3688 rell...
685 3636 710 3701 5.
729 3639 787 3690 400.
805 3651 832 3691 v.
850 3638 875 3689 3.
893 3636 976 3688 hahet
991 3638 1022 3689 V.
1041 3664 1069 3674 -
1089 3639 1267 3701 dissutum
1286 3639 1353 3689 44444
1368 3640 1398 3690 4.
1412 3663 1441 3676 -—
1459 3639 1578 3701 sparsa
1593 3638 1624 3690 V.
1643 3636 1744 3702 (br.)-

422 3712 710 3764 t.scscrots'ones1tV.
730 3738 758 3749 -
777 3713 895 3764 (44444444
911 3713 932 3764 4
949 3714 976 3762 et
992 3712 1014 3762 V
1031 3712 1106 3777 (Brit
1128 3715 1234 3764 meus
1249 3712 1307 3764 rell.
1326 3713 1356 3763 0.
1376 3739 1405 3750 -
1427 3712 1612 3775 coaptamus
1626 3712 1663 3768 V;
1684 3724 1746 3762 coss·

420 3789 596 3853 pompeii:
615 3787 856 3852 enumquam.
878 3814 905 3825 -
923 3787 1024 3838 444444.
1046 3813 1071 3826 -
1092 3788 1118 3839 4.
1135 3788 1263 3839 ttttcrsh.
1283 3815 1310 3826 -
1328 3787 1550 3839 Coccum.
1570 3787 1744 3852 navigio:

422 3861 512 3913 Cteom
528 3867 603 3914 uocat
619 3861 685 3914 dett.
703 3863 733 3913 0.
753 3862 903 3925 (mersu
920 3863 954 3924 4,
973 3875 1027 3913 non
1037 3862 1079 3925 V.)
1098 3887 1126 3898 -
1145 3862 1170 3913 3.
1188 3862 1219 3928 οι]
1236 3867 1259 3914 st
1275 3864 1304 3914 4.
1320 3890 1347 3901 -
1365 3863 1597 3914 mmdosrursv
1613 3863 1640 3914 et
1655 3863 1744 3927 lagga

423 3937 535 3988 animan
551 3938 648 3988 cocos
663 3937 698 3997 a:
716 3937 884 3988 commi
899 3937 945 3987 (43.
966 3964 994 3975 -
1012 3935 1642 4003 mucoRV.-ttt.sesri1t(}t;flertl.d.-
1660 3941 1747 4000 etpo-

422 4012 664 4076 aus-metuam
679 4010 763 4062 htV:
781 4017 805 4064 st
820 4011 1037 4074 totiusnpottor
1051 4012 1187 4075 ruscips'm
1203 4012 1352 4065 netto-
1372 4014 1413 4065 44.
1431 4027 1509 4076 quesn
1524 4018 1570 4064 nat
1585 4013 1608 4062 V
1625 4013 1654 4064 et
1667 4009 1748 4077 pleri·

423 4100 488 4151 qne:
516 4101 593 4151 pssum
608 4093 636 4138 ut
652 4089 685 4148 a:
712 4100 790 4149 quom
806 4086 878 4139 034.
898 4113 925 4124 -
949 4086 977 4136 tn
993 4090 1016 4137 ts
1031 4098 1085 4138 om.
1103 4088 1187 4139 ltains
1205 4090 1267 4152 (non
1284 4089 1306 4139 V
1322 4091 1390 4142 teste
1406 4089 1471 4153 br).
1495 4115 1523 4126 -
1548 4088 1588 4139 43.
1606 4090 1747 4138 aarum

422 4163 485 4214 ltV.
505 4190 533 4200 -
559 4163 646 4228 mois
663 4163 729 4213 ustis
745 4162 1010 4223 nemorumque
1026 4161 1055 4212 4.
1082 4186 1109 4197 -
1138 4162 1177 4213 43.
1196 4165 1319 4227 adprobat
1335 4165 1399 4217 44.
1422 4188 1451 4203 ·-
1479 4163 1521 4217 44.
1537 4162 1607 4229 titud]
1623 4163 1649 4214 o
1664 4158 1696 4213 V.
1715 4186 1743 4197 -

421 4237 572 4290 ouum
588 4238 670 4289 aot:
698 4238 834 4288 Fotocncn
849 4239 881 4300 V,
904 4236 1050 4289 masmar
1066 4236 1150 4301 4339,
1173 4239 1325 4306 Plutorpum
1340 4241 1370 4292 0.
1394 4266 1421 4277 -
1449 4240 1489 4291 tc.
1506 4238 1660 4303 metabeel
1675 4235 1747 4290 434

422 4313 508 4376 heta:
524 4313 610 4376 [44444
624 4325 678 4363 uso
693 4311 758 4364 dett.
771 4314 800 4364 0.
816 4339 844 4349 -
863 4314 903 4365 to.
923 4310 1009 4376 Quid?
1025 4325 1085 4376 erpo
1100 4313 1146 4363 ists
1161 4313 1253 4366 bamb.
1268 4340 1296 4352 ·-
1313 4315 1384 4366 444444
1398 4314 1555 4379 4444444334.
1569 4341 1597 4351 -
1617 4313 1657 4365 44.
1675 4310 1746 4364 adast

422 4387 486 4439 RV.
505 4413 532 4424 -
552 4387 592 4439 ta.
611 4388 656 4437 iste
671 4387 759 4438 nobilis
773 4387 820 4440 43.
840 4413 867 4424 -
886 4393 975 4450 optare
990 4398 1053 4437 cnm
1069 4398 1082 4435 s
1098 4399 1159 4450 sup.
1176 4385 1221 4440 lin.
1238 4390 1270 4440 V.
1289 4389 1351 4454 (Bc.)
1370 4415 1396 4425 -
1416 4390 1457 4441 30.
1475 4402 1489 4440 c
1505 4401 1560 4442 om.
1578 4389 1615 4441 43
1631 4386 1746 4453 (44444).

424 4485 451 4497 -
469 4462 511 4512 34.
528 4462 620 4526 [men]
638 4463 741 4513 ctum
757 4463 786 4514 4.
806 4489 834 4499 -
858 4464 892 4512 od
912 4462 1040 4513 moecari
1056 4462 1091 4510 V:
1116 4461 1151 4511 ud
1165 4475 1191 4513 ss
1207 4475 1261 4514 om.
1280 4462 1358 4514 codd.
1376 4460 1434 4514 rell.
1453 4465 1481 4514 et
1497 4463 1559 4514 edd.
1578 4463 1746 4530 [Recepimus

422 4549 518 4588 novam
536 4536 693 4598 lectionem:
710 4550 774 4589 nam
790 4539 873 4590 llalus
889 4536 955 4590 lateo
971 4538 997 4588 in
1008 4534 1154 4586 verborum
1171 4539 1295 4588 contextu
1312 4538 1346 4588 ud
1361 4550 1386 4589 ss
1400 4538 1486 4589 corin
1501 4537 1592 4589 babet.
1614 4535 1653 4590 cl.
1666 4548 1747 4601 snpra

422 4610 446 4676 4.
464 4612 532 4677 403]
552 4639 580 4650 -
603 4613 645 4663 33.
662 4611 715 4677 istc]
736 4613 822 4664 4444444
842 4613 920 4678 4430.
943 4637 971 4648 ·-
994 4610 1036 4662 33.
1053 4611 1222 4662 innocentibus
1242 4612 1325 4664 R3V:
1351 4613 1566 4676 mantunae
1582 4613 1647 4665 dett.
1665 4612 1696 4662 0.
1716 4637 1745 4649 -

421 4686 483 4738 inici
497 4688 558 4739 44.
579 4714 607 4726 -
623 4688 758 4755 praetoris]
774 4689 801 4738 P.
814 4689 842 4739 4.
855 4688 891 4747 V:
907 4687 995 4751 poputt
1011 4688 1040 4737 4.
1058 4685 1124 4738 dett.
1138 4712 1166 4722 -
1184 4686 1226 4739 34.
1244 4693 1297 4738 tren
1312 4688 1453 4752 Ravtltr.)
1466 4686 1592 4752 agitas:
1610 4685 1744 4738 tsescdett.

422 4762 453 4813 0.
472 4787 501 4801 -·
519 4763 560 4815 34.
580 4768 603 4814 ct
619 4773 672 4812 om.
691 4762 736 4813 43.
757 4787 784 4797 -
803 4762 948 4828 motio]
968 4763 1171 4812 commoratio
1187 4763 1209 4813 V
1225 4766 1253 4814 et
1269 4763 1359 4816 nesdc
1376 4764 1435 4829 quis
1452 4762 1486 4814 de
1503 4764 1572 4814 coni.
1591 4775 1633 4827 ap.
1651 4758 1744 4813 bamb.

422 4836 499 4900 prob.
513 4836 597 4889 Halm.
624 4839 658 4888 44
673 4836 742 4889 male
754 4838 785 4903 [t]
802 4838 969 4903 subiungitur
984 4840 1187 4890 admurmurmb
1202 4838 1316 4890 clcnscsi¹
1337 4840 1393 4900 Qua
1410 4839 1437 4890 ln
1447 4852 1478 4889 re
1490 4837 1536 4888 fiet
1546 4833 1747 4888 memento

422 4910 561 4963 hominum
577 4913 682 4978 indigne
699 4913 798 4979 ahquid
814 4915 969 4977 terentium,
990 4915 1049 4966 vide
1071 4926 1105 4966 ex
1121 4913 1145 4978 5.
1163 4914 1219 4974 44.;
1246 4914 1298 4965 boc
1313 4917 1405 4965 antem
1423 4912 1483 4964 loco
1500 4911 1627 4978 populum
1646 4915 1747 4974 tropos

423 4985 589 5037 4444444444
604 4993 657 5039 tom
673 4989 766 5039 atrocis
780 4989 819 5039 ret
839 4990 957 5055 dem»
977 4991 1008 5040 ut
1023 4990 1078 5040 444.
1097 4990 1133 5040 ait
1149 4991 1192 5041 444.
1209 4987 1251 5040 44.
1275 4988 1309 5041 ct.
1326 4989 1436 5040 44444444
1453 4988 1614 5051 obstupefacti
1631 4986 1747 5037 4444444·

423 5061 489 5111 tone
507 5074 534 5125 p.
552 5062 637 5114 Deiot.
657 5062 681 5127 S.
699 5061 740 5114 34.
766 5065 796 5115 44
816 5062 915 5116 bonam
936 5067 1041 5129 partem
1056 5063 1179 5117 clamores
1193 5070 1218 5116 st
1232 5065 1411 5116 metm
1425 5064 1569 5128 iunguntur
1584 5061 1618 5112 de
1635 5061 1705 5112 Orat.
1723 5058 1744 5111 4.

424 5135 449 5199 5.
467 5135 524 5187 443.
551 5137 581 5188 Ut
597 5136 624 5187 4.
643 5135 660 5188 l.
679 5149 760 5204 snpra
776 5139 819 5191 IV.
837 5139 862 5205 5.
880 5139 921 5191 34.
939 5139 1007 5192 haec
1023 5152 1068 5191 ur.
1086 5139 1195 5192 contusa
1211 5141 1274 5192 sunt
1288 5152 1305 5191 a
1321 5137 1444 5191 librariis.
1468 5164 1497 5176 -
1522 5135 1563 5188 34.
1580 5135 1609 5185 ts
1623 5134 1747 5186 4444444444

424 5209 688 5352 mihim&
707 5237 736 5250 -
752 5218 782 5266 st
796 5213 855 5266 attis
869 5212 936 5268 dett.
951 5240 979 5253 -
996 5215 1038 5269 34.
1055 5214 1148 5267 44444.
1165 5216 1196 5269 4.
1215 5239 1243 5253 ··
1261 5215 1339 5279 444444
1353 5211 1475 5266 habetV
1492 5212 1554 5278 (non
1569 5210 1652 5276 444444,
1669 5208 1746 5263 utatt

522 5320 529 5347 1
686 5324 693 5341 .
1156 5309 1159 5317 .
