4367 6109
486 561 549 632 494
858 570 902 634 IN
922 568 1090 636 VEHIIEII
1110 569 1233 637 acuo
1256 571 1440 638 SECUNDA

487 738 655 806 constituta
676 757 746 802 esse
766 736 941 802 videantur.
983 739 1085 803 XXII.
1107 736 1159 803 53.
1181 741 1286 818 Quam
1307 742 1399 806 t'acile
1419 748 1524 826 serpat
1544 740 1661 805 iniuria
1680 749 1713 808 et
1730 764 1804 829 pec-

487 835 581 900 candi
602 831 812 906 consuetudo,
845 852 940 917 quam
968 854 1033 899 non
1053 833 1146 899 facile
1167 837 1368 919 reprimatur,
1394 837 1515 912 ridete,
1544 835 1674 900 iudices.
1715 839 1802 903 Bidis

487 929 637 1014 oppidum
665 933 714 990 est
740 932 835 989 tenue
864 945 955 1004 sane,
985 948 1049 993 uon
1077 929 1171 1012 longe
1192 949 1212 994 a
1234 929 1407 1013 Syracusis.
1448 931 1551 994 Huius
1572 930 1666 1014 longe
1687 933 1803 1015 primus

486 1021 621 1086 civitatis
641 1027 691 1084 est
709 1019 869 1104 Epicrates
891 1021 1028 1104 quidam.
1064 1024 1146 1087 Huic
1166 1022 1326 1087 hereditas
1341 1023 1400 1086 Hs
1416 1025 1664 1108 quingentorum
1685 1026 1803 1089 milium

462 1123 615 1182 evenerat
634 1135 654 1179 a
674 1114 806 1179 mullera
828 1113 964 1199 quadam
984 1115 1177 1201 propinqua,
1198 1123 1294 1200 atque
1309 1118 1352 1179 ita
1365 1113 1559 1202 propinqus,
1581 1124 1635 1192 ut,
1657 1138 1696 1182 ea
1711 1119 1805 1182 etiam

485 1211 512 1275 si
544 1212 690 1275 intestata
722 1215 805 1272 esset
834 1216 970 1284 mortua,
1003 1211 1177 1295 Epicratem
1208 1211 1391 1274 Bidinorum
1420 1212 1544 1295 leg'ihus
1564 1212 1714 1276 heredem
1735 1232 1805 1275 esse

484 1310 651 1388 oporteret
693 1303 815 1367 Recens
840 1310 907 1367 erat
933 1302 988 1366 illa
1014 1325 1081 1380 res,
1112 1324 1207 1387 quam
1235 1311 1308 1368 ante
1337 1303 1567 1380 demonstravi,
1600 1306 1639 1370 dc
1661 1307 1805 1370 Heraclio

484 1398 701 1481 Syracusano,
723 1397 779 1481 qui
800 1397 884 1460 hona
905 1417 971 1460 non
991 1397 1198 1480 perdidisset,
1221 1398 1282 1460 nisi
1306 1399 1336 1461 ei
1358 1399 1498 1463 venisset
1518 1400 1688 1463 hereditas.
1723 1399 1806 1461 Huic

484 1511 614 1576 quoque
642 1491 782 1574 Epicrati
810 1499 956 1565 venerat,
984 1498 1021 1554 ut
1048 1492 1132 1566 dixi,
1160 1491 1331 1555 heredites.
1375 1489 1426 1554 54.
1456 1493 1601 1576 Cogitare
1631 1498 1807 1577 coeperunt

447 1598 475 1646 44
484 1585 554 1650 eius
575 1584 697 1649 inimici
717 1583 820 1648 nihilo
841 1584 946 1647 minus
968 1584 1081 1648 eodem
1102 1591 1249 1669 praetore
1269 1585 1355 1649 hunc
1377 1587 1476 1649 everti
1491 1587 1583 1650 honis
1602 1607 1717 1670 posse,
1739 1605 1805 1669 quo

483 1679 648 1743 Heraclius
677 1685 762 1741 esset
789 1697 929 1742 eversus.
971 1678 1048 1742 Hem
1079 1679 1203 1742 occulte
1224 1679 1413 1742 instituunt:
1442 1679 1484 1742 sd
1505 1682 1634 1744 Verrem
1657 1701 1715 1764 per
1737 1679 1806 1743 eius

482 1774 672 1858 interpretes
694 1769 850 1836 deterunt.
892 1773 940 1836 Ita
960 1791 1056 1836 causa
1078 1773 1297 1856 componitur,
1323 1781 1359 1835 ut
1379 1774 1455 1837 item
1475 1773 1677 1858 palaestritae
1698 1772 1806 1836 Bidini

481 1874 630 1953 peterent
648 1865 689 1930 ah
702 1867 850 1951 Epicrate
870 1866 1095 1941 hereditatem,
1117 1866 1382 1950 quemadmodum
1398 1868 1600 1950 palaestritae
1615 1866 1805 1950 Syracusani

482 1963 683 2028 ah‘Heraclio
697 1958 863 2044 petissent.
884 1961 1064 2045 Numquam
1079 1979 1136 2024 vos
1154 1967 1331 2042 praetorem
1346 1968 1410 2025 tam
1424 1960 1648 2045 palaestricum
1662 1959 1805 2023 vidistis:

444 2068 591 2122 severum
605 2057 650 2119 ita
662 2053 863 2140 palaestritas
878 2052 1076 2129 defendebat,
1090 2062 1127 2117 ut
1139 2054 1179 2118 ah
1192 2053 1257 2118 illis
1279 2055 1348 2138 ipse
1369 2056 1497 2119 unctior
1510 2053 1653 2134 ahiret.†
1666 2053 1729 2130 Qui
1744 2061 1807 2116 sta·

481 2151 549 2226 tim,
564 2169 635 2213 cum
648 2147 890 2232 praesensisset,
902 2147 991 2211 iubet
1002 2149 1127 2212 cuidam
1138 2149 1312 2212 amicorum
1326 2169 1455 2214 suorum
1466 2148 1626 2212 numerari
1639 2147 1700 2211 HS
1708 2164 1805 2209 cxxx.

480 2241 533 2307 55.
553 2244 615 2307 Hes
638 2240 791 2306 occultari
812 2240 889 2306 satis
910 2261 976 2305 non
997 2243 1112 2324 potuit
1155 2245 1217 2305 Per
1236 2242 1396 2325 quendam
1418 2262 1547 2317 eorum,
1576 2243 1632 2326 qui
1654 2241 1807 2305 interfue-

479 2345 569 2413 rant,
590 2337 628 2401 fit
647 2336 812 2420 Epicrates
834 2334 959 2399 certior.
994 2335 1099 2398 Primo
1122 2335 1281 2418 negligere
1303 2341 1336 2397 et
1357 2343 1560 2400 contemnere
1575 2336 1695 2418 coepit,
1719 2333 1806 2418 quod

480 2451 577 2498 causa
597 2448 745 2514 prorsus,
774 2429 861 2514 quod
884 2428 1038 2512 disputari
1059 2436 1186 2511 posset,
1215 2428 1295 2491 nihil
1316 2427 1462 2493 habehat.
1505 2429 1643 2504 Deinde,
1672 2450 1745 2493 cum
1766 2427 1805 2491 dc

443 2525 629 2591 „Heraclio
658 2522 811 2606 cogitaret
837 2528 869 2586 et
897 2522 989 2586 istius
1017 2522 1183 2585 libidinem
1212 2529 1338 2597 nosset,
1369 2523 1660 2588 commodissimum
1682 2515 1836 2607 putarit⁸

481 2641 551 2687 esee
584 2621 624 2683 de
656 2617 822 2703 provincia
851 2617 931 2680 clem
961 2615 1058 2679 abire.
1103 2617 1213 2699 Itaque
1243 2616 1339 2680 lecit:
1372 2617 1533 2700 proiectus
1563 2625 1611 2681 est
1638 2617 1804 2700 Rhegium.

479 2715 597 2779 XXIII.
626 2713 721 2790 Quod
748 2711 803 2774 ubi
832 2710 975 2774 auditum
1006 2716 1068 2784 est,
1101 2717 1246 2773 aestuare
1268 2710 1334 2785 illi,
1366 2712 1422 2795 qui
1443 2712 1612 2794 pecuniam
1634 2711 1805 2774 dederant:

479 2818 591 2894 putare
613 2806 694 2871 nihil
715 2806 766 2888 agi
788 2824 884 2889 posse
906 2804 1036 2867 ahsente
1056 2803 1216 2887 Epicrate.
1250 2805 1331 2866 Nam
1353 2805 1519 2869 Heraclius
1533 2812 1639 2868 tamen
1653 2803 1806 2878 adsumat,

481 2900 678 2986 cumprime
700 2906 776 2962 sunt
797 2897 861 2960 dati
883 2897 1022 2960 iudices:
1044 2897 1083 2959 de
1105 2897 1184 2970 hoo,
1207 2896 1263 2981 qui
1277 2904 1449 2982 autequam
1463 2899 1497 2961 in
1511 2900 1561 2962 ius
1575 2899 1696 2962 aditum
1711 2904 1806 2972 esset,

443 3003 651 3079 stentequam
679 2992 797 3056 mentio
832 2991 971 3075 denique
1000 2990 1236 3054 controversiae
1265 2991 1348 3055 lacta
1376 2998 1461 3055 esset
1481 2992 1563 3067 ulla,
1597 2991 1805 3064 discessisset,

479 3090 636 3176 putabant
657 3085 738 3151 nihil
759 3085 810 3168 agi
832 3103 937 3168 posse.
979 3084 1134 3148 Homines
1155 3084 1310 3167 Rhegium
1332 3084 1585 3166 proficiscuntur.
1626 3086 1805 3169 Epicratem

481 3183 691 3250 conveniunt:
721 3178 956 3252 demonstrant,
980 3177 1019 3240 id
1047 3178 1135 3261 quod
1163 3177 1219 3241 ifle
1247 3179 1381 3254 sciehat,
1413 3199 1447 3243 se
1470 3179 1530 3243 He
1551 3198 1639 3242 ιω
1661 3180 1801 3243 dedisse:

478 3284 595 3361 rogant
614 3294 704 3348 eum,
725 3280 763 3336 ut
785 3272 847 3336 sihi
868 3272 921 3347 id,
944 3270 1030 3355 quod
1052 3271 1092 3334 ab
1114 3271 1192 3353 ipsis
1214 3270 1332 3335 ahisset
1353 3271 1525 3354 pecuniae,
1546 3279 1651 3337 curet:
1674 3272 1714 3337 ah
1735 3293 1805 3338 sese

478 3378 604 3446 caveat,
638 3366 907 3455 quemadmodum
927 3366 1021 3443 velit3
1050 3367 1091 3429 de
1112 3366 1168 3430 illa
1187 3365 1364 3429 hereditate
1385 3386 1458 3430 cum
1477 3367 1624 3450 Epicrate
1645 3367 1806 3431 neminem

524 3709 548 3760 3.
562 3707 594 3758 ud
604 3708 631 3758 S.
644 3706 703 3758 AB.
713 3730 740 3740 -
753 3702 793 3753 hic
803 3701 874 3767 longe
884 3704 950 3753 Non.
963 3715 990 3768 p.
999 3701 1087 3753 339.-
1101 3699 1126 3752 4.
1138 3701 1203 3768 huic]
1214 3702 1237 3752 ei
1247 3699 1289 3763 42,
1299 3704 1329 3752 ut
1340 3699 1486 3752 videtur.—
1499 3701 1523 3753 e.
1533 3701 1668 3766 epicam
1677 3705 1724 3756 AB
1736 3704 1803 3756 sl.-

480 3787 505 3838 4.
516 3796 602 3835 meu
612 3781 680 3846 Lata
691 3794 717 3846 p.
728 3791 777 3830 m.:
793 3777 1051 3840 mmmmm
1061 3779 1107 3828 ctt.
1121 3779 1182 3829 0.-
1197 3777 1237 3828 44.
1249 3790 1326 3840 mccc
1336 3776 1711 3831 HerscIIssVetGutlielmtus.
1725 3779 1806 3846 [opti-

480 3859 545 3922 me]
560 3885 587 3895 -
601 3859 641 3908 tt.
654 3858 810 3907 metuemus
819 3853 888 3904 V.-
901 3853 941 3902 42.
954 3853 1038 3902 Bidini
1048 3850 1118 3915 ugia
1129 3865 1157 3917 p.
1169 3865 1205 3903 m.
1218 3865 1252 3914 φτ
1269 3853 1439 3903 4444444444.
1453 3853 1483 3904 0.
1497 3853 1701 3920 (naemu.)
1715 3882 1744 3893 —
1761 3856 1802 3907 43.

479 3933 638 3985 comeum
654 3942 708 3980 om.
725 3928 760 3978 Il.
771 3952 798 3963 -
817 3924 857 3977 44.
873 3925 1049 3989 potamum
1063 3926 1134 3990 Lglr
1144 3940 1171 3991 p.
1184 3941 1220 3979 m.
1234 3927 1293 3978 cod.
1307 3930 1363 3981 Urs.
1382 3929 1415 3979 st
1426 3929 1592 3991 peluem
1602 3925 1804 4001 (παλωςρικός)

479 4009 498 4059 4.
512 4020 536 4058 e.
555 4007 618 4057 artis
634 4002 788 4056 luctatoriae
806 4001 907 4066 peritus
923 4002 1002 4064 eique
1019 4000 1126 4052 dedItus
1143 4001 1225 4052 multo
1243 4003 1329 4067 aptius
1346 4002 1515 4055 diederici
1532 4005 1643 4067 Verres,
1661 4017 1743 4070 quam
1756 4017 1806 4067 ps·

480 4081 594 4133 lceurtsu
610 4076 828 4149 (παλαιςρίτης),
846 4077 864 4128 i.
878 4090 902 4127 e.
920 4075 1041 4128 luctator.
1064 4077 1099 4128 cl.
1118 4076 1199 4128 Klotz.
1212 4075 1304 4127 Annei.
1317 4076 1407 4142 philol.
1420 4077 1492 4129 4848.
1511 4079 1584 4131 Iaso.
1597 4080 1618 4131 I.
1635 4092 1662 4145 p.
1675 4080 1707 4131 u
1717 4091 1759 4144 sq.
1773 4102 1802 4116 ·-

481 4158 522 4208 44.
541 4156 620 4206 coint
635 4153 704 4218 ugit
720 4166 746 4217 p.
759 4165 796 4202 m.
809 4151 880 4212 Vp:
899 4151 1031 4202 discerno
1047 4154 1092 4203 ott.
1113 4176 1141 4189 -
1161 4152 1201 4202 44.
1220 4153 1417 4215 quemnam
1433 4154 1611 4219 umugaala
1623 4168 1649 4220 p.
1662 4154 1803 4207 mecon.

480 4233 553 4287 Urs:
571 4231 637 4294 quod
652 4229 736 4280 4444444
749 4227 924 4291 praesensisset
939 4227 976 4286 V;
999 4229 1065 4290 quod
1083 4227 1259 4290 presenciae
1281 4229 1326 4278 ott.
1345 4227 1424 4280 codd.
1443 4230 1514 4289 noti;
1537 4244 1595 4282 meu
1609 4229 1733 4294 praedm
1747 4241 1806 4280 nu-

479 4309 549 4358 siuet
569 4307 637 4357 conl.
659 4307 714 4357 Rau
731 4305 762 4354 11.
786 4316 812 4368 p.
831 4300 863 4352 43
879 4314 920 4366 sq.
955 4303 1025 4364 Quod
1043 4303 1128 4353 statim
1148 4315 1206 4352 oum
1227 4304 1402 4364 praemitur
1423 4317 1476 4356 uon
1497 4304 1567 4357 mele
1590 4306 1740 4371 suspicatus
1762 4305 1805 4354 est

480 4379 571 4434 Lamh.
604 4379 653 4442 Qui
675 4378 772 4440 stetim,
799 4378 865 4440 quod
885 4379 1060 4440 prauumue
1077 4377 1160 4428 Klots.
1191 4378 1276 4429 Locus
1296 4377 1415 4430 nondum
1433 4384 1599 4445 persecatus.
1627 4380 1701 4432 Cont.
1723 4380 1806 4431 etiem

480 4455 703 4521 uaesanae-
716 4454 856 4504 4444404444
872 4465 975 4502 sumum
987 4452 1159 4516 ngABV:
1177 4463 1341 4504 mom.
1355 4455 1400 4503 ctt.
1414 4454 1451 4512 03
1468 4468 1635 4506 nummum.
1647 4455 1666 4506 4
1678 4451 1803 4520 [atheta.

481 4530 515 4582 de
533 4543 587 4595 quo
603 4530 631 4579 Z.
650 4527 766 4592 amavit]
786 4555 814 4565 -
832 4527 882 4577 HS.
901 4527 960 4579 CCC
974 4527 998 4589 4,
1014 4529 1040 4578 F.
1060 4553 1088 4562 —
1107 4528 1148 4578 44.
1162 4528 1245 4589 potastt
1260 4525 1285 4591 4,
1303 4528 1408 4590 nvp:
1423 4542 1495 4590 posse
1511 4529 1558 4581 444.
1577 4531 1606 4580 0.
1624 4530 1658 4581 at
1673 4527 1708 4580 cl.
1725 4529 1805 4578 Stue-

480 4605 557 4658 reub.
576 4603 610 4656 ad
627 4604 706 4655 arch.
725 4616 752 4668 p.
764 4603 805 4654 44.
825 4601 867 4653 ed.
886 4603 920 4661 l.;
935 4606 1016 4664 potest
1032 4603 1108 4665 ngat.
1124 4627 1152 4638 -
1168 4602 1335 4665 mrum
1350 4602 1372 4651 V
1387 4602 1445 4653 cod.
1460 4603 1536 4653 Hotz
1553 4604 1701 4668 temptem
1716 4605 1762 4654 ott.
1774 4629 1802 4639 —

481 4681 522 4732 48.
538 4680 649 4744 primun
664 4677 733 4742 Lglz
749 4690 776 4743 p.
795 4691 831 4729 m.
852 4703 879 4712 -
898 4683 1052 4728 contenmsre
1066 4679 1090 4725 ct
1105 4675 1232 4740 malopem
1247 4677 1278 4727 V.
1298 4704 1327 4714 -
1345 4678 1412 4740 quod
1426 4678 1454 4727 tn
1469 4690 1548 4728 coum
1562 4677 1594 4728 V.
1614 4702 1642 4716 -
1661 4678 1702 4728 44.
1720 4678 1805 4741 dispu-

481 4755 533 4806 tart
549 4752 618 4819 Lglt
634 4767 661 4820 p.
674 4766 711 4805 m.
730 4753 828 4804 FMV:
847 4751 956 4802 44444444
972 4752 1052 4803 etto
1069 4749 1128 4801 coll.
1147 4750 1172 4816 5.
1185 4751 1226 4802 49.
1241 4777 1269 4788 -
1286 4751 1328 4801 24.
1346 4758 1370 4803 et
1385 4765 1440 4803 om.
1453 4751 1485 4802 V.
1499 4778 1528 4790 -
1545 4753 1586 4803 24.
1604 4746 1708 4818 nepem
1722 4751 1755 4814 V,
1767 4750 1802 4803 al.

483 4854 512 4866 -
524 4830 566 4881 22.
581 4839 636 4892 pec.
649 4827 703 4878 ded.
716 4826 843 4890 meae
854 4826 891 4876 V:
910 4827 965 4877 ded.
974 4839 1029 4889 pec.
1043 4828 1088 4877 ctt.
1102 4826 1131 4876 0.
1145 4851 1174 4865 ·-
1191 4825 1234 4878 28.
1246 4832 1346 4890 coemto
1357 4829 1404 4889 (sic
1415 4828 1505 4892 saepe)
1516 4828 1548 4878 V.
1563 4853 1591 4866 —
1609 4831 1692 4877 444444
1707 4823 1802 4890 pleriq.

482 4903 571 4956 codd:
588 4903 642 4954 ictu
656 4900 688 4962 V;
706 4905 759 4953 uam
775 4900 809 4953 ai.
825 4926 852 4938 -
870 4902 988 4964 44444444
1002 4900 1026 4950 V
1041 4898 1085 4951 al.:
1104 4900 1219 4964 44444444
1234 4901 1312 4953 codd.
1331 4903 1409 4966 lagg.
1428 4915 1531 4954 omnes.
1545 4927 1574 4939 -
1591 4900 1633 4952 24.
1646 4899 1731 4964 priato
1746 4902 1805 4948 ant

482 4980 536 5031 4444
557 4977 666 5030 MV:
686 4975 1147 5042 primosedattltudhgiip.m.;
1168 4975 1804 5040 momentaneae-antecessu

482 5054 580 5106 4444444
591 5052 745 5117 meumes
761 5052 790 5103 tn
804 5052 844 5102 tce
859 5050 960 5102 cccv.
981 5077 1009 5087 -
1026 5051 1068 5102 24.
1086 5051 1331 5115 megum-Mla
1347 5064 1401 5103 om.
1418 5051 1495 5116 egle.
1510 5077 1538 5089 —
1556 5049 1660 5112 mque
1673 5047 1803 5099 4844440

482 5129 574 5180 contre
590 5127 706 5181 codices.
726 5154 754 5169 -
776 5127 831 5178 ullo
847 5125 1021 5191 speleu:
1040 5137 1093 5176 om.
1112 5129 1159 5179 ctt.
1170 5128 1200 5178 0.
1215 5153 1242 5164 —
1260 5127 1302 5179 24.
1317 5125 1502 5191 pummcgts
1513 5139 1540 5190 p.
1553 5136 1590 5175 m.
1603 5149 1633 5162 -
1649 5124 1754 5188 licem
1767 5121 1801 5173 V.

484 5224 514 5240 -
539 5201 582 5254 24.
599 5206 625 5254 et
642 5202 763 5255 vomunt.
779 5201 848 5267 ngas
865 5214 892 5267 p.
910 5214 947 5254 m.
971 5227 999 5238 -
1021 5200 1071 5252 448.
1090 5202 1149 5255 000
1163 5202 1309 5268 catam
1334 5203 1381 5253 88.
1398 5203 1491 5254 LXXX.
1508 5199 1540 5250 V.
1560 5223 1588 5235 -
1611 5197 1654 5249 28.
1670 5193 1803 5262 aarum

481 5277 537 5341 ch
553 5277 627 5330 drot
646 5275 688 5342 (ex
703 5277 772 5342 llll:
799 5288 855 5330 om.
872 5278 919 5330 ctt.
937 5278 969 5330 0.
987 5301 1017 5316 -
1034 5275 1125 5330 4444444
1139 5277 1195 5330 eV:
1212 5276 1305 5331 4444444
1320 5276 1401 5331 codd.
1417 5279 1448 5330 et
1461 5275 1524 5330 edd.
1540 5274 1603 5328 ante
1618 5273 1703 5340 Nsng.
