4367 6109
463 588 533 660 '226
842 593 886 657 ΙΝ
904 590 1073 660 VERREM
1095 592 1218 659 serlo
1242 593 1425 661 SECUNDA

470 784 539 828 cem
554 764 691 860 primos:
712 761 776 825 nisi
796 762 1011 828 restituissent
1032 772 1162 840 statuas,
1184 763 1389 830 vehementer
1409 763 1556 826 minatur.
1583 762 1636 827 Illi
1650 763 1691 827 ad
1705 781 1797 829 sena·

468 866 537 924 tum
558 857 753 922 renuntiant.
789 857 930 932 Statuas,
953 878 1035 942 quae
1058 859 1152 923 istius
1174 878 1288 923 causae
1310 858 1390 921 nihil
1412 858 1612 940 prodessent,
1633 876 1796 941 reponun-

468 960 537 1016 tur:
559 952 686 1014 deoreta
700 949 991 1034 Centuripinorum,
1013 972 1097 1038 quae
1120 954 1160 1017 de
1182 954 1294 1017 statuis
1317 958 1407 1016 eraut
1427 951 1520 1026 facta,
1541 970 1608 1015 uon
1629 951 1796 1016 tolluntur.

466 1046 526 1110 llic
548 1065 608 1128 ego
629 1043 717 1107 aliud
739 1044 795 1107 alii
816 1045 975 1109 concedo:
997 1047 1143 1122 Metello,
1165 1046 1287 1110 homiui
1310 1045 1612 1128 sapienti,.prorsus
1633 1064 1699 1110 uon
1720 1066 1797 1130 pos-

442 1142 537 1203 lsum
558 1140 734 1222 ignoscere,
758 1139 785 1202 si
808 1140 887 1223 quid
910 1141 1006 1203 stulte
1027 1141 1113 1204 facit.
1143 1141 1250 1217 Quid‘l
1272 1138 1327 1203 ille
1349 1138 1410 1203 hoc
1431 1139 1564 1222 putabat
1577 1140 1670 1204 Verri
1690 1140 1797 1204 crimi-

465 1252 578 1297 nosum
599 1232 686 1308 sore,
709 1233 735 1296 si
757 1233 827 1296 eius
849 1240 971 1303 statuae
994 1242 1101 1298 essent
1121 1234 1282 1307 deiectae,
1314 1232 1402 1316 quod
1425 1253 1522 1317 saepe
1543 1242 1639 1298 vento
1661 1241 1718 1299 aut
1737 1234 1797 1298 eli·

464 1345 531 1410 quo
552 1345 629 1389 casu
649 1324 720 1389 fieri
742 1326 847 1390 soleti
877 1329 949 1390 Nou
972 1337 1040 1392 erat
1060 1329 1096 1392 in
1116 1328 1178 1393 hoc
1197 1350 1302 1413 neque
1317 1329 1438 1392 crimen
1452 1329 1553 1392 ullum
1568 1348 1675 1412 neque
1688 1347 1797 1413 repre·

463 1418 588 1484 hensio.
631 1421 681 1484 Ex
702 1442 768 1505 quo
791 1422 889 1504 igitur
909 1422 1029 1485 crimen
1051 1430 1148 1506 atque
1170 1422 1332 1486 accusatio
1355 1421 1518 1484 nascituri
1557 1421 1608 1485 Ex
1628 1421 1797 1487 hominum

463 1514 584 1578 iudicio
607 1523 639 1578 et
659 1515 833 1579 voluntate.
877 1516 1017 1580 valss.
1048 1510 1121 1578 463.
1151 1517 1235 1599 Ego,
1265 1518 1292 1580 si
1315 1515 1461 1580 Metellus
1490 1522 1611 1580 statuas
1639 1535 1796 1600 reponere

427 1613 455 1659 ⁴⁰
465 1608 690 1692 Centuripinos
711 1628 778 1672 uon
800 1609 966 1693 coegisset,
987 1608 1066 1672 haec
1089 1609 1244 1673 dicerem:
1270 1608 1402 1684 Videte,
1424 1609 1563 1684 iudices,
1587 1616 1743 1694 quantum
1765 1619 1797 1674 et

463 1721 559 1788 quam
581 1703 729 1767 acerbum
747 1701 892 1767 dolorem
907 1703 1067 1768 sociorum
1081 1711 1179 1785 atque
1194 1703 1368 1766 amicorum
1382 1702 1497 1766 animis
1511 1703 1689 1766 inusserint
1701 1703 1796 1767 istius

461 1799 615 1874 iniuriae,
645 1817 718 1861 cum
747 1797 1028 1880 Centuripinorum
1057 1796 1250 1860 amicissima
1279 1803 1312 1861 et
1339 1794 1525 1860 fidelissima
1552 1796 1682 1872 civitas,
1712 1817 1796 1880 quae

462 1893 561 1956 tantis
593 1888 708 1955 officiis
738 1911 811 1954 cum
839 1891 961 1975 populo
989 1891 1133 1953 llomauo
1161 1891 1332 1955 coniuncta
1361 1898 1425 1965 est,
1454 1898 1578 1953 utnon
1600 1891 1704 1955 solum
1726 1910 1795 1954 rem

462 1985 624 2070 publicam
652 1992 810 2059 nostram,
842 1985 899 2049 sed
929 1985 1024 2049 etiam
1055 1984 1089 2047 iu
1112 1985 1227 2068 quovis
1248 1984 1379 2049 homine
1401 1985 1526 2068 privato
1548 2004 1665 2055 nomeu
1687 1987 1795 2069 ipsum

425 2080 639 2143 tlltomanum
661 2099 786 2161 semper
807 2078 971 2154 dilexerit,
1001 2098 1039 2143 ea
1066 2078 1194 2161 publico
1223 2079 1360 2142 consilio
1382 2086 1479 2162 atque
1500 2080 1690 2143 auctoritate
1711 2078 1795 2144 iudi·

462 2173 542 2238 carit
558 2173 591 2236 C.
606 2173 714 2238 Verris
736 2180 856 2236 statuas
878 2193 949 2237 esse
971 2174 1004 2236 in
1026 2173 1104 2237 urhe
1127 2192 1185 2236 sua
1206 2191 1271 2235 nou
1287 2180 1446 2255 oportere.
1474 2172 1650 2236 Recitarem
1665 2170 1794 2235 decreta

463 2266 761 2350 Centuripinorum:
791 2266 954 2332 laudarem
980 2267 1067 2330 illam
1090 2267 1267 2340 civitatem,
1297 2266 1330 2329 id
1353 2265 1440 2351 quod
1462 2265 1627 2330 verissime
1648 2286 1793 2352 possem:

461 2380 743 2425 commemorarem
766 2359 878 2425 decem
899 2361 987 2425 milia
1007 2381 1077 2425 esse
1099 2362 1215 2425 civium
1238 2361 1527 2443 Centuripinorum,
1548 2360 1793 2424 fortissimorum

460 2450 784 2538 fidelissimorumque
807 2456 985 2518 sociorum:
1008 2475 1064 2519 eos
1087 2474 1198 2519 omues
1219 2454 1282 2518 hoc
1297 2455 1446 2519 statuisse
1461 2474 1680 2519 rrouvrrunrvrr
1695 2475 1793 2519 unns

423 2554 495 2614 ”rr
516 2567 576 2614 su
604 2567 750 2614 crvrrarrr
782 2568 910 2613 nuncu
939 2566 1014 2613 aser
1042 2566 1221 2615 oroareur.
1266 2544 1338 2612 464.
1367 2549 1455 2614 llaec
1483 2557 1551 2613 tum
1581 2551 1737 2625 dicerem,
1766 2550 1793 2612 si

461 2649 581 2707 statuas
597 2642 745 2705 Metellus
766 2661 833 2706 uon
855 2645 1060 2726 reposuisset.
1093 2644 1198 2707 Velim
1221 2663 1375 2726 quaerere
1397 2664 1483 2708 nuuc
1505 2664 1546 2707 ex
1566 2643 1638 2727 ipso
1652 2642 1794 2718 Metello,

461 2737 615 2821 quidnam
637 2756 695 2799 sua
716 2736 748 2799 vi
770 2743 803 2799 et
824 2737 1012 2801 auctoritate
1033 2738 1112 2801 milri
1135 2759 1177 2802 ex
1197 2736 1258 2801 hac
1280 2738 1423 2802 oratioue
1444 2737 1645 2821 praeciderit
1673 2737 1793 2803 Eadem

461 2833 578 2920 opinor
599 2830 706 2895 omnia
728 2831 909 2894 convenire.
939 2833 1049 2914 Neque
1066 2832 1162 2906 enim,
1185 2833 1211 2895 si
1228 2832 1364 2895 maxime
1380 2839 1503 2896 statuae
1518 2832 1661 2897 deiectae
1676 2837 1794 2905 esseut,

461 2946 515 2991 eas
537 2946 597 3010 ego
618 2923 710 2988 vohis
732 2943 861 3008 possem
882 2925 1022 2988 iacentes
1044 2925 1228 2989 ostendere:
1250 2926 1312 2989 hoc
1334 2946 1400 2988 uuo
1414 2933 1531 3001 uterer,
1553 2926 1714 2989 civitatem
1729 2932 1793 2986 tam

421 3026 589 3104 ”gravem
611 3024 732 3082 statuas
754 3018 914 3082 iudicasse
937 3019 970 3082 C.
984 3020 1093 3082 Verris
1116 3018 1343 3083 demoliendas·
1373 3020 1442 3083 lloc
1464 3019 1543 3082 milri
1557 3017 1705 3082 Metellus
1727 3037 1794 3081 uon

459 3114 594 3198 eripuit:
624 3110 686 3175 lroc
708 3113 804 3176 etiam
826 3111 967 3188 addidit,
996 3120 1033 3176 ut
1054 3133 1221 3196 quererer,
1243 3113 1270 3177 si
1292 3113 1372 3176 mihi
1393 3111 1571 3188 videretur,
1592 3120 1658 3175 tam
1679 3111 1791 3193 iniquo

457 3207 529 3272 iure
551 3205 648 3272 sociis
676 3212 775 3289 atque
801 3206 913 3269 amicis
934 3207 1100 3289 imperari,
1128 3214 1164 3270 ut
1184 3206 1226 3270 iis
1247 3227 1290 3271 ue
1310 3207 1344 3270 iu
1374 3207 1440 3271 suis
1469 3206 1602 3290 quidem
1627 3200 1792 3269 beneflciis

457 3300 560 3365 libero
582 3299 703 3365 iudicio
724 3300 772 3363 uti
794 3298 918 3376 liceret3
941 3320 999 3364 vos
1020 3319 1176 3383 rogarem,
1196 3307 1234 3364 ut
1249 3301 1467 3365 coniecturam
1482 3298 1640 3373 faceretis,
1663 3297 1791 3382 qualem

457 3395 555 3460 iniis
577 3394 674 3458 rebus
694 3393 729 3456 iu
751 3412 802 3456 me
818 3394 853 3455 L.
868 3393 1032 3457 Metellum
1053 3392 1153 3458 luisse
1175 3395 1341 3478 putaretis,
1364 3395 1397 3457 in
1419 3393 1537 3478 quibus
1558 3392 1655 3455 rebus
1677 3390 1792 3454 olreese

420 3489 538 3554 mmihi
560 3494 686 3573 posset,
718 3507 790 3550 cum
811 3488 846 3549 iu
866 3487 927 3551 huc
947 3506 983 3550 re
1005 3494 1070 3550 tam
1099 3496 1211 3571 aperta
1232 3488 1407 3574 cupiditate
1429 3487 1542 3562 firerit,
1568 3487 1602 3549 in
1625 3503 1691 3569 qua
1710 3483 1792 3546 nihil

459 3583 570 3647 obluit
605 3581 669 3647 Sed
692 3600 751 3664 ego
773 3581 902 3645 Metello
925 3601 991 3645 nou
1012 3583 1134 3645 irascor
1154 3602 1262 3666 neque
1284 3583 1315 3645 ei
1338 3601 1427 3645 suam
1442 3578 1664 3664 purgationem
1678 3576 1791 3660 eripio,

458 3696 525 3762 qua
547 3675 603 3740 ille
623 3675 709 3760 apud
731 3694 842 3740 omues
863 3676 979 3751 utitur,
1009 3682 1043 3738 ut
1072 3668 1152 3738 milii
1186 3677 1346 3740 malitiose
1374 3696 1479 3759 neque
1509 3672 1657 3738 consulto
1677 3671 1791 3736 fecisse

457 3771 613 3837 rideatur.

543 3864 657 3928 LXIX.
688 3858 760 3925 466.
782 3865 850 3927 lam
879 3864 982 3946 igitur
1008 3874 1058 3929 est
1079 3865 1124 3928 ita
1145 3864 1363 3949 perspicuum,
1392 3870 1429 3926 ut
1448 3881 1565 3948 negare
1587 3883 1653 3927 nou
1674 3861 1791 3947 possis,

420 3959 580 4026 &nullam
601 3958 659 4021 til>i
682 3964 818 4021 statuam
838 3958 1004 4022 voluntate
1034 3959 1222 4040 cuiusquam
1244 3958 1367 4033 datam,
1396 3957 1517 4022 nullam
1537 3956 1708 4041 pecuniam
1729 3962 1792 4020 sta-

457 4061 584 4118 tuarum
605 4050 735 4115 nomine
756 4050 820 4113 uisi
840 4051 873 4114 vi
896 4071 1078 4134 expressam
1101 4060 1134 4116 et
1155 4059 1307 4116 coactam.
1352 4052 1424 4127 Quo
1450 4052 1580 4135 quidem
1601 4051 1635 4115 iu
1657 4048 1791 4114 crimine

457 4167 524 4211 nou
544 4147 624 4212 illud
646 4144 749 4208 solum
776 4143 912 4227 intelligi
940 4146 1032 4221 volo,
1061 4153 1094 4210 te
1115 4145 1157 4209 ad
1189 4152 1307 4210 statuas
1330 4145 1390 4209 He
1411 4144 1520 4208 tricies
1542 4144 1703 4227 coegisse,
1734 4142 1791 4207 sed

457 4241 559 4306 multo
581 4240 675 4304 etiam
698 4236 777 4301 illud
799 4239 910 4322 magis,
933 4240 1019 4323 quod
1040 4241 1135 4303 simul
1158 4239 1409 4303 demonstratum
1431 4246 1489 4314 est,
1511 4244 1667 4324 quantum
1681 4236 1791 4301 odium

457 4343 627 4410 aratorum,
649 4339 804 4414 quantum
826 4334 969 4397 omnium
992 4334 1172 4398 Siculorum
1196 4333 1239 4397 ait
1260 4339 1292 4396 et
1312 4332 1418 4395 fuerit.
1455 4333 1491 4395 lu
1508 4352 1572 4415 quo
1588 4351 1672 4418 quae
1685 4338 1792 4397 restra

419 4427 601 4492 todeleusio
621 4425 730 4490 futura
750 4426 801 4502 sit,
825 4427 1010 4492 coniectura
1030 4428 1159 4512 assequi
1182 4447 1247 4493 nou
1268 4446 1362 4510 queo.
1396 4421 1468 4489 466.
1494 4427 1659 4491 «Oderunt
1672 4425 1790 4491 Siculi:

523 4635 547 4683 4.
565 4633 679 4683 mirmur
696 4630 816 4694 43644ε
834 4633 866 4681 a'ir
880 4633 994 4684 minatur
1010 4635 1055 4684 ctt.
1074 4635 1103 4685 0.
1124 4659 1152 4669 -
1170 4633 1195 4685 3.
1209 4631 1487 4683 decretontollrestar
1504 4630 1656 4695 4344Νφε
1674 4643 1730 4683 om.
1742 4631 1789 4682 ott

459 4731 487 4743 -
500 4707 524 4757 6.
542 4711 615 4757 certo
631 4704 684 4770 aar]
701 4710 747 4755 aut
762 4719 834 4756 aeno
850 4705 927 4770 4344.
950 4734 978 4745 -
998 4709 1038 4758 lo.
1062 4708 1162 4760 Ceam.
1183 4720 1238 4769 rep.
1257 4705 1326 4770 4344
1342 4720 1370 4771 p.
1388 4718 1425 4757 m.
1445 4734 1474 4743 -
1493 4706 1533 4756 43.
1551 4719 1609 4757 oen
1620 4720 1649 4770 p.
1667 4707 1698 4757 ll.
1715 4719 1739 4757 e.
1756 4710 1792 4757 ert

457 4782 534 4832 Ama.
553 4782 587 4832 ll.
606 4794 632 4846 p.
651 4782 710 4832 444.
730 4809 758 4818 -
777 4783 817 4832 te.
836 4784 976 4834 llomcnron
992 4782 1075 4849 4344ε
1098 4785 1267 4835 {tommosam
1285 4783 1331 4832 ctt.
1350 4782 1379 4832 0.
1400 4808 1427 4818 -
1448 4782 1489 4833 48.
1507 4795 1558 4832 esse
1573 4782 1621 4832 cio.
1640 4781 1788 4846 Lglllitll:

455 4854 504 4906 eto.
522 4868 572 4906 esre
588 4855 672 4920 4344;
691 4869 741 4907 ease
760 4869 814 4907 om.
833 4857 882 4908 dtt.
895 4858 963 4909 0.-
983 4857 1122 4909 teliaci:
1142 4870 1196 4909 om.
1213 4857 1301 4909 (4440.
1316 4882 1345 4894 -·
1363 4856 1405 4907 46.
1423 4856 1484 4906 hooc
1499 4857 1577 4907 aiom
1592 4859 1655 4922 433.
1675 4858 1792 4922 (praeter

454 4927 508 4992 44.)
525 4930 588 4980 ΑΒ.
609 4956 637 4966 -
655 4931 696 4982 48.
713 4944 758 4981 cos
772 4945 829 4996 rog.
848 4931 917 4996 4344
927 4934 967 4984 ll:
991 4938 1020 4983 at
1035 4947 1079 4984 ooo
1093 4947 1150 4998 rog.
1168 4935 1215 4984 ott.
1233 4933 1262 4983 0.
1283 4958 1311 4969 —
1329 4931 1370 4981 49.
1388 4931 1426 4981 lle
1442 4930 1504 4982 edd.
1522 4934 1584 4997 poet
1600 4933 1673 4984 Grut.
1692 4958 1721 4969 -
1746 4944 1791 4983 re·

455 5001 501 5054 bac
522 5007 590 5067 (ente
607 5003 698 5070 clau)
719 5019 773 5057 om.
797 5005 875 5071 4344.
895 5032 923 5044 -
948 5007 990 5059 et.
1004 5010 1184 5074 praepolleret»
1198 5009 1282 5072 Naug.
1300 5008 1335 5058 0:
1352 5008 1509 5058 omcaooen
1525 5005 1594 5071 4344
1611 5009 1639 5058 et
1654 5008 1694 5069 ll;
1710 5019 1792 5072 vapo-

453 5079 546 5129 ltouem
562 5080 630 5143 4349
648 5082 676 5131 et
692 5080 774 5143 delli,
793 5082 896 5147 444443
915 5083 1054 5135 meterem
1068 5085 1137 5136 coni.
1154 5083 1194 5137 lll.
1216 5083 1632 5148 [commmemoratione.
1649 5080 1789 5146 44444]-

454 5151 496 5202 34.
510 5152 660 5206 Cernttta
675 5157 713 5217 0;
731 5167 801 5209 coroa
817 5170 855 5219 φ;
873 5156 1012 5210 000000
1026 5157 1110 5223 egem
1128 5159 1170 5212 co.
1184 5159 1227 5211 Oc.
1244 5159 1287 5212 Co.
1304 5160 1342 5221 Nl
1359 5173 1385 5210 w
1400 5174 1426 5210 w
1443 5160 1505 5224 (ie.
1523 5156 1624 5221 croam)
1641 5157 1682 5218 Μ’,
1701 5156 1736 5208 cl.
1754 5155 1791 5207 ud

453 5225 649 5356 &CCCC-38·
666 5231 863 5284 dommum
879 5230 1266 5299 caltiamentorum
1281 5235 1327 5287 ctt
1346 5259 1376 5275 -
1394 5236 1480 5289 odim
1495 5230 1642 5299 latrum
1661 5232 1790 5288 odientia
