4367 6109
457 593 520 662 364
827 597 871 663 lit
890 596 1057 663 vasam
1076 595 1200 663 acrio
1222 596 1406 665 sacuam

457 765 602 832 audieras
624 772 655 830 at
674 765 758 830 bono
780 772 917 831 auctore.
953 765 1016 842 Qui
1037 766 1071 829 id
1092 773 1196 850 potes,
1223 766 1280 851 qui
1301 787 1342 831 ne
1363 787 1405 830 ex
1425 767 1492 832 viro
1513 765 1644 851 quidem
1665 765 1777 831 audire

457 860 619 946 potueris?
660 859 783 924 Audisti
803 860 896 942 igitur
917 882 958 924 ex
978 860 1125 935 muliere,
1146 861 1294 945 quoniam
1315 861 1348 924 id
1368 861 1427 924 viri
1449 881 1508 925 neo
1529 860 1646 926 vidisse
1667 881 1778 945 neque

457 974 550 1018 nosse
577 960 731 1038 poterant.
779 951 914 1030 Qualem
942 973 1036 1039 porro
1064 953 1151 1017 illam
1178 953 1327 1017 seminam
1355 953 1452 1018 baisse
1480 956 1613 1038 putatis,
1644 955 1778 1030 iudices,

457 1067 550 1131 quam
579 1047 740 1132 pudieam,
770 1066 851 1132 quae
879 1067 949 1111 eum
976 1048 1074 1112 Verre
1106 1047 1309 1132 loqueretur?
1345 1067 1441 1131 quam
1467 1047 1661 1132 religiosam,
1692 1069 1778 1134 quae

431 1140 581 1206 assererii
601 1140 756 1224 spoliandi
776 1140 926 1205 rationem
948 1140 1151 1206 ostenderet?
1192 1142 1241 1203 An
1262 1140 1390 1204 minime
1417 1141 1544 1216 mirum,
1577 1162 1658 1226 quae
1687 1163 1779 1208 saera

455 1255 514 1319 per
533 1253 686 1298 summam
708 1235 922 1298 castimoniam
942 1235 1081 1300 viromm
1108 1255 1145 1298 ao
1167 1234 1332 1299 mulierum
1352 1234 1445 1308 liant,
1473 1235 1583 1299 eadem
1604 1257 1664 1320 per
1685 1238 1778 1300 istius

455 1335 599 1413 stuprum
613 1347 650 1393 ao
663 1325 815 1411 flagitium
829 1348 899 1391 esse
913 1329 1047 1393 violata?
1078 1330 1189 1392 XLVI.
1204 1327 1289 1405 Quid
1303 1332 1401 1411 44344
1422 1330 1483 1394 boo
1496 1330 1599 1393 solum
1613 1331 1778 1394 auditione

456 1430 604 1507 expetere
632 1423 752 1505 eoepit,
783 1443 854 1486 enm
875 1422 907 1486 id
928 1424 997 1506 ipse
1018 1442 1082 1486 non
1103 1423 1255 1487 vidisset?
1298 1424 1395 1486 lmmo
1417 1443 1492 1487 vero
1514 1424 1576 1487 alia
1597 1424 1776 1507 complura:

456 1533 497 1578 ex
525 1515 639 1599 quibus
670 1516 782 1598 eligam
811 1516 1029 1599 spoliationem
1054 1517 1238 1580 nobilissimi
1267 1523 1362 1601 atque
1386 1517 1598 1601 antiquissimi
1612 1517 1702 1592 iani,
1736 1517 1777 1581 de

419 1623 520 1694 soqna
544 1611 649 1695 priore
681 1611 805 1674 actione
836 1618 932 1674 testes
965 1611 1068 1674 disere
1100 1610 1241 1674 audistis.
1289 1612 1379 1674 Nune
1402 1611 1510 1674 eadem
1539 1611 1611 1685 illa,
1644 1631 1776 1695 quaeso,

455 1702 560 1768 audite
582 1709 614 1767 et
634 1703 808 1787 diligenter,
830 1706 910 1769 siout
923 1704 1025 1769 adhue
1038 1703 1169 1780 lesistis,
1190 1703 1350 1769 attendite.
1384 1699 1455 1766 403.
1477 1705 1583 1768 lnsula
1596 1713 1645 1769 est
1657 1706 1776 1780 llelita,

454 1794 585 1871 iudices,
607 1798 681 1862 satis
702 1798 766 1862 lato
789 1799 931 1862 aSieilia
942 1799 1020 1862 mari
1038 1798 1278 1882 perinrlosoque
1298 1798 1452 1861 diiuncta:
1474 1798 1507 1862 in
1522 1819 1586 1883 qua
1600 1806 1649 1863 est
1662 1799 1776 1865 eodem

455 1890 584 1954 nomine
606 1891 766 1976 oppidum,
788 1913 852 1977 quo
873 1892 932 1957 iste
954 1912 1125 1977 numquam
1146 1893 1287 1968 sesessit,
1309 1891 1396 1977 qnod
1416 1901 1520 1957 tamen
1536 1894 1587 1958 isti
1601 1895 1776 1959 textrinum

454 2004 513 2069 per
533 1985 701 2050 triennium
722 1988 763 2052 ad
783 1986 969 2051 muliebrem
995 1994 1116 2052 vestem
1146 1986 1375 2050 conficiendam
1401 1986 1469 2051 fuit.
1511 1987 1560 2050 Ab
1588 2007 1626 2051 eo
1654 1987 1775 2072 oppido

417 2091 519 2145 sinon
540 2079 634 2163 longe
655 2081 689 2146 in
709 2082 923 2166 promontorio
945 2080 1052 2147 fanum
1074 2089 1123 2145 est
1143 2082 1272 2144 lunonis
1293 2081 1468 2165 antiquum,
1492 2080 1578 2166 quod
1599 2089 1687 2146 44444
1700 2083 1776 2147 reli-

455 2175 547 2257 gione
568 2194 693 2259 semper
712 2175 787 2249 luit,
814 2183 940 2240 utnon
969 2174 1064 2239 modo
1091 2175 1155 2239 illis
1179 2175 1305 2239 Punicis
1332 2175 1442 2250 bellis,
1475 2195 1556 2260 quae
1583 2178 1616 2239 in
1636 2175 1686 2240 bis
1706 2176 1775 2242 iere

453 2268 532 2334 locis
553 2268 657 2334 navali
679 2269 771 2354 copia
791 2276 879 2351 34444
908 2277 1003 2355 atque
1028 2277 1152 2334 versata
1179 2276 1269 2345 sunt,
1299 2270 1355 2334 sed
1384 2271 1477 2334 etiam
1497 2271 1557 2333 bae
1577 2269 1776 2353 praedonum

454 2363 656 2429 multitudine
692 2384 817 2446 semper
853 2364 1035 2429 inviolatum
1072 2371 1279 2449 sanctumque
1311 2363 1416 2428 buerit.
1470 2364 1556 2440 Quin
1589 2366 1682 2427 stiam
1713 2363 1776 2429 boe

455 2459 624 2524 memoriae
645 2458 806 2542 proditum
827 2466 884 2534 est,
906 2458 1007 2522 classe
1029 2458 1190 2544 qnondam
1204 2459 1388 2524 Masinissae
1409 2458 1492 2540 regis
1513 2457 1554 2520 ad
1576 2479 1648 2522 eum
1668 2459 1775 2524 loenm

416 2553 588 2638 soappnlsa
616 2553 810 2636 praelectum
838 2552 960 2636 regium
988 2553 1099 2617 dentes
1127 2554 1283 2617 eburneos
1311 2552 1488 2616 incredibili
1517 2553 1775 2636 magnitudines

452 2648 527 2714 iano
551 2646 718 2711 sustulisse
740 2653 773 2710 et
786 2666 841 2710 eos
856 2647 889 2709 in
903 2645 1039 2710 Africam
1053 2655 1197 2733 portasse
1211 2647 1461 2730 Masinissaeque
1477 2645 1624 2711 donasse.
1656 2649 1776 2730 Regem

453 2743 555 2829 primo
578 2741 767 2805 delectatum
788 2760 858 2804 esse
879 2760 1026 2804 munere:
1055 2751 1138 2827 post,
1159 2742 1214 2806 ubi
1236 2740 1391 2816 audisset,
1418 2740 1503 2804 nnds
1526 2748 1647 2815 essent,
1669 2744 1775 2808 statim

454 2843 554 2901 certos
567 2835 711 2899 homines
726 2835 759 2898 in
774 2836 990 2919 quinqueremi
1006 2837 1139 2911 misisse,
1162 2836 1218 2919 qui
1233 2856 1286 2899 eos
1302 2835 1412 2898 dentes
1426 2843 1624 2920 reponerent.
1660 2836 1774 2919 ltaque

453 2932 486 2994 in
511 2931 550 2995 iis
571 2930 719 3013 seriptum
741 2929 853 2993 litteris
878 2930 1004 2993 Punicis
1021 2930 1098 2993 init:
1119 2931 1235 2993 Rasna
1255 2930 1450 2993 Masinissae
1472 2931 1696 2994 runavnsursn
1718 2949 1776 2995 sc·

415 3035 593 3093 wcsnrsssz
625 3045 666 3088 aa
694 3043 828 3088 4444444
856 3043 1076 3087 nnnonrsnnos
1104 3043 1247 3087 cvnsssn.
1295 3025 1370 3086 Erat
1396 3031 1559 3107 praeterea
1585 3043 1698 3108 magna
1725 3025 1774 3090 vis

454 3120 574 3195 eboris,
595 3120 692 3183 multa
712 3125 909 3193 ornamenta,
936 3119 969 3181 in
998 3119 1114 3203 quibus
1143 3119 1298 3183 eburneae
1320 3118 1491 3192 Victoriae,
1523 3117 1654 3202 antiquo
1676 3137 1774 3202 opere

453 3233 490 3279 ao
511 3233 632 3277 summa
654 3212 907 3298 anteperfectae.
951 3208 1022 3275 404.
1043 3214 1131 3277 Η444
1151 3213 1209 3276 iste
1232 3213 1352 3288 omnia,
1375 3233 1416 3276 ne
1438 3212 1545 3276 multis
1566 3232 1686 3286 morer,
1708 3234 1773 3277 uno

452 3310 571 3393 impetu
592 3315 687 3391 atque
707 3327 771 3371 uuo
791 3308 898 3370 nuntio
913 3328 970 3393 per
984 3328 1090 3372 servos
1105 3307 1269 3381 Venerios,
1292 3327 1370 3392 qnos
1385 3306 1454 3370 eius
1468 3307 1515 3368 rei
1530 3326 1623 3370 eausa
1635 3308 1773 3383 miserat,

453 3401 592 3466 tollenda
612 3408 707 3486 atque
729 3401 916 3487 asportanda
937 3402 1067 3466 curavit
1099 3400 1223 3464 XLVII.
1243 3401 1303 3463 Pro
1326 3400 1358 3463 di
1372 3398 1581 3463 immortales!
1604 3420 1697 3484 quem
1712 3419 1773 3484 434

416 3496 612 3560 sobominem
640 3498 779 3560 aeouso‘i
812 3516 907 3580 quesn
933 3496 1056 3581 legibus
1084 3502 1141 3559 aut
1161 3492 1303 3558 iudiciali
1330 3494 1398 3557 iure
1419 3497 1613 3578 persequor?
1646 3494 1685 3557 de
1706 3514 1773 3579 quo

519 3721 543 3770 4.
557 3722 638 3782 potest
653 3717 719 3770 dett.
738 3745 766 3757 ·-
783 3718 809 3769 4.
825 3730 871 3769 neo
885 3719 937 3768 nid.
955 3720 976 3771 ll
993 3720 1030 3770 64
1047 3717 1108 3770 bd:
1132 3731 1165 3768 44
1180 3719 1231 3768 oid.
1250 3719 1300 3778 (3⁴3
1318 3730 1397 3781 neqase
1410 3717 1461 3767 oid.
1480 3714 1544 3767 dett.
1563 3716 1593 3767 0.
1613 3741 1642 3753 -
1660 3715 1685 3767 3.
1701 3715 1774 3767 444444

453 3808 507 3848 om.
524 3791 542 3846 λ
558 3795 603 3846 Gi.
618 3821 646 3832 -
660 3795 769 3858 potestis
786 3793 822 3846 aa
839 3797 867 3845 et
883 3794 965 3859 4349,
984 3795 1029 3860 qui
1045 3793 1128 3845 hebet
1139 3795 1248 3857 44444444
1262 3794 1346 3858 pinse.
1361 3820 1389 3830 -
1404 3794 1428 3843 4.
1446 3793 1514 3842 sueri
1529 3791 1611 3855 4349;
1629 3792 1775 3843 moriens

453 3867 510 3921 rell.
523 3872 600 3934 4433.
616 3896 643 3906 -
655 3875 706 3921 rui.
725 3875 770 3920 444.
784 3869 861 3921 codd.
876 3871 942 3920 noti:
961 3875 1007 3920 444.
1024 3875 1075 3920 rot.
1093 3869 1123 3920 Ο.
1138 3883 1216 3920 -un
1231 3869 1268 3920 143
1286 3866 1380 3933 (Madv.
1393 3880 1421 3932 p.
1434 3867 1499 3929 iil:
1517 3880 1549 3916 44
1559 3866 1643 3929 4349ς
1662 3871 1689 3916 et
1706 3865 1772 3919 dett.

454 3945 483 3996 0.
500 3945 554 4008 [est
569 3943 664 3996 deinde
681 3946 709 3997 in
726 3945 793 4009 4349
810 3942 867 3996 4444
884 3958 917 3997 ex
933 3945 1016 3996 notis:
1033 3944 1135 3994 44444444
1150 3949 1185 3994 esi
1199 3945 1301 4006 4444444,
1319 3945 1402 4003 recte,
1420 3943 1450 3992 ut
1464 3938 1589 4004 videtne]
1608 3968 1635 3978 -
1654 3942 1679 3992 6.
1695 3942 1775 4007 44434-

452 4033 514 4071 naen
529 4033 560 4070 44
575 4021 636 4071 mad.
654 4020 687 4072 de
706 4021 845 4072 Hotomaui
861 4022 929 4071 coni.
948 4020 978 4071 0.
993 4046 1021 4056 -
1032 4019 1104 4086 puni]
1121 4025 1194 4070 erent
1210 4021 1288 4083 4433.
1302 4045 1330 4054 -
1344 4019 1368 4069 44.
1382 4017 1512 4080 amplisu
1523 4015 1615 4068 codd:
1633 4019 1775 4081 4444444444

453 4095 536 4146 Prisc.
553 4095 573 4145 1.
591 4107 618 4160 p.
636 4094 693 4147 344.
715 4094 848 4159 (eonptnre
863 4095 901 4160 44.)
925 4122 952 4132 -
976 4095 1001 4145 9.
1018 4108 1097 4145 onom
1113 4095 1204 4158 4443444
1224 4094 1283 4145 eod.
1301 4095 1358 4146 Urs.
1377 4096 1405 4144 44
1420 4092 1498 4156 4349.
1519 4115 1547 4128 -
1567 4091 1607 4142 so.
1631 4097 1701 4144 testae
1716 4105 1772 4144 om.

453 4170 531 4234 4349.
546 4197 573 4208 -
592 4171 633 4221 44.
650 4171 683 4222 ab
699 4171 749 4222 Sto.
762 4169 826 4223 dett.
846 4171 879 4223 44.
898 4170 932 4222 sd
948 4171 1006 4222 Div.
1025 4170 1049 4235 5.
1062 4171 1104 4222 48.
1119 4197 1146 4206 -
1165 4171 1277 4221 4444444444
1293 4171 1313 4221 a
1330 4182 1367 4220 m.
1378 4182 1421 4234 p.:
1440 4169 1562 4218 4444444444
1578 4168 1598 4219 0
1615 4168 1678 4218 4444
1695 4179 1732 4220 m.
1746 4169 1773 4218 4.

454 4259 523 4297 eorr.
538 4270 565 4283 -
585 4245 625 4298 44.
642 4247 740 4311 onum]
752 4249 978 4312 nntrnmlipm.
993 4272 1022 4284 -
1044 4247 1084 4297 444.
1100 4247 1276 4309 momentaria
1292 4246 1327 4304 44;
1342 4245 1516 4307 4444444444
1533 4239 1728 4307 [3494454444.
1743 4269 1772 4280 -

453 4322 494 4372 tl.
511 4321 592 4386 cepio]
606 4323 703 4385 proelio
719 4321 783 4374 deti.
802 4325 888 4373 Garat.
907 4324 938 4372 11.
956 4321 1025 4373 conl.
1043 4322 1104 4372 Tac.
1122 4323 1189 4372 Ann.
1208 4322 1249 4371 IV.
1268 4320 1506 4371 samanaeos
1521 4320 1595 4382 enpiu
1611 4320 1639 4368 et
1649 4318 1720 4369 cora
1738 4318 1775 4369 ad

453 4394 513 4447 Sall.
532 4393 606 4446 Catil.
624 4397 665 4448 46.
686 4425 713 4434 -
731 4399 813 4449 44414
831 4398 891 4450 bd:
916 4411 969 4448 om.
988 4399 1020 4448 Gi
1035 4397 1065 4458 4;
1090 4398 1118 4447 44
1133 4398 1180 4447 bne
1199 4395 1263 4447 dett.
1292 4397 1326 4447 At
1342 4396 1375 4446 el.
1395 4393 1506 4445 Ellendt.
1524 4394 1558 4444 ad
1576 4395 1631 4445 Cic.
1650 4392 1684 4444 ds
1701 4395 1773 4444 Orat.

454 4467 511 4521 Vol.
528 4471 560 4521 11.
579 4484 605 4536 p.
619 4472 676 4522 464.
692 4498 720 4509 -
734 4474 774 4524 48.
792 4487 887 4536 seraper
902 4474 978 4537 snerii
993 4473 1043 4522 ino.
1062 4478 1141 4523 44444.
1159 4471 1205 4523 Gi.
1221 4499 1248 4507 -
1263 4473 1302 4523 49.
1321 4472 1487 4522 4444444444
1503 4471 1560 4533 (ter)
1578 4470 1606 4519 l..
1624 4467 1657 4518 ci.
1676 4469 1773 4519 Osann.

454 4545 489 4598 ad
505 4547 569 4611 sep.
587 4546 630 4596 VI.
648 4559 675 4612 p.
696 4547 766 4608 360.;
793 4550 953 4600 Massinissa
968 4550 1000 4599 Gi
1021 4549 1098 4612 4349.
1125 4575 1152 4584 -
1177 4548 1218 4598 40.
1237 4546 1344 4609 adpulsu
1363 4547 1393 4597 R.
1413 4573 1440 4580 -
1465 4545 1506 4594 44.
1524 4545 1551 4594 44
1567 4556 1621 4594 om.
1645 4544 1723 4606 lagg.
1744 4569 1774 4580 -

452 4635 536 4686 sepem
553 4621 651 4685 qnidem
668 4621 732 4674 dett.
751 4624 780 4675 Ο.
795 4651 823 4662 -
836 4623 876 4675 43.
894 4624 970 4674 entis
984 4623 1093 4673 44444444
1110 4624 1146 4673 im
1162 4637 1186 4686 q.
1199 4623 1228 4673 44.
1243 4649 1271 4658 -
1284 4625 1430 4685 monerent
1440 4619 1477 4670 443
1487 4617 1504 4669 i
1516 4619 1598 4681 igis:
1615 4623 1776 4680 reportarent

453 4696 518 4748 dett.
536 4698 565 4747 0.
586 4723 613 4733 -
632 4695 673 4748 44.
695 4698 727 4749 iis
743 4699 778 4749 li:
804 4699 886 4751 biso.
907 4727 934 4736 -
952 4699 1071 4761 4444444444
1090 4700 1111 4749 R
1128 4700 1160 4749 Gt
1175 4699 1191 4749 4
1209 4697 1290 4762 apta:
1315 4697 1462 4759 4444444444
1486 4694 1532 4745 Ld.
1551 4693 1616 4745 dett.
1635 4693 1665 4744 0.
1686 4721 1713 4730 -
1731 4694 1775 4743 44-

449 4772 597 4836 prudentem
612 4773 642 4823 R.
662 4800 690 4810 -
714 4775 755 4824 45.
773 4775 936 4838 reportandos
952 4774 988 4824 G3
1004 4773 1035 4824 l:
1059 4776 1288 4838 reportandosqnoe
1303 4773 1336 4833 44,
1363 4785 1433 4822 sorr.
1450 4771 1478 4821 44
1493 4769 1683 4832 reportandam:
1702 4768 1772 4831 (sien

451 4848 604 4910 reponendos
617 4849 825 4912 annonaeque
839 4849 904 4901 (4444.
921 4851 949 4900 0.
968 4850 1087 4912 [Videtur
1103 4849 1275 4901 scribendum
1293 4860 1367 4898 esse:
1384 4847 1548 4909 reportandos
1562 4845 1773 4907 reponendosque.

454 4921 522 4972 Cum
538 4921 609 4972 euim
626 4922 653 4972 in
669 4924 689 4973 R
706 4925 741 4984 sit
756 4925 993 4988 reportandosqnoe,
1010 4924 1179 4976 verisimilius
1196 4929 1238 4976 esi
1253 4923 1350 4976 librarii
1367 4923 1458 4974 oculos
1475 4922 1509 4973 ab
1527 4921 1609 4972 altero
1626 4921 1774 4985 gerundivo

454 4994 489 5046 ad
504 4993 617 5048 alterum
633 4997 788 5061 aberrasse,
815 5013 895 5064 quam
917 5012 981 5062 quoe
997 5012 1019 5050 s.
1038 5012 1085 5062 qne
1107 4997 1262 5064 negligentia
1283 5002 1330 5050 aut
1347 4995 1548 5062 interpolatione
1565 4994 1684 5046 additum
1701 5008 1772 5047 esse.

452 5069 554 5123 Eadem
569 5074 670 5125 ratione
686 5075 807 5139 peccavit
821 5073 942 5125 librarius
960 5078 1019 5128 eod.
1037 5075 1057 5125 R
1075 5075 1117 5125 IV.
1136 5074 1160 5139 s.
1178 5074 1220 5125 43.
1239 5078 1266 5125 44
1282 5073 1338 5125 iio.
1368 5072 1461 5137 lissa]
1479 5100 1507 5109 —
1525 5072 1567 5122 48.
1585 5072 1678 5134 impetn
1696 5075 1775 5133 utque

452 5159 503 5197 444
519 5157 573 5198 om.
591 5148 670 5212 4433.
690 5174 718 5186 -
737 5148 778 5200 49.
796 5149 822 5199 di
838 5149 874 5199 R:
893 5149 928 5198 dii
944 5150 973 5198 0.
994 5174 1020 5187 -
1040 5149 1080 5201 3⁰.
1099 5149 1151 5213 ispe
1168 5149 1245 5213 4349.
1265 5175 1293 5186 -
1311 5154 1356 5198 unt
1372 5149 1417 5210 aa,
1435 5145 1464 5197 l:
1482 5160 1514 5197 ne
1531 5146 1595 5198 dett.
1613 5146 1642 5197 0.
1657 5172 1682 5181 -
1702 5146 1774 5196 isdi-

453 5220 513 5273 neit
529 5221 607 5273 codd.
626 5222 684 5287 (sed
698 5223 719 5274 ll
735 5225 787 5274 sie:
806 5223 936 5309 indioieiip
951 5223 1029 5289 torel:
1048 5224 1141 5289 4434444
1157 5237 1189 5274 uo
1203 5226 1260 5275 iare
1275 5223 1309 5275 ds
1326 5225 1395 5275 coni.
1411 5225 1472 5275 Era.
1491 5221 1677 5274 probabiliter!
1695 5220 1773 5274 Idem

454 5307 548 5375 postea
563 5305 687 5376 probavit
701 5307 788 5362 44444.
806 5308 853 5376 op.
871 5308 892 5359 1.
909 5320 937 5376 p.
955 5306 1023 5373 sii,
1041 5320 1104 5361 oum
1119 5308 1198 5360 44444
1213 5309 1241 5360 in
1256 5309 1304 5376 Ep.
1322 5321 1349 5378 p.
1361 5307 1402 5361 47.
1420 5307 1512 5376 opitu
1527 5321 1559 5360 44
1573 5306 1666 5359 4444444
1680 5307 1772 5374 suspi-
