4367 6109
827 588 899 656 on.
921 592 1069 656 v-vu.
1096 589 1152 677 ss.
1176 588 1324 659 tt-to.
1672 592 1735 660 ou

415 781 509 825 cansa
539 760 666 836 lecerit,
694 781 735 824 an
765 761 826 824 boc
854 780 969 842 genere
1000 761 1202 846 eloquentiae
1232 763 1422 838 delectetur,
1451 767 1578 829 nescio:
1610 768 1735 830 tametsi

415 858 470 942 qui
492 855 648 919 acutiores
670 857 702 918 in
725 856 872 919 contione
894 863 1060 930 steterant,
1083 856 1123 919 de
1144 857 1214 940 lege
1235 858 1356 941 agraria
1377 861 1485 922 nescio
1505 861 1582 943 quid
1596 859 1735 923 voluisse

413 971 485 1013 eum
508 950 612 1013 dicere
634 950 884 1032 suspicabantur.
917 949 1097 1033 Aliquando
1119 952 1246 1014 tandem
1261 972 1311 1014 me
1327 951 1491 1034 designato
1506 950 1560 1015 lex
1579 954 1610 1014 in
1632 952 1736 1034 publi-

412 1065 483 1107 cum
510 1043 709 1128 proponitur.
749 1043 948 1105 Concurrunt
978 1043 1067 1105 iussu
1098 1063 1168 1107 meo
1199 1044 1306 1126 plures
1335 1065 1399 1108 uno
1428 1055 1570 1129 tempore
1600 1045 1737 1118 librarii,

412 1134 602 1220 descriptam
624 1136 664 1197 ad
685 1156 736 1198 me
758 1135 860 1217 legem
882 1136 1028 1198 atterunt.
1059 1136 1112 1197 Vl.
1134 1131 1184 1198 li.
1207 1136 1301 1199 Omni
1323 1138 1385 1200 boc
1407 1140 1530 1201 ratione
1551 1139 1641 1202 robis
1663 1155 1762 1201 con-5

411 1230 535 1295 firmare
556 1248 703 1312 possum,
727 1227 884 1304 Quirites,
905 1229 967 1291 boo
989 1230 1093 1291 animo
1116 1250 1166 1292 me
1189 1231 1228 1293 ad
1251 1232 1415 1314 legendam
1430 1234 1532 1314 legem
1547 1249 1739 1313 cognoscen-

413 1325 549 1407 damque
571 1321 716 1395 venisse,
739 1328 794 1395 ut,
817 1321 843 1383 si
867 1341 936 1384 eam
959 1323 1048 1386 robis
1070 1325 1338 1387 accommodatam
1360 1333 1457 1410 atque
1475 1326 1584 1388 utilem
1602 1344 1671 1387 esse
1691 1324 1739 1386 in·

410 1417 605 1500 telligerem,
634 1422 746 1478 auctor
776 1414 845 1478 eius
874 1423 969 1499 atque
998 1417 1127 1479 adiutor
1148 1437 1260 1480 essem.
1303 1419 1372 1479 Non
1396 1419 1480 1480 enim
1502 1428 1613 1481 natura
1634 1436 1740 1500 neque

412 1511 544 1575 discidio
568 1529 673 1593 neque
697 1509 773 1572 odio
796 1509 923 1592 penitus
946 1509 1041 1573 insito
1063 1510 1183 1573 bellum
1204 1512 1418 1594 nescioquod
1439 1511 1536 1575 babet
1557 1519 1740 1594 susceptum

414 1602 599 1666 consulatus
630 1622 701 1666 cum
724 1602 902 1677 tribunatu,
931 1603 1007 1686 quia
1036 1622 1189 1687 persaepe
1212 1603 1372 1667 seditiosis
1394 1612 1490 1687 atque
1512 1605 1665 1689 improbis
1685 1605 1778 1670 tri-to

413 1697 508 1759 bunis
537 1696 641 1778 plebis
668 1696 745 1758 boni
775 1705 806 1759 et
833 1695 931 1759 sortes
958 1697 1107 1760 consules
1137 1698 1327 1761 obstiterunt
1349 1705 1380 1761 et
1402 1698 1477 1781 quia
1498 1700 1559 1775 vis,
1573 1696 1742 1759 tribunicia

412 1810 477 1853 non
509 1808 682 1872 numquam
705 1789 829 1852 libidini
851 1790 967 1854 restitit
988 1793 1158 1855 consulari.
1201 1793 1271 1855 Non
1294 1798 1486 1874 potestatum
1508 1790 1743 1864 dissimilitudo,

412 1885 469 1949 sed
492 1883 668 1945 animorum
693 1883 862 1946 disiunctio
880 1882 1112 1947 dissensionem
1134 1885 1217 1948 lacit.
1251 1880 1302 1948 45.
1317 1886 1428 1969 Itaque
1442 1884 1504 1949 boo
1519 1886 1626 1948 animo
1640 1885 1741 1966 legem

413 1977 534 2060 sumpsi
556 1977 589 2037 in
614 1996 745 2051 manus,
767 1985 804 2038 ut
825 1995 894 2039 eam
916 1997 1063 2059 cuperem
1088 1999 1157 2043 esse
1179 1987 1284 2063 aptam
1306 1982 1418 2043 vestris
1440 1978 1614 2042 commodis
1629 1975 1743 2038 eteius

413 2072 517 2145 modi,
547 2091 642 2154 quam
674 2070 786 2133 consul
817 2089 868 2143 re,
897 2089 961 2132 non
991 2073 1133 2135 oratione
1163 2074 1326 2157 popularis
1348 2082 1379 2136 et
1400 2074 1532 2136 honeste
1555 2079 1588 2135 et
1608 2070 1781 2136 libenterts

414 2172 523 2250 posset
552 2162 733 2227 defendere.
771 2162 868 2246 Atqui
895 2183 954 2246 ego
984 2185 1003 2227 a
1030 2167 1132 2248 primo
1155 2168 1259 2249 capite
1281 2168 1359 2251 legis
1381 2187 1483 2252 usque
1505 2168 1545 2231 ad
1568 2174 1743 2229 extremum

413 2259 556 2342 reperio,
586 2257 747 2333 Quirites,
780 2256 860 2320 nibil
890 2258 976 2320 aliud
1006 2258 1196 2342 cogitatum,
1227 2260 1306 2323 nibil
1327 2260 1411 2323 aliud
1434 2268 1633 2344 susceptum,
1663 2254 1744 2320 nibil

414 2352 500 2415 aliud
529 2358 651 2425 actum,
681 2350 741 2413 nisi
770 2350 817 2414 uti
851 2351 960 2413 decem
989 2371 1080 2434 reges
1102 2356 1233 2429 aerarii,
1261 2354 1481 2436 vectigalium,
1510 2352 1743 2437 provinciarum

416 2446 577 2519 omnium,
612 2444 708 2508 totius
730 2445 776 2507 rei
805 2445 971 2527 publicae,
1003 2466 1189 2529 regnorum,
1224 2448 1394 2512 liberorum
1416 2449 1626 2531 populorum,
1659 2442 1744 2506 orbis

417 2540 557 2623 denique
580 2546 732 2601 terrarum
755 2537 875 2600 domini
891 2540 1158 2604 constituerentur
1179 2543 1258 2626 legis
1274 2543 1416 2625 agrariae
1431 2541 1632 2605 simulatione
1647 2545 1781 2620 atqueso

415 2620 556 2699 nomiu‘e.
593 2633 644 2695 Sic
667 2628 833 2706 confirmo,
855 2631 1013 2707 Quirites,
1035 2634 1095 2696 beo
1116 2633 1187 2718 lege
1202 2637 1323 2719 agraria
1341 2637 1474 2719 pulchra
1488 2644 1583 2717 atque
1597 2629 1744 2715 populari

418 2731 485 2792 dari
514 2727 604 2790 vobis
634 2725 731 2798 nibil,
766 2725 940 2788 condonari
970 2727 1064 2789 certis
1091 2727 1273 2792 bominibus
1296 2730 1418 2804 omnia;
1451 2727 1601 2793 ostentari
1623 2723 1743 2808 populo

413 2826 559 2886 Romano
582 2839 692 2903 agros,
716 2819 796 2902 eripi
818 2820 913 2882 etiam
934 2819 1126 2896 libertatem;
1148 2824 1342 2905 privatorum
1364 2823 1518 2906 pecunias
1536 2819 1663 2903 angeri,
1685 2838 1745 2900 pu·

415 2918 513 2981 blioas
536 2914 717 2988 exhauriri3
740 2914 896 2996 denique,
918 2912 1002 2998 quod
1026 2922 1074 2976 est
1095 2915 1367 2999 indignissimum,
1390 2936 1449 3001 per
1468 2916 1611 2979 tribunos
1632 2912 1744 2996 plebis,

417 3032 496 3096 quos
525 3012 661 3073 maiores
690 3008 853 3091 praesides
875 3007 1028 3070 libertatis
1051 3008 1262 3093 custodesque
1286 3029 1356 3073 esse
1379 3009 1564 3085 voluerunt,
1582 3026 1686 3089 reges
1710 3006 1782 3078 inm

416 3106 542 3169 civitate
574 3102 734 3167 constitui.
778 3096 942 3177 tooure
971 3121 1060 3174 cnm,
1093 3100 1250 3178 Quirites,
1279 3122 1475 3187 exposuero,
1504 3103 1532 3166 si
1553 3102 1634 3167 salsa
1654 3102 1745 3164 robis

415 3199 609 3263 videbuntur
624 3215 713 3269 esse,
736 3214 852 3279 sequar
870 3194 1087 3258 auctoritatem
1102 3203 1255 3272 vestram,
1278 3198 1406 3261 mutabo
1421 3217 1524 3262 meam
1539 3195 1744 3270 sententiam:

416 3295 466 3356 sin
490 3291 624 3354 insidias
646 3288 716 3352 lieri
738 3288 879 3351 libertati
897 3294 1020 3350 vestrae
1041 3287 1244 3353 simulatione
1267 3291 1441 3372 largitionis
1462 3290 1666 3373 intelligetis,
1687 3305 1745 3349 no-

416 3388 504 3449 litote
528 3384 672 3446 dubiture
694 3381 832 3464 plurimo
854 3381 970 3443 sudore
992 3389 1024 3442 et
1049 3383 1204 3464 sanguine
1226 3384 1378 3446 maiorum
1402 3379 1601 3468 [vestrorum]
1624 3389 1745 3466 partam

417 3479 572 3560 vobisque
601 3476 746 3538 traditam
776 3475 952 3537 libertatem
981 3473 1070 3537 nullo
1101 3484 1207 3540 vestro
1229 3477 1337 3540 laboro
1371 3478 1500 3541 consule
1522 3477 1668 3539 adiutore
1690 3473 1782 3545 de-oo

416 3572 556 3634 tendere.

500 3666 568 3728 Vll.
590 3664 728 3726 Primum
758 3672 853 3746 caput
880 3672 928 3728 est
955 3664 1032 3746 legis
1061 3664 1218 3746 agrariae,
1247 3685 1328 3747 quo,
1354 3672 1389 3727 ut
1413 3663 1459 3726 illi
1486 3672 1615 3747 putant,
1645 3669 1746 3727 tenta-

417 3760 493 3822 mini
521 3758 648 3831 leviter,
677 3776 741 3839 quo
772 3757 879 3820 animo
901 3758 1055 3821 libertatis
1076 3765 1199 3821 restrae
1221 3758 1470 3821 deminutionem
1497 3758 1579 3821 terro
1608 3757 1745 3843 possitis.

417 3854 508 3917 lubet
540 3853 625 3915 enim
662 3852 822 3915 tribunum
855 3851 975 3934 plebis,
1010 3853 1065 3935 qni
1099 3871 1168 3914 eam
1199 3852 1300 3935 legem
1328 3853 1452 3927 tulerit,
1485 3872 1591 3916 creare
1622 3853 1747 3915 decem-

416 3947 501 4010 viros
529 3966 588 4029 per
616 3947 716 4009 tribus
747 3966 830 4020 xrrr,
856 3953 909 4021 ut,
937 3965 1033 4029 quem
1061 3965 1132 4009 vrru
1160 3946 1261 4009 tribus
1290 3944 1437 4020 iecerint,
1467 3946 1494 4009 is
1516 3947 1675 4011 decemvir
1696 3947 1783 4016 sitos

482 4168 506 4218 t.
525 4167 697 4229 Quintilianus
714 4169 779 4219 Vlll.
798 4167 826 4228 l,
845 4168 895 4219 28:
917 4169 995 4218 Pauci
1017 4173 1117 4229 tumeo,
1140 4168 1184 4229 qul
1202 4168 1316 4230 proximi
1332 4167 1477 4229 audeaut,
1501 4169 1583 4218 macto
1600 4169 1660 4230 quid
1675 4169 1746 4219 litun

416 4245 446 4294 de
461 4245 514 4308 tege
529 4245 637 4308 agrario
652 4245 757 4295 votuisse
773 4246 854 4294 dicus
869 4245 1102 4308 summutantu-
1116 4244 1213 4293 tometai
1229 4243 1272 4305 qui
1283 4241 1443 4293 Lambinus:
1462 4244 1561 4292 tametsi
1572 4245 1633 4306 (om.
1647 4245 1698 4306 qut]
1711 4244 1743 4305 Ρ;

416 4327 498 4370 museo
516 4319 754 4382 siquiEFliLLO.
769 4347 797 4357 -
816 4319 840 4369 3.
859 4321 885 4369 iu
898 4319 997 4384 publico
1015 4321 1043 4370 L.
1056 4342 1085 4356 -
1105 4321 1130 4370 ὓ.
1150 4320 1230 4368 deser.
1244 4317 1278 4366 od
1293 4331 1333 4367 me
1349 4316 1435 4381 upon]
1452 4318 1600 4368 duraturae
1615 4318 1693 4381 lugeto
1709 4318 1744 4375 E;

420 4396 497 4444 deser.
508 4395 585 4457 legem
596 4407 613 4442 a
624 4407 664 4443 me
675 4395 723 4448 FP;
736 4395 813 4444 deser.
825 4395 901 4458 legem
911 4394 1048 4447 odmeAL
1058 4392 1113 4446 510.
1127 4395 1195 4444 Fort.
1203 4392 1351 4455 descriptam
1362 4393 1438 4455 egon
1450 4394 1514 4454 (om.
1524 4406 1581 4443 arne
1591 4391 1633 4443 vel
1644 4393 1678 4441 ud
1687 4394 1745 4454 ore).

418 4496 444 4505 -
458 4471 557 4519 rotiooe
567 4469 635 4519 vobis
648 4470 668 4519 E
679 4470 695 4518 F
705 4471 768 4521 Pa,-
785 4468 853 4519 uobis
868 4471 966 4520 rotioue
982 4482 1043 4519 curn
1058 4469 1100 4520 ed.
1119 4467 1211 4520 Aldina
1224 4465 1282 4528 203
1299 4467 1369 4516 vobis
1379 4468 1559 4518 oseeomatioue
1570 4469 1629 4518 L.·-
1649 4466 1673 4517 6.
1688 4467 1746 4529 oui-

415 4543 482 4605 rtteo]
495 4544 556 4605 quio
574 4544 599 4592 F.
613 4568 640 4579 -
660 4543 684 4592 9.
698 4544 799 4593 αἰεοίάἰο
815 4544 835 4593 Ε
847 4544 862 4593 F
872 4545 933 4593 PG:
952 4544 1052 4594 dissidio
1064 4547 1084 4594 Α
1094 4546 1113 4594 L
1122 4541 1140 4597 L
1149 4544 1178 4593 0.
1198 4540 1236 4592 Cl.
1250 4541 1370 4605 Madvigii
1387 4543 1534 4593 Excursum
1551 4543 1582 4592 ll.
1596 4541 1630 4592 ad
1643 4542 1697 4592 Cio.
1711 4541 1744 4591 de

416 4619 488 4668 Finn.
507 4630 534 4682 p.
548 4618 596 4668 ets
607 4631 667 4682 sqq.
683 4645 710 4654 -
729 4618 793 4683 odio]
811 4620 865 4669 ocio
881 4620 964 4670 EFP.
982 4645 1010 4653 —
1030 4620 1070 4668 45.
1085 4617 1213 4681 popudort.
1226 4616 1267 4666 sed
1282 4618 1379 4667 honeste
1395 4617 1429 4675 E3
1446 4617 1577 4680 poputum
1592 4617 1634 4666 sed
1649 4617 1747 4666 bonerto

416 4694 474 4751 FP,
495 4692 626 4754 populeris
642 4697 664 4742 et
680 4693 733 4743 tum
748 4693 844 4743 honeste
860 4696 889 4744 A.
914 4693 1071 4745 Emendavit
1087 4692 1234 4756 Naugerius
1251 4693 1276 4741 in
1294 4691 1338 4742 ed.
1356 4688 1459 4742 Aldine.
1479 4718 1506 4728 -
1526 4692 1566 4742 to.
1584 4692 1659 4753 Atqui
1675 4691 1745 4740 Lau·

417 4766 546 4816 redonus:
565 4770 640 4827 utque
655 4766 746 4816 ceteri.
762 4793 789 4802 -
807 4766 849 4818 at.
868 4768 979 4817 tribunos
992 4769 1072 4832 plebis
1088 4782 1150 4831 quos
1164 4780 1198 4817 m.
1213 4767 1341 4830 proetides
1355 4766 1372 4815 l.
1391 4768 1547 4829 ctutodesque
1564 4767 1600 4816 E:
1619 4765 1746 4814 tribunum

412 4842 449 4903 pt.
468 4855 541 4903 quem
555 4855 590 4890 m.
605 4841 746 4902 praesidem
762 4842 778 4892 l.
792 4844 964 4904 custodemque
980 4841 1122 4895 FALLO.
1138 4870 1165 4879 -
1184 4842 1225 4893 26.
1244 4855 1308 4905 quae
1323 4855 1392 4903 mou,
1412 4844 1530 4906 Quirites,
1548 4855 1686 4904 exposuero
1702 4840 1745 4891 Pi-

416 4917 525 4965 thoeus:
545 4929 690 4978 quoscumq.
708 4930 845 4979 deposuero
856 4919 888 4976 P;
908 4931 1076 4981 quaecamque
1093 4931 1230 4981 reposuero
1241 4918 1288 4967 EF
1297 4932 1303 4976 ;
1322 4930 1388 4977 quae
1403 4931 1460 4968 creo
1476 4931 1613 4980 urposuero
1629 4912 1742 4966 ΑΗΘ.

419 5018 446 5026 -
464 4990 506 5040 it.
524 4992 670 5040 senteutiam
691 5005 773 5042 ouem
793 5005 854 5043 cum
871 4993 1027 5044 Laureduno
1044 4995 1071 5044 L.
1091 5020 1119 5029 -
1147 4993 1189 5042 28.
1207 4991 1253 5055 sto]
1276 4992 1304 5042 Si
1321 4992 1350 5042 E.
1378 5018 1403 5027 -
1430 4991 1586 5041 simrdotioue
1605 4988 1746 5053 torgttiouis

417 5087 470 5124 om.
490 5074 518 5124 E.
540 5101 567 5109 —
585 5075 628 5126 29.
645 5078 792 5140 uestrorum]
809 5062 867 5127 uTm
884 5078 916 5137 F;
941 5078 1043 5155 om3E.
1069 5103 1096 5114 -
1120 5076 1160 5127 30.
1179 5075 1295 5136 meisque
1315 5073 1340 5127 t.
1367 5102 1393 5111 -
1417 5075 1456 5125 32.
1475 5074 1628 5139 temptemini
1645 5074 1692 5123 EF
1710 5074 1746 5137 [ct

418 5208 457 5256 sic
474 5207 500 5255 in
517 5206 568 5256 buc
584 5209 703 5258 oratione
721 5209 846 5274 semper).
867 5234 894 5244 -
918 5209 957 5258 33.
977 5158 1167 5259 dbutuutiouem
1182 5207 1216 5266 133
1241 5208 1428 5257 diminutionem
1444 5204 1553 5260 ΕΔΗ.
1573 5233 1600 5243 -
1620 5206 1660 5258 35.
1679 5205 1746 5257 xttt

419 5282 451 5334 E:
469 5284 642 5347 septemoocuu
659 5262 936 5352 FAL3'reptemdeet'm
951 5279 1006 5337 20.
1027 5310 1054 5319 -
1077 5282 1143 5335 VIIII
1157 5282 1192 5334 E:
1210 5296 1298 5336 noum
1314 5282 1453 5338 istiu.
