4367 6109
440 598 504 667 620
815 608 868 672 DE
890 608 995 672 LEGE
1016 608 1195 673 AGRARIA
1217 609 1336 674 LlBlili
1355 610 1394 675 ll.

443 778 600 862 permulta
621 777 697 851 alia,
719 797 802 861 quae
824 785 952 841 senatus
974 788 1104 862 propter
1130 780 1291 862 angustias
1312 780 1425 844 aerarii
1446 779 1636 843 vendenda
1660 780 1793 855 censuit,

444 872 593 935 consules
618 879 749 955 propter
776 872 925 935 invidiam
957 893 1022 935 non
1051 870 1271 935 vendiderunt.
1314 871 1364 935 37.
1387 875 1511 936 Verum
1541 873 1636 938 baec
1657 874 1792 937 fortasse

444 973 574 1049 propter
594 965 750 1048 pudorem
772 966 804 1027 in
827 965 896 1048 lege
917 967 1098 1028 reticentur.
1143 964 1205 1026 Sed
1227 966 1305 1029 illud
1327 965 1426 1048 magis
1448 974 1502 1029 est
1524 968 1740 1031 credendum
1762 978 1793 1034 et

444 1059 747 1142 pertimescendum,
769 1059 854 1144 quod
876 1059 1026 1123 audaciae
1047 1058 1248 1123 decemvirali
1271 1060 1585 1144 corrumpendarum
1603 1062 1790 1126 tabularum

421 1152 640 1234 apublicarum
668 1151 950 1237 fingendorumque
972 1160 1100 1217 senatus
1122 1154 1355 1230 consultorum,
1381 1173 1462 1237 quae
1493 1174 1686 1238 numquam
1710 1155 1790 1220 faeta

444 1255 533 1321 sunt,
561 1269 632 1310 cum
663 1268 703 1311 ex
732 1268 770 1310 eo
798 1268 946 1322 numero,
977 1250 1032 1332 qui
1060 1268 1119 1330 per
1139 1268 1193 1311 eos
1215 1268 1316 1312 annos
1338 1248 1486 1312 eonsules
1507 1248 1670 1324 fuerunt,
1698 1249 1789 1313 multi

444 1343 560 1405 mortui
588 1343 668 1417 sint,
700 1362 813 1425 magna
841 1343 1032 1425 permittitur
1057 1349 1221 1425 potestas:
1250 1343 1311 1405 nisi
1339 1341 1421 1405 forte
1451 1342 1533 1404 nihil
1567 1350 1624 1405 est
1645 1362 1788 1428 aequum

444 1453 503 1497 nos
531 1435 571 1497 de
600 1455 708 1499 eorum
734 1434 867 1498 audacia
894 1435 1065 1519 suspicari,
1100 1456 1233 1520 quorum
1263 1435 1426 1519 cupiditati
1455 1435 1600 1498 nimium
1628 1446 1789 1523 angustus

444 1527 529 1591 orbis
551 1538 701 1593 terrarum
724 1548 794 1591 esse
815 1529 969 1591 videatur.

410 1635 435 1680 to
529 1624 598 1685 XV.
620 1619 671 1685 38.
692 1622 821 1685 Habetis
843 1642 939 1684 unum
962 1621 1154 1686 venditionis
1177 1642 1292 1705 genus,
1315 1620 1401 1705 quod
1425 1641 1578 1704 magnum
1599 1621 1712 1685 videri
1734 1645 1788 1687 vo·

444 1717 493 1780 bis
515 1716 674 1800 intelligo:
696 1717 751 1780 sed
767 1715 918 1780 attendite
934 1719 1055 1779 animos
1071 1718 1109 1780 nd
1127 1738 1180 1791 ea,
1204 1736 1286 1801 quae
1302 1724 1557 1798 consequuntur:
1582 1713 1678 1779 hunc
1696 1721 1786 1800 qnasi

445 1812 575 1893 gradum
597 1811 755 1892 quendam
778 1817 873 1893 atque
895 1810 1015 1873 aditum
1038 1810 1078 1872 ad
1101 1818 1205 1873 cetera
1226 1812 1342 1873 iactum
1363 1808 1561 1891 intelligetis.
1607 1811 1676 1886 Qvi
1701 1831 1786 1888 aeri,

445 1923 529 1977 oran
552 1922 648 1979 aocn,
670 1922 841 1968 asarenam.
881 1903 966 1979 Quid
989 1913 1037 1967 est
1058 1907 1247 1988 praetereat¹
1275 1904 1373 1966 Multa
1394 1904 1427 1965 in
1446 1904 1639 1986 mancipiis,
1673 1906 1711 1967 in
1733 1927 1786 1990 pe-

447 2018 530 2071 core,
553 2018 650 2073 auro,
672 2006 819 2081 argento,
842 1999 956 2072 ebore,
980 2007 1087 2071 veste,
1109 1996 1315 2080 supellectili,
1337 1997 1449 2059 ceteris
1471 1996 1582 2058 rebus.
1623 1998 1717 2076 Quid
1740 1999 1786 2062 di·

409 2095 536 2155 tecam?
566 2093 754 2156 invidiosum
782 2102 910 2175 putasse
939 2093 999 2155 hoc
1020 2092 1106 2165 sore,
1136 2092 1162 2153 si
1184 2091 1289 2153 omnia
1310 2090 1533 2153 nominasset?
1568 2094 1646 2155 Non
1672 2094 1785 2158 metuit

445 2185 605 2248 invidiam.
646 2186 731 2261 Quid
761 2188 858 2268 ergo?
886 2187 1028 2267 Longum
1056 2185 1179 2268 putavit
1201 2193 1231 2246 et
1254 2185 1358 2247 timuit
1392 2203 1432 2245 ne
1458 2182 1537 2266 quid
1567 2188 1785 2267 praeteriret:

446 2280 629 2362 adscripsit:
656 2300 791 2342 aureave
823 2299 915 2353 Qvin,
946 2299 1009 2361 qua
1035 2279 1187 2341 brevitate
1215 2300 1282 2342 rem
1304 2278 1422 2341 nullam
1445 2298 1516 2340 esse
1539 2289 1720 2364 exceptam
1741 2284 1786 2345 vi·

447 2373 538 2435 detis.
574 2371 739 2455 Quidquid
761 2373 858 2456 igitur
879 2375 921 2434 sit
943 2379 1032 2434 extra
1053 2372 1192 2446 ltaliam,
1215 2371 1300 2455 quod
1323 2372 1484 2455 publicum
1507 2374 1627 2456 populi
1649 2375 1785 2440 Romani

445 2464 560 2528 factum
590 2467 631 2530 sit
658 2468 693 2528 L.
716 2465 803 2529 Sulla
826 2466 864 2542 Q.
887 2467 1038 2548 Pompeio
1069 2465 1253 2528 consulibus
1282 2474 1336 2530 aut
1363 2473 1489 2549 postea,
1519 2467 1552 2529 id
1577 2468 1785 2535 decemviros

410 2559 534 2623 adiubet
554 2561 701 2624 vendere.
745 2557 796 2621 39.
819 2560 886 2623 lloc
908 2561 1025 2644 capite,
1049 2559 1207 2634 Quirites,
1237 2580 1347 2623 omnes
1369 2568 1495 2641 gentes,
1517 2562 1690 2640 nationes,
1714 2586 1786 2649 pro-

447 2655 580 2727 vincias,
601 2674 698 2737 regna
721 2654 933 2717 decemvirum
955 2651 1082 2727 ditioni,
1105 2652 1223 2716 iudicio
1244 2654 1456 2736 potestatique
1476 2656 1640 2735 permissa
1660 2667 1697 2722 et
1711 2680 1786 2723 con·

447 2747 561 2810 donata
584 2767 653 2810 esse
676 2747 757 2810 dico.
794 2747 931 2810 Primum
953 2747 1012 2809 boc
1035 2766 1165 2828 quaero,
1188 2748 1281 2830 ecqui
1305 2748 1432 2810 tandem
1454 2748 1543 2811 locus
1566 2769 1716 2835 usquam
1737 2753 1785 2831 sit,

447 2860 541 2924 quem
561 2841 729 2905 decemviri
750 2861 815 2903 non
835 2842 958 2924 possint
977 2841 1081 2902 dicere
1100 2841 1260 2923 publicum
1283 2842 1393 2925 populi
1408 2841 1542 2903 liomani
1560 2861 1639 2907 esse
1652 2845 1785 2911 factum.

446 2936 523 2998 Nam
546 2934 724 2998 cumidem
746 2934 1024 3017 possitiudicare,
1056 2934 1110 3017 qui
1131 2935 1264 3009 dixerit,
1299 2936 1377 3019 quid
1402 2942 1450 2998 est
1475 2935 1561 3019 quod
1590 2958 1661 3002 non
1691 2941 1788 3006 liceat

410 3030 476 3092 nei
499 3030 619 3105 dicere,
643 3031 692 3093 cui
714 3030 807 3092 liceat
828 3028 930 3091 eidem
953 3028 1114 3092 iudicaret
1138 3029 1345 3094 Commodum
1369 3031 1425 3094 erit
1447 3032 1650 3114 Pergamum,
1676 3036 1786 3120 Smyr

447 3145 536 3200 nam,
573 3124 712 3197 Tralles,
748 3122 924 3206 Ephesum,
960 3122 1117 3198 Miletum,
1158 3125 1319 3207 Cyzicum,
1354 3133 1449 3188 totam
1483 3124 1629 3209 denique
1662 3131 1785 3205 Asiam,

447 3238 528 3305 quae
550 3227 623 3301 post
644 3220 678 3280 L.
703 3217 822 3280 Sullam
844 3216 883 3291 Q.
907 3217 1090 3299 Pompeium
1119 3219 1267 3281 consules
1295 3227 1478 3300 recuperata
1501 3219 1559 3292 sit,
1582 3222 1703 3304 populi
1726 3224 1786 3287 llo-

447 3316 530 3378 mani
556 3313 670 3376 factam
699 3332 769 3375 esse
800 3312 915 3373 dicere.
958 3306 1008 3372 to.
1038 3311 1146 3373 Utrum
1178 3314 1278 3375 oratio
1300 3311 1339 3374 ad
1365 3313 1433 3374 eius
1455 3312 1501 3374 rei
1525 3311 1786 3395 disputationem

448 3406 565 3480 deerit,
592 3426 650 3480 an,
680 3426 750 3468 cum
780 3404 864 3467 idem
887 3413 918 3467 et
940 3404 1074 3467 disseret
1096 3413 1126 3466 et
1148 3404 1312 3479 iudicabit,
1347 3405 1466 3487 impelli
1499 3426 1566 3468 non
1599 3414 1728 3490 poterit
1753 3421 1788 3477 nt

410 3502 559 3566 uoialsum
581 3501 723 3565 iudicet?
753 3519 809 3573 an,
841 3500 867 3561 si
890 3497 1100 3560 condemnare
1122 3499 1227 3561 Asiam
1250 3500 1353 3572 nolet,
1387 3507 1538 3561 terrorem
1561 3501 1786 3569 damnationis

448 3603 479 3657 et
494 3596 593 3659 minas
608 3616 671 3658 non
687 3597 796 3678 quanti
812 3594 896 3657 volet
910 3593 1111 3656 aestimabit?
1134 3592 1218 3668 Quid
1233 3593 1371 3676 —quod
1387 3592 1541 3673 disputari
1561 3604 1681 3660 contm
1698 3600 1787 3663 nullo

447 3699 539 3775 pacto
554 3695 671 3772 potest,
695 3690 843 3772 quoniam
858 3695 1005 3751 statutum
1020 3706 1039 3749 a
1055 3688 1146 3748 nobis
1162 3694 1210 3749 est
1225 3695 1256 3748 et
1269 3687 1457 3759 iudicatum,
1480 3689 1638 3769 quoniam
1655 3691 1788 3757 beredi-

513 3960 536 4010 3.
555 3961 711 4022 credendum]
727 3961 861 4009 verendum
872 3956 1037 4016 Gulielmius:
1056 3960 1194 4007 cauendum
1207 3960 1244 4019 (ut
1256 3958 1368 4007 coniecit
1380 3956 1533 4017 Lambinus)
1546 3959 1565 4007 G
1576 3957 1607 4006 0.
1625 3986 1655 3996 -
1674 3963 1702 4012 5,
1718 3977 1788 4013 Μ

448 4048 523 4096 quam
543 4035 614 4097 sacta
631 4036 666 4085 E:
689 4037 760 4099 sactu
780 4047 917 4095 numquam
934 4032 1074 4086 FALiO.
1097 4060 1124 4069 -
1146 4036 1170 4083 u.
1189 4035 1237 4082 sint
1253 4036 1361 4082 auctore
1379 4031 1507 4094 bladvigio
1526 4034 1631 4097 Ussing.
1657 4037 1788 4103 Suspicor

447 4113 537 4160 tumen
555 4110 713 4174 Madvigium
731 4124 783 4159 nou
801 4110 827 4157 h.
844 4107 860 4157 l.
880 4109 996 4157 suasisse
1014 4110 1223 4168 coniunctivurn,
1242 4108 1290 4158 sed
1307 4122 1333 4171 p.
1347 4108 1403 4157 6⁴9.
1417 4120 1441 4155 v.
1455 4108 1495 4156 25.
1511 4133 1537 4143 -
1558 4109 1582 4156 7.
1601 4117 1665 4160 :unt
1682 4113 1719 4171 E,
1738 4114 1787 4164 sed

448 4187 578 4248 expuncta
590 4183 691 4235 litterae
708 4198 727 4233 u
737 4182 845 4233 dimidia
860 4184 974 4246 parte.—
992 4184 1146 4243 permittitur
1155 4190 1263 4245 potestas
1273 4186 1308 4233 E:
1326 4188 1434 4246 potestas
1449 4184 1605 4245 pomnittitur
1616 4186 1785 4240 Fabio.-

447 4260 471 4309 8,
484 4272 529 4307 nos
545 4260 663 4309 EFPA:
681 4273 724 4309 vos
740 4271 802 4308 cum
819 4257 861 4308 ed.
875 4256 964 4307 Aldina
981 4255 1100 4309 ιὲΟ.-
1118 4260 1157 4307 u.
1173 4264 1335 4308 consecuntur
1351 4259 1407 4307 EF.
1420 4284 1447 4293 —
1468 4259 1508 4307 lb.
1521 4258 1620 4308 iactum
1633 4260 1786 4327 (tamquam

447 4332 656 4395 tundamentum)
674 4332 792 4386 arnt:
818 4334 913 4395 sactum
930 4345 991 4381 cum
1010 4332 1164 4382 Lauredano
1184 4336 1239 4384 LO.
1261 4362 1288 4369 -
1315 4334 1450 4397 intelligitis
1466 4334 1526 4383 EA.
1547 4360 1574 4369 —
1603 4336 1647 4387 ⁴3.
1667 4341 1787 4404 aedificta

448 4410 568 4459 EFPA:
588 4422 653 4469 quaa
669 4410 783 4471 aedificia
800 4421 860 4458 cum
879 4407 921 4457 ed.
941 4408 1041 4457 luntina
1059 4406 1145 4460 LliO.
1165 4436 1191 4443 -
1213 4411 1252 4458 ⁴5.
1268 4414 1369 4471 putasse
1385 4410 1531 4459 Puteanus:
1554 4414 1672 4470 putasset
1689 4416 1785 4465 ceteri.

449 4484 487 4535 Cl.
506 4484 674 4548 Wesenberg
691 4484 724 4534 ad
743 4497 782 4534 or.
803 4497 851 4547 pro
868 4484 953 4534 Sestio
977 4498 1003 4547 p.
1022 4482 1046 4532 3.
1066 4486 1119 4532 not.
1140 4511 1167 4519 -
1194 4485 1233 4533 ⁴7.
1251 4490 1382 4547 exceptam
1399 4497 1449 4533 esse
1465 4485 1491 4533 F.
1511 4510 1538 4518 -
1559 4485 1600 4535 tu.
1620 4487 1707 4551 ipitur
1724 4491 1785 4541 EF:

447 4574 507 4623 erpo
523 4562 544 4609 A
556 4556 638 4609 [ΒΟ.
659 4588 686 4595 -
705 4560 746 4608 20.
764 4559 809 4607 boc
824 4565 900 4620 caput
917 4560 972 4608 EF.
994 4585 1021 4594 -
1048 4559 1128 4607 omnis
1143 4561 1222 4621 pontis
1240 4562 1264 4609 F.
1285 4586 1312 4595 -
1333 4561 1374 4609 22.
1390 4560 1502 4621 primum
1517 4560 1564 4608 boc
1580 4572 1696 4624 quaero,
1716 4568 1788 4629 caprei

449 4634 584 4684 Gebhardt
601 4634 650 4693 (lll.
665 4646 691 4697 p.
704 4635 719 4682 b
732 4635 798 4697 sq.):
814 4634 925 4694 primum
941 4634 986 4682 troc
1002 4646 1097 4692 quaero
1114 4634 1178 4682 onim
1196 4636 1238 4695 qui
1256 4636 1375 4687 EFGP:
1393 4634 1504 4683 Primam
1520 4634 1566 4683 troc
1583 4649 1684 4697 quaero
1702 4641 1786 4691 enim:

448 4711 492 4769 nui
508 4713 543 4768 A:
562 4709 673 4758 Primam
688 4708 748 4756 boc:
766 4710 952 4768 secernerem,
972 4708 1015 4768 qui
1032 4709 1065 4766 03
1092 4710 1203 4756 Primum
1219 4708 1264 4758 boc
1282 4722 1388 4770 quaero,
1407 4709 1450 4768 qui
1467 4720 1527 4757 cum
1546 4707 1590 4757 ed.
1610 4710 1710 4762 Aldina
1731 4714 1785 4769 Li.

450 4810 476 4820 -
496 4784 536 4834 23.
555 4783 685 4833 mannuiri
705 4784 867 4844 nonpossint
885 4785 918 4832 E:
947 4797 995 4832 non
1013 4785 1107 4845 possint
1124 4785 1254 4833 decemuiri
1272 4783 1412 4837 tantu.
1436 4810 1461 4820 -
1490 4784 1531 4833 et.
1550 4785 1593 4833 cui
1615 4787 1785 4852 llervagius:

448 4860 488 4908 cui
508 4874 558 4908 non
576 4860 634 4918 EF:
658 4860 699 4908 cui
720 4859 765 4907 mo
783 4860 812 4908 A.
832 4858 902 4920 (naid
919 4864 953 4907 est
970 4859 1036 4919 quod
1051 4858 1125 4907 liceat
1142 4860 1236 4915 duero,
1259 4861 1299 4908 cui
1319 4874 1370 4908 non
1387 4859 1459 4907 liccat
1476 4859 1540 4907 idem
1557 4859 1699 4912 iudicare?
1717 4866 1786 4927 GT.)

452 4960 478 4969 -
496 4936 573 4984 ndum
591 4938 617 4984 Ρ,
637 4934 781 4983 Manutius:
800 4934 864 4982 idem
881 4934 994 4982 EFPA.
1009 4960 1036 4967 —
1056 4933 1097 4982 26.
1116 4935 1197 4983 trallis
1214 4936 1272 4991 EF:
1294 4935 1438 4983 lbrollisA.
1454 4960 1481 4969 -
1500 4934 1542 4982 Ἠ.
1558 4936 1651 4996 populi
1669 4939 1785 5005 Rormani]

446 5007 572 5068 publicam
594 5008 680 5070 popuii
705 5009 733 5056 ll.
757 5005 782 5059 A.
812 5032 838 5041 -
866 5007 906 5055 98.
929 5007 1127 5071 disputationem]
1150 5009 1349 5070 disceptationem
1372 5023 1433 5058 cum
1457 5008 1499 5058 ed.
1527 5008 1622 5060 Aldina
1648 5013 1737 5068 LtiO.
1759 5042 1783 5051 -

449 5082 488 5131 ³0.
508 5085 688 5144 condunpnora
705 5084 732 5131 et
748 5094 809 5130 mox
827 5082 1011 5142 dampnationis
1029 5083 1054 5131 li.
1076 5107 1102 5117 -
1122 5084 1187 5132 notet
1204 5085 1321 5133 Erue:
1340 5085 1404 5134 votet
1420 5086 1439 5132 A
1451 5086 1468 5133 L
1479 5082 1504 5136 t.
1520 5110 1547 5118 -
1567 5084 1610 5135 ot.
1630 5089 1786 5139 emstnaotit

450 5156 533 5207 EFP.
553 5185 577 5193 -
595 5158 636 5207 tt.
654 5155 781 5218 quoniam]
800 5156 865 5216 quod
881 5157 934 5204 iam
950 5157 981 5211 T,
1001 5156 1082 5206 Oxou.
1102 5166 1128 5218 ψ
1146 5160 1173 5206 et
1190 5158 1375 5215 Lauredanus3
1395 5159 1460 5220 quod
1477 5160 1505 5207 L.
1527 5185 1554 5194 -
1573 5161 1646 5210 nobis
1663 5164 1784 5214 El'PA:

449 5231 517 5281 uobis
538 5245 600 5282 cum
617 5233 660 5282 ed.
679 5230 771 5281 Aldina
789 5228 873 5283 LEO.
894 5257 919 5268 -
947 5231 1064 5292 quoniam
1082 5232 1233 5283 Emestius:
1253 5246 1294 5295 qm
1311 5233 1457 5297 (superscr.
1476 5231 1524 5283 litt.
1542 5236 1572 5298 a)
1592 5236 1625 5294 E;
1656 5240 1784 5299 quaml:

450 5318 527 5370 quam
543 5307 634 5357 ceteri.
655 5333 682 5343 -
700 5307 833 5358 bereditata
849 5307 880 5357 E.
