4367 6109
815 572 890 638 a».
911 571 1094 638 vm-rx.
1121 567 1179 653 ss.
1202 565 1351 634 ro-ee.
1683 566 1745 635 444

413 748 471 832 qui
492 747 588 811 uxori
608 764 686 827 suae
706 743 899 807 nuntiarent.
929 738 981 804 44.
1005 743 1087 805 Sane
1109 760 1151 804 ne
1172 740 1252 804 baec
1274 739 1351 803 mibi
1365 739 1495 822 quidem
1508 759 1561 803 res
1582 740 1745 824 placebat3

414 860 522 925 neque
543 846 632 903 tanto
655 858 766 922 opere,
797 836 874 921 quid
895 837 928 898 in
950 837 1009 899 bac
1031 843 1117 899 sorte
1138 834 1344 897 metuendum
1366 833 1442 896 mihi
1466 842 1567 908 esset,
1589 835 1746 916 intellige-

415 934 498 998 bam.
542 933 645 998 Unum
667 932 749 997 illud
771 952 812 995 ex
832 931 1013 994 hominibus
1035 930 1146 1004 certis,
1169 949 1210 991 ex
1228 929 1345 1012 quibus
1359 929 1465 990 omnia
1479 931 1634 1012 comperi,
1655 947 1747 1011 repe-

416 1027 553 1092 riebam:
581 1024 674 1091 fiscos
697 1027 877 1111 complures
899 1046 971 1087 cum
996 1025 1133 1107 pecunia
1155 1022 1312 1086 Siciliensi
1334 1042 1354 1084 a
1377 1022 1516 1106 quodam
1538 1031 1684 1086 senatore
1705 1021 1747 1085 ad

419 1122 559 1205 equitem
569 1122 747 1185 Romanum
762 1140 833 1184 esse
847 1119 1031 1194 translatos3
1048 1139 1088 1181 ex
1102 1118 1153 1181 bis
1165 1118 1257 1200 quasi
1271 1136 1293 1177 x
1304 1112 1398 1180 liscos
1412 1117 1453 1181 ad
1465 1126 1643 1180 senatorem
1656 1117 1746 1179 illum
1770 1126 1786 1173 t

417 1215 545 1278 relictos
558 1234 629 1278 esse
642 1215 843 1279 comitiorum
858 1233 1000 1276 meorum
1012 1215 1158 1285 nomine;
1173 1211 1327 1273 divisores
1341 1212 1482 1275 omnium
1498 1213 1636 1276 tribuum
1650 1221 1747 1279 noctu

420 1307 460 1371 ad
481 1308 578 1371 istum
600 1316 739 1372 vocatos.
782 1304 833 1370 23.
855 1309 904 1369 Ex
926 1307 1042 1389 quibus
1064 1305 1208 1388 quidam,
1232 1304 1289 1387 qui
1311 1324 1346 1367 se
1368 1306 1476 1368 omnia
1495 1327 1566 1371 mea
1581 1328 1679 1372 causa
1692 1308 1748 1371 de·

420 1402 495 1464 bere
517 1401 743 1477 arbitrabatur,
771 1401 882 1465 eadem
904 1400 959 1462 illa
981 1409 1073 1463 nocte
1095 1397 1137 1460 ad
1158 1419 1209 1460 me
1230 1399 1333 1460 venit:
1362 1397 1573 1476 demonstrat,
1603 1422 1667 1485 qua
1688 1404 1748 1465 iste

421 1495 564 1559 oratione
585 1515 663 1558 usus
685 1505 784 1559 esset:
806 1513 1071 1558 commemorasse
1091 1495 1206 1565 istum,
1232 1511 1328 1574 quam
1350 1492 1521 1557 liberaliter
1542 1515 1597 1558 eos
1619 1505 1749 1559 tractas·

421 1598 469 1654 set
489 1591 584 1653 etiam
606 1597 716 1663 antea,
739 1609 812 1652 eum
834 1590 903 1671 ipse
924 1596 1104 1670 praeturam
1125 1586 1274 1669 petisset,
1301 1595 1332 1649 et
1353 1588 1507 1668 proximis
1529 1590 1748 1654 consularibus
1757 1605 1787 1652 44

420 1684 650 1768 praetoriisque
672 1682 824 1745 comitiis:
853 1680 969 1745 deinde
991 1681 1144 1744 continuo
1166 1699 1237 1743 esse
1258 1680 1435 1764 pollicitum
1458 1691 1609 1764 quantam
1631 1683 1750 1747 vellent

419 1779 604 1862 pecumam,
626 1777 654 1840 si
677 1796 727 1840 me
750 1776 911 1839 aedilitate
934 1777 1132 1839 deiecissent.
1170 1775 1231 1837 llic
1253 1775 1335 1857 alios
1356 1792 1490 1857 negasse
1513 1776 1646 1853 audere,
1668 1778 1749 1841 alios

419 1873 641 1956 respondisse,
669 1891 734 1934 non
763 1878 876 1954 putare
905 1870 939 1932 id
961 1866 1069 1952 perlici
1091 1888 1204 1951 posse3
1233 1869 1395 1931 inventum
1419 1877 1522 1932 tamen
1545 1890 1615 1935 esse
1636 1872 1750 1936 fortem

420 1969 559 2030 amioum
588 1986 629 2029 ex
656 1965 768 2028 eadem
795 1964 932 2038 familia,
968 1964 1006 2039 Q.
1029 1964 1159 2025 Verrem
1186 1963 1339 2036 Romilia,
1372 1982 1413 2024 ex
1435 1965 1555 2047 optima
1577 1965 1750 2030 divisorum

422 2058 607 2141 disciplina,
634 2060 733 2142 patris
763 2059 855 2122 istius
885 2058 1077 2140 discipulum
1105 2066 1202 2140 atque
1224 2058 1378 2131 amicum,
1407 2057 1463 2140 qui
1486 2058 1545 2120 Ha
1568 2061 1789 2143 quingentisto

423 2153 551 2216 milibus
572 2153 727 2236 depositis
748 2152 781 2215 id
797 2173 832 2215 se
854 2151 1068 2233 perfecturum
1088 2151 1305 2235 polliceretur,
1328 2159 1360 2213 et
1373 2150 1473 2214 luisse
1488 2159 1554 2215 turn
1569 2155 1752 2229 nonnullos,

423 2249 478 2330 qui
500 2267 534 2310 se
555 2266 622 2311 una
640 2247 781 2310 facturos
804 2265 874 2308 esse
897 2244 1047 2308 dicerent.
1079 2245 1169 2320 Quae
1192 2265 1264 2307 cum
1286 2245 1329 2306 ita
1350 2254 1473 2319 essent,
1497 2266 1573 2311 sane
1595 2248 1751 2311 benevolo

422 2341 528 2404 animo
549 2360 617 2415 me,
640 2347 810 2422 almagno
833 2359 929 2421 opere
952 2359 1112 2412 caverem,
1133 2338 1369 2421 praemonebat.
1400 2341 1455 2402 lx.
1478 2337 1529 2402 Sl.
1553 2342 1753 2407 Sollicitabar

423 2435 518 2498 rebus
540 2435 687 2498 maximis
710 2455 775 2495 uno
797 2443 894 2516 atque
916 2452 954 2496 eo
978 2434 1151 2514 perexiguo
1178 2441 1330 2514 tempore.
1374 2434 1533 2517 Urgebant
1554 2437 1699 2509 comitia,
1721 2444 1754 2500 et

425 2528 458 2590 in
485 2527 536 2592 bis
562 2527 641 2610 ipsis
668 2528 875 2610 oppugnabar
903 2526 1014 2609 3444444
1037 2526 1187 2608 pecunia:
1215 2527 1352 2589 instabat
1372 2527 1541 2605 iudicium;
1569 2531 1598 2594 ei
1621 2545 1790 2614 quoquest

423 2623 552 2704 negotio
574 2619 643 2685 fisci
664 2621 846 2684 Sicilienses
868 2620 1078 2683 minabantur.
1122 2623 1240 2703 Agere,
1275 2642 1358 2706 quae
1380 2622 1420 2686 ad
1442 2623 1595 2687 iudicium
1615 2625 1754 2708 pertine-

422 2717 513 2790 bant,
542 2715 642 2780 libere
670 2715 870 2778 comitiorum
897 2722 983 2777 metn
1011 2714 1206 2777 deterrebar:
1235 2717 1381 2798 petitioni
1412 2726 1479 2781 toto
1505 2720 1612 2782 animo
1634 2718 1753 2782 servire

422 2829 488 2872 non
510 2809 635 2873 licebat.
667 2809 782 2873 Minori
806 2810 944 2892 denique
967 2808 1158 2872 divisoribus
1180 2812 1261 2872 ratio
1283 2831 1348 2872 non
1370 2821 1454 2887 erat,
1476 2822 1645 2896 propterea
1667 2811 1753 2897 quod

423 2923 480 2967 eos
501 2902 680 2986 intelligere
702 2904 848 2967 videbam
870 2922 920 2965 me
941 2903 1003 2965 boc
1025 2902 1145 2965 iudicio
1168 2903 1344 2967 districtum
1366 2914 1463 2990 atque
1478 2908 1652 2991 obligatum
1669 2906 1755 2970 sutu-

422 3018 504 3060 rum.
547 2993 599 3059 25.
620 2999 725 3081 Atque
747 2998 808 3059 boo
836 2997 906 3079 ipso
933 3005 1076 3078 tempore
1099 2996 1214 3060 Siculis
1237 2998 1457 3062 denuntiatum
1480 3021 1550 3064 esse
1571 3003 1668 3065 audio
1690 3003 1792 3086 pri-st

424 3111 510 3154 mum
531 3091 573 3154 ab
593 3092 775 3165 Hortensio,
798 3092 927 3154 domum
942 3092 982 3153 ad
1001 3091 1092 3153 illum
1111 3098 1147 3153 ut
1161 3091 1321 3154 venirent:
1345 3093 1468 3157 Siculos
1483 3095 1516 3156 in
1532 3116 1570 3159 eo
1585 3117 1660 3159 sane
1675 3097 1754 3159 libe·

423 3205 476 3248 ros
498 3183 615 3259 luisse,
639 3185 695 3268 qui
711 3186 915 3268 quamobrem
939 3194 1175 3248 arcesserentur
1189 3205 1262 3247 cum
1284 3186 1513 3268 intelligerent,
1536 3210 1600 3253 non
1617 3194 1753 3256 venisse.

425 3280 550 3342 Interea
571 3280 700 3342 comitia
720 3287 843 3353 nostra,
866 3299 1001 3361 quorum
1023 3279 1083 3342 iste
1106 3298 1157 3352 se,
1178 3287 1215 3341 ut
1236 3290 1412 3343 ceterorum
1433 3281 1495 3345 hoo
1512 3304 1596 3348 anno
1611 3287 1755 3350 comitio·

425 3394 514 3447 rum,
537 3372 700 3436 dominum
723 3393 792 3435 esse
814 3373 1042 3446 arbitrabatur,
1063 3372 1172 3434 baberi
1189 3382 1302 3455 coepta
1317 3383 1400 3437 sunt.
1435 3374 1569 3442 Cursare
1584 3381 1643 3444 iste
1657 3380 1754 3444 bomo

426 3474 541 3549 potens
563 3487 636 3529 cum
658 3464 722 3528 lilio
743 3466 861 3529 blando
884 3474 917 3528 et
937 3465 1075 3548 gratioso
1098 3466 1217 3527 circum
1233 3467 1349 3530 tribus:
1371 3477 1521 3551 paternos
1536 3474 1671 3548 amieos,
1692 3474 1793 3537 hoca

427 3568 491 3635 est,
513 3559 669 3623 divisores
691 3560 854 3642 appellare
875 3579 987 3622 omnes
1005 3565 1038 3621 et
1051 3561 1232 3622 convenire.
1265 3560 1358 3635 Quod
1374 3584 1446 3626 cum
1461 3574 1546 3629 esset
1559 3569 1755 3632 intellectum

427 3663 460 3718 et
479 3653 750 3729 animadversum,
774 3653 850 3716 iecit
871 3654 977 3716 animo
999 3652 1207 3716 libentissimo
1229 3655 1369 3736 populns
1390 3658 1568 3736 Romanus,
1589 3670 1641 3737 ut,
1664 3664 1755 3727 euius

428 3748 554 3811 divitiae
576 3768 627 3810 me
650 3746 690 3810 de
712 3744 773 3810 lide
797 3746 955 3810 deducere
975 3766 1040 3809 non
1062 3749 1256 3829 potuissent,
1279 3769 1320 3812 ne
1335 3751 1479 3815 eiusdem
1494 3758 1630 3837 pecnnia
1645 3757 1684 3822 de
1698 3758 1757 3822 bo-

428 3863 504 3906 nore
526 3842 687 3905 deiiceret.
723 3838 774 3903 26.
796 3842 1006 3924 Posteaquam
1028 3839 1084 3902 illa
1105 3842 1266 3924 petitionis
1289 3864 1403 3927 magna
1417 3866 1493 3909 eura
1508 3849 1659 3913 liberatus
1674 3871 1755 3926 sum,

428 3935 534 3998 animo
568 3934 660 4018 coepi
690 3935 789 3998 multo
823 3935 923 4018 magis
957 3954 1058 3998 vacuo
1087 3954 1125 3997 ao
1153 3936 1258 3999 solnta
1281 3938 1360 4006 nibil
1382 3940 1470 4002 aliud
1491 3943 1553 4006 nisi
1576 3944 1616 4008 de
1637 3945 1794 4009 iudiciuae

492 4161 516 4209 4.
535 4171 598 4208 saue
612 4170 667 4207 om.
686 4157 732 4207 64.
752 4182 781 4194 -
799 4157 860 4206 mibi
876 4170 901 4218 q.
915 4171 938 4208 r.
952 4160 984 4208 64
998 4159 1052 4218 44ῑ
1074 4159 1212 4219 quidemr.
1231 4161 1291 4209 mibi
1308 4161 1396 4212 dtt.0.
1416 4191 1444 4200 -
1462 4165 1487 4214 2.
1505 4180 1584 4229 aeque
1599 4173 1668 4218 444444
1685 4183 1759 4232 opere

429 4234 488 4297 poia
504 4235 537 4284 64
550 4234 636 4295 4433.
650 4244 763 4282 omnes:
782 4244 861 4292 444444
877 4237 960 4282 lamen
977 4234 1037 4294 qaid
1053 4237 1124 4282 tanto
1140 4247 1180 4296 op.
1200 4234 1249 4284 dtt.
1262 4237 1291 4285 0.
1313 4264 1340 4273 -
1359 4238 1383 4288 6.
1402 4239 1500 4290 relictae
1515 4245 1592 4293 44444.
1606 4244 1640 4293 bl.
1658 4257 1685 4308 p.
1698 4245 1756 4295 art.

429 4311 501 4360 Serv.
520 4307 554 4358 ed
573 4309 638 4357 444.
658 4307 677 4355 l.
696 4305 737 4356 44.
758 4308 784 4355 44
801 4304 879 4356 codd.
900 4311 1007 4371 praetor
1023 4309 1152 4368 leonaci..
1171 4311 1216 4372 qui
1232 4311 1336 4371 4444444.
1364 4315 1391 4363 44
1408 4315 1475 4375 Urs..
1494 4318 1540 4379 qui
1557 4319 1650 4368 44444444
1666 4319 1757 4371 babet.

431 4411 458 4421 -
475 4396 589 4433 m
606 4393 660 4436 om.
679 4380 727 4430 dtt.
748 4407 776 4416 -
795 4382 819 4430 ’4.
838 4380 923 4431 debere
939 4385 960 4432 4
979 4385 1050 4432 Parc.
1069 4382 1143 4433 Lnll.:
1160 4385 1244 4447 facere
1258 4386 1344 4437 debere
1361 4389 1417 4448 ctt.‚
1436 4391 1465 4439 ut
1477 4391 1591 4453 videtur,
1609 4406 1713 4445 omnes.
1729 4421 1756 4432 -

429 4461 468 4509 40.
487 4459 540 4507 4444
556 4461 632 4506 anua
648 4457 685 4505 st.
696 4455 724 4505 4.
740 4482 767 4492 -
787 4456 828 4504 44.
846 4457 962 4506 continuo
980 4471 1033 4507 om.
1053 4458 1101 4508 dtt.
1122 4487 1150 4495 -
1169 4460 1209 4509 44.
1228 4460 1295 4508 sin
1307 4462 1447 4514 4444444444
1463 4468 1530 4516 Non.
1548 4480 1574 4529 p.
1588 4468 1647 4518 386.
1668 4496 1694 4504 -
1713 4468 1760 4519 liis

429 4535 461 4584 64
474 4534 532 4592 Ξςι
552 4532 597 4581 bac
614 4530 662 4580 dtt.
674 4557 701 4565 -
722 4530 762 4582 43.
780 4530 871 4594 tamea]
884 4536 981 4581 tautum
992 4534 1023 4581 64
1037 4548 1043 4592 ;
1061 4534 1161 4584 tandm
1178 4535 1245 4584 coni.
1260 4536 1364 4599 Zumpt.
1380 4564 1407 4573 -
1427 4538 1466 4589 44.
1479 4541 1616 4592 domitian
1630 4546 1656 4592 et
1668 4542 1758 4595 codd:

430 4609 455 4658 iu
478 4610 511 4658 64
537 4606 664 4656 Romulea.
690 4608 724 4655 44
745 4604 778 4655 cl.
797 4605 881 4655 Varro
898 4608 926 4657 L.
946 4608 996 4656 LV.
1016 4607 1040 4658 9.
1059 4609 1128 4659 Fest.
1146 4622 1168 4660 s.
1188 4623 1213 4657 v.
1235 4622 1261 4673 p.
1282 4610 1338 4660 4344.
1357 4610 1414 4662 iil.
1433 4613 1507 4664 Lind.
1527 4614 1605 4666 Orell.
1625 4619 1706 4670 lusor.
1726 4618 1758 4669 ll.

430 4696 455 4747 p.
475 4683 515 4733 46.
538 4679 684 4732 Leuredon.
710 4679 742 4729 ad
761 4683 826 4730 orat.
848 4682 874 4731 in
892 4680 956 4732 llull.
977 4684 1005 4731 ll.
1026 4694 1049 4732 c.
1068 4684 1110 4732 29.
1132 4709 1155 4719 -
1179 4684 1219 4733 46.
1239 4689 1292 4733 taut
1309 4687 1378 4735 coni.
1397 4686 1518 4738 Benecke
1535 4692 1625 4754 Progr.
1644 4695 1757 4743 Posnan.

431 4758 503 4809 4833.
521 4769 548 4821 p.
561 4757 609 4806 lo:
629 4752 664 4804 444
681 4756 733 4815 64;
760 4755 788 4804 ai
805 4757 858 4814 64;
885 4759 1030 4811 tenuasti.
1050 4758 1079 4807 0.
1099 4783 1128 4794 —
1148 4759 1188 4808 47.
1207 4759 1318 4809 44444444
1335 4761 1367 4810 64
1381 4758 1405 4811 λ.
1426 4790 1454 4798 -
1480 4765 1521 4814 40.
1542 4766 1569 4814 io
1587 4779 1639 4816 om.
1660 4768 1708 4818 dtt.
1729 4794 1757 4804 -

429 4832 474 4897 444]
491 4833 522 4882 ite
539 4831 607 4883 coni.
626 4829 712 4880 Halm.
733 4853 760 4866 -
779 4832 821 4881 44.
840 4832 906 4893 444444
923 4832 956 4880 ad
972 4834 1046 4881 4.-
1061 4834 1203 4895 pertinebat
1218 4838 1248 4884 4.
1263 4861 1291 4871 -
1310 4835 1351 4885 43.
1370 4849 1420 4886 aar
1436 4837 1525 4888 licebat
1536 4838 1640 4901 63344
1656 4847 1761 4904 propter

429 4909 550 4958 4444444444
565 4920 615 4956 aaa
631 4906 719 4956 licebat
735 4905 783 4956 dtt.
794 4908 823 4957 0.
839 4932 866 4941 -
884 4905 925 4957 tl.
943 4907 1086 4957 4444444444
1102 4909 1134 4958 64
1147 4910 1162 4959 2
1173 4909 1280 4972 43494.
1299 4911 1331 4960 44
1342 4909 1476 4974 vulgatam
1492 4915 1581 4965 tuetur
1593 4917 1759 4970 consuetudo

430 4982 555 5034 Tulliana.
573 4982 607 5033 44.
626 4981 660 5030 de
678 4982 748 5030 Orat.
767 4982 809 5031 444.
829 4981 854 5045 g.
867 4982 891 5032 7.
911 4981 968 5032 434.
987 4981 1020 5032 ad
1039 4984 1069 5043 0.
1088 4984 1130 5033 Fr.
1149 4985 1179 5035 ll.
1200 4984 1239 5042 46,
1254 4985 1277 5034 4.
1296 4983 1399 5035 Ellendt
1410 4987 1444 5037 ad
1456 4987 1490 5037 de
1502 4990 1571 5040 Orat.
1585 4991 1614 5042 T.
1628 4993 1647 5042 1.
1660 5007 1686 5056 p.
1699 4994 1758 5045 434.

431 5057 544 5108 beneola.
562 5054 596 5106 ed
612 5069 639 5118 p.
659 5054 710 5118 443.
729 5056 798 5106 Men.
817 5057 841 5120 5.
860 5057 884 5106 9.
903 5056 937 5107 nd
958 5058 1011 5120 443.
1031 5057 1055 5120 5.
1074 5058 1099 5108 9.
1121 5085 1148 5094 -
1172 5059 1212 5108 46.
1231 5059 1268 5108 ati
1285 5060 1330 5108 64.
1351 5062 1425 5111 -ia
1441 5076 1469 5112 eo
1485 5076 1545 5113 eoae
1561 5065 1594 5114 64
1607 5067 1757 5130 24349944

431 5145 491 5182 enne
506 5132 534 5181 ia
549 5144 578 5181 eo
594 5130 642 5180 dtt.
656 5131 686 5180 0.
701 5154 729 5166 -
748 5130 788 5180 44.
806 5133 927 5181 4444444444
944 5131 977 5183 de
995 5133 1182 5184 contionanti
1199 5135 1227 5183 L.
1245 5135 1278 5183 44
1295 5133 1328 5184 44.
1341 5134 1427 5186 bladv.
1441 5137 1488 5201 Ep.
1501 5151 1528 5202 p.
1542 5139 1598 5190 407.
1613 5166 1641 5176 ·-
1660 5141 1701 5192 34.
1719 5143 1761 5192 de·

430 5209 516 5257 4444444
531 5207 582 5267 64,
601 5203 678 5270 prob.
697 5205 820 5256 Fritzscb.
839 5205 857 5257 1.
875 5205 909 5256 l.:
928 5207 1046 5257 deiicerer
1062 5208 1242 5273 644434944
1259 5206 1309 5271 44.;
1328 5210 1432 5262 44444444
1444 5211 1500 5273 Ld;
1514 5217 1761 5276 3444444444--4444-

431 5285 514 5333 444444
530 5281 621 5332 Frena.
639 5278 672 5332 al.
691 5281 723 5342 0,
737 5282 851 5344 4444444444
865 5282 984 5334 4444444444
1000 5281 1062 5334 edd.
1079 5285 1143 5334 vett.
