4367 6109
789 561 1091 630 cmxv-xvi.
1119 560 1355 648 sese-ea.
1693 561 1734 630 ia

413 733 609 799 continuone
638 753 746 798 verum
767 732 828 796 suit
850 735 1028 817 postulare,
1056 742 1093 799 ut
1121 756 1161 799 ex
1185 737 1289 801 edicto
1310 736 1396 800 hona
1417 735 1582 819 possidere
1604 735 1735 799 liceret?

412 828 462 890 Ad
493 828 573 894 haec
603 836 742 892 extrema
764 836 796 891 et
824 829 1042 894 inimicissima
1063 831 1134 893 iura
1155 839 1220 894 tam
1241 831 1357 914 cupide
1379 830 1586 905 decurrebas,
1620 839 1656 894 ut
1678 831 1735 893 tihi

413 922 494 985 nihil
516 925 550 987 in
572 931 748 1008 posterum,
772 925 858 1008 quod
881 925 1007 1006 pravius
1028 931 1125 1009 atque
1147 926 1306 988 crudelius
1321 925 1425 989 facere
1444 945 1573 1007 posses,
1595 944 1737 988 reserva-

413 1020 485 1081 res?
518 1015 570 1080 49.
592 1021 672 1081 Nam
695 1018 773 1102 quid
794 1018 916 1082 homiui
938 1025 1045 1100 potest
1066 1018 1207 1101 turpius,
1229 1019 1306 1103 quid
1327 1039 1403 1084 vero
1419 1019 1566 1083 miserius
1581 1027 1636 1082 aut
1649 1034 1737 1082 acer·

413 1111 486 1175 hius
513 1132 575 1176 usu
600 1114 733 1177 venire?
764 1113 850 1197 quod
879 1120 1001 1175 tantum
1031 1114 1159 1177 evenire
1181 1113 1333 1190 dedecus,
1363 1133 1444 1198 quae
1466 1121 1553 1177 unta
1573 1114 1774 1177 calamitasii

414 1205 549 1269 inveniri
584 1210 715 1290 potasti
757 1209 926 1271 Pecuniam
957 1208 983 1269 si
1018 1208 1157 1290 cuipiam
1184 1205 1311 1270 fortuna
1339 1209 1458 1272 ademit
1478 1216 1533 1271 aut
1554 1209 1581 1270 si
1603 1208 1737 1273 alicuius

415 1302 532 1384 eripuit
554 1302 685 1378 iniuria,
719 1310 839 1376 tamem
873 1303 949 1365 dum
976 1301 1170 1364 existimatio
1194 1310 1243 1365 est
1269 1303 1407 1385 integra,
1440 1301 1532 1365 facile
1554 1304 1738 1366 consolatur

414 1395 564 1458 honestas
591 1405 773 1480 egestatem.
815 1399 857 1460 At
888 1416 954 1459 non
985 1416 1078 1459 nemo
1108 1404 1163 1458 aut
1192 1396 1368 1479 ignominia
1389 1397 1520 1459 allectus
1541 1404 1596 1459 aut
1618 1397 1737 1461 iudicio

416 1490 500 1573 turpi
522 1492 686 1554 convictus
708 1492 802 1555 honis
826 1492 955 1576 quidem
978 1492 1043 1554 suis
1066 1491 1183 1566 utitur,
1206 1490 1336 1555 alterius
1358 1510 1451 1574 opes,
1473 1491 1506 1552 id
1521 1491 1608 1575 quod
1627 1492 1738 1556 miser-

415 1586 529 1649 rimum
551 1595 614 1661 est,
637 1607 701 1649 non
724 1594 904 1669 exspectat:
937 1585 1000 1650 hoe
1023 1587 1183 1648 tamenin
1204 1585 1342 1649 miseriis
1364 1586 1547 1648 adiumento
1570 1591 1601 1647 el
1622 1587 1775 1649 solutioto

415 1679 606 1743 sublevatur.
652 1681 749 1745 Cuius
770 1702 847 1745 vero
869 1682 954 1744 hona
975 1682 1160 1757 venierunt3
1188 1680 1280 1748 cuius
1308 1699 1373 1742 non
1396 1679 1492 1743 modo
1514 1678 1588 1740 illae
1609 1681 1740 1764 amplis·

415 1774 513 1837 simae
535 1774 697 1850 fortunae,
720 1776 776 1839 sed
798 1776 893 1838 etiam
914 1776 1017 1839 vietus
1040 1777 1238 1858 vestitusque
1258 1772 1457 1837 necessarius
1472 1772 1530 1835 sub
1548 1794 1739 1856 praeconem

415 1888 486 1930 cum
508 1869 665 1932 dedecore
688 1869 848 1932 subiectus
871 1877 938 1933 est:
962 1871 989 1932 is
1011 1889 1077 1932 non
1100 1870 1195 1932 modo
1218 1887 1260 1930 ex
1280 1886 1414 1930 numero
1429 1866 1573 1931 vivorum
1592 1870 1740 1933 exturba-

415 1972 484 2037 tur,
505 1963 577 2038 sed,
600 1960 718 2028 silleri
740 1971 862 2046 potest,
884 1963 969 2027 infra
990 1965 1087 2026 etiam
1109 1970 1251 2025 mortuos
1273 1961 1470 2024 amandetur.
1506 1961 1631 2024 Etenim
1653 1984 1739 2028 mors

413 2059 548 2122 honesta
569 2078 664 2141 saepe
686 2058 782 2121 vitam
803 2078 936 2142 quoque
957 2066 1082 2141 turpem
1106 2064 1254 2121 exornat:
1276 2057 1342 2119 vita
1362 2056 1466 2138 turpis
1488 2076 1528 2118 ne
1553 2059 1645 2121 morti
1669 2059 1777 2144 qui-⁴5

415 2155 487 2216 dem
509 2152 664 2216 honestae
685 2152 792 2216 locum
812 2153 977 2238 relinquit.
1011 2152 1063 2215 50.
1084 2154 1169 2235 Ergo
1190 2152 1337 2224 hercule,
1360 2151 1452 2213 cuius
1472 2150 1558 2213 hona
1579 2171 1620 2214 ex
1634 2153 1739 2218 edicto

414 2248 633 2332 possidentur,
655 2248 753 2310 huius
776 2247 879 2310 omnis
901 2247 985 2311 fama
1006 2255 1038 2310 et
1059 2246 1254 2311 existimatio
1277 2266 1349 2308 eum
1370 2244 1464 2307 honis
1479 2244 1573 2308 simul
1594 2246 1741 2328 posside·

416 2351 484 2418 tur;
516 2342 556 2405 de
586 2361 651 2426 quo
681 2340 780 2403 libelli
810 2342 844 2403 in
866 2341 1081 2404 celeberrimis
1103 2340 1183 2404 locis
1204 2346 1444 2423 proponuntur,
1476 2339 1552 2402 huic
1573 2358 1615 2403 ne
1635 2342 1741 2424 perire

416 2438 545 2520 quidem
567 2436 661 2499 tacite
683 2435 881 2519 obscureque
903 2435 1105 2508 conceditur3
1128 2435 1180 2498 cui
1201 2435 1343 2518 magistri
1364 2431 1446 2497 fiunt
1466 2441 1498 2496 et
1518 2434 1639 2497 domiui
1664 2456 1742 2499 con·

415 2531 602 2605 stituuntur,
625 2529 698 2614 qui,
721 2549 784 2613 qua
805 2529 876 2612 lege
892 2536 924 2591 et
938 2547 1002 2612 qua
1017 2528 1206 2592 condicione
1223 2537 1349 2613 pereat,
1371 2527 1596 2612 pronuntient3
1618 2530 1658 2594 de
1674 2539 1779 2616 quoii

414 2625 544 2689 homine
565 2625 731 2709 praeconis
754 2643 818 2687 vox
838 2623 1003 2706 praedicat
1024 2630 1056 2687 et
1077 2624 1215 2707 pretium
1237 2621 1381 2687 conficit:
1404 2622 1479 2687 huic
1501 2622 1740 2690 acerbissimum

415 2722 488 2784 vivo
510 2720 696 2804 videntique
716 2718 812 2781 lanus
835 2717 977 2793 ducitur,
1001 2719 1028 2781 si
1050 2719 1147 2782 funus
1162 2719 1195 2781 id
1209 2718 1391 2783 habendum
1406 2718 1463 2792 ait,
1486 2738 1552 2802 quo
1566 2738 1633 2782 uon
1647 2720 1740 2785 amici

416 2817 609 2880 conveniunt
630 2813 671 2877 ad
692 2814 861 2898 exsequias
880 2812 1152 2888 cohonestandes,
1175 2814 1232 2877 sed
1251 2814 1409 2876 honorum
1424 2819 1602 2894 emptores,
1623 2822 1660 2878 ut
1673 2834 1742 2879 oar-

415 2906 540 2984 nifices,
573 2909 613 2972 ad
635 2908 786 2992 reliquias
808 2907 892 2971 uitae
914 2908 1098 2970 lacerandas
1122 2915 1154 2970 et
1175 2907 1407 2969 distrahendas.
1449 2907 1534 2968 XVI.
1556 2902 1607 2970 5l.
1629 2909 1742 2994 ltaque

418 3003 553 3066 maiores
575 3003 676 3065 nostri
698 3021 770 3066 raro
792 3002 825 3065 id
846 3003 991 3065 accidere
1012 3002 1199 3077 voluerunt3
1222 3008 1400 3084 praetores,
1422 3007 1459 3063 ut
1472 3001 1671 3068 considerate
1687 3001 1779 3067 lie-at

418 3105 481 3171 ret,
504 3100 784 3178 comparaverunt:
813 3096 873 3157 riri
894 3096 989 3171 honi,
1012 3117 1083 3159 cum
1106 3096 1211 3179 palam
1231 3096 1435 3169 fraudantur,
1457 3115 1530 3157 eum
1551 3097 1741 3179 experiundi

416 3197 558 3274 potestas
581 3196 731 3263 nonest,
754 3189 865 3252 timide
883 3198 990 3252 tamen
1012 3195 1044 3252 et
1065 3190 1295 3274 pedetemptim
1316 3189 1397 3252 istuc
1420 3189 1629 3275 descendunt,
1650 3191 1683 3254 vi
1704 3210 1741 3256 ao

417 3283 604 3347 necessitate
627 3283 744 3356 coacti,
767 3282 876 3357 inviti,
899 3283 1006 3348 multis
1028 3284 1220 3348 vadimoniis
1242 3284 1392 3358 desertis,
1414 3303 1510 3366 saepe
1531 3284 1617 3347 illusi
1635 3304 1673 3348 ac
1687 3284 1742 3348 de·

419 3377 530 3441 stituti.
574 3376 783 3439 Considerant
804 3377 902 3452 enim,
925 3377 1005 3460 quid
1027 3385 1059 3440 et
1081 3385 1235 3461 quamum
1257 3378 1315 3452 sit,
1346 3377 1476 3441 alterius
1499 3378 1585 3440 hona
1605 3378 1742 3461 proscri-

419 3473 502 3536 here.
544 3471 691 3554 lugulare
725 3473 827 3534 civem
856 3492 896 3535 ne
923 3473 992 3534 iure
1020 3473 1152 3555 quidem
1181 3471 1351 3556 quisquam
1380 3471 1484 3535 bonus
1505 3471 1589 3535 vult:
1623 3472 1779 3537 mavultao

420 3585 681 3639 commemorare,
703 3584 755 3639 se,
777 3584 849 3628 eum
870 3572 979 3648 posset
1000 3565 1148 3647 perdere,
1170 3565 1365 3650 pepercisse,
1389 3587 1498 3650 quarm
1521 3586 1593 3629 cum
1610 3586 1741 3650 parcere

420 3658 572 3743 potuerit,
594 3658 781 3742 perdidisse.
818 3658 904 3721 llaec
926 3658 959 3719 in
981 3657 1128 3722 homines
1149 3659 1378 3734 alienissimos,
1402 3658 1542 3744 denique
1561 3662 1743 3726 inimicissi-

419 3774 503 3828 mos,
525 3753 585 3817 viri
606 3752 683 3814 honi
705 3752 827 3815 faciunt
846 3759 880 3817 et
899 3751 1067 3815 hominum
1089 3753 1336 3818 existimationis
1359 3761 1391 3817 et
1405 3756 1581 3819 communis
1595 3756 1743 3821 humani·

419 3848 492 3911 tatis
512 3866 624 3920 causa,
646 3851 697 3921 ut,
719 3867 791 3909 eum
813 3847 875 3931 ipsi
896 3844 977 3911 nihil
998 3848 1091 3911 alteri
1110 3849 1246 3912 scientes
1262 3849 1545 3925 incommodarint,
1567 3849 1648 3913 nihil
1662 3851 1742 3935 ipsis

420 3941 488 4004 iure
510 3939 703 4004 incommodi
724 3941 838 4004 cadere
858 3941 970 4025 possit.
1014 3939 1064 4004 52.
1097 3943 1146 4006 Ad
1167 3943 1385 4007 vadimonium
1407 3963 1472 4006 nou
1494 3945 1591 4008 venit.
1635 3946 1779 4022 Quisiao

485 4158 510 4208 i.
528 4155 623 4220 omum]
640 4159 750 4205 oscinem
765 4152 814 4217 kl,
832 4166 940 4219 cepam
956 4168 1018 4209 em.
1036 4158 1146 4209 «Verisa
1161 4173 1210 4224 pro
1221 4159 1285 4209 itote
1302 4159 1346 4209 hic
1357 4161 1464 4225 accipe·
1482 4173 1534 4225 mg.
1548 4162 1574 4211 h.
1594 4162 1632 4214 Ci.
1647 4175 1697 4214 nos
1708 4163 1743 4215 ad

421 4233 510 4284 llorat.
524 4231 589 4296 Epp.
603 4232 627 4291 ⁴,
640 4231 665 4292 7,
678 4230 719 4280 98.
734 4257 762 4266 -
775 4230 799 4280 3.
809 4230 893 4296 omre]
904 4237 949 4281 oet
959 4232 1039 4299 lius.
1053 4258 1082 4271 -
1095 4233 1119 4285 i.
1137 4247 1198 4284 uero
1209 4235 1273 4285 BGK
1284 4237 1312 4285 et
1322 4237 1372 4287 AL:
1384 4236 1440 4286 otro
1451 4249 1513 4287 cum
1525 4238 1640 4290 mantio
1651 4237 1698 4292 to.
1713 4264 1741 4275 -·

421 4309 474 4375 aar]
486 4307 581 4371 quictis
594 4333 621 4343 -
640 4306 663 4356 6.
676 4307 859 4369 cuiptomsia.
872 4334 899 4343 -
918 4307 942 4357 9.
957 4305 1005 4357 nal.
1019 4308 1201 4372 ottmmopcc,
1219 4309 1365 4362 mendose·
1377 4324 1430 4375 mg.
1444 4311 1469 4365 e.
1483 4338 1508 4350 -
1529 4313 1570 4363 ii.
1583 4312 1745 4364 muamus·

421 4398 446 4437 e.
460 4411 488 4422 -
505 4382 628 4433 ocnioeiot
643 4382 668 4432 k.
683 4409 710 4418 -
730 4383 769 4433 ii.
785 4396 935 4446 promonens
947 4384 1126 4448 Wesenberg:
1140 4399 1266 4448 praecone
1282 4398 1344 4436 cum
1355 4385 1428 4437 libris
1439 4387 1550 4440 Alto.
1568 4386 1627 4440 Vld.
1640 4388 1744 4454 mdvig

421 4459 455 4510 ad
469 4459 523 4510 Cic.
541 4457 575 4509 de
594 4457 666 4508 l'inn.
684 4471 711 4522 p.
723 4458 772 4513 228
783 4471 824 4522 sq.
843 4481 871 4496 -
892 4459 932 4510 ⁴3.
950 4461 972 4508 ts
987 4474 1038 4510 aon
1052 4461 1126 4510 modo
1137 4487 1152 4498 -
1163 4487 1177 4498 -
1188 4487 1203 4497 -
1219 4466 1330 4511 mortuos
1345 4463 1547 4515 mundaturum.
1559 4463 1611 4516 ho.
1631 4492 1660 4503 -
1677 4467 1745 4517 etro·

419 4550 478 4587 neu
491 4538 513 4586 Α
524 4536 551 4586 et
561 4547 652 4585 errore
663 4537 767 4598 typogr.
786 4536 815 4584 0.
830 4561 857 4571 -
871 4534 911 4586 ii.
926 4533 974 4585 «al.
989 4536 1064 4585 etium
1080 4536 1149 4599 infra
1164 4541 1256 4587 mort.»
1273 4549 1326 4599 mg.
1338 4536 1363 4590 Ε.
1376 4563 1405 4574 -
1421 4538 1561 4589 mundatio·
1574 4538 1744 4607 BGadelss

420 4607 543 4662 hiklm.
563 4636 590 4645 —
609 4609 706 4658 Etenim
716 4634 731 4644 ·
742 4635 756 4646 -
770 4609 905 4674 relinquit]
922 4610 960 4659 Ex
975 4608 1062 4660 multis
1075 4610 1263 4676 huiusprevae
1279 4613 1425 4665 tententiae
1443 4613 1579 4666 muandac
1595 4614 1744 4668 tenmmlal-

420 4685 472 4735 hus
488 4684 602 4734 maxime
620 4681 738 4734 arrident
754 4682 840 4734 orellii
857 4687 884 4735 et
901 4683 994 4735 iiandii
1011 4684 1129 4748 [Turseli.
1148 4684 1191 4737 iv.
1207 4698 1236 4753 p.
1248 4686 1300 4751 dt.)
1316 4688 1500 4752 coniecturae,
1525 4701 1640 4754 qnorum
1656 4689 1699 4742 ilie
1715 4691 1745 4741 et

420 4761 523 4810 toacuo
539 4760 566 4808 et
581 4762 679 4821 turpem
695 4756 809 4809 delenda
826 4762 931 4825 censet,
954 4760 998 4810 hic
1014 4760 1152 4811 dumtaxat
1166 4764 1278 4826 trapam
1300 4760 1416 4814 matrim
1434 4776 1486 4815 coa
1507 4764 1619 4819 inseruit
1637 4768 1699 4818 ante
1714 4779 1742 4818 v.

420 4842 526 4898 mem.
553 4833 631 4898 (mors
654 4835 734 4897 tuapte
756 4848 788 4886 oe
810 4836 876 4886 ottae
902 4836 1000 4898 quiden
1024 4848 1080 4887 ver.
1105 4834 1165 4888 lect.
1187 4836 1311 4901 muger.)
1331 4862 1360 4874 -
1387 4838 1427 4890 ⁴8.
1445 4838 1506 4891 locis
1521 4845 1652 4903 pom
1666 4841 1692 4892 k.
1712 4868 1740 4879 -

421 4910 462 4962 to.
481 4907 588 4973 qiidam]
605 4910 703 4972 quidem
724 4916 820 4963 carue
839 4911 975 4966 ethe-
994 4913 1035 4963 ἑο.
1054 4911 1362 4963 occooduiouchck.-
1380 4913 1422 4964 Ἀ,
1441 4915 1533 4966 uuae
1548 4913 1699 4968 iihcdhn
1715 4919 1743 4969 et

421 4999 463 5052 pr.
481 4984 504 5046 l,
522 4984 641 5033 adiuta
656 4984 697 5035 ek
715 4985 812 5051 ethi,
831 4987 958 5037 indicitur
974 4999 1010 5037 m.
1030 5014 1057 5024 -
1075 4987 1115 5051 stt]
1133 4993 1168 5038 act
1183 4987 1311 5039 Halmius.
1326 5018 1354 5028 -
1372 4989 1413 5040 23.
1430 4989 1467 5055 ut]
1483 4995 1507 5042 ct
1522 4991 1548 5041 h.
1568 5015 1596 5027 -
1614 4991 1655 5043 2⁵.
1674 5006 1744 5045 occe·

422 5064 481 5113 dora
497 5059 590 5123 edlg.
610 5059 648 5111 ci.
662 5060 686 5125 g.
700 5061 724 5112 3.
738 5088 767 5099 -
786 5062 827 5114 30.
845 5065 911 5113 ciues
927 5065 952 5112 k.
968 5089 996 5099 -
1012 5061 1155 5112 moulti‘:
1173 5063 1270 5111 mauult
1286 5063 1351 5113 caim
1368 5076 1431 5115 cum
1448 5066 1544 5116 ceteris
1560 5065 1633 5118 lihrls
1649 5067 1740 5124 ΜΟ.

426 5163 453 5175 -
463 5136 503 5187 ³2.
521 5135 710 5185 mausolio
720 5148 802 5186 maan
817 5138 964 5200 comotione
979 5141 1024 5186 out
1034 5136 1157 5201 qflauotc
1171 5139 1325 5201 coniunctos,
1344 5140 1505 5190 αϋωίυίηιοε
1520 5142 1549 5202 L,
1566 5142 1634 5193 miro
1650 5156 1742 5196 errore

424 5224 457 5262 ex
467 5211 608 5262 ilotomani
624 5209 792 5263 adnotatione
802 5210 885 5262 verba
899 5213 950 5263 ista
962 5224 1160 5277 supervacanea
1176 5213 1338 5267 adsciscens.
1355 5240 1382 5250 —
1401 5216 1506 5277 dcam
1520 5217 1548 5266 to
1562 5217 1744 5272 amisum

424 5287 563 5339 muudus.
577 5312 603 5325 -
624 5285 664 5338 ai.
681 5286 743 5338 sou
758 5288 785 5338 io
801 5300 827 5340 sc
842 5288 897 5338 iuro
908 5286 979 5339 Glm
996 5289 1024 5338 et
1039 5300 1108 5339 corr.
1127 5287 1145 5338 l.
