4367 6109
607 591 676 659 cu.
697 591 751 659 rv.
779 589 853 658 cn.
873 589 1172 659 neu-xavnn
1196 587 1254 675 sp
1275 585 1463 657 soa-sor.
1650 583 1714 653 ees

397 783 456 828 ros
476 762 664 827 sententiam
692 782 750 846 per
777 761 925 826 tabellam
948 760 1076 826 feretis?
1117 761 1233 825 Dicunt
1259 760 1354 846 legati
1381 761 1564 825 Melitenses
1589 758 1714 842 publica

397 858 567 943 spoliatum
588 856 741 941 templum
763 875 833 919 esse
855 855 997 930 Iunonis,
1018 855 1099 918 nibil
1120 856 1215 919 istum
1236 856 1271 920 in
1291 855 1527 938 religiosissimo
1547 854 1622 918 lano
1642 852 1715 916 reli-

397 953 522 1038 quisse,
551 971 647 1036 quem
675 951 708 1013 in
735 951 839 1015 Iocum
865 950 982 1014 classes
1002 948 1141 1014 bostium
1164 970 1259 1034 saepe
1281 950 1485 1024 accesserint,
1512 950 1567 1014 ubi
1594 949 1715 1033 piratae

396 1045 461 1109 Iere
483 1045 653 1129 quotannis
674 1044 815 1108 biemare
837 1043 975 1118 soleant3
997 1044 1083 1128 quod
1104 1064 1208 1128 neque
1230 1043 1348 1126 praedo
1369 1043 1495 1108 violarit
1515 1051 1589 1107 ante
1609 1060 1715 1126 neque

396 1157 548 1222 umquam
573 1139 674 1202 bostis
703 1138 854 1220 attigerit,
882 1136 916 1201 id
944 1136 984 1200 ab
1012 1155 1077 1200 uno
1100 1138 1161 1201 isto
1184 1137 1230 1200 sic
1258 1138 1429 1220 spoliatum
1457 1158 1543 1212 esse,
1571 1144 1607 1201 ut
1634 1135 1738 1200 nibilo

397 1232 525 1296 omniuo
562 1232 603 1295 sit
623 1232 776 1295 relictum.
826 1233 886 1295 Hic
913 1251 998 1294 nunc
1026 1231 1086 1295 isle
1115 1251 1187 1295 reus
1214 1239 1269 1295 eut
1297 1251 1354 1314 ego
1385 1240 1550 1295 accusator
1577 1236 1630 1294 aut
1654 1229 1716 1293 boc

396 1326 549 1390 iudicium
570 1325 801 1410 appellabitur?
837 1324 1020 1389 criminibus
1042 1326 1126 1388 enim
1155 1326 1334 1408 coarguitur
1354 1333 1409 1388 aut
1430 1326 1661 1409 suspicionibus
1682 1324 1716 1387 in

396 1419 551 1483 iudicium
570 1421 718 1485 vocatur!
761 1420 800 1482 Ili
830 1419 941 1493 ablati,
968 1418 1042 1483 Iane
1069 1426 1200 1495 vexata,
1227 1420 1363 1483 nudatae
1384 1419 1478 1483 urbes
1500 1420 1716 1502 reperiuntur:

396 1532 504 1576 aarum
531 1521 637 1578 autem
665 1534 770 1578 rerum
791 1513 910 1577 nullam
938 1513 998 1576 sibi
1029 1513 1087 1577 iste
1116 1533 1222 1597 neque
1250 1512 1406 1576 infitiandi
1433 1513 1587 1578 rationem
1612 1533 1716 1597 neque

396 1606 587 1672 defendendi
608 1608 788 1672 facultatem
810 1608 953 1691 reliquit:
974 1608 1121 1671 omnibus
1142 1607 1177 1671 in
1197 1607 1291 1670 rebus
1313 1607 1495 1690 coarguitur
1515 1629 1534 1674 a
1554 1628 1619 1682 me,
1641 1619 1754 1670 con-so

395 1703 534 1766 vincitur
560 1722 580 1767 a
604 1702 754 1776 testibus,
786 1710 917 1787 urgetur
948 1701 1149 1765 consessione
1182 1721 1256 1776 sue,
1289 1701 1463 1765 manifestis
1493 1701 1527 1765 in
1554 1698 1718 1767 maleficiis

396 1802 535 1869 tenetur,
558 1802 590 1859 et
611 1803 717 1860 manet
739 1797 834 1860 etiam
855 1815 891 1859 ac
913 1795 1026 1859 tacitus
1047 1795 1130 1859 iacta
1150 1815 1273 1859 mecum
1294 1814 1352 1859 sua
1372 1798 1577 1878 recognoscit.

489 1885 562 1954 ⁴05.
596 1891 736 1955 Nimium
762 1890 841 1954 mibi
870 1888 926 1952 diu
953 1889 1064 1953 videor
1092 1890 1127 1953 in
1153 1909 1218 1953 uno
1249 1909 1365 1972 genere
1392 1891 1510 1954 uersari
1540 1890 1717 1955 criminum.

398 1985 517 2060 Sentio,
538 1984 670 2060 iudices,
693 1983 920 2049 occurrendum
942 2003 1012 2048 esse
1034 1984 1169 2048 satietati
1190 1983 1314 2048 aurium
1335 1984 1577 2068 animorumque
1597 1991 1718 2048 vestro·

396 2098 477 2142 rum.
498 2075 601 2154 Quam
616 2079 656 2143 ob
671 2098 737 2141 rem
752 2078 851 2142 multa
864 2078 1127 2162 praetermittam:
1148 2078 1188 2141 ad
1203 2097 1242 2142 ea
1255 2085 1368 2152 autem,
1384 2098 1467 2162 quae
1483 2078 1622 2142 dicturus
1636 2097 1716 2153 sum,
1725 2089 1756 2138 to

396 2167 514 2236 reficite
536 2192 603 2246 vos,
626 2190 755 2258 quaeso,
777 2171 910 2246 iudices,
931 2190 989 2254 per
1011 2171 1088 2235 deos
1104 2169 1314 2235 immortalesl
1336 2191 1393 2236 eos
1407 2172 1505 2255 ipsos,
1528 2171 1568 2235 de
1582 2191 1717 2256 quorum

396 2265 549 2349 religione
570 2266 634 2329 iam
656 2265 711 2328 diu
732 2265 882 2340 dicimus,
911 2265 987 2329 dum
1008 2265 1042 2327 id
1063 2265 1132 2328 eiua
1153 2263 1276 2329 lacinus
1298 2285 1508 2330 commemoro
1530 2272 1563 2331 et
1582 2266 1717 2351 profero,

396 2379 462 2444 quo
484 2359 647 2443 producis
659 2367 726 2425 tota
739 2367 895 2423 commota
910 2366 968 2423 est
999 2360 1046 2422 Ile
1061 2379 1126 2443 quo
1141 2360 1168 2423 si
1187 2359 1284 2442 paulo
1303 2358 1397 2423 altius
1411 2359 1509 2424 ordiri
1523 2379 1561 2424 ac
1574 2367 1718 2442 repetere

397 2452 581 2517 memoriam
601 2453 764 2537 religionis
786 2452 931 2527 videbor,
953 2453 1125 2535 ignoscite:
1145 2454 1191 2517 rei
1214 2453 1396 2536 magnitudo
1418 2473 1468 2516 me
1490 2454 1627 2519 breviter
1647 2474 1719 2537 per·

397 2546 551 2630 stringere
573 2548 767 2612 atrocitatem
796 2547 935 2611 criminis
955 2566 1021 2610 non
1043 2547 1131 2610 sinit.
1171 2547 1312 2610 XLVIII.
1346 2542 1418 2610 loo.
1450 2549 1549 2612 Vetus
1571 2554 1620 2611 est
1638 2547 1756 2611 baecto

397 2640 522 2726 opinio,
555 2641 692 2716 iudices,
726 2661 808 2727 quae
836 2649 959 2705 constat
988 2661 1028 2705 ex
1057 2641 1289 2725 antiquissimis
1319 2641 1510 2705 Graecorum
1539 2641 1654 2705 litteris
1681 2659 1718 2704 ao

396 2735 608 2800 monumentis
630 2734 765 2798 insulam
788 2736 927 2799 Siciliam
949 2742 1045 2799 totam
1067 2755 1138 2798 esse
1162 2735 1266 2799 Cereri
1290 2743 1322 2799 et
1343 2736 1473 2800 Liberae
1495 2742 1717 2800 consecratam.

396 2828 465 2892 IIoc
486 2849 556 2893 cum
578 2837 700 2894 colerae
722 2836 830 2913 gentes
852 2830 897 2894 sic
918 2829 1119 2904 arbitrantur,
1145 2837 1211 2893 tum
1233 2830 1310 2913 ipsis
1332 2830 1448 2893 Siculis
1469 2831 1513 2894 ite
1533 2847 1718 2913 persuasum

399 2929 464 2997 est,
491 2929 528 2986 ut
547 2923 581 2986 in
602 2923 714 2988 animis
736 2943 847 2987 eorum
867 2923 997 2986 insitum
1018 2930 1115 3009 atque
1136 2925 1278 2988 innatum
1299 2942 1370 2988 esse
1390 2924 1543 2988 videatur.
1585 2925 1664 2986 Nam
1686 2926 1719 2984 et

397 3025 486 3081 netas
508 3038 579 3082 esse
599 3018 657 3082 bas
679 3018 712 3080 iu
733 3018 784 3082 bis
804 3018 884 3081 locis
907 3017 982 3082 deas
1009 3025 1041 3081 et
1068 3018 1175 3102 fruges
1197 3019 1231 3081 in
1259 3037 1297 3083 ea
1318 3027 1401 3083 terra
1422 3020 1556 3104 primum
1577 3022 1756 3102 reportasse

397 3131 467 3174 esse
495 3112 682 3176 arbitrantur
708 3119 740 3175 et
768 3120 888 3196 raptam
917 3132 987 3176 esse
1013 3113 1175 3187 Liberam,
1210 3132 1305 3198 quam
1339 3112 1471 3177 eandem
1498 3111 1716 3196 Proserpinam

397 3212 527 3280 vocant,
557 3226 599 3270 ex
619 3207 836 3271 Hennensium
858 3226 1005 3282 nemore;
1038 3206 1095 3291 qui
1124 3207 1228 3283 locus,
1258 3207 1345 3291 quod
1367 3208 1401 3270 in
1423 3208 1528 3271 media
1548 3214 1596 3271 est
1615 3204 1720 3269 insula

398 3301 486 3374 situs,
508 3298 675 3363 umbilicus
698 3300 824 3364 Siciliae
845 3300 1034 3364 nominatur.
1069 3301 1172 3378 Quam
1191 3322 1263 3365 cum
1277 3302 1468 3385 Investigare
1483 3308 1516 3365 et
1530 3300 1718 3384 conquirere

398 3395 493 3458 Ceres
514 3393 620 3468 uellet,
642 3393 756 3459 dicitur
777 3394 988 3459 inflammasse
1003 3395 1112 3460 taedas
1129 3397 1168 3460 iis
1183 3396 1321 3479 ignibus,
1342 3397 1399 3481 qui
1413 3417 1455 3461 ex
1468 3398 1588 3459 Aetnae
1601 3395 1719 3458 vertice

398 3492 580 3570 erumpunt,
602 3506 681 3570 quas
702 3489 762 3551 sibi
783 3508 855 3551 cum
876 3488 947 3570 ipsa
967 3488 1150 3573 praeterret,
1172 3490 1281 3554 orbem
1305 3510 1431 3555 omnem
1452 3508 1635 3574 peragrasse
1655 3496 1757 3556 ter-tt

396 3602 510 3647 rarum.
553 3575 624 3642 t07.
655 3581 769 3645 Henna
789 3587 910 3656 autem,
933 3581 988 3645 ubi
1010 3601 1064 3658 ea,
1086 3603 1169 3667 quae
1190 3584 1276 3659 dico,
1298 3592 1385 3667 gesta
1406 3603 1476 3648 esse
1498 3590 1719 3658 memorantur,

398 3681 446 3740 est
467 3674 538 3739 loco
559 3675 745 3758 perexcelso
767 3683 863 3759 atque
884 3673 980 3752 edito,
1003 3697 1066 3762 quo
1087 3677 1121 3740 in
1143 3698 1265 3743 summo
1280 3688 1329 3742 est
1342 3684 1475 3763 aequata
1491 3678 1558 3762 agri
1570 3667 1720 3762 planities

398 3775 432 3834 et
457 3787 559 3854 aquae
586 3788 759 3854 perennem
787 3775 854 3833 tota
880 3788 955 3834 sero
982 3770 1021 3834 ab
1050 3771 1137 3835 omni
1165 3772 1254 3836 aditu
1280 3771 1463 3836 circumcisa
1483 3779 1579 3858 atque
1599 3771 1719 3837 directa

399 4003 473 4054 cesus
490 4001 570 4053 esset.
588 3998 663 4052 leue
680 3999 750 4050 aare
768 4012 795 4065 p.
814 3997 855 4050 ss.
875 4026 902 4036 -
920 4001 945 4052 a.
963 4015 1013 4053 ee
1028 4003 1147 4066 messe
1169 4004 1247 4068 egee.
1268 4031 1296 4042 -
1316 4005 1340 4057 a.
1358 3988 1513 4056 aecem
1528 4004 1610 4070 msa
1635 4016 1720 4056 eece-

398 4082 483 4130 mass
498 4075 557 4127 rell.
575 4077 652 4140 Lagg.
673 4102 701 4113 -
720 4073 745 4126 I.
763 4075 904 4137 qaodcssals
920 4077 940 4127 Il
956 4090 997 4142 pr.
1015 4089 1052 4128 m.
1072 4105 1101 4116 -
1119 4078 1229 4130 sotebost
1244 4081 1322 4144 lagg.
1343 4081 1451 4145 praeter
1465 4079 1507 4131 49.
1527 4107 1555 4118 -
1571 4079 1673 4131 esem
1687 4080 1719 4142 ll,

399 4153 463 4206 Ld:
484 4151 615 4203 otolcocrs‘t
631 4152 678 4212 Gt,
696 4151 779 4214 baga,
802 4150 905 4201 ototccs't
921 4152 967 4203 Ga.
988 4180 1016 4190 —
1035 4158 1094 4204 cote
1110 4154 1156 4216 Ga,
1174 4152 1203 4203 l:
1222 4160 1298 4204 44444
1314 4155 1352 4206 alc
1369 4157 1391 4207 Il
1407 4154 1458 4220 [est
1473 4156 1551 4220 Igitur
1566 4153 1644 4206 lectio
1662 4160 1722 4208 cote

399 4237 544 4289 admodum
564 4235 690 4298 lnflrma];
716 4239 792 4284 44444
815 4233 893 4285 codd.
917 4234 974 4286 rell.
992 4237 1022 4288 0.
1043 4261 1070 4274 -
1089 4239 1114 4289 b.
1137 4251 1258 4301 tanquam
1271 4223 1333 4290 'om
1358 4238 1423 4290 dett.
1443 4266 1471 4275 -
1490 4240 1619 4304 4444494444
1639 4242 1669 4291 a.
1689 4268 1717 4280 -

398 4314 423 4364 6.
440 4313 497 4363 Islssc
512 4310 589 4375 Lgit.
604 4334 632 4347 —
645 4322 712 4360 sssssc
728 4315 774 4360 ost
789 4310 835 4360 4444
850 4309 916 4361 dett.
935 4310 964 4363 0.
983 4309 1038 4376 [cat
1054 4311 1132 4363 abest
1143 4315 1223 4365 ellam
1235 4328 1249 4364 a
1263 4315 1352 4379 lagg,
1370 4314 1442 4380 quod
1453 4317 1557 4381 Zumpt.
1569 4314 1676 4381 4444444]
1689 4342 1717 4354 -

398 4388 423 4438 7.
441 4387 508 4437 laod
523 4399 589 4448 susp.
610 4386 703 4436 Frauc.
725 4384 823 4448 (susptt.
842 4386 882 4445 44.)
901 4411 929 4422 -
947 4385 973 4436 8.
991 4387 1017 4436 (44
1033 4388 1068 4438 Il:
1096 4389 1131 4437 4444
1147 4389 1177 4440 0.
1198 4416 1225 4426 -
1242 4402 1341 4452 reppcr.
1358 4391 1387 4441 44.
1406 4415 1435 4427 -
1454 4390 1478 4440 9.
1496 4391 1624 4455 moedi
1639 4391 1669 4441 44.
1688 4413 1717 4428 -

398 4463 439 4512 44.
457 4474 475 4511 a
490 4464 551 4512 ante
568 4464 621 4511 test.
640 4461 787 4524 emesae.
808 4487 835 4497 -
854 4460 894 4510 44.
914 4461 1105 4541 tocimssicll.
1124 4490 1152 4501 -
1170 4465 1465 4516 46.s'osnorsc1tslt.-
1478 4478 1520 4515 cos
1535 4465 1587 4517 us:
1600 4479 1649 4529 per
1663 4467 1721 4516 deos

397 4545 477 4610 igit),
493 4558 540 4608 par
555 4557 596 4595 sos
611 4543 675 4595 dett.
693 4543 720 4594 0.
738 4570 766 4580 -
785 4543 825 4594 48.
843 4545 965 4594 words'cr
981 4545 1093 4610 cgesto
1105 4545 1149 4606 ta;
1168 4548 1256 4598 ordior
1271 4545 1328 4600 rell.
1347 4549 1426 4613 Lagg.
1437 4576 1465 4585 -
1479 4550 1518 4600 49.
1534 4551 1721 4614 praestosum

397 4621 426 4671 Il.
446 4645 474 4655 -
491 4619 533 4669 44.
550 4620 643 4670 Iudices
659 4629 712 4669 om.
730 4617 796 4669 dett.
811 4646 838 4656 -
858 4625 933 4681 atque
948 4634 1058 4673 monum.
1076 4620 1123 4672 Id.
1138 4622 1201 4674 dett.
1220 4626 1282 4677 0.-
1300 4624 1341 4675 43.
1360 4624 1515 4676 mosmos
1529 4623 1554 4677 t.
1575 4653 1602 4662 -
1620 4625 1717 4676 cous:

396 4703 449 4748 tom
465 4696 529 4748 dett.
543 4697 572 4748 0.
586 4722 614 4736 -
632 4695 672 4748 44.
690 4697 717 4746 lss
732 4696 824 4746 suono
839 4695 914 4747 esa:
932 4699 959 4748 tss
976 4710 1029 4748 om.
1042 4696 1108 4748 dett.
1121 4698 1150 4749 Ο.
1165 4726 1193 4736 -
1210 4699 1253 4749 id.
1271 4699 1303 4749 tis
1318 4699 1361 4750 Or.
1374 4700 1399 4750 4.
1413 4726 1441 4737 -
1454 4708 1567 4763 repertos
1582 4697 1716 4750 casanat:

396 4786 447 4824 csse
462 4785 516 4824 om.
540 4771 604 4823 dett.
627 4773 656 4822 0.
677 4798 704 4809 -
728 4771 769 4822 27.
792 4772 933 4823 4444444444
953 4774 988 4833 44;
1015 4773 1167 4824 umanum
1183 4775 1213 4826 0.
1234 4801 1261 4812 -
1283 4775 1324 4826 49.
1348 4777 1380 4826 lis
1395 4777 1416 4827 Il
1432 4788 1471 4840 pr.
1490 4789 1543 4828 m:
1568 4777 1606 4826 444
1621 4777 1641 4826 u
1657 4786 1717 4840 sup.

396 4845 452 4909 liu..
471 4847 556 4911 Lgi93
574 4860 607 4897 ee
622 4847 654 4897 s'is
670 4847 722 4910 44444
739 4848 817 4911 lagg.
836 4845 892 4898 rell.
913 4873 940 4884 -
958 4847 1066 4899 setosae
1082 4849 1111 4899 It.
1132 4875 1160 4886 -
1182 4848 1223 4900 30.
1238 4851 1364 4914 proferret
1380 4851 1458 4914 Igit.
1477 4878 1505 4888 -
1524 4851 1608 4901 orbem
1622 4863 1720 4900 osssssm

396 4920 463 4974 ut:
482 4935 578 4974 oosocsa
593 4921 677 4973 orbem
693 4922 745 4981 (3³3
763 4921 847 4973 orbem
863 4923 974 4974 monisse
990 4921 1055 4973 dett.
1070 4949 1097 4959 -
1110 4922 1151 4974 34.
1164 4923 1386 4989 Hssooll,l.g2⁹:
1404 4925 1518 4976 amo.
1533 4951 1561 4962 -
1574 4924 1720 4988 3444444-

395 4996 459 5048 oelso
474 4997 504 5056 4,
522 4998 555 5048 Gt
569 4997 586 5048 3
603 4998 637 5060 (v.
655 4995 741 5048 lladv.
759 5009 787 5062 p.
805 4997 872 5061 ⁷⁷·i2
886 5011 1007 5060 praem.
1027 4996 1090 5058 Id.;
1105 5000 1233 5061 praecelso
1250 4999 1315 5052 dett.
1334 5002 1363 5053 0.
1378 5025 1406 5038 -
1425 5001 1466 5052 33.
1480 5014 1601 5064 paeones
1615 5002 1645 5061 44,
1662 4999 1717 5052 abi:

392 5085 520 5136 ρον-444444
536 5072 565 5123 0.
585 5098 614 5110 -
631 5072 727 5123 diecto
748 5071 797 5133 443,
813 5068 839 5134 l,
857 5073 926 5137 Igit
950 5074 983 5138 (u.
1001 5072 1087 5124 lladv.
1105 5087 1133 5140 p.
1152 5075 1218 5139 7⁸·)²
1244 5078 1343 5140 direpto
1363 5076 1443 5137 dett.;
1469 5078 1592 5138 dis-cosma
1613 5075 1633 5126 0
1655 5086 1719 5126 cam

396 5149 526 5210 vlotorl03
543 5149 650 5211 dempto
666 5149 734 5200 conl.
751 5148 822 5200 Baka
839 5146 899 5199 coll.
916 5148 971 5198 liv.
988 5147 1053 5198 444.
1066 5147 1108 5206 33,
1121 5148 1145 5199 4.
1163 5149 1283 5203 4444444.
1296 5151 1337 5213 39,
1351 5153 1391 5202 44.
1410 5151 1533 5202 Garatoni
1550 5151 1599 5215 (ΙΙ.)
1616 5149 1720 5203 contest

397 5222 471 5274 Paret
486 5224 549 5274 Lex.
567 5225 625 5275 crit.
647 5236 675 5289 p.
692 5221 765 5285 344,
790 5223 836 5288 qul
857 5235 922 5275 soce
944 5222 1040 5274 desem
1060 5221 1194 5275 difficilem
1214 5225 1374 5280 adscensum
1396 5227 1424 5280 et
1442 5225 1556 5280 arduum
1576 5224 1718 5296 signidcssl

396 5296 469 5350 diets.
498 5297 538 5350 ct.
555 5296 638 5352 Klots.
655 5299 719 5351 Lex.
735 5310 762 5351 s.
777 5311 804 5351 s.
821 5299 850 5352 st
865 5296 982 5352 toresbi
996 5299 1108 5355 advers.
1124 5299 1190 5356 vm.
1207 5300 1249 5354 44.
