4367 6109
456 570 518 636 578
853 572 1006 639 ousflo
1027 572 1106 639 PRO
1126 573 1164 637 Δ.
1187 571 1387 639 CLUENTIO

456 744 582 807 stabunt
613 760 716 826 neque
747 741 813 806 ullo
841 751 1025 826 argumento
1056 743 1259 807 Cluentianae
1280 742 1432 827 pecunias
1453 741 1573 805 crimen
1596 739 1775 816 tenebitur,

456 836 533 920 quid
555 834 712 920 estquod
734 842 764 898 te
785 836 845 901 ista
865 838 1023 913 censoria,
1049 837 1116 901 sive
1137 837 1282 900 voluntas
1305 836 1371 900 sive
1393 835 1504 919 opinio
1525 833 1601 911 biit,
1623 834 1776 901 adiuvare

454 939 510 994 aut
529 930 614 995 bunc
634 931 834 995 innocentem
857 931 1035 1014 opprimere
1055 951 1149 1015 posse
1162 929 1333 995 videatur?
1367 930 1461 992 XLV.
1476 925 1547 992 126.
1570 928 1662 1005 Quid
1682 930 1778 1012 igitur

455 1043 601 1087 censores
623 1023 720 1088 secuti
742 1026 840 1088 suntt
872 1025 917 1087 Ne
939 1024 999 1108 ipsi
1021 1025 1168 1109 quidem,
1197 1031 1234 1088 ut
1254 1023 1436 1107 merissime
1457 1023 1577 1098 dicam,
1599 1022 1777 1108 quidquam

430 1115 541 1179 sadud
570 1116 675 1182 dicem
702 1123 828 1199 praeter
858 1137 1035 1181 sermonem
1066 1127 1162 1202 atque
1184 1118 1309 1183 lamam.
1351 1117 1438 1181 Nihil
1459 1137 1494 1180 se
1515 1115 1668 1192 testibus,
1696 1116 1776 1181 nihil

452 1209 583 1286 tabulis,
612 1210 693 1275 nihil
720 1209 827 1293 aliquo
853 1211 940 1294 gravi
968 1220 1152 1293 argumento
1175 1213 1384 1295 comperisse,
1418 1210 1498 1274 nihil
1520 1211 1659 1293 denique
1682 1229 1777 1275 cause

451 1305 575 1387 cognita
596 1304 743 1370 statuisse
765 1304 879 1368 dicem.
916 1304 1009 1381 Quod
1031 1306 1058 1367 si
1079 1307 1124 1369 ita
1147 1305 1314 1381 fecissent,
1341 1314 1446 1369 umen
1467 1304 1500 1366 id
1521 1324 1587 1369 non
1608 1306 1655 1370 ita
1676 1302 1776 1369 fixum

451 1416 521 1461 esse
543 1398 690 1475 deberet,
711 1407 747 1461 ut
768 1397 904 1463 convelli
918 1419 983 1461 non
1002 1394 1122 1463 liceret.
1152 1402 1222 1463 Non
1236 1407 1308 1463 utar
1322 1398 1541 1481 exemplorum
1556 1400 1667 1483 copia,
1691 1416 1776 1483 quae

452 1511 572 1556 summa
593 1501 659 1567 est3
681 1511 746 1555 non
766 1512 833 1556 rem
854 1499 1009 1568 veterem,
1030 1513 1095 1557 non
1115 1494 1276 1557 hominem
1296 1500 1459 1575 potentem
1474 1493 1615 1577 aliquem
1629 1499 1687 1558 aut
1703 1512 1776 1575 gra-

414 1592 441 1639 ⁴⁰
451 1584 567 1649 tiorum
587 1584 754 1670 proferam.
790 1587 899 1668 Nuper
919 1585 1080 1650 bominem
1102 1594 1248 1662 tenuem,
1270 1588 1403 1651 scribam
1425 1585 1624 1660 aedilicium,
1646 1586 1775 1649 14114-

450 1679 595 1755 trinium,
628 1699 701 1744 cum
729 1677 941 1743 defendissem
972 1680 1057 1763 apud
1085 1682 1127 1744 M.
1149 1682 1274 1745 lunium
1296 1680 1335 1757 Q.
1356 1681 1531 1746 Publicium
1557 1686 1720 1763 praetores
1742 1687 1776 1742 et

449 1772 490 1836 ld.
504 1772 694 1837 Plaetorium
716 1773 750 1837 C.
770 1773 958 1837 Flaminium
980 1773 1099 1839 aediles
1121 1774 1264 1849 oumles,
1292 1776 1436 1857 persuasi
1463 1782 1499 1838 ut
1525 1774 1659 1839 scribam
1676 1774 1774 1839 iurati

447 1864 590 1947 legerent
610 1886 699 1941 eum,
729 1888 824 1950 quem
845 1867 942 1931 iidem
964 1867 1016 1931 isti
1042 1888 1189 1932 censores
1211 1868 1365 1936 aerarium
1386 1868 1556 1951 reliquisse
1577 1868 1774 1951 subscripse-

448 1967 532 2022 runt
567 1961 645 2025 Cum
667 1961 751 2024 enim
773 1960 807 2025 in
827 1960 957 2025 bomine
979 1962 1067 2026 nulla
1089 1962 1183 2046 culpa
1203 1963 1411 2038 inveniretur,
1433 1961 1511 2046 quid
1525 1962 1580 2027 ille
1594 1962 1774 2038 menrisset,

411 2062 513 2116 ltnon
535 2054 611 2138 quid
633 2057 674 2121 de
695 2078 732 2121 eo
756 2064 908 2123 statutum
929 2066 1028 2133 esset,
1056 2057 1270 2143 quaerendum
1293 2075 1364 2119 esse
1386 2055 1555 2120 duxerunt.
1598 2049 1672 2120 127.
1692 2057 1774 2120 Nam

447 2146 527 2210 baec
548 2149 695 2232 quidem,
718 2171 799 2236 quae
822 2151 861 2215 de
884 2151 1001 2215 iudicio
1024 2161 1171 2236 corrupto
1194 2150 1464 2232 subscripserunt,
1491 2151 1562 2233 quis
1584 2156 1633 2213 est
1655 2151 1712 2234 qui
1733 2149 1774 2214 ab

448 2239 510 2304 illis
538 2241 615 2306 satis
643 2244 770 2327 cognita
796 2252 827 2308 et
848 2243 1015 2328 diligenter
1036 2245 1176 2309 iudicata
1197 2243 1391 2307 arbitretur?
1424 2244 1461 2306 ln
1482 2244 1532 2307 Μ’.
1554 2243 1720 2327 Aquilium
1742 2251 1775 2308 et

447 2333 482 2397 in
503 2335 550 2398 Ti.
574 2336 698 2402 Guttam
720 2338 813 2402 video
836 2358 906 2402 esse
927 2339 1150 2422 subscriptum.
1185 2337 1270 2415 Quid
1292 2345 1341 2400 est
1360 2336 1447 2401 boel
1469 2337 1549 2401 duos
1571 2355 1642 2402 esse
1664 2358 1775 2404 corru-

447 2435 516 2513 ptos
531 2429 616 2496 solos
631 2432 788 2517 pecuniel
809 2433 940 2497 Dicant:
963 2433 1060 2497 ceteri
1074 2432 1224 2496 videlicet
1237 2432 1334 2514 gratis
1349 2430 1608 2495 condemnanmt.
1637 2432 1709 2495 Non
1725 2438 1775 2495 est

411 2523 544 2607 seigam
564 2526 813 2602 circumventus,
840 2536 906 2590 non
927 2546 1099 2610 oppressus
1120 2526 1270 2614 pecunia,
1301 2545 1382 2599 non,
1407 2531 1443 2588 ut
1463 2524 1537 2589 illae
1559 2524 1774 2601 Quinctianae

333 2668 337 2674 .
448 2618 610 2684 contiones
631 2619 845 2695 habebantur,
867 2639 993 2696 omnes,
1016 2621 1073 2705 qui
1095 2620 1306 2704 Oppianicum
1328 2616 1595 2691 condemnarunt,
1620 2617 1655 2681 in
1677 2617 1775 2700 eulpa

448 2718 522 2775 sunt
542 2732 580 2778 ac
601 2715 781 2797 suspicione
801 2715 952 2796 ponendi.
985 2715 1072 2778 Duos
1095 2714 1181 2779 solos
1202 2713 1296 2777 video
1319 2713 1504 2777 auctoritate
1522 2731 1691 2777 censorum
1703 2708 1775 2775 affi-

447 2824 505 2867 nes
526 2807 557 2870 ei
578 2808 768 2891 turpitudini
789 2808 932 2872 iudicari.
966 2810 1029 2872 Aut
1050 2807 1130 2870 illud
1144 2808 1292 2882 anemos,
1314 2806 1435 2890 aliquid
1456 2826 1543 2881 sese,
1565 2806 1653 2889 quod
1668 2805 1709 2869 de
1722 2804 1773 2869 bis

448 2897 571 2964 duobus
591 2902 762 2966 habuerint
783 2909 993 2984 compertum,
1022 2902 1062 2965 de
1084 2901 1197 2965 ceteris
1219 2899 1422 2983 comperisse.
1465 2901 1574 2964 XLVI.
1598 2895 1671 2962 128.
1691 2899 1774 2964 Nm

411 2991 526 3056 alliud
549 2996 677 3079 quidem
698 2995 827 3059 minime
848 2995 1045 3078 probandum
1060 3002 1126 3069 est,
1147 2994 1187 3058 ad
1202 2994 1382 3058 notationes
1396 2993 1683 3078 auctoritatemque
1697 3011 1774 3058 cen·

448 3089 565 3153 soriam
593 3089 774 3172 exemplum
800 3088 914 3152 illese
939 3088 1172 3152 consuetudine
1193 3088 1322 3151 militari
1345 3086 1552 3151 transtulisse.
1586 3088 1775 3152 statuerumt

448 3183 532 3247 enim
553 3185 597 3248 ita
618 3182 754 3247 maiores
774 3182 892 3256 nostri,
914 3189 966 3256 ut,
986 3183 1014 3245 si
1036 3202 1055 3245 a
1076 3182 1182 3246 multis
1201 3189 1285 3246 esset
1306 3182 1460 3264 flagitium
1480 3181 1528 3245 rei
1549 3180 1694 3245 militaris
1717 3179 1775 3244 ad·

447 3277 596 3353 miseran,
618 3276 782 3341 sortitione
803 3276 837 3338 in
858 3276 1013 3359 quosdam
1034 3274 1357 3350 animadverteretur,
1380 3282 1416 3338 ut
1437 3282 1539 3339 metus
1561 3273 1713 3338 videlicet
1732 3273 1773 3339 ad

448 3391 575 3446 omnes,
597 3389 702 3455 poena
721 3369 762 3433 ad
784 3388 902 3452 paucos
924 3372 1115 3452 perveniret.
1153 3370 1246 3446 Quod
1269 3369 1352 3433 idem
1373 3369 1476 3434 lacere
1491 3388 1638 3434 censores
1660 3368 1695 3432 in
1717 3367 1775 3431 de·

411 3464 533 3527 00144444
555 3464 715 3547 dignitatis
737 3471 770 3528 et
792 3465 826 3527 in
847 3464 963 3527 iudicio
986 3464 1102 3529 civium
1125 3464 1211 3527 etin
1231 3462 1505 3527 animadversione
1525 3462 1694 3537 vitiorum,
1716 3461 1775 3545 qui

448 3559 620 3623 convenit?
652 3559 732 3623 Nam
753 3558 861 3633 miles,
883 3558 940 3642 qui
960 3559 1065 3623 locum
1079 3577 1145 3622 non
1160 3557 1278 3633 tenuit,
1300 3557 1357 3640 qui
1369 3557 1510 3621 bostium
1523 3557 1679 3639 impetum
1692 3554 1775 3618 rim-

449 3672 511 3735 que
532 3652 709 3736 pertimuit,
731 3660 837 3734 potest
857 3651 942 3715 idem
963 3659 1074 3735 postea
1103 3659 1135 3715 et
1155 3651 1246 3715 miles
1268 3669 1337 3714 esse
1359 3649 1471 3714 melior
1491 3657 1524 3714 et
1544 3651 1593 3714 rir
1612 3648 1719 3714 bonus
1741 3656 1775 3713 et

449 3746 526 3808 civis
547 3745 644 3810 utilis.
677 3745 784 3821 Quare
805 3736 917 3828 quiin
938 3744 1023 3807 bello
1045 3750 1175 3829 propter
1194 3745 1337 3809 bostium
1357 3751 1478 3809 metum
1492 3742 1686 3826 deliquerat,
1706 3759 1774 3808 ern-

447 3837 532 3921 plior
551 3839 582 3901 ei
602 3838 712 3904 mortis
734 3847 766 3901 et
786 3837 934 3920 supplicii
955 3846 1057 3920 metus
1080 3847 1128 3902 est
1147 3858 1166 3902 a
1187 3837 1359 3902 maioribus
1379 3837 1587 3902 constitutine
1608 3854 1650 3899 ne
1664 3841 1774 3900 autem

411 3930 579 3995 ³⁵nimium
600 3931 690 3997 multi
712 3950 848 4016 poenam
868 3932 978 4016 cepitis
998 3932 1158 4008 subirent,
1179 3931 1297 3996 idcirco
1311 3931 1366 3996 illa
1380 3931 1503 3997 sortitio
1518 3938 1700 4014 comparata
1713 3936 1774 3996 est

513 4227 708 4291 unumst:
731 4226 935 4282 44444444.οΟ.
956 4254 983 4263 -
1006 4228 1132 4281 0444444444
1147 4230 1175 4280 Τ.
1196 4256 1223 4265 -
1249 4230 1275 4280 i.
1292 4228 1350 4294 4444]
1367 4229 1424 4291 ipso
1440 4228 1469 4278 T.
1489 4253 1516 4263 -
1535 4225 1560 4278 4.
1578 4226 1775 4294 demetamus

449 4302 506 4353 40.
527 4329 554 4340 -
573 4303 597 4353 6
614 4302 700 4365 4444444
715 4302 791 4365 provi
806 4303 864 4352 ST:
883 4304 959 4367 prout
975 4303 1060 4366 atiquo
1076 4301 1219 4356 444400.
1241 4331 1268 4342 -
1286 4305 1433 4366 compsisse
1448 4315 1502 4353 om.
1520 4302 1547 4353 F.
1568 4328 1597 4339 -
1614 4304 1656 4355 40.
1674 4304 1774 4355 444444-

448 4391 509 4428 nom
525 4378 551 4427 s.
571 4404 599 4413 -
618 4377 658 4427 44.
674 4376 767 4427 reson
782 4374 808 4429 a.
828 4402 857 4414 -
874 4379 1012 4442 neroum
1027 4381 1060 4440 r;
1077 4378 1211 4430 44444444
1228 4381 1295 4431 4.-
1315 4380 1403 4429 san
1420 4376 1559 4440 44444444
1574 4378 1600 4427 e.
1621 4404 1650 4415 -
1670 4377 1712 4429 44.
1730 4392 1774 4431 re

448 4453 547 4515 liquisse
562 4453 857 4516 mosomensem:
875 4454 1203 4518 rdtquisssrcrtpremrt&
1221 4449 1546 4518 reimboto-
1566 4449 1775 4506 ttamen

449 4528 598 4578 susus:
616 4525 910 4592 rspssruonto.-
929 4532 1170 4594 4444444444.-
1189 4533 1230 4582 44.
1247 4529 1634 4595 4444444444-
1653 4529 1774 4581 m

449 4602 530 4653 STF.
550 4630 579 4638 -
598 4604 638 4654 46.
656 4603 843 4667 messmam
859 4602 940 4656 aaa.
963 4607 1029 4656 llinc
1044 4606 1070 4656 hl
1087 4606 1177 4657 delicit
1192 4618 1279 4670 usque
1296 4606 1330 4656 ad
1346 4619 1389 4655 vv.
1408 4605 1523 4668 opinione
1537 4602 1654 4654 4444444444
1670 4602 1695 4667 5.
1713 4605 1771 4657 m

451 4701 478 4715 -
499 4677 540 4727 47.
556 4678 601 4728 ld.
619 4678 682 4729 LO:
699 4680 736 4731 44.
755 4675 842 4730 aaa.
862 4704 889 4714 -
907 4679 1042 4741 4444444444
1057 4676 1141 4731 400.
1165 4680 1204 4731 04.
1222 4693 1249 4745 p.
1268 4680 1381 4732 Caecina
1399 4680 1423 4743 g.
1437 4680 1477 4729 77.
1495 4704 1523 4714 -
1540 4682 1564 4729 44
1578 4679 1696 4730 meum
1712 4680 1774 4731 dd·

449 4752 544 4802 444448.
562 4751 601 4803 04.
620 4752 645 4816 5.
659 4753 699 4805 98.
721 4779 748 4789 -
773 4753 814 4803 49.
832 4752 1000 4806 44444440144
1027 4754 1086 4817 quid
1103 4768 1165 4807 eum
1182 4755 1225 4806 ed.
1243 4755 1345 4805 lentina
1361 4750 1445 4805 1220.
1465 4779 1493 4790 -
1515 4752 1557 4803 40.
1575 4764 1773 4817 noemam

449 4824 1610 4892 srn:emmopproeorsao.-eeons.-auooucuamoseoer.-
1629 4827 1773 4891 sames-

447 4900 528 4951 4444444·
544 4902 572 4951 Τ.
591 4928 618 4938 ·-
645 4904 730 4969 omnir
745 4904 772 4953 S.
792 4926 820 4937 -
846 4902 887 4952 23.
905 4902 1036 4954 iliadem
1055 4905 1084 4955 Τ.
1109 4931 1139 4943 -
1163 4904 1429 4967 seeeLeclercquius:
1454 4899 1613 4955 4444οΙ40.
1637 4901 1680 4967 {At
1694 4902 1770 4965 444444,

449 4975 638 5039 qasodoffersert
653 4978 715 5029 4444444
730 4982 780 5029 est:
805 4976 902 5038 aliquid
916 4990 975 5039 4444,
993 4979 1102 5042 quodL3
1119 4982 1230 5032 44444444
1245 4980 1307 5030 illud
1323 4983 1446 5042 44444444,
1464 4977 1526 5029 albii
1541 4983 1589 5038 444,
1606 4979 1675 5041 quod
1690 4976 1768 5043 9.)-

448 5047 493 5112 hts]
510 5048 634 5103 444490.
656 5078 684 5089 ·-
709 5050 751 5103 al.
770 5052 923 5113 4444444044]
945 5054 1007 5104 ntus
1027 5055 1539 5117 4444440441.;44444444444444444
1563 5053 1768 5105 04444440.-

447 5121 489 5172 06.
507 5135 521 5173 4
535 5126 708 5178 mustaceis
723 5138 790 5178 nos:
808 5128 981 5180 comestadtue
997 5130 1200 5194 (praepositlone
1217 5130 1325 5193 omissa)
1342 5131 1405 5190 RA;
1424 5145 1443 5180 o
1457 5128 1631 5181 4444444444
1646 5141 1710 5181 cunr
1726 5127 1769 5181 ed

448 5195 549 5249 luntlna
565 5196 649 5252 490.
676 5200 715 5253 01.
734 5214 762 5267 p.
779 5201 837 5252 649.
854 5213 881 5253 v.
899 5201 939 5254 44.
959 5229 986 5243 -
1004 5209 1113 5257 statuere
1128 5207 1182 5256 ST.
1202 5232 1230 5241 -
1255 5205 1296 5256 28.
1314 5205 1410 5255 sortitio
1426 5206 1486 5265 εἲς
1503 5203 1590 5254 sortito
1607 5200 1770 5255 Claseenlus.

449 5268 488 5320 cr.
506 5283 533 5335 p.
544 5274 602 5325 444.
614 5287 640 5327 v.
654 5276 695 5328 44.
710 5301 738 5313 -
756 5275 797 5329 ae.
816 5276 932 5329 mess.
946 5305 975 5317 -
993 5278 1033 5331 as.
1047 5278 1353 5344 qes--aasqooesm
1370 5272 1770 5345 u--seumesseo
