4367 6109
449 554 512 620 564
841 551 992 617 ORATIO
1014 552 1092 616 PRO
1114 553 1151 617 Α.
1175 552 1373 617 CLUENTlO

448 735 480 791 et
502 726 616 789 Guttae
638 729 721 786 asset
740 721 952 785 iudicandum.
986 722 1114 784 Summa
1136 722 1275 786 omnium
1290 722 1500 805 exspectatio,
1524 721 1693 805 quidnam
1717 741 1789 785 sen-

448 821 565 883 tentiae
592 817 709 880 ferrent
735 815 821 878 leves
850 835 887 878 ac
917 816 1082 879 nummarii
1111 816 1242 878 iudices.
1276 818 1379 898 Atque
1407 815 1454 878 illi
1480 834 1600 879 omnes
1625 817 1702 879 sine
1724 816 1789 880 utu

447 912 643 976 dubitatione
666 909 884 973 condemnant.
927 906 978 969 76.
999 909 1058 971 llic
1086 917 1151 972 tum
1173 910 1302 971 iniectus
1325 917 1373 972 est
1393 909 1583 972 hominibus
1607 909 1787 993 scmpulus

447 1014 479 1069 et
501 1004 654 1089 quaedam
677 1003 847 1075 dubitatio,
873 1001 1022 1085 quidnam
1051 1010 1134 1065 esset
1154 1010 1267 1065 actum.
1300 1003 1421 1065 Deinde
1443 1003 1595 1066 homines
1619 1003 1786 1086 sapientes

424 1105 478 1164 set
499 1118 540 1161 cx
561 1105 665 1161 vetere
694 1097 748 1159 illa
778 1096 944 1179 disciplina
971 1095 1173 1170 iudiciorum,
1206 1097 1260 1179 qui
1289 1117 1394 1179 neque
1419 1096 1591 1160 absolvere
1613 1096 1785 1161 hominem

446 1194 705 1256 nocentissimum
728 1197 859 1273 possent
880 1209 984 1273 neque
1007 1208 1096 1264 eum,
1127 1189 1165 1253 de
1188 1209 1252 1273 quo
1275 1198 1358 1253 esset
1380 1197 1448 1253 orta
1470 1192 1618 1274 suspicio
1642 1193 1786 1275 pecunia

447 1294 681 1368 oppugnatum,
710 1304 744 1347 re
765 1282 820 1346 illa
841 1284 1001 1364 incognita
1022 1284 1122 1365 primo
1145 1284 1355 1347 condemnare
1377 1284 1514 1358 vellent,
1544 1302 1614 1348 non
1636 1303 1783 1359 crevens

446 1380 603 1443 dixerunt.
633 1377 783 1441 Nonnulli
805 1384 909 1439 autern
932 1379 1034 1440 severi
1049 1376 1208 1451 homines,
1231 1378 1287 1461 qui
1305 1378 1366 1440 hoc
1383 1385 1580 1452 statuerunt,
1605 1398 1679 1462 quo
1696 1380 1784 1463 quis·

447 1495 508 1558 que
530 1474 635 1536 animo
657 1471 736 1554 quid
756 1470 891 1546 faceret,
913 1473 1046 1553 spectari
1069 1480 1230 1554 oportere,
1253 1473 1311 1534 etsi
1333 1472 1386 1534 alii
1408 1472 1545 1554 pecunia
1566 1479 1707 1556 accepta
1729 1491 1782 1535 re·

410 1588 515 1634 sorum
541 1566 738 1639 iudicabant,
767 1573 871 1628 tamen
900 1565 999 1628 nihilo
1031 1566 1133 1627 minus
1156 1586 1190 1629 se
1212 1566 1426 1648 superioribus
1449 1568 1516 1629 suis
1538 1566 1678 1630 iudiciis
1702 1586 1779 1630 con·

446 1670 528 1725 stare
550 1660 704 1743 putabant
724 1667 876 1743 oportere.
919 1660 1030 1742 ltaque
1053 1659 1250 1722 damnarunt.
1290 1659 1439 1743 Quinque
1469 1659 1603 1722 omnino
1631 1658 1777 1733 fuerunt,

447 1756 501 1839 qui
522 1755 611 1819 illum
632 1761 771 1817 restrum
802 1753 1002 1816 innocentem
1025 1754 1232 1836 Oppianicum
1260 1755 1325 1816 sive
1348 1753 1559 1837 imprudentia
1585 1753 1659 1817 sive
1683 1754 1780 1817 mise·

446 1850 581 1912 ricordia
603 1848 669 1919 sire
691 1847 798 1929 aliqua
818 1847 999 1930 suspicione
1021 1848 1087 1911 sive
1110 1848 1281 1911 ambitione
1303 1848 1429 1911 adducti
1453 1845 1676 1911 absolverunt.

477 1969 484 1981 ·
530 1939 581 2004 77.
605 1940 820 2004 Condemnato
843 1941 1018 2024 Oppianico
1041 1942 1146 2004 statim
1168 1943 1202 2003 L.
1225 1942 1410 2016 Quinctius,
1434 1941 1531 2004 homo
1553 1942 1700 2006 maxime
1721 1962 1779 2026 po-

410 2036 582 2120 tspularis,
611 2038 665 2119 qui
695 2054 804 2098 omnes
832 2055 990 2099 rumorum
1012 2044 1043 2097 et
1064 2036 1246 2099 contionum
1268 2043 1380 2098 ventos
1402 2034 1551 2117 colligere
1575 2045 1779 2110 consuesset,

448 2130 583 2194 oblatam
605 2129 664 2191 sibi
685 2128 865 2192 facultatem
887 2131 1024 2210 putavit,
1047 2136 1081 2190 ut
1103 2148 1144 2190 ex
1165 2129 1286 2191 invidia
1308 2128 1466 2192 senatoria
1487 2136 1598 2209 posset
1620 2148 1779 2203 crescere,

447 2221 533 2307 quod
555 2222 624 2285 eius
646 2222 765 2285 ordinis
780 2222 893 2285 iudicia
908 2222 1010 2284 minus
1026 2222 1088 2283 iam
1103 2221 1228 2304 probari
1244 2222 1364 2305 populo
1380 2221 1598 2285 arbitrabatur.
1630 2221 1780 2287 Habetnr

447 2336 511 2380 una
531 2325 630 2400 atque
649 2316 746 2379 altera
766 2316 872 2379 contio
895 2316 1063 2378 vehemens
1086 2323 1118 2378 et
1134 2316 1255 2397 gravisz
1278 2316 1437 2397 accepisse
1452 2314 1622 2396 pecuniam
1638 2315 1778 2389 iudices,

361 2451 364 2456 -
447 2418 483 2473 ut
502 2412 704 2474 innocentem
724 2430 811 2474 reum
834 2409 1096 2485 condemnarent,
1119 2410 1385 2492 tribunusplebis
1408 2409 1610 2472 clamitabat:
1633 2410 1691 2493 agi
1714 2410 1780 2473 ior·

410 2514 538 2571 aotunas
568 2505 709 2568 omnium
739 2505 879 2567 dicebat:
910 2503 996 2566 nulla
1025 2524 1093 2566 esse
1124 2503 1256 2566 iudicia:
1290 2505 1344 2588 qui
1376 2503 1582 2592 pecuniosum
1604 2503 1777 2568 inimicum

446 2600 591 2673 haberet,
613 2599 803 2663 incolumem
823 2618 894 2661 esse
916 2598 1072 2660 neminem
1093 2617 1197 2679 posse.
1228 2597 1379 2662 Homines
1401 2598 1497 2660 totius
1519 2597 1623 2679 ignari
1640 2599 1777 2682 negotii,

447 2693 503 2776 qui
525 2693 734 2776 Oppianicum
754 2711 926 2775 numquam
947 2691 1116 2764 vidissent,
1139 2692 1240 2754 virum
1255 2692 1408 2774 optimum
1423 2698 1455 2752 et
1471 2691 1634 2754 hominem
1651 2692 1780 2776 puden·

447 2787 600 2850 tissimum
630 2786 761 2870 pecunia
782 2806 965 2869 oppressum
989 2805 1058 2848 csse
1083 2786 1326 2859 arbitrarentur,
1355 2785 1475 2847 incensi
1498 2786 1689 2867 suspicione
1710 2806 1779 2850 rem

447 2884 480 2944 in
502 2881 640 2945 medium
661 2899 773 2943 vocare
795 2887 968 2961 coeperunt
989 2887 1020 2943 et
1041 2900 1168 2943 causam
1190 2879 1276 2941 illam
1298 2887 1395 2942 totam
1418 2879 1602 2962 deposcere.
1644 2878 1700 2944 78.
1723 2884 1779 2946 tt-

411 2992 511 3058 taque
540 2975 596 3038 illo
624 2976 695 3057 ipso
725 2981 865 3056 tempore
887 2973 920 3034 in
941 2974 1035 3035 aedes
1057 2975 1093 3035 T.
1109 2973 1218 3046 Annii,
1247 2972 1384 3035 hominis
1405 2973 1640 3050 honestissimi,
1665 2996 1779 3041 neces·

448 3070 522 3132 sarii
545 3077 578 3132 et
598 3068 690 3132 amici
712 3067 790 3140 mei,
820 3074 914 3129 noctu
942 3068 1087 3130 Staienus
1109 3066 1278 3128 arcessitus
1300 3067 1339 3129 ab
1363 3067 1539 3149 Oppianico
1560 3069 1663 3134 venit.
1711 3072 1778 3135 lam

449 3172 552 3227 cetera
572 3169 647 3224 nota
668 3168 742 3223 sunt
764 3160 927 3223 omnibus:
949 3167 984 3221 ut
1004 3180 1074 3223 cum
1097 3160 1152 3222 illo
1168 3160 1361 3241 Oppianicus
1377 3162 1476 3244 egerit
1494 3161 1534 3223 de
1556 3165 1720 3243 pecunia,
1741 3173 1780 3228 ut

449 3259 501 3321 ille
524 3278 558 3321 se
579 3255 774 3320 redditurum
796 3274 865 3316 esse
887 3253 1018 3327 dixerit,
1039 3261 1076 3316 ut
1097 3274 1168 3316 eum
1191 3274 1369 3317 sermonem
1391 3255 1547 3318 audierint
1567 3275 1703 3322 omnem
1719 3258 1778 3322 riri

448 3353 538 3426 boni,
561 3352 703 3435 quitum
726 3348 870 3411 consulto
892 3356 1020 3431 propter
1042 3349 1076 3409 in
1098 3348 1221 3412 occulto
1243 3348 1424 3411 stetissent:
1446 3355 1481 3410 ut
1500 3368 1550 3411 res
1565 3350 1730 3431 patefacta
1745 3361 1779 3416 et

412 3447 483 3509 ooin
513 3446 617 3509 torum
645 3442 765 3526 prolata
794 3448 825 3503 et
851 3443 984 3523 pecunia
1012 3442 1113 3505 omnis
1142 3442 1269 3505 Staieno
1302 3451 1425 3505 extorta
1452 3450 1547 3525 atque
1576 3453 1692 3526 erepta
1722 3446 1777 3509 sit.

450 3540 567 3601 XXIX.
588 3538 691 3601 Huius
713 3535 833 3599 Staieni
855 3555 990 3618 persona
1011 3536 1129 3619 populo
1151 3536 1212 3598 iam
1235 3543 1309 3598 nota
1323 3545 1418 3619 atque
1440 3545 1605 3619 perspecta
1627 3538 1671 3600 ab
1687 3539 1779 3602 nulla

450 3633 534 3716 turpi
563 3630 743 3713 suspicione
773 3630 979 3693 abhorrebat:
1009 3649 1209 3711 suppressam
1238 3648 1307 3693 esse
1329 3631 1369 3692 ab
1392 3650 1429 3693 eo
1460 3630 1646 3712 pecuniam,
1682 3652 1777 3717 quam

450 3746 508 3808 pro
529 3746 584 3790 reo
606 3724 859 3807 pronuntiasset,
892 3726 947 3807 qui
977 3731 1065 3787 erant
1086 3724 1119 3786 in
1142 3725 1289 3786 contione
1311 3744 1376 3787 non
1399 3723 1635 3805 intelligebant3
1668 3745 1778 3809 neque

451 3821 534 3881 enim
556 3818 759 3881 docebantur.
794 3819 954 3882 Versatam
980 3837 1049 3881 esse
1070 3820 1103 3881 in
1127 3818 1243 3880 iudicio
1266 3818 1458 3880 mentionem
1479 3818 1634 3900 pecuniae
1659 3821 1779 3884 sentic-

414 3913 543 3987 sobant3
564 3913 761 3975 innocentem
783 3932 869 3973 reum
894 3913 1133 3974 condemnatum
1156 3911 1343 3987 audiebant;
1375 3912 1493 3974 Staieni
1516 3912 1680 3976 sententia
1702 3933 1779 3976 con-

453 4004 632 4068 demnatum
661 4004 825 4080 videbant;
853 4025 918 4068 non
947 4006 1042 4087 gratis
1071 4006 1105 4067 id
1127 4007 1166 4068 ab
1189 4027 1227 4070 eo
1248 4005 1366 4068 factum
1388 4026 1472 4080 esse,
1503 4001 1589 4087 quod
1610 4006 1779 4072 hominem

452 4105 582 4171 norant,
604 4097 794 4161 iudicabant.
828 4098 947 4161 Similis
961 4099 994 4159 in
1009 4098 1124 4173 Bulbo,
1147 4101 1179 4162 iu
1194 4100 1303 4173 Gutta,
1327 4098 1359 4162 in
1373 4100 1442 4162 aliis
1457 4098 1618 4163 nonnullis
1634 4102 1779 4186 suspicio

453 4192 654 4254 consistebat.
696 4189 747 4252 79.
769 4193 879 4275 ltaque
901 4189 1053 4254 confiteor
1074 4225 1116 4237 -
1143 4193 1218 4256 licet
1239 4194 1323 4257 enim
1353 4195 1415 4255 iam
1436 4193 1565 4275 impune
1594 4192 1660 4257 hoc
1688 4213 1781 4279 prac-

453 4286 560 4348 sertim
584 4287 617 4347 in
645 4285 715 4349 loco
744 4283 884 4349 confiteri
906 4319 964 4360 -,
997 4286 1083 4368 quod
1107 4286 1270 4370 Oppianici
1293 4308 1358 4350 non
1381 4289 1475 4351 modo
1497 4288 1576 4361 rita,
1600 4287 1658 4350 sed
1682 4288 1781 4352 etiam

417 4394 568 4442 lonomen
583 4385 656 4442 ante
674 4380 755 4443 illud
770 4387 893 4463 tempus
908 4380 1027 4465 populo
1042 4380 1184 4463 ignotum
1198 4382 1327 4458 luisset,
1350 4381 1605 4464 indignissimum
1618 4401 1719 4465 porro
1733 4382 1781 4448 vi·

519 4649 543 4701 l.
560 4650 657 4713 sactum
673 4650 718 4699 ST
736 4649 885 4713 (nonP).-
906 4652 930 4700 5.
949 4656 972 4700 ct
988 4652 1050 4701 1¹0:
1069 4664 1122 4701 om.
1142 4650 1253 4703 tht.
1269 4680 1295 4689 -
1315 4654 1339 4703 8.
1358 4653 1401 4714 qut
1417 4652 1534 4702 PSTO:
1553 4654 1781 4709 umbrant.-

454 4728 494 4777 ta.
512 4727 665 4787 mpucmoa
682 4726 698 4773 S
708 4726 765 4775 ΤΑ.
786 4747 814 4760 -
834 4725 873 4775 43.
892 4725 991 4776 obducti
1007 4727 1035 4775 T.
1055 4753 1082 4762 -
1101 4726 1257 4777 absolverant
1274 4730 1292 4778 P
1302 4730 1318 4777 S
1328 4728 1361 4777 T:
1383 4727 1535 4777 absolverent
1551 4727 1635 4780 Fut
1645 4730 1667 4781 L
1678 4727 1697 4783 9
1707 4733 1739 4784 0.
1753 4758 1783 4772 ··

454 4798 494 4850 44.
508 4802 612 4863 Quintus
623 4802 681 4850 4).-
700 4801 739 4851 46.
753 4802 830 4863 possit
846 4803 928 4851 ST.-
940 4802 979 4851 49.
994 4801 1119 4851 clamabat
1130 4806 1188 4853 P.-
1203 4803 1243 4853 20.
1254 4803 1348 4852 tuceta
1358 4816 1408 4852 csse
1419 4803 1501 4852 ST.-
1515 4802 1556 4852 22.
1569 4807 1595 4852 et
1604 4803 1675 4856 bom.
1684 4809 1785 4870 padn-

454 4877 573 4926 ttsstmam
584 4889 637 4926 om.
649 4877 709 4925 T.-
726 4877 945 4938 prudentissimam
960 4874 1019 4926 ut.
1034 4903 1061 4911 —
1079 4878 1120 4927 33.
1133 4891 1183 4927 ease
1194 4880 1227 4927 P:
1247 4890 1299 4927 om.
1314 4876 1456 4931 hatto
1468 4902 1495 4912 -
1514 4877 1555 4926 25.
1568 4878 1682 4931 oadtsS.
1696 4908 1726 4920 -
1740 4882 1784 4933 33.

454 4952 586 5000 motos
602 4950 689 5000 SThl.
703 4976 731 4987 -
749 4949 790 5001 28.
804 4964 859 5001 com
874 4954 1079 5003 scmwnoncod.
1093 4967 1189 5004 omnem
1205 4955 1237 5002 P:
1256 4966 1342 5003 corum
1357 4953 1686 5006 sermomnenaootosnt
1703 4958 1785 5010 aab

455 5021 1784 5089 tu.-aapropctt-ctrsrhnatqocrahto.-ao.sntcnoe:assunto.
1822 5064 1824 5067 -

456 5098 495 5147 Cl.
515 5099 569 5150 Cic.
587 5098 621 5150 de
638 5099 696 5164 lege
713 5114 768 5164 egr.
786 5101 817 5150 ll.
836 5101 859 5164 5.
879 5102 918 5150 to.
937 5124 963 5137 -
982 5102 1014 5150 tit
1029 5116 1082 5153 om.
1102 5105 1130 5154 Τ.
1150 5130 1177 5140 -
1196 5103 1236 5153 34.
1255 5102 1287 5151 ab
1304 5116 1357 5152 om.
1377 5104 1429 5153 ST.
1450 5129 1477 5137 -
1496 5102 1536 5153 32.
1554 5113 1606 5154 cata
1623 5117 1682 5158 om.
1702 5108 1735 5159 T.
1755 5133 1784 5146 ·-

456 5170 497 5221 34.
515 5175 657 5237 amabant]
676 5175 821 5226 ....cbont
836 5177 873 5237 M;
892 5176 999 5226 scebant
1015 5189 1067 5240 mg.
1081 5174 1106 5229 t.
1121 5203 1148 5212 -
1167 5178 1208 5228 35.
1226 5178 1595 5233 condensatum-dmm
1611 5191 1669 5236 om.
1689 5183 1785 5239 ST.-

460 5248 594 5301 attdlcboot
611 5251 678 5303 Pht:
701 5248 1054 5309 mansionatica
1073 5278 1101 5289 —
1120 5252 1160 5304 37.
1179 5254 1300 5305 (iactas.
