4367 6109
729 552 803 616 on.
824 552 1073 617 cxiv-axv.
1099 549 1155 634 ss.
1178 546 1366 616 trs-ist.
1671 546 1733 612 sos

413 719 512 783 mario
534 718 691 803 expilato,
713 721 847 804 pecunia
866 720 987 796 ablata,
1009 741 1074 785 non
1089 722 1175 785 omni
1193 730 1395 804 recuperata,
1417 720 1530 785 occisis
1545 719 1735 794 bominibus,

413 814 588 878 institutam
610 834 679 878 esse
702 815 922 899 quaestionem
944 816 983 879 de
1006 824 1107 879 morte
1129 815 1322 900 Oppianici?
1344 817 1395 880 cui
1411 816 1573 899 probatis?
1595 814 1735 900 quidest

413 908 498 990 quod
528 908 632 971 minus
654 910 720 972 veri
743 909 846 972 simile
867 908 1008 992 proferre
1034 911 1208 993 potuistist
1239 911 1375 984 Deinde,
1403 918 1439 973 ut
1460 910 1599 973 omittam
1621 918 1736 983 cetera,

413 1002 550 1065 triennio
573 1009 645 1085 post
667 1009 799 1065 mortem
814 1002 981 1085 Oppianici
1003 1003 1043 1066 de
1061 1004 1129 1066 eius
1151 1012 1253 1065 morte
1267 1004 1485 1086 quaerebatur.
1525 1004 1626 1085 Atque
1641 1003 1736 1066 etiam

412 1095 542 1159 incensa
563 1095 637 1158 odio
659 1096 795 1177 pristino
812 1096 1024 1159 Nicostratum
1046 1096 1182 1159 eundem
1203 1095 1293 1160 ilium
1316 1104 1382 1160 turn
1397 1098 1466 1160 sinc
1482 1116 1577 1160 causa
1591 1096 1624 1157 in
1639 1113 1760 1179 quae-⁵

412 1189 548 1251 stionem
570 1189 752 1271 postulavit.
794 1188 989 1271 Oppianicus
1011 1189 1112 1270 primo
1133 1190 1301 1252 recusavit.
1338 1191 1451 1253 Postea
1471 1211 1543 1254 cum
1564 1189 1619 1252 iiia
1639 1189 1738 1254 abdu-

413 1290 533 1346 cturam
555 1302 589 1345 se
610 1283 724 1357 filiam,
747 1289 934 1346 mutaturam
956 1301 1027 1346 esse
1048 1290 1270 1346 testamentum
1299 1284 1487 1357 minaretur,
1516 1283 1642 1346 mulieri
1668 1304 1738 1348 cru·

413 1376 592 1441 delissimae
614 1397 739 1440 servum
759 1374 978 1440 fidelissimum
1000 1395 1064 1439 non
1086 1377 1119 1438 in
1141 1375 1361 1458 quaestionem
1390 1376 1478 1450 tulit,
1506 1377 1562 1440 sed
1583 1376 1676 1460 piane
1697 1377 1736 1440 ad

413 1470 604 1552 supplicium
636 1469 767 1532 dedidit.
818 1463 1108 1533 irruiturus
1137 1468 1307 1533 triennium
1333 1469 1429 1552 igitur
1457 1471 1574 1551 agitata
1599 1469 1738 1556 denique

413 1563 558 1647 quaestio
580 1562 620 1626 de
641 1563 702 1627 viri
723 1570 825 1627 morte
845 1561 1028 1636 habebatur,
1050 1571 1082 1627 et
1104 1562 1144 1627 dc
1167 1561 1283 1646 quibus
1303 1563 1403 1626 servis
1422 1562 1618 1626 habebatur?
1640 1565 1739 1638 Nova,
1748 1582 1776 1627 so

413 1656 524 1731 credo,
552 1677 603 1720 res
632 1657 772 1731 obiecta,
799 1656 874 1719 novi
903 1657 1033 1740 quidam
1060 1656 1206 1721 homines
1232 1655 1265 1717 in
1296 1655 1511 1737 suspicionem
1532 1659 1635 1738 vpcati
1656 1666 1739 1721 sunt.

413 1752 459 1813 De
481 1750 626 1814 Stratone
655 1750 749 1814 etde
779 1751 967 1816 Nicostrato.
1002 1749 1108 1826 Quint
1138 1750 1257 1812 Romae
1278 1749 1459 1832 quaesitum
1480 1749 1520 1812 de
1546 1749 1615 1813 istis
1637 1749 1739 1814 bomi-

413 1843 508 1908 nibus
529 1862 594 1907 non
617 1846 712 1908 erati
742 1844 830 1908 Itane
859 1843 985 1907 tandem
1012 1842 1127 1906 mulier
1148 1843 1211 1907 iam
1231 1862 1297 1906 non
1319 1841 1446 1916 morbo,
1473 1840 1529 1905 sed
1551 1843 1670 1906 sceiere
1690 1843 1740 1907 in·

414 1936 516 2012 riosa,
538 1957 611 2000 cum
633 1937 851 2022 quaestionem
872 1935 1039 2001 habuisses
1060 1938 1197 2011 Romae,
1221 1957 1292 1999 oum
1314 1937 1353 1999 de
1376 1937 1413 1998 T.
1430 1935 1541 2010 Annii,
1562 1936 1598 1999 1.
1620 1938 1740 2011 Rutilii,

414 2031 447 2093 P.
477 2030 612 2107 Saturii,
646 2038 822 2095 ceterorum
854 2030 1152 2097 honestissimomm
1180 2031 1320 2095 virorum
1349 2030 1505 2093 sententia
1535 2030 1779 2095 constitutumss

414 2132 514 2199 esset,
536 2125 612 2189 satis
634 2126 813 2208 quaesitum
835 2125 955 2200 videri,
982 2125 1092 2190 eadem
1115 2125 1155 2188 de
1176 2142 1211 2187 re
1232 2123 1371 2188 triennio
1392 2131 1478 2207 post,
1500 2122 1601 2187 isdem
1623 2123 1662 2187 de
1683 2123 1742 2186 bo·

415 2218 569 2294 minibus,
591 2219 681 2283 nullo
703 2218 847 2283 adhibito
869 2238 935 2282 non
958 2219 1062 2282 dicam
1085 2219 1171 2294 viro,
1192 2237 1233 2282 ne
1248 2218 1394 2282 colonum
1407 2215 1490 2283 torte
1503 2216 1642 2282 adfuisse
1656 2216 1742 2281 dica·

415 2314 473 2389 tis,
494 2313 551 2378 sed
573 2314 657 2377 bono
678 2313 765 2387 viro,
787 2312 822 2376 in
843 2313 901 2376 tilii
923 2320 1018 2395 caput
1039 2313 1259 2396 quaestionem
1273 2310 1390 2374 babere
1404 2318 1516 2377 conata
1529 2331 1573 2374 es.
1605 2305 1678 2374 ⁴83.
1692 2310 1741 2375 An

413 2405 474 2472 boo
496 2407 602 2471 dicitis
623 2437 665 2454 -
679 2407 756 2471 mibi
779 2407 863 2471 enim
885 2408 1027 2472 venitin
1049 2411 1205 2480 mentem,
1227 2404 1307 2488 quid
1328 2405 1392 2468 dici
1409 2405 1527 2487 possit,
1549 2404 1672 2469 Omani
1686 2405 1742 2468 ad-

414 2501 476 2565 huc
491 2522 555 2564 non
571 2521 639 2565 esso
656 2503 718 2565 boc
732 2500 851 2566 dictum
866 2508 1056 2566 mementote
1069 2534 1122 2576 -,
1144 2521 1216 2563 cum
1237 2497 1408 2563 baberetur
1428 2497 1468 2563 de
1488 2498 1572 2563 barto
1588 2499 1780 2584 quaestione

415 2597 594 2661 Stratonem
615 2595 737 2679 aliquid
759 2595 798 2659 de
820 2615 942 2660 veneno
964 2615 1035 2659 esse
1055 2594 1259 2658 consessum?
1293 2590 1362 2655 Hoc
1383 2611 1449 2657 uno
1470 2592 1587 2668 modo,
1609 2591 1742 2672 iudices,

414 2709 511 2771 saepo
532 2688 703 2752 multorum
726 2690 928 2773 improbitate
950 2689 1102 2773 depressa
1122 2688 1238 2752 veritas
1259 2686 1390 2769 emergit
1411 2694 1443 2751 ct
1466 2688 1667 2751 innocentiae
1688 2687 1742 2750 de-

416 2782 518 2847 fensio
541 2781 713 2846 interclusa
734 2783 886 2864 respirat,
909 2782 997 2867 quod
1019 2781 1133 2856 antii,
1156 2781 1213 2864 qui
1227 2779 1268 2843 ad
1281 2779 1426 2845 fraudem
1441 2781 1548 2845 callidi
1563 2790 1655 2855 sunt,
1676 2800 1742 2844 non

415 2883 537 2939 tantum
560 2875 695 2949 audent,
717 2883 872 2959 quantum
893 2875 1090 2959 excogitant,
1112 2884 1168 2939 aut
1188 2874 1230 2949 ii,
1251 2895 1388 2958 quorum
1411 2875 1529 2939 eminet
1544 2875 1678 2938 audacia
1692 2882 1743 2939 at·

416 2989 479 3053 que
499 2968 639 3052 proiecta
660 2976 727 3043 est,
749 2989 769 3032 a
789 2969 930 3032 consiliis
952 2968 1091 3031 malitiae
1114 2967 1313 3032 deseruntur.
1349 2968 1443 3043 Quod
1465 2969 1491 3031 si
1512 2977 1568 3033 aut
1581 2964 1778 3034 confidensao

415 3064 529 3126 astutia
550 3070 606 3126 aut
624 3062 740 3126 callida
761 3070 845 3126 essm
864 3061 1012 3135 audacia,
1036 3062 1091 3125 vix
1113 3061 1178 3124 ullo
1201 3061 1241 3125 iis
1257 3062 1368 3125 obsisti
1382 3060 1478 3125 modo
1493 3068 1609 3144 posset.
1632 3062 1741 3125 Utrum

414 3154 533 3219 furtum
554 3154 673 3219 iactum
694 3176 758 3219 non
781 3158 854 3220 esti
880 3157 922 3218 At
943 3154 1023 3218 nibil
1045 3154 1160 3219 clarius
1180 3155 1289 3219 launi
1313 3149 1407 3238 [inid.
1436 3155 1485 3219 bn
1506 3153 1547 3218 ad
1561 3155 1741 3219 Stratonem

416 3250 553 3334 suspicio
576 3269 640 3314 non
662 3248 838 3332 pertinuit?
871 3250 913 3312 At
934 3248 960 3312 is
983 3256 1015 3312 et
1037 3267 1078 3312 ex
1099 3246 1220 3313 serrula
1240 3248 1441 3313 insimulatus
1463 3255 1528 3313 eta
1550 3267 1651 3331 puero
1666 3268 1742 3312 con·

415 3344 483 3406 scio
506 3351 554 3407 est
573 3342 743 3408 indicatus.
775 3345 824 3406 bn
846 3342 879 3407 id
900 3351 1006 3407 actum
1027 3362 1091 3408 non
1115 3352 1164 3407 est
1184 3342 1217 3405 in
1233 3342 1444 3426 quaerendo?
1467 3341 1557 3418 Quae
1570 3341 1632 3406 tuit
1646 3341 1742 3425 igitur

414 3436 477 3500 alia
504 3456 601 3501 causa
632 3437 830 3521 quaerendi?
862 3437 912 3501 An
943 3437 992 3512 id,
1022 3435 1109 3521 quod
1138 3435 1227 3500 vobis
1250 3434 1419 3499 dicendum
1441 3443 1491 3500 cst
1511 3444 1544 3501 et
1564 3436 1652 3521 quod
1674 3444 1781 3501 turnao

416 3530 523 3595 Sassia
548 3529 723 3606 dictitavit,
752 3551 824 3595 oum
854 3530 893 3594 do
922 3529 1007 3594 inrto
1038 3536 1259 3612 quaereretur,
1288 3535 1354 3593 tum
1376 3529 1556 3595 Stratonem
1577 3529 1679 3595 isdem
1708 3530 1742 3593 in

416 3623 583 3687 tormentis
612 3622 731 3689 dixisse
761 3623 801 3686 de
823 3626 970 3688 venenet
1013 3617 1086 3685 tat.
1111 3623 1160 3686 En
1181 3621 1243 3685 boo
1264 3620 1342 3685 iiind
1364 3629 1430 3697 est,
1452 3620 1538 3706 quod
1559 3630 1633 3689 auto
1654 3622 1740 3687 dixi:

417 3716 530 3780 mulier
549 3715 687 3779 mundat
707 3716 856 3791 audacia,
878 3715 1011 3782 consilio
1033 3723 1067 3781 et
1086 3717 1208 3781 rabone
1222 3711 1375 3781 deficitur.
1403 3717 1482 3780 Nam
1496 3715 1630 3782 tabellas
1644 3735 1743 3800 quae-

417 3809 530 3875 stionis
544 3808 651 3894 plures
665 3809 878 3892 proteruntur,
893 3829 976 3894 quae
992 3811 1140 3875 recitatae
1155 3809 1308 3893 vobisque
1327 3809 1431 3874 editae
1446 3816 1537 3886 suut,
1554 3809 1628 3872 iilae
1643 3808 1744 3890 ipsae,

417 3922 497 3987 quas
518 3911 584 3971 tum
605 3902 785 3986 obsignatas
807 3924 877 3969 esse
899 3903 995 3979 dixit,
1017 3904 1050 3970 in
1073 3903 1190 3988 quibus
1212 3902 1337 3968 tabellis
1359 3902 1399 3967 ds
1420 3902 1506 3969 barto
1528 3903 1617 3967 nulia
1637 3902 1782 3971 litterata

482 4126 508 4176 t.
525 4126 776 4189 nemausa·
794 4123 942 4189 amoeni
959 4125 1086 4176 ΜΗ.-
1104 4126 1303 4176 inom.FA.—
1322 4126 1347 4175 6.
1361 4126 1747 4187 pmuocunL2posacquam

418 4197 538 4257 utto.
557 4200 596 4255 ct.
611 4201 636 4266 fi.
647 4201 688 4253 08.
702 4201 742 4250 72.
753 4200 810 4252 tas.
829 4201 904 4252 vcra.
917 4200 960 4251 111.
973 4199 1045 4263 §.aa
1067 4200 1188 4251 Benecke
1200 4200 1286 4251 ador.
1300 4200 1477 4264 Pompeianae
1494 4199 1519 4263 ὅ.
1533 4200 1558 4251 9.
1578 4226 1606 4236 -
1624 4200 1649 4251 8.
1661 4201 1747 4251 dctuttt

418 4275 619 4331 Mommseoius.
632 4301 660 4311 -
680 4275 705 4326 0.
718 4276 809 4327 dedidit
825 4275 970 4329 Arusianus
987 4276 1020 4338 (v.
1038 4276 1109 4329 Dodo
1125 4276 1160 4327 sd
1174 4274 1242 4338 ioci:
1261 4275 1327 4326 dedit
1342 4274 1421 4326 oodd.
1438 4277 1466 4325 et
1481 4274 1544 4328 edd.
1562 4273 1644 4331 Tullii.
1660 4300 1688 4310 -
1707 4275 1748 4325 de·

418 4349 501 4415 sique]
518 4350 598 4402 muso
614 4347 777 4402 Halmius·
799 4348 1014 4412 td.ct]ot1..-
1035 4351 1076 4401 44.
1094 4351 1168 4401 evado
1183 4363 1238 4401 om.
1251 4350 1316 4400 Τ.-
1335 4349 1607 4402 tutamenti:
1625 4349 1748 4399 bobutmt

419 4423 597 4481 tibist-1..
609 4437 663 4478 om.
677 4425 764 4476 si·-
777 4425 818 4475 tt.
831 4424 918 4475 sotera¹
933 4424 965 4482 s;
982 4423 1093 4474 Saum
1110 4425 1171 4474 Ι..-
1188 4425 1423 4476 camenusfl:
1444 4429 1468 4475 st
1483 4422 1747 4479 cummeneo,

421 4500 695 4565 -dbmstmb-
714 4500 792 4550 ⁴8.oe
808 4498 867 4548 st:
886 4497 1111 4552 esinatae.
1127 4523 1154 4535 -
1173 4498 1420 4561 tepoecrm-
1439 4498 1529 4564 cdbasc]
1546 4499 1640 4550 obboc
1657 4500 1698 4563 (ex
1714 4499 1749 4549 od

418 4576 571 4640 mettii.-
589 4576 632 4629 2⁰.
649 4588 700 4627 casa
715 4575 772 4626 ST:
789 4577 850 4624 assat
866 4571 1077 4628 intuto·
1096 4574 1188 4646 boos:
1206 4574 1366 4625 omoetcri.
1380 4601 1408 4610 -
1424 4572 1615 4627 moed:
1634 4574 1748 4625 omiti.

419 4649 477 4706 20.
505 4651 545 4705 Ct.
563 4651 723 4715 Madvigium
738 4649 849 4712 Appssd.
867 4649 930 4710 disp.
948 4649 979 4699 dc
993 4649 1098 4700 Amooio
1114 4662 1141 4714 p.
1153 4649 1186 4700 ta
1197 4662 1239 4713 so.
1255 4675 1281 4686 -
1299 4649 1341 4700 23.
1359 4648 1386 4714 is]
1403 4647 1429 4699 ii
1445 4649 1556 4700 sTFa.
1570 4674 1597 4684 —
1617 4648 1659 4713 od]
1677 4649 1704 4697 to
1721 4648 1747 4697 s.

422 4752 449 4762 -
468 4725 647 4792 at.o]us;
665 4723 873 4779 outo-ao.
891 4724 999 4775 tosr:
1017 4737 1071 4775 om.
1089 4722 1233 4779 anteo.
1252 4751 1279 4760 -
1304 4725 1576 4787 omlmsr.
1596 4749 1622 4759 -
1642 4724 1683 4774 m.
1701 4723 1749 4786 pst

420 4813 475 4852 om.
493 4801 548 4853 ΒΤ.
563 4827 592 4839 -
610 4797 771 4863 immuto]
788 4800 942 4850 tanos-
960 4798 1002 4850 29.
1019 4799 1168 4862 ipitorotio
1183 4800 1243 4852 si:
1260 4798 1590 4865 otioipituritiALSO.
1605 4823 1632 4835 -
1652 4799 1752 4850 3000-

420 4875 604 4928 bbdiemdum
619 4876 679 4927 si:
697 4873 906 4926 diemoeuoodte
922 4871 1096 4929 ruinae.
1116 4899 1144 4910 -
1163 4875 1204 4926 34.
1222 4875 1344 4926 ummo
1359 4874 1512 4927 srvat:
1530 4871 1750 4927 commuto

424 4974 451 4984 -
465 4955 595 5013 moeret
606 4950 634 5000 Τ.
649 4975 677 4986 -
695 4949 886 5001 semema
898 4948 990 4998 duim
1006 4949 1433 5013 (ntoonieoeratsobtttainsts't'z
1451 4947 1661 4999 secuudum
1676 4946 1752 4998 aas

422 5022 479 5078 20.
493 5049 521 5061 -
540 5025 581 5081 00.
598 5023 717 5089 Solitas
733 5024 788 5075 ST.
802 5048 831 5063 -
844 5020 1754 5085 aa.outtuat.oooocsavrueanusxvn1.s‚ta.a1usunusues

423 5103 479 5153 sins
495 5115 523 5168 p.
540 5101 600 5157 tob.
617 5100 661 5154 ed.
679 5100 800 5155 bindem.
821 5128 848 5140 -
870 5099 972 5152 abundo
987 5101 1021 5160 '1¹3
1047 5099 1179 5153 abanim
1199 5100 1325 5153 Prisoiam
1341 5098 1473 5152 editiones
1496 5095 1554 5160 (sed
1570 5096 1628 5147 eius
1644 5093 1753 5145 codices

424 5175 525 5240 opum,
549 5176 937 5242 descensionum.
957 5203 985 5215 -
1011 5175 1052 5229 as.
1069 5176 1256 5241 rums.
1277 5200 1305 5212 -
1322 5171 1600 5237 marrus.
1622 5196 1649 5206 -
1673 5167 1752 5233 puel

423 5248 487 5304 uteo
503 5250 559 5305 si.
579 5275 606 5288 -
624 5249 667 5306 tt.
685 5249 815 5308 dtotbss.
834 5274 863 5292 ·-
880 5251 965 5320 tealdo
981 5250 1039 5304 vti.
1059 5275 1087 5290 -
1106 5249 1353 5307 umuoeosr:
1370 5242 1687 5305 WWSALSO.
