4367 6109
453 578 516 646 436
828 581 870 643 IN
889 576 1057 645 VERREM
1077 573 1204 643 ACTIO
1226 575 1410 643 SECUNDA

451 753 554 816 Erunt
583 752 677 815 etiam
705 749 858 824 fortasse,
887 749 1025 823 iudices,
1056 748 1111 833 qui
1139 748 1230 811 illum
1252 747 1321 811 eius
1350 745 1531 829 peculatum
1551 742 1604 808 vel
1624 745 1774 810 acen-ime

453 847 675 910 vindicandum
701 851 830 928 putent,
859 844 947 927 quod
976 844 1037 905 iste
1066 846 1109 907 M.
1128 841 1269 905 Marcelli
1291 849 1323 904 et
1343 842 1376 903 P.
1397 839 1537 902 Africani
1560 850 1774 915 monumenta,

452 961 534 1026 quae
564 940 692 1004 nomine
720 938 866 1012 illorum,
896 958 931 1000 re
958 957 1034 1001 vera
1062 937 1174 1020 populi
1196 935 1329 998 Romani
1351 942 1383 998 et
1404 941 1495 996 erant
1516 938 1549 996 et
1568 932 1775 1009 habebantur,
1822 929 1832 946 '

453 1054 494 1097 ex
514 1032 597 1096 fanis
619 1032 868 1115 religiosissimis
891 1039 923 1094 et
945 1050 985 1093 ex
1005 1030 1138 1093 urbibus
1160 1031 1321 1094 sociorum
1335 1037 1433 1112 atque
1448 1027 1624 1092 amicorum
1638 1047 1705 1091 non
1719 1027 1777 1090 du·

429 1126 559 1200 sbitarit
579 1125 713 1189 auferre.
756 1126 794 1187 V.
817 1120 868 1187 44.
890 1124 1063 1187 Emerserit
1084 1142 1126 1185 ex
1146 1124 1313 1207 peculatus
1335 1123 1430 1186 etiam
1448 1120 1585 1185 iudicio:
1608 1120 1778 1184 meditetur

452 1221 491 1283 de
514 1219 647 1283 ducibus
668 1220 823 1294 hostium,
846 1239 928 1303 quos
943 1224 1072 1300 accepta
1086 1220 1222 1301 pecunia
1236 1219 1397 1294 liberavit3
1418 1217 1542 1289 videat,
1565 1214 1644 1299 quid
1660 1214 1699 1278 de
1714 1214 1776 1278 illis

451 1314 658 1397 respondeat,
681 1335 762 1398 quos
783 1315 817 1377 in
840 1333 951 1377 eorum
972 1313 1077 1377 locum
1100 1313 1245 1376 subditos
1267 1314 1352 1376 domi
1370 1331 1446 1376 suae
1461 1309 1652 1385 reservavit3
1679 1328 1777 1394 quae-

452 1415 500 1471 rat
521 1428 586 1472 non
608 1408 727 1483 solum,
756 1408 1024 1493 quemadmodum
1046 1415 1154 1470 nostro
1176 1408 1318 1481 crimini,
1345 1427 1455 1472 verum
1477 1405 1573 1467 etiam
1595 1424 1661 1487 quo
1683 1411 1776 1487 pacto

453 1521 529 1566 suae
561 1502 754 1567 confessioni
784 1503 887 1587 possit
919 1503 1055 1578 mederi,
1089 1503 1267 1566 meminerit
1294 1523 1328 1566 se
1356 1503 1463 1587 priore
1492 1498 1617 1562 actione
1639 1496 1776 1560 clamore

415 1624 443 1671 ιο
452 1597 563 1681 populi
591 1598 726 1661 Romani
754 1597 870 1661 infesto
896 1605 992 1681 atque
1015 1598 1144 1661 inimico
1167 1597 1337 1661 excitatum
1359 1596 1540 1661 confessum
1562 1612 1651 1668 esse,
1679 1593 1776 1656 duces

452 1694 649 1777 praedonum
678 1714 697 1755 a
727 1715 761 1758 se
789 1695 892 1757 securi
914 1714 980 1757 non
1001 1711 1071 1755 esse
1093 1711 1277 1776 percussos,
1308 1712 1342 1755 se
1363 1692 1427 1755 iam
1449 1697 1515 1752 tum
1537 1707 1608 1751 esse
1629 1686 1776 1760 veritum,

452 1807 493 1849 ne
516 1786 577 1850 sibi
599 1789 723 1850 crimini
745 1789 874 1851 daretur
895 1808 950 1852 eos
972 1788 1012 1852 ab
1034 1808 1068 1850 se
1098 1787 1234 1870 pecunia
1255 1787 1422 1860 liberatos3
1453 1783 1591 1849 fateatur
1610 1780 1660 1854 id,
1689 1781 1776 1862 quod

452 1880 561 1962 negari
583 1902 648 1945 non
663 1888 784 1965 potest,
807 1901 856 1955 se,
878 1883 1036 1965 privatum
1049 1879 1229 1955 hominem,
1252 1879 1449 1964 praedonum
1464 1877 1560 1940 duces
1575 1875 1666 1939 vivos
1681 1883 1776 1958 atque

452 1975 628 2037 incolumes
650 1975 736 2038 domi
759 1995 849 2049 suae,
871 1984 1081 2059 posteaquam
1101 1975 1234 2038 Romam
1255 1975 1401 2049 redierit,
1426 1991 1529 2057 usque
1550 1971 1626 2032 dum
1647 1988 1706 2052 per
1726 1990 1776 2033 me
1815 2046 1817 2052 Ι

416 2069 594 2143 islicuerit,
616 2069 795 2132 retinuisse.
838 2069 907 2132 Hoc
929 2070 962 2131 in
985 2069 1040 2131 illo
1063 2069 1237 2132 maiestatis
1258 2069 1378 2131 iudicio
1401 2067 1427 2130 si
1447 2065 1576 2128 licuisse
1594 2063 1656 2126 sibi
1670 2071 1776 2127 osten·

454 2162 551 2235 derit,
579 2182 638 2246 ego
667 2164 846 2246 oportuisse
876 2163 1059 2226 concedam.
1102 2164 1151 2226 Ex
1177 2164 1239 2227 boc
1261 2183 1390 2249 quoque
1413 2160 1563 2225 evaserit:
1595 2154 1777 2239 proficiscar

453 2275 508 2328 eo,
542 2277 606 2339 quo
636 2276 686 2320 me
714 2257 776 2319 iam
806 2258 929 2341 pridem
956 2264 1050 2321 vocat
1076 2258 1214 2341 populus
1243 2261 1412 2321 Romanus.
1457 2252 1506 2318 43.
1531 2255 1578 2316 De
1599 2253 1669 2316 iure
1692 2253 1776 2315 enim

453 2348 607 2411 libertatis
637 2358 669 2413 et
698 2351 834 2415 civitatis
863 2372 954 2414 snum
983 2359 1074 2433 putat
1096 2371 1165 2414 esse
1191 2352 1360 2426 iudicium,
1390 2359 1423 2414 et
1443 2356 1528 2413 recte
1550 2353 1650 2430 putat.
1696 2344 1776 2407 Con-

451 2442 569 2525 fringat
589 2443 648 2507 iste
671 2465 747 2508 sane
769 2446 800 2508 vi
823 2466 880 2509 sua
902 2445 1036 2508 consilia
1058 2446 1233 2519 senatoria,
1259 2447 1463 2529 quaestiones
1478 2442 1619 2506 omnium
1634 2459 1776 2524 perrum-

414 2561 443 2607 ρο
453 2544 524 2617 pat,
547 2539 652 2601 evolet
674 2560 715 2601 ex
736 2547 841 2602 vestra
862 2541 1046 2603 severitate:
1069 2540 1147 2602 mihi
1162 2541 1299 2612 credite,
1321 2540 1493 2602 artioribus
1514 2536 1598 2619 apud
1621 2535 1776 2618 populum

452 2633 628 2694 Romanum
650 2632 775 2717 laqueis
797 2636 965 2698 tenebitur.
1010 2635 1124 2697 Credet
1146 2635 1184 2696 iis
1207 2634 1366 2717 equitibus
1389 2632 1539 2696 Romanis
1561 2630 1700 2713 populus
1714 2629 1776 2690 llo-

453 2744 579 2799 manus,
610 2728 665 2810 qui
694 2728 733 2789 ad
762 2749 819 2791 vos
848 2737 920 2792 ante
951 2727 1099 2812 producti
1128 2734 1226 2817 testes
1259 2727 1336 2808 ipsis
1365 2724 1617 2808 inspectantibus
1645 2724 1685 2787 ab
1713 2725 1775 2787 isto

453 2817 554 2880 civem
576 2822 768 2895 Romanum,
792 2823 847 2906 qui
870 2824 1049 2906 cognitores
1071 2821 1216 2884 homines
1238 2821 1390 2884 honestos
1406 2821 1510 2893 daret,
1533 2818 1692 2881 sublatum
1706 2836 1776 2880 csse

451 2910 485 2972 in
507 2932 632 2975 crucem
656 2914 814 2978 dixerunt.
859 2912 909 2979 ld.
933 2917 1069 2980 Credent
1090 2935 1200 2978 omnes
1222 2937 1242 2978 v
1265 2923 1296 2977 et
1317 2935 1383 2976 xxx
1405 2914 1505 2976 tribus
1520 2912 1642 2975 homini
1657 2913 1775 2994 gravis-

415 3004 532 3077 sssimo
560 3015 655 3090 atque
685 3011 904 3084 ornatissimo,
937 3011 979 3073 ll.
1000 3011 1120 3085 Annio,
1155 3010 1210 3093 qui
1232 3030 1266 3071 se
1287 3016 1455 3091 praesente
1476 3008 1577 3071 civem
1598 3007 1775 3068 Romanum

452 3101 554 3162 securi
576 3121 763 3183 percussum
785 3123 854 3166 esse
877 3104 969 3166 dixit.
1001 3104 1158 3166 Audietnr
1179 3123 1198 3165 a
1218 3105 1339 3186 populo
1361 3105 1503 3166 Romano
1526 3103 1574 3165 vir
1594 3101 1775 3185 primarius,

451 3211 549 3275 eques
570 3194 749 3271 Romanus,
775 3197 810 3258 L.
832 3197 974 3271 Flavius,
997 3198 1054 3281 qui
1075 3219 1169 3260 suum
1190 3197 1377 3260 familiarem
1399 3197 1611 3269 Herennium,
1633 3194 1776 3276 negotia·

450 3294 551 3349 torem
580 3308 620 3350 ex
646 3289 767 3364 Africa,
802 3312 873 3353 cum
907 3312 980 3353 eum
1013 3293 1179 3375 Syracusis
1205 3293 1342 3374 amplius
1372 3300 1497 3355 centnm
1528 3291 1612 3352 cives
1642 3289 1775 3351 Romani

450 3391 679 3464 cognoscerent
699 3384 964 3469 lacrimantesque
979 3385 1197 3460 defenderent,
1220 3406 1278 3470 pro
1294 3386 1477 3449 testimonio
1493 3385 1573 3446 dixit
1588 3384 1691 3447 securi
1706 3401 1776 3445 esse

413 3497 645 3559 sopercnssum.
689 3479 837 3541 Probabit
859 3477 951 3542 fidem
975 3479 1248 3543 etauctoritatem
1271 3488 1303 3542 et
1324 3481 1512 3562 religionem
1535 3499 1624 3542 suam
1647 3479 1682 3540 L.
1698 3478 1777 3541 Sue·

451 3570 530 3643 tius,
558 3571 655 3635 bomo
684 3573 831 3636 omnibus
863 3575 1056 3636 ornamentis
1078 3573 1258 3654 praeditus,
1287 3575 1342 3658 qui
1364 3575 1486 3637 iuratus
1508 3574 1594 3658 apud
1615 3592 1673 3635 vos
1695 3571 1778 3634 dixit

451 3665 567 3728 multos
590 3667 675 3729 cives
697 3668 856 3730 Romanos
878 3668 912 3730 in
933 3667 1096 3730 lautumiis
1118 3667 1209 3730 istius
1238 3669 1371 3751 imperio
1394 3669 1611 3731 crudelissime
1632 3687 1691 3750 per
1712 3667 1775 3729 rim

450 3764 551 3820 morte
574 3778 643 3821 esse
666 3760 825 3823 multatos.
859 3762 948 3823 llanc
971 3781 1029 3843 ego
1053 3781 1180 3823 causam
1203 3783 1275 3824 cunr
1297 3783 1387 3845 agam
1409 3759 1564 3825 beneficio
1586 3760 1699 3844 populi
1713 3761 1775 3822 Ro·

449 3851 534 3913 mani
563 3851 602 3914 de
632 3853 703 3916 loco
730 3855 910 3937 superiore,
940 3876 1004 3919 non
1027 3875 1156 3930 vereor,
1188 3878 1228 3920 ne
1250 3864 1305 3919 aut
1325 3857 1421 3919 istum
1442 3856 1578 3919 visulla
1600 3853 1774 3937 expopuli

411 3947 582 4015 asllomani
604 3949 762 4031 suffragiis
785 3949 908 4031 eripere
929 3957 985 4012 aut
1005 3970 1023 4013 a
1046 3971 1096 4012 me
1118 3951 1219 4013 ullum
1241 3972 1356 4014 munus
1377 3951 1548 4014 aedilitatis
1569 3949 1705 4033 amplius
1720 3955 1776 4011 aut

449 4041 568 4122 gratius
590 4043 711 4125 populo
733 4043 876 4105 Romano
899 4063 969 4106 esse
991 4045 1103 4125 possit.

533 4136 584 4197 Vl.
608 4131 657 4196 t5.
681 4135 882 4217 Quapropter
904 4139 1068 4200 omnes-in
1090 4140 1152 4202 hoc
1176 4140 1295 4202 iudicio
1314 4149 1469 4203 conentur
1483 4141 1607 4202 omnia:
1630 4138 1712 4201 nihil
1726 4148 1776 4203 est

448 4227 527 4301 iam,
550 4229 637 4311 quod
659 4229 692 4290 in
714 4229 774 4291 hac
795 4250 890 4293 causa
912 4251 1043 4313 peecare
1059 4233 1245 4316 qnisquam,
1269 4234 1406 4306 indiceS,
1429 4235 1490 4296 nisi
1508 4242 1613 4296 vestro
1628 4234 1773 4316 periculo

447 4321 559 4405 possit.
602 4324 673 4384 Mea
696 4324 824 4406 quidem
846 4325 927 4388 ratio
950 4347 1022 4388 cum
1044 4327 1077 4388 in
1100 4327 1277 4409 praeteritis
1300 4328 1394 4389 rebus
1418 4335 1466 4390 est
1488 4329 1631 4409 cognita,
1654 4337 1721 4391 tum
1740 4329 1774 4390 in

410 4414 579 4498 soreliquis
602 4417 766 4498 explorata
787 4426 883 4501 atque
905 4421 1035 4503 provisa
1056 4429 1114 4483 est.
1143 4422 1211 4503 Ego
1234 4442 1339 4484 meum
1362 4423 1501 4485 studium
1524 4423 1558 4483 in
1579 4442 1645 4484 rem
1669 4422 1774 4504 publi-

447 4529 516 4570 cam
536 4510 598 4572 iam
621 4510 677 4572 illo
700 4518 843 4594 tempore
865 4515 1007 4586 ostendi,
1037 4535 1109 4576 cum
1132 4516 1228 4597 longo
1251 4516 1417 4578 intervallo
1440 4523 1578 4577 veterem
1601 4522 1773 4578 consuetu·

448 4604 553 4666 dinem
574 4605 681 4670 rettuli
704 4614 736 4670 et
755 4614 868 4689 rogatu
890 4610 1048 4670 sociorum
1070 4617 1167 4693 atque
1190 4611 1364 4672 amicornm
1385 4610 1496 4692 populi
1512 4610 1663 4684 Romani,
1686 4629 1774 4672 meo-

512 4835 535 4888 l.
558 4842 581 4888 ct
606 4851 639 4889 cc
664 4836 756 4899 caet
773 4838 857 4902 ngas:
882 4852 916 4889 ec
933 4839 980 4889 dtt.
999 4841 1029 4890 0.
1054 4868 1081 4876 -
1105 4842 1225 4893 dubitarit
1247 4843 1285 4893 Ld
1302 4842 1371 4906 Lgiil
1388 4843 1438 4892 st:
1464 4843 1578 4892 dubitent
1600 4844 1677 4901 Gt2;
1704 4842 1774 4892 dobi-

446 4914 537 4963 toverft
554 4912 601 4964 dtt.
620 4914 650 4963 0.
670 4941 697 4950 -
717 4916 757 4964 44.
774 4916 862 4977 proed.
882 4928 900 4964 o
916 4929 941 4964 so
958 4918 989 4965 ot
1004 4917 1019 4965 4
1037 4916 1099 4979 ng.
1113 4921 1220 4981 praeter
1236 4917 1286 4968 lt:
1305 4931 1323 4965 o
1339 4931 1364 4966 se
1377 4930 1419 4978 pr.
1433 4917 1480 4967 dtt.
1494 4918 1523 4966 0.
1539 4945 1566 4953 -
1586 4918 1626 4967 45.
1643 4917 1774 4968 retinuisse

448 4988 509 5038 Gla
526 4989 577 5037 st:
596 4989 699 5040 tenuisse
716 4987 764 5039 dtt.
778 4991 807 5039 0.
824 5017 850 5024 -
870 4991 910 5039 47.
928 5003 968 5039 osc
985 4990 1037 5040 tom
1050 5007 1091 5053 pr.
1105 4994 1135 5043 Α.
1150 4993 1211 5043 dtt.:
1230 4994 1283 5042 tom
1299 5005 1338 5041 ote
1351 5006 1393 5054 pr.
1413 4994 1463 5050 Gl;
1481 5007 1520 5042 ore
1536 4993 1588 5041 mm
1604 5006 1654 5042 ooo
1669 5005 1710 5054 pr.
1724 4993 1771 5042 Gt.

448 5090 477 5100 -
496 5062 536 5112 48.
555 5062 628 5128 recto]
645 5065 744 5114 rationo
759 5067 791 5115 Gi
812 5064 888 5130 prob.
907 5064 1018 5116 Ellendt.
1037 5066 1071 5117 ad
1089 5065 1122 5116 de
1135 5069 1206 5117 Orat.
1224 5065 1281 5116 Vol.
1294 5068 1324 5115 14,
1344 5079 1369 5130 p.
1383 5065 1422 5115 43.
1449 5068 1482 5116 lit
1493 5065 1624 5129 vulgatam
1641 5068 1699 5117 iure
1716 5069 1773 5117 tuo-

447 5143 490 5189 tnr
506 5137 592 5190 Madv.
611 5141 630 5189 l.
653 5152 680 5204 p.
698 5140 755 5190 332.
778 5143 832 5190 not.
853 5142 875 5190 t.
900 5168 927 5177 -
953 5140 994 5190 40.
1017 5146 1104 5190 nostra
1124 5143 1195 5202 (ἥς.
1216 5168 1244 5178 -
1267 5142 1308 5190 22.
1331 5142 1365 5189 nd
1386 5154 1431 5190 nos
1447 5142 1516 5191 (3⁴2.
1537 5168 1564 5176 —
1591 5146 1650 5191 anto
1665 5142 1769 5203 osec:

447 5219 522 5264 acuo
539 5213 587 5264 dtt.
606 5216 635 5265 0.
656 5242 684 5252 -
702 5216 743 5266 28.
762 5229 818 5266 eom
834 5229 887 5266 om.
907 5215 943 5280 03
960 5214 993 5265 al.
1014 5242 1041 5253 -
1066 5217 1106 5267 30.
1129 5218 1261 5267 Suetonius
1276 5214 1305 5275 λς
1326 5217 1451 5266 &noctuis
1466 5217 1516 5277 Gt;
1538 5216 1651 5266 Socctoit
1666 5217 1712 5266 Gt.
1738 5220 1772 5268 At

447 5292 481 5344 cf.
500 5293 531 5342 ll.
549 5290 574 5356 S.
593 5292 633 5343 34.
652 5292 683 5342 V.
702 5291 726 5357 5.
744 5291 802 5344 447.
822 5318 851 5330 -
869 5292 909 5343 38.
928 5297 1013 5344 nostro
1030 5293 1076 5342 Gi.
1097 5319 1123 5326 —
1143 5291 1184 5342 39.
1202 5297 1255 5342 tom
1271 5292 1305 5357 to]
1323 5297 1375 5342 tom
1392 5293 1438 5342 Gt.
