4367 6109
699 582 766 647 Lre.
787 580 843 644 111.
872 579 946 645 Car.
967 578 1226 644 xva-nvnc
1254 576 1311 664 33.
1332 574 1481 644 44-45.
1684 575 1747 645 tte

424 762 525 820 tutem
545 752 742 835 accepisses,
763 758 800 814 ut
820 758 854 816 et
873 750 993 834 populo
1015 751 1158 815 Romano
1181 749 1258 814 satie
1278 748 1428 815 immenti
1451 771 1491 814 ex
1506 748 1616 814 Sicilia
1630 770 1746 834 suppe-

423 849 579 912 ditaretur
599 854 631 909 et
652 845 828 909 aratoribus
850 852 956 908 tamen
977 865 1066 907 arare
1095 851 1191 927 atque
1213 863 1304 926 agros
1327 845 1431 908 colere
1457 844 1639 927 expediret,
1667 843 1746 927 quid

423 939 579 1005 ellecistil
601 939 678 1023 quid
699 947 862 1003 assecutus
884 942 944 1002 esi
977 940 1016 1002 Ut
1037 937 1157 1022 populo
1172 939 1313 1001 Romano
1335 940 1444 1002 nescio
1460 939 1537 1021 quid
1557 946 1588 1002 te
1602 946 1746 1024 praetore

423 1034 463 1098 ad
495 1033 646 1097 decumas
677 1032 858 1106 accederet,
892 1032 1084 1095 deserendas
1114 1032 1273 1095 arationes
1300 1031 1590 1116 relinquendasque
1618 1033 1746 1096 curasti.

386 1201 389 1207 .
424 1128 583 1193 Successit
604 1127 661 1191 tibi
684 1127 718 1189 L.
733 1126 891 1190 Metellus.
925 1128 974 1188 Tu
996 1127 1197 1188 innocentior
1218 1144 1313 1209 quam
1334 1124 1505 1188 Metellusl
1532 1134 1568 1189 tu
1589 1126 1692 1190 laudis
1714 1132 1770 1189 cte

421 1220 554 1285 bonoria
582 1220 752 1304 cupidior?
786 1219 843 1283 tibi
873 1221 957 1283 enim
986 1219 1169 1282 consulatus
1191 1217 1418 1301 quaerebatur,
1446 1218 1575 1284 Metello
1596 1228 1746 1304 paternus

421 1315 525 1379 bonos
552 1323 585 1378 et
614 1315 717 1377 avitus
738 1313 966 1396 negligebatur.
1008 1312 1109 1376 Multo
1130 1312 1262 1374 minoris
1283 1310 1426 1374 vendidit
1446 1332 1512 1376 non
1534 1314 1628 1377 modo
1651 1332 1746 1397 quam

422 1418 474 1485 tu,
507 1409 561 1473 sed
591 1408 690 1470 eliam
714 1428 811 1493 quam
833 1407 888 1489 qui
916 1413 991 1471 anto
1012 1414 1044 1470 te
1066 1403 1286 1469 vendiderunt.
1327 1405 1427 1467 xvn.
1450 1407 1596 1482 Quaero,
1627 1406 1655 1470 ei
1677 1407 1747 1490 ipse

422 1504 602 1587 excogitare
622 1521 688 1565 non
710 1508 874 1584 potuerat,
896 1500 1054 1584 quemad
1079 1499 1209 1563 modum
1231 1518 1325 1581 quam
1347 1499 1486 1583 plurimo
1508 1502 1676 1575 venderet,
1704 1518 1746 1563 ne

422 1605 476 1661 tua
499 1595 628 1679 quidem
649 1596 790 1658 recentia
811 1596 948 1678 proximi
969 1594 1125 1677 praetoris
1140 1592 1274 1675 vestigia
1296 1592 1444 1675 persequi
1466 1601 1604 1677 poterat,
1625 1603 1662 1657 ut
1682 1593 1784 1656 tuisse

421 1690 591 1777 praeclaris
618 1689 675 1754 abs
704 1697 736 1752 te
758 1689 901 1772 principe
923 1688 1060 1753 inventis
1084 1695 1116 1751 et
1137 1686 1323 1769 excogitatis
1344 1686 1456 1749 edictis
1478 1695 1574 1769 atque
1595 1687 1746 1751 institutis

423 1788 587 1849 utereturi
630 1779 682 1846 44.
703 1783 761 1846 Ille
782 1803 860 1846 vero
882 1791 948 1845 tum
971 1803 1005 1845 se
1026 1782 1155 1845 minime
1170 1780 1333 1844 Metellum
1347 1779 1417 1844 fure
1434 1782 1572 1865 pulavit,
1594 1783 1621 1844 si
1636 1790 1667 1845 te
1680 1781 1747 1845 ulla

420 1881 455 1943 in
477 1899 511 1942 re
533 1879 673 1942 imitatus
696 1885 797 1952 esset;
821 1878 876 1961 qui
898 1877 937 1940 ab
959 1876 1038 1940 urbe
1059 1877 1172 1948 Roma,
1199 1874 1285 1956 quod
1307 1894 1403 1938 nemo
1424 1894 1576 1959 umquam
1597 1883 1670 1958 post
1689 1875 1748 1939 bo·

420 1975 542 2038 minum
563 1974 747 2035 memoriam
765 1969 856 2046 fecit,
878 1991 950 2034 cum
973 1970 1033 2034 sibi
1054 1971 1087 2032 in
1110 1969 1304 2052 provinciam
1326 1970 1589 2051 proficiscendum
1611 1979 1747 2054 putaret,

420 2068 542 2130 litterae
563 2064 603 2129 ad
627 2065 755 2129 Siciliae
778 2065 922 2129 civitates
936 2064 1073 2138 miserit,
1095 2082 1153 2146 per
1168 2081 1248 2144 quas
1261 2063 1408 2125 hortatur
1422 2071 1454 2127 et
1470 2073 1576 2146 rogat,
1597 2072 1633 2126 ut
1647 2070 1784 2138 arentis

419 2170 456 2224 ut
476 2167 592 2225 serant.
625 2161 662 2222 ln
682 2158 839 2222 beneficio
861 2167 990 2241 praetor
1009 2157 1071 2221 boc
1093 2157 1173 2240 petit
1192 2157 1356 2240 aliquanto
1370 2165 1444 2221 ante
1458 2159 1630 2221 adventurn
1644 2177 1747 2231 suum,

419 2264 453 2319 et
474 2254 567 2318 simul
590 2252 731 2316 ostendit
756 2272 791 2315 se
821 2253 891 2334 lege
913 2251 1084 2314 Hieronica
1110 2250 1328 2324 venditurum,
1356 2251 1418 2315 boc
1440 2259 1505 2326 est,
1534 2252 1567 2314 in
1590 2252 1676 2314 omni
1698 2270 1748 2314 ra-

421 2351 506 2414 tione
528 2348 732 2411 decumarum
753 2345 833 2409 nibil
855 2345 947 2408 istius
969 2345 1073 2408 simile
1100 2343 1267 2407 facturum.
1309 2346 1415 2428 Atque
1436 2345 1515 2409 baec
1536 2365 1602 2408 non
1623 2344 1749 2427 cupidi-

420 2448 484 2506 tate
505 2440 613 2523 aliqua
635 2439 744 2502 scribit
765 2438 929 2513 inductus,
950 2439 1040 2501 utin
1061 2438 1196 2501 alienam
1210 2439 1407 2520 provinciam
1422 2438 1526 2503 mittat
1538 2441 1660 2504 litteras
1674 2446 1747 2502 ante

419 2543 561 2617 tempus,
590 2534 646 2595 sed
675 2532 828 2605 consilio,
859 2552 914 2606 ne,
943 2533 970 2596 si
1000 2541 1125 2615 tempus
1153 2532 1283 2595 sationis
1304 2534 1523 2615 praeterisset,
1552 2553 1684 2617 panum
1706 2544 1784 2596 exto

420 2628 584 2712 provincia
599 2625 707 2688 Sicilia
728 2625 852 2689 nullum
874 2625 1073 2689 haberemus.
1110 2621 1161 2686 45.
1185 2625 1374 2708 cognoscite
1387 2627 1507 2690 Metelli
1521 2627 1653 2690 litteras.
1674 2629 1748 2690 Err-

418 2739 518 2787 srona
540 2721 575 2782 1..
597 2721 756 2783 Meretur.
799 2719 913 2781 XVlll.
943 2720 1011 2782 llae
1033 2720 1174 2794 litterae,
1203 2720 1342 2794 indices,
1371 2721 1407 2783 L.
1428 2722 1563 2798 Metelli,
1590 2741 1670 2805 quas
1691 2740 1747 2784 au-

419 2817 527 2890 distis,
548 2813 611 2878 boc
633 2821 788 2897 quantum
810 2820 859 2876 est
879 2834 919 2876 ex
936 2813 1044 2877 Sicilia
1064 2812 1215 2878 frumenti
1236 2814 1399 2878 bomotini
1422 2823 1641 2880 exaraverunt.
1674 2814 1748 2878 Gle-

418 2910 493 2973 bam
515 2916 705 2972 commosset
726 2909 759 2970 in
781 2927 857 2990 agro
880 2909 1055 2972 decumano
1076 2908 1202 2972 Siciliae
1224 2927 1335 2983 nemo,
1358 2910 1384 2972 si
1407 2910 1554 2973 Metellus
1575 2909 1658 2973 banc
1680 2909 1748 2991 epi-

419 3003 536 3068 stolam
556 3022 622 3066 non
644 3002 791 3065 misisset.
829 3001 939 3078 Quidl
969 3003 1098 3065 Metello
1121 3003 1272 3065 divinitus
1301 3003 1363 3064 boc
1385 3005 1525 3067 venitin
1546 3011 1684 3067 mentem
1705 3013 1785 3066 ante

417 3096 458 3159 ab
493 3095 624 3171 Siculis,
657 3096 713 3179 qui
742 3097 874 3159 Romam
901 3095 1150 3180 frequentissimi
1173 3104 1401 3172 convenerant,
1432 3099 1747 3182 negotiatoribusque

419 3190 544 3255 Siciliae
567 3191 678 3254 doctus
701 3193 775 3254 est‘l
819 3189 963 3266 Quorum
993 3191 1104 3274 quanti
1127 3198 1302 3254 conventus
1324 3191 1365 3254 ad
1386 3193 1569 3267 Marcellos,
1591 3191 1747 3275 antiquis·

417 3286 515 3350 simos
538 3282 663 3348 Siciliae
685 3292 855 3368 patronos,
880 3286 991 3369 quanti
1012 3286 1052 3347 ad
1076 3284 1131 3347 Cn.
1154 3285 1357 3368 Pompeium,
1387 3293 1454 3349 tum
1476 3286 1640 3350 consulem
1662 3286 1747 3348 desi·

419 3384 568 3462 gnatum,
601 3387 789 3462 ceterosque
819 3378 905 3441 illius
937 3378 1119 3461 provinciae
1146 3379 1343 3441 necessarios
1365 3375 1434 3442 lieri
1456 3381 1541 3444 soliti
1563 3382 1639 3456 sint,
1673 3380 1745 3465 quis

418 3475 564 3557 ignorati
593 3474 680 3556 quod
708 3473 855 3556 quidem,
877 3471 1015 3546 iudices,
1047 3472 1139 3534 nullo
1163 3492 1313 3554 umquam
1337 3472 1376 3536 de
1396 3473 1525 3537 bomine
1546 3474 1665 3537 iactum
1687 3481 1784 3548 estat

418 3641 514 3692 FMV:
532 3640 558 3689 iu
573 3645 699 3703 posterum
713 3640 782 3704 agee
799 3644 839 3700 et,
859 3642 887 3690 ut
903 3639 1019 3698 videtur,
1038 3640 1100 3697 AB,
1118 3639 1145 3687 in
1159 3639 1330 3700 posteritatem
1341 3665 1376 3676 --
1385 3653 1446 3703 pop.
1465 3643 1493 3691 lt.
1506 3654 1560 3692 om.
1578 3639 1627 3690 dtt.
1647 3666 1673 3676 -
1692 3653 1747 3691 cern

417 3716 455 3764 ita
470 3713 500 3771 4.
518 3715 585 3765 MV:
603 3716 709 3764 iterem
725 3714 773 3764 dtt.
787 3714 816 3764 0.
836 3712 882 3777 [ita
897 3714 982 3765 remo
1000 3716 1092 3764 eontra
1110 3712 1199 3772 codd,
1218 3725 1280 3763 cum
1297 3712 1366 3764 desit
1382 3712 1456 3765 locus
1474 3716 1499 3766 in
1512 3715 1588 3782 dett]
1603 3742 1629 3752 -
1650 3716 1673 3765 4.
1685 3716 1746 3765 sato

417 3802 471 3840 om.
489 3788 567 3852 Late.
588 3816 615 3826 -
634 3790 658 3840 3.
675 3790 766 3852 populo
786 3791 814 3840 lt.
834 3789 886 3839 VM
904 3791 931 3838 et
947 3787 977 3839 l:
996 3800 1049 3838 om.
1069 3787 1117 3838 dtt.
1139 3815 1166 3824 -
1183 3789 1265 3838 nescio
1282 3789 1342 3851 quid
1358 3793 1381 3839 te
1395 3804 1436 3852 pr.
1455 3790 1523 3854 Lgit
1533 3791 1569 3840 V:
1587 3792 1668 3842 nacto
1686 3792 1746 3854 quid

417 3869 441 3914 te
456 3864 519 3923 ΑΒ,
538 3864 619 3926 belii:
634 3878 677 3926 pr.
695 3869 718 3914 te
733 3865 814 3914 caeto
831 3864 891 3926 quial
907 3863 955 3913 dtt.
973 3863 1003 3915 0.
1026 3862 1091 3928 [Quo
1110 3863 1191 3913 modo
1208 3863 1362 3929 depravatio
1379 3868 1436 3915 orta
1453 3867 1500 3926 sit,
1518 3865 1598 3917 docet
1613 3867 1746 3931 scriptura

417 3938 444 3988 ia
460 3938 499 3987 V:
519 3949 548 3986 rr
566 3951 598 3987 r.
616 3952 640 3988 r.
652 3951 743 3990 rascro
758 3951 818 3998 prro
835 3951 867 3987 rs
885 3937 946 4002 ra]
960 3962 987 3974 -·
1005 3938 1029 3987 7.
1048 3937 1124 3987 iocor
1141 3939 1315 4001 Lgetassv:
1334 3941 1411 3990 bocru
1421 3939 1504 4004 1.ng:
1521 3942 1601 3992 bonor
1612 3942 1660 3993 dtt.
1673 3943 1703 3994 0.
1715 3967 1743 3978 -

417 4011 508 4074 wius]
524 4011 621 4062 babitro
637 4013 715 4076 legg.
734 4016 840 4077 praeter
852 4012 892 4064 42.
907 4039 933 4048 -
953 4013 978 4063 8.
996 4016 1020 4062 te
1035 4024 1088 4061 om.
1103 4013 1163 4062 Vet
1173 4013 1252 4075 agre.
1271 4014 1323 4064 Sed
1335 4016 1507 4079 oppositionis
1523 4017 1605 4076 ratio,
1623 4019 1747 4080 quaeest

416 4090 443 4139 in
460 4092 503 4147 ta,
520 4099 670 4151 pronomen
681 4091 792 4151 propter
802 4086 1008 4151 praecedentem
1020 4085 1150 4150 syllabam
1163 4101 1178 4137 a
1190 4086 1302 4139 librariis
1314 4091 1443 4141 omissum
1453 4091 1481 4140 h.
1494 4089 1511 4141 l.
1524 4090 1704 4142 commendat.
1716 4116 1745 4129 -
1864 4102 1866 4106 ·

416 4163 441 4213 9.
456 4166 573 4225 potuerat
590 4161 706 4225 vegla:
721 4167 821 4225 poterat
837 4160 893 4212 rell.
912 4162 941 4212 0.
961 4163 1141 4225 [Restituimue
1158 4161 1300 4215 lectionem
1318 4178 1388 4216 nunc
1405 4180 1438 4216 ex
1454 4167 1477 4216 V
1493 4166 1698 4232 confirmatam]
1716 4192 1744 4202 -
1772 4212 1776 4219 .

418 4263 444 4274 -
466 4237 506 4287 40.
522 4238 643 4298 proxumi
660 4237 690 4287 V.
715 4262 743 4272 -
762 4237 802 4286 44.
821 4250 838 4285 a
854 4240 878 4285 te
893 4237 971 4299 aget.
994 4265 1021 4274 -
1049 4239 1089 4290 ⁴2.
1108 4239 1209 4288 minime
1224 4241 1283 4290 Met.
1305 4240 1327 4289 V
1346 4243 1373 4290 et
1393 4239 1424 4293 l:
1453 4242 1512 4292 Met.
1529 4243 1631 4294 minime
1647 4242 1695 4293 dtt.
1714 4241 1746 4292 0.

419 4339 446 4349 -
464 4313 518 4375 [ore
535 4325 589 4362 orn.
616 4311 702 4374 egla:
730 4312 806 4362 uncis
830 4310 934 4362 inclusit
949 4313 1053 4376 Zumpt.
1079 4315 1130 4375 (est
1150 4314 1176 4363 in
1193 4314 1233 4375 V.)
1253 4339 1281 4350 -
1300 4316 1401 4378 putauit
1417 4315 1451 4364 V:
1473 4317 1570 4378 putabit
1590 4316 1672 4380 agir:
1693 4330 1747 4379 pti-

415 4392 490 4438 lasset
510 4386 566 4438 rell.
587 4389 616 4437 0.
637 4413 665 4424 -
685 4386 725 4437 40.
743 4388 823 4437 Roma
839 4389 994 4451 suspectum
1011 4389 1090 4438 llario
1106 4390 1138 4438 ll.
1157 4401 1184 4452 p.
1198 4388 1254 4439 444.
1268 4415 1295 4427 ··
1315 4390 1355 4441 45.
1374 4392 1408 4441 aa
1424 4393 1536 4443 claime
1551 4393 1653 4443 Siciliae
1668 4393 1699 4443 V.
1716 4418 1744 4429 -

415 4465 510 4514 suberit
525 4464 594 4526 agee
607 4461 638 4514 40
650 4462 744 4512 BNV:
763 4463 830 4512 misit
845 4460 901 4512 rell.
921 4462 950 4512 0.
971 4486 998 4498 -
1019 4464 1059 4512 46.
1078 4468 1171 4513 serant.
1189 4465 1216 4513 iu
1233 4463 1348 4528 beneflcio
1359 4471 1466 4528 praetor
1480 4467 1526 4517 boc
1542 4468 1579 4517 V:
1603 4471 1690 4517 aeram
1705 4466 1745 4517 le·

414 4540 501 4603 cepeto
519 4539 606 4600 populi
630 4540 658 4587 lt.
673 4543 778 4601 propter
793 4538 838 4588 loc
855 4539 888 4597 N;
912 4541 996 4586 serant
1012 4538 1038 4587 iu
1058 4537 1136 4600 benef.
1151 4552 1210 4601 pop.
1229 4541 1258 4590 li.
1277 4545 1300 4589 et
1315 4541 1361 4591 boc
1376 4540 1461 4604 [μὴ
1486 4546 1572 4591 serant
1587 4543 1615 4590 in
1631 4540 1746 4604 beneflcio

411 4614 500 4677 populi
517 4615 545 4664 ll.
563 4614 615 4663 Hoc
632 4612 687 4663 rell.
707 4615 735 4663 et
750 4613 785 4670 0:
804 4617 898 4663 seram.
916 4614 946 4662 lu
962 4611 1076 4677 beneflcio
1097 4615 1185 4676 populi
1200 4616 1229 4665 ll.
1246 4615 1292 4665 boc
1308 4616 1337 4665 L.
1366 4615 1405 4666 Cl.
1424 4615 1465 4680 gg.
1484 4614 1540 4666 444.
1560 4616 1617 4664 445.
1635 4615 1692 4665 489.
1710 4613 1746 4664 de

416 4687 547 4739 locutione
564 4689 590 4737 in
607 4686 759 4751 beneficius.
780 4688 807 4737 ie
822 4688 931 4752 beeseflcti
947 4688 1000 4736 icco
1013 4693 1112 4749 petere,
1137 4690 1271 4750 impetrare
1288 4690 1393 4751 aliquid.
1414 4716 1441 4726 -
1457 4691 1527 4752 petit]
1543 4691 1602 4756 [ecit
1617 4689 1695 4753 egle.
1715 4714 1744 4727 -

415 4777 487 4813 mum
509 4765 643 4813 adveutum
665 4763 695 4812 N.
715 4788 743 4798 -
767 4763 807 4813 48.
825 4764 896 4812 istius
913 4763 946 4811 V:
970 4763 1011 4813 isti
1028 4765 1073 4812 clt.
1092 4763 1122 4813 0.
1143 4790 1170 4799 -
1197 4764 1237 4814 49.
1255 4764 1370 4815 inductae
1386 4763 1602 4828 Lgtttwfvz
1625 4765 1746 4814 adductus

416 4841 461 4889 alt.
481 4839 509 4889 0.
525 4866 552 4875 -
571 4840 666 4888 litteras
681 4838 764 4887 sotum
780 4839 811 4888 V.
834 4863 862 4875 ·-
888 4839 929 4888 20.
945 4839 1138 4900 praeterissetv
1156 4841 1184 4889 et
1200 4839 1333 4904 plerique:
1350 4841 1518 4904 praeteriisset
1535 4841 1564 4890 0.
1585 4863 1612 4874 ·-
1631 4852 1664 4887 ea
1675 4836 1745 4901 Lata

415 4927 453 4976 cp:
478 4913 507 4962 de
523 4912 558 4971 V;
585 4913 612 4961 tc
636 4911 692 4964 rell.
711 4914 740 4963 0.
766 4939 795 4950 -
822 4915 864 4964 et.
886 4914 1035 4964 EPISTOLA
1056 4915 1084 4965 L.
1103 4915 1247 4965 eareat!
1261 4917 1297 4966 V:
1325 4917 1422 4968 litterae
1441 4918 1470 4966 l..
1487 4915 1580 4967 Metelli
1595 4915 1665 4978 epte
1681 4927 1744 4965 cum

416 4990 501 5053 spatio
518 5000 604 5038 vacuo
621 4990 682 5038 ante
697 4988 795 5039 litterae
811 4987 859 5052 [stc
870 4987 941 5039 clare
953 4988 1134 5053 Niebubrius];
1151 4993 1231 5041 recita
1242 4993 1371 5055 potuum
1383 4995 1410 5043 l..
1422 4992 1514 5044 Metelli
1529 4991 1607 5043 codd.
1620 4989 1677 5041 rell.
1690 4992 1745 5042 noti

416 5065 523 5129 praeter
539 5062 582 5119 il.
605 5064 651 5126 qui
668 5062 742 5113 addit
762 5064 917 5115 41040940
933 5066 961 5114 L.
979 5065 1134 5124 aarum,
1158 5070 1189 5117 ut
1210 5065 1284 5118 locus
1300 5067 1421 5133 vulgatus
1438 5072 1479 5119 est
1496 5066 1556 5118 inde
1574 5081 1589 5117 a
1606 5065 1698 5117 lamb.
1717 5069 1746 5117 et

416 5138 451 5189 ab
469 5138 498 5188 0.
520 5165 546 5175 -
564 5137 606 5190 ii.
625 5139 757 5201 epistelam
773 5141 804 5199 V,
822 5144 852 5191 ut
868 5153 920 5190 vox
937 5141 1016 5191 etiam
1033 5153 1115 5204 supra
1132 5143 1229 5206 scripta
1247 5148 1297 5195 est.
1316 5171 1344 5181 -
1370 5145 1411 5196 tt.
1430 5159 1447 5194 a
1463 5143 1554 5195 Siculis
1568 5143 1600 5192 V.
1620 5167 1646 5178 -
1666 5155 1683 5190 a
1698 5155 1745 5191 ee-

416 5212 580 5275 pctiatoribas
595 5214 626 5263 V.
650 5214 688 5265 Cl.
707 5215 739 5264 ll.
757 5215 781 5280 s.
801 5216 857 5266 460.
878 5242 905 5252 -
924 5217 964 5267 28.
983 5221 1036 5266 tam
1052 5217 1148 5267 Malus:
1171 5222 1242 5268 treen
1259 5219 1294 5279 V;
1312 5233 1366 5271 cm.
1385 5223 1429 5271 cll.
1443 5222 1472 5271 0.
1492 5243 1520 5256 ·-
1542 5217 1584 5268 99.
1601 5221 1659 5266 rect
1674 5217 1743 5280 Lgtl

416 5285 459 5339 ii.
474 5314 502 5324 -
520 5286 561 5338 30.
579 5289 671 5340 iodim
682 5290 779 5341 Maius:
798 5291 849 5341 iad.
863 5290 917 5355 (sic)
930 5291 951 5340 V
969 5290 1136 5356 [itemesti.
1155 5292 1228 5357 qnod
1238 5294 1375 5360 Zumptius
1386 5295 1496 5359 omisit];
1514 5292 1634 5344 tantem
1644 5290 1702 5344 rell.
1711 5293 1741 5344 0.
