4367 6109
893 590 965 655 cn.
987 591 1024 656 v.
1052 589 1108 677 33.
1131 587 1253 656 7-6.
1667 591 1731 659 err

417 770 518 827 torum
539 760 702 824 bominum
725 760 871 844 flagitiosi
892 782 1014 845 greges,
1045 782 1143 826 onos
1164 761 1289 838 beatos,
1323 783 1341 825 o
1365 783 1430 826 rem
1453 762 1610 847 publicam
1632 763 1732 830 fortu-

417 863 537 929 natam,
568 875 587 917 o
618 855 808 938 praeclaram
830 854 955 918 laudem
978 857 1159 920 consulatus
1182 859 1259 920 meil
1290 860 1360 920 Non
1383 858 1466 921 enim
1488 861 1550 921 iarn
1573 865 1647 921 sunt
1667 879 1731 922 me·

415 950 538 1013 diocres
559 948 723 1012 bominum
744 947 908 1024 libidines,
938 969 1001 1011 non
1022 949 1178 1013 humanae
1200 971 1236 1013 ac
1258 952 1439 1014 tolerandae
1462 951 1629 1014 audaciae:
1651 953 1731 1016 nibil

416 1043 570 1125 cogitant,
600 1042 661 1104 nisi
684 1042 827 1116 caedem,
850 1042 909 1105 nisi
932 1042 1092 1118 incendia,
1116 1045 1175 1105 nisi
1197 1047 1339 1128 rapinas:
1373 1045 1560 1129 patrimonia
1582 1067 1638 1109 sua
1658 1066 1732 1130 pro·

414 1135 578 1209 fuderunt,
606 1135 749 1199 fortunas
778 1157 851 1199 suas
874 1137 1108 1220 obligaverunt3
1135 1157 1184 1199 res
1206 1159 1260 1200 eos
1282 1139 1502 1223 iampridem,
1531 1138 1610 1201 tides
1631 1153 1755 1225 nupers

416 1225 546 1292 delicere
569 1231 688 1314 coepit:
715 1231 825 1293 eadem
846 1237 950 1293 tamen
972 1231 1042 1305 illa,
1066 1251 1147 1314 quae
1170 1233 1290 1294 eratin
1311 1232 1518 1307 abundantia,
1540 1231 1638 1297 libido
1660 1254 1733 1318 per·

416 1332 529 1388 manet.
574 1322 667 1398 Quod
690 1325 716 1388 si
739 1327 772 1386 in
793 1326 865 1387 vino
888 1332 919 1386 et
940 1324 1008 1386 alea
1037 1324 1277 1387 comissationes
1298 1326 1400 1388 solum
1423 1333 1455 1389 et
1476 1334 1579 1390 scorta
1601 1348 1732 1411 quaere·

415 1425 501 1492 rent,
525 1425 632 1481 essent
653 1418 699 1480 illi
722 1417 847 1502 quidem
872 1416 1078 1501 desperandi,
1102 1418 1157 1481 sed
1180 1427 1284 1480 tamen
1300 1418 1557 1482 essentterendi:
1579 1420 1640 1483 boc
1655 1442 1730 1485 vero

416 1513 487 1597 quis
508 1511 590 1575 serre
611 1514 728 1595 possit,
751 1513 867 1575 inertes
888 1511 1032 1576 homines
1054 1511 1232 1574 fortissimis
1252 1511 1326 1573 viris
1349 1510 1506 1586 insidiari,
1529 1513 1731 1580 stultissimos

415 1606 683 1690 prudentissimis,
705 1606 847 1669 ebriosos
869 1606 996 1680 sobriis,
1019 1604 1210 1668 dormientes
1232 1605 1456 1687 vigilantibus?
1478 1608 1532 1689 qui
1550 1608 1625 1671 mibi
1641 1626 1768 1673 accu-so

415 1703 525 1764 bantes
547 1700 580 1761 in
603 1700 771 1774 conviviis,
801 1701 957 1784 complexi
985 1699 1132 1762 mulieres
1155 1700 1347 1782 impudicas,
1376 1701 1449 1762 vino
1471 1698 1628 1783 languidi,
1656 1723 1731 1766 con·

415 1794 486 1859 serti
509 1795 596 1867 cibo,
628 1794 720 1856 sertis
742 1794 894 1869 redimiti,
923 1795 1091 1876 unguentis
1114 1793 1221 1868 obliti,
1250 1792 1404 1856 debilitati
1428 1793 1559 1878 stupris,
1590 1804 1732 1861 eructant

416 1888 612 1952 sermonibus
635 1888 700 1949 suis
722 1886 849 1950 caedem
872 1888 1026 1950 bonorum
1048 1895 1144 1971 atque
1160 1888 1245 1950 urbis
1268 1885 1423 1949 incendia.
1468 1883 1517 1949 ll.
1535 1887 1657 1962 Quibus
1673 1910 1730 1972 ego

416 1978 539 2045 conlido
562 1982 743 2065 impendere
764 1981 861 2044 tatum
884 1981 1013 2064 aliquod
1036 1989 1067 2045 et
1087 2000 1222 2064 poenam
1243 1981 1373 2042 iamdiu
1389 1980 1598 2063 improbitati,
1620 1984 1731 2066 nequi·

415 2077 493 2151 tiae,
516 2076 644 2150 sceleri,
668 2074 790 2137 libidini
814 2075 950 2138 debitam
972 2083 1026 2137 aut
1048 2077 1165 2138 instare
1188 2076 1247 2138 iam
1270 2074 1365 2157 plane
1381 2081 1435 2137 aut
1457 2082 1541 2137 certe
1564 2078 1769 2160 appropin-rs

416 2191 523 2254 quare.
557 2170 645 2245 Quos
667 2170 693 2232 si
716 2188 804 2232 meus
820 2169 1019 2242 consulatus,
1043 2169 1195 2253 quoniam
1210 2188 1320 2231 sanare
1336 2189 1400 2231 non
1415 2174 1536 2251 potest,
1559 2169 1732 2244 sustulerit,

415 2285 478 2327 non
499 2264 594 2326 breve
616 2263 724 2325 nescio
747 2262 832 2346 quod
856 2271 994 2347 tempus,
1017 2263 1072 2325 sed
1096 2263 1193 2326 multa
1216 2262 1342 2325 saecula
1364 2261 1545 2345 propagarit
1560 2261 1607 2324 rei
1628 2261 1733 2344 publi·

415 2377 478 2420 cae.
515 2356 606 2422 Nulla
628 2362 676 2420 est
690 2357 772 2419 enim
788 2357 890 2430 natio,
914 2377 1008 2439 quam
1027 2357 1302 2439 pertimescamus,
1325 2354 1431 2418 nullus
1445 2375 1519 2429 rex,
1543 2355 1598 2438 qui
1611 2354 1731 2417 bellum

414 2452 531 2537 populo
560 2451 701 2513 Romano
729 2450 831 2512 tacere
859 2451 979 2532 possit:
1009 2450 1117 2512 omnia
1144 2458 1217 2512 sunt
1245 2457 1375 2512 externa
1397 2451 1490 2512 unius
1512 2450 1626 2512 virtute
1648 2456 1733 2512 terra

416 2545 555 2629 marique
584 2551 710 2628 pacata:
740 2543 945 2606 domesticum
973 2544 1090 2607 bellum
1114 2549 1236 2619 manet3
1266 2543 1351 2606 intus
1373 2543 1506 2606 insidiae
1529 2549 1619 2617 sunt,
1647 2544 1768 2609 intusne

415 2638 571 2701 inclusum
602 2636 775 2721 periculum
805 2646 869 2710 est,
902 2638 987 2700 intus
1020 2646 1067 2700 est
1099 2637 1208 2699 bostis.
1253 2635 1329 2698 Cum
1362 2637 1487 2701 luxuria
1518 2638 1628 2713 nobis,
1659 2658 1730 2700 cum

415 2732 569 2807 amentia,
597 2751 668 2794 cum
696 2730 814 2793 scelere
836 2731 1018 2794 certandum
1041 2739 1098 2794 est.
1142 2730 1222 2793 Huic
1245 2750 1302 2812 ego
1325 2750 1375 2792 me
1397 2730 1481 2793 bello
1503 2730 1614 2794 ducem
1636 2727 1731 2815 proli-

416 2833 498 2899 teor,
531 2825 691 2900 Quirites:
724 2825 862 2908 suscipio
891 2825 1071 2888 inimicitias
1092 2824 1256 2888 bominum
1278 2824 1489 2907 perditorum:
1524 2844 1605 2908 quae
1627 2825 1731 2888 sanari

415 2926 580 3001 poterunt,
604 2938 803 3002 quacumque
824 2918 946 2982 ratione
968 2919 1102 2995 sanabo;
1126 2937 1207 3001 queo
1228 2918 1399 2981 resecanda
1414 2926 1522 2993 erunt,
1543 2937 1608 2981 non
1630 2918 1731 3001 patiar

415 3013 454 3075 ad
476 3011 647 3095 perniciem
669 3012 801 3075 civitatis
823 3031 959 3075 manere.
1002 3012 1138 3075 Proinde
1167 3018 1222 3074 aut
1243 3019 1357 3075 exeant
1379 3018 1433 3076 aut
1453 3012 1633 3095 quiescant,
1664 3019 1766 3090 autes

486 3421 508 3466 4.
528 3413 689 3474 ooosb.d;
713 3411 1014 3464 omonosbeotosbk.
1035 3441 1061 3451 -
1081 3415 1279 3466 2.mcs'ccnncl.
1299 3428 1322 3464 c.
1343 3413 1733 3467 -ienenennoncvxet

413 3495 429 3545 3
445 3491 487 3544 6144
503 3493 597 3556 1.633.;
615 3503 665 3540 non
681 3489 747 3538 enlm
763 3489 826 3552 (om.
845 3487 906 3551 tem)
924 3501 949 3538 o.
967 3517 999 3525 —
1016 3488 1040 3539 3.
1059 3494 1082 3539 et
1098 3491 1140 3539 464.
1158 3491 1281 3540 andedos
1296 3490 1375 3547 Bar;
1403 3488 1574 3539 emanasse
1589 3489 1631 3539 tol.
1650 3491 1729 3551 cvl,

413 3568 455 3620 olii
473 3571 550 3632 Lagg.
569 3566 644 3625 dett,
662 3565 719 3615 Lo.
741 3591 767 3599 —
791 3561 816 3614 4.
834 3565 934 3614 caedem
949 3565 1053 3625 Barz,
1077 3565 1120 3615 ed.
1140 3565 1204 3614 Ven.
1223 3565 1301 3615 stre:
1324 3564 1410 3614 coedes
1426 3563 1484 3612 RO.
1512 3563 1550 3613 Ct.
1569 3565 1600 3615 ss.
1619 3563 1643 3627 5.
1661 3566 1685 3614 6.
1704 3567 1732 3614 ct

414 3645 439 3709 ξ.
458 3644 498 3694 lt).
518 3644 595 3703 extr,
613 3638 672 3690 Sall.
691 3637 765 3689 Cutil.
785 3651 807 3689 c.
827 3639 867 3689 36.
888 3665 914 3675 -
934 3641 958 3688 5.
977 3639 1147 3704 oblipooerunt
1163 3639 1240 3690 codd.
1259 3640 1312 3690 mei
1329 3640 1356 3689 et
1372 3640 1466 3702 Lagg.:
1485 3636 1666 3701 nomem
1682 3639 1730 3689 LO

415 3731 477 3771 cum
494 3717 554 3768 cod.
572 3716 675 3767 Mureti.
696 3739 723 3750 -
747 3727 787 3764 res
802 3715 837 3765 eis
853 3715 927 3773 diu;
953 3727 993 3764 res
1008 3728 1093 3765 conen
1109 3716 1188 3776 bes;
1211 3729 1251 3767 eos
1266 3728 1319 3766 om.
1338 3728 1369 3765 w.
1389 3742 1416 3751 -
1439 3714 1493 3762 tom
1512 3714 1611 3775 poldon
1626 3714 1733 3763 (44644644

412 3795 473 3859 fides
489 3806 513 3843 a.
534 3817 560 3827 -
580 3792 776 3854 6466646666
792 3791 837 3853 bg.
856 3790 901 3851 66,
919 3790 1007 3840 VLO.
1026 3818 1059 3827 -
1075 3791 1100 3841 6.
1119 3791 1199 3841 lubido
1216 3804 1241 3841 o.
1261 3816 1287 3825 -
1306 3787 1579 3852 menetbeiqswx.
1601 3814 1626 3822 -
1645 3787 1669 3836 7.
1687 3801 1731 3837 co-

413 3867 559 3919 ncoctiones
574 3863 616 3915 vel
631 3865 818 3915 contestationes
835 3865 921 3928 (ettam
932 3865 1029 3929 comm.)
1047 3865 1125 3916 codd.
1141 3894 1168 3903 -
1186 3867 1210 3917 8.
1229 3867 1327 3929 3646446
1342 3865 1379 3914 4444
1395 3863 1544 3922 bciswx;
1563 3862 1730 3925 3644466661.

415 3957 443 4006 z,
462 3944 507 4006 63.
525 3942 566 3992 60.
585 3941 625 3991 66.
645 3968 671 3977 -
692 3946 768 3991 essen
783 3942 926 4005 bomensor.
944 3954 985 3999 m;
1004 3945 1086 3992 tomen
1101 3940 1148 4004 ser.
1167 3946 1243 3991 cuent
1259 3940 1361 4004 63.46;
1380 3944 1457 3990 essen
1473 3936 1612 3989 omcbc
1629 3935 1729 4000 6346.

414 4019 449 4069 As
462 4030 488 4067 v.
500 4015 576 4067 Verr.
589 4016 607 4064 l.
627 4015 651 4079 5.
665 4015 729 4066 llo:
747 4017 829 4065 minus
844 4015 1050 4079 essetnescn‘nm,
1069 4020 1152 4066 tomen
1168 4022 1227 4066 esset
1242 4015 1390 4078 improbum.
1402 4043 1429 4052 —
1448 4015 1492 4064 bos
1508 4013 1548 4064 lz.
1560 4040 1593 4049 —
1609 4012 1634 4062 9.
1650 4016 1732 4074 posset

415 4106 469 4145 cw.
481 4117 515 4129 —-
530 4091 571 4141 40.
583 4090 689 4140 ebriosos
699 4091 753 4141 mei
769 4102 875 4151 omnes,
895 4104 935 4141 cx
952 4092 979 4140 et
990 4091 1005 4140 9
1017 4088 1059 4141 ulii
1070 4090 1161 4154 Lagg.:
1181 4090 1260 4141 ebrios
1275 4090 1360 4151 cht
1371 4087 1428 4140 rell.
1442 4089 1520 4153 6633.
1534 4087 1613 4137 etium
1630 4086 1683 4147 ek,
1702 4086 1733 4137 ut

413 4166 527 4217 videtur.
555 4165 606 4216 Sed
627 4165 843 4228 Lagomarsinum
864 4165 890 4215 b.
909 4163 925 4214 l.
945 4164 978 4215 ad
1003 4163 1144 4216 lectionem
1161 4167 1344 4217 Gruterionem
1360 4163 1440 4215 ebrios
1455 4177 1488 4214 ex
1504 4161 1634 4214 nonnullis
1651 4161 1729 4213 codd.

413 4244 569 4294 varietatem
586 4243 719 4304 omisisse,
738 4242 799 4292 hinc
817 4243 929 4303 conicio,
947 4240 1019 4307 quod
1036 4238 1130 4291 sallem
1148 4242 1173 4291 in
1191 4242 1247 4304 gh,
1266 4241 1310 4304 qui
1328 4239 1391 4290 alias
1409 4251 1471 4291 cum
1486 4238 1503 4289 lr
1521 4239 1669 4290 consentire
1686 4251 1732 4288 so·

414 4318 482 4379 lent,
501 4316 607 4367 ebriosos
622 4316 724 4381 legitur.
743 4345 776 4354 -
793 4316 878 4367 accub.
895 4317 955 4366 46444
972 4330 1001 4376 e;
1023 4317 1083 4366 46444
1105 4329 1158 4366 om.
1177 4315 1375 4379 bcdiopqs‚
1399 4315 1473 4378 Lg.9
1490 4315 1517 4364 et
1531 4313 1578 4373 60;
1601 4314 1628 4363 64
1645 4312 1732 4363 firmat

414 4395 475 4446 64444
491 4394 597 4443 Servius
614 4392 648 4442 ed
660 4395 724 4443 ben.
738 4393 781 4443 lll.
794 4391 851 4443 464.
870 4394 897 4443 et
911 4393 943 4453 l',
955 4393 1055 4443 6444.-
1072 4394 1114 4442 44.
1130 4392 1232 4456 consecti
1248 4391 1263 4440 4
1281 4390 1345 4440 dett.
1358 4392 1447 4454 6633,
1465 4390 1495 4442 0.
1510 4416 1537 4426 -
1557 4389 1596 4439 46.
1615 4392 1733 4450 mentone

414 4474 433 4522 4.
454 4497 481 4505 -
506 4468 545 4519 43.
564 4469 704 4519 incendium
720 4468 745 4518 d.
771 4494 796 4506 -
823 4467 863 4519 44.
887 4469 982 4531 soctsen
998 4482 1029 4527 u;
1051 4469 1104 4517 iem
1126 4466 1207 4529 {atsere
1229 4480 1255 4530 q.
1280 4492 1306 4500 -
1331 4465 1467 4527 6443666466
1483 4477 1506 4513 z.
1531 4490 1558 4500 -
1581 4476 1677 4527 pomos
1692 4488 1732 4499 --

414 4544 507 4595 debitos
523 4544 571 4593 LO
589 4544 679 4592 contra
697 4541 774 4592 codd.
794 4569 823 4579 -
841 4542 1005 4606 4463466ὺί4646
1020 4543 1072 4592 tom
1089 4543 1133 4591 dte
1148 4555 1175 4600 r;
1195 4541 1247 4590 tom
1263 4552 1316 4591 om.
1335 4540 1351 4589 i.
1371 4566 1398 4576 -
1417 4539 1502 4589 sceleri
1518 4539 1647 4600 6636464644
1663 4551 1688 4588 o.
1701 4564 1727 4573 -

415 4620 455 4671 46.
473 4621 567 4669 instare
582 4623 628 4669 out
642 4619 677 4681 pt.
696 4631 721 4670 o.
741 4647 770 4658 -
787 4618 859 4683 coru]
876 4623 941 4668 certe
956 4619 1008 4666 tom
1024 4619 1039 4666 6
1057 4619 1135 4680 6633.
1154 4615 1232 4674 detl.;
1256 4615 1314 4665 LO.
1335 4642 1362 4651 —
1385 4615 1426 4666 46.
1445 4613 1511 4677 qnod
1526 4614 1548 4663 si
1564 4627 1615 4677 cq.
1636 4640 1663 4649 -
1681 4627 1732 4663 non

411 4701 491 4759 poten
507 4707 598 4745 sonare
615 4707 638 4743 e.
660 4719 686 4728 -
706 4694 746 4744 44.
764 4696 814 4744 scio
832 4696 876 4744 tu.
897 4721 923 4730 -
947 4693 1027 4743 646446
1043 4697 1156 4754 tmepore
1172 4705 1195 4740 z.
1216 4716 1242 4724 —
1264 4689 1443 4753 propeneoen
1459 4701 1485 4738 0.
1504 4714 1531 4723 -
1549 4689 1586 4738 rei
1600 4687 1638 4750 p]
1655 4688 1681 4736 P.
1699 4688 1729 4738 a.

416 4771 455 4821 ck
472 4772 500 4820 et
510 4769 525 4819 6
536 4767 579 4818 elii
592 4770 680 4830 Lagg.;
698 4781 752 4818 rem
759 4782 787 4832 p.
800 4769 1034 4819 Mommseuius.-
1054 4767 1093 4817 48.
1107 4766 1177 4816 66446
1193 4764 1257 4814 eslim
1273 4765 1388 4815 estBed
1405 4765 1449 4829 Lg.
1462 4764 1487 4813 7.
1499 4763 1539 4813 66.
1550 4760 1595 4820 447;
1615 4774 1632 4824 q
1649 4761 1731 4812 hebet

414 4850 450 4897 en
464 4846 526 4910 post
541 4843 619 4894 netto.
630 4872 656 4880 -
676 4843 715 4894 49.
733 4859 791 4908 pop.
804 4843 842 4908 6.]
859 4858 882 4893 r.
897 4858 925 4906 p,
938 4845 999 4893 Vw.
1018 4841 1120 4904 [popleta
1136 4856 1158 4890 r.
1177 4840 1264 4891 belim
1280 4841 1315 4902 o.)
1333 4867 1360 4875 -
1376 4845 1457 4902 possm
1474 4851 1499 4888 e.
1512 4864 1538 4873 —
1556 4835 1639 4900 66466]
1656 4837 1731 4886 nnius

412 4933 471 4983 pop.
488 4921 557 4969 lton.
576 4919 688 4982 bcops
709 4921 753 4982 Lg.
772 4920 812 4970 60.
831 4917 871 4970 le.
891 4917 932 4968 46.
953 4945 980 4954 -
1003 4917 1120 4966 virtutem
1140 4929 1164 4965 a.
1185 4943 1211 4952 -
1235 4920 1301 4965 terre
1317 4915 1432 4978 46644366
1448 4927 1484 4964 m.
1505 4938 1531 4947 -
1550 4910 1591 4961 60.
1609 4914 1665 4959 ont
1681 4911 1728 4960 466.

414 4996 535 5059 blaa-3
554 4999 611 5045 4664
626 5008 680 5045 om.
693 5008 716 5045 e.
730 5022 755 5031 —
774 4997 815 5046 64.
833 4994 890 5045 incl.
908 5000 943 5044 est
956 4993 1034 5056 peric.
1054 5006 1083 5051 e;
1100 4991 1177 5054 peric.
1196 4990 1253 5040 incl.
1271 4995 1306 5040 cst
1321 5003 1352 5040 w.
1368 5017 1395 5027 -
1414 4993 1449 5040 est
1465 4999 1517 5038 om.
1537 4999 1561 5036 e.
1577 5013 1611 5022 -
1626 4985 1667 5035 66.
1686 4998 1731 5048 epo

415 5082 469 5120 om.
487 5069 518 5120 V.
535 5098 568 5107 -
589 5070 649 5120 bello
664 5084 703 5120 me
720 5084 744 5120 o.
764 5098 790 5105 —
818 5071 858 5120 63.
877 5067 990 5131 suscipio]
1007 5069 1051 5128 364
1067 5065 1172 5128 suscipio
1189 5064 1245 5127 gh3
1267 5065 1310 5126 364
1326 5064 1363 5114 rei
1379 5077 1408 5127 p.
1426 5075 1504 5112 carne
1519 5059 1625 5123 mopso
1642 5072 1656 5108 r
1672 5058 1729 5110 sine

415 5145 530 5208 Quirites.
544 5172 571 5182 -
588 5147 742 5209 penitorum
757 5147 883 5196 bominum
900 5147 945 5196 Cc
962 5146 1006 5207 Lg.
1019 5144 1059 5192 60.
1073 5142 1114 5192 64.
1129 5168 1155 5177 -
1174 5139 1215 5191 64.
1230 5139 1419 5202 potuerinthk.
1435 5165 1461 5174 —
1480 5137 1587 5188 seconde
1603 5148 1625 5187 s.
1643 5135 1727 5199 (resec.

415 5217 501 5270 schol.
520 5221 608 5283 oron.)
626 5248 652 5257 —
671 5222 712 5272 66.
731 5235 832 5271 monere
848 5220 926 5272 codd.
946 5219 1007 5282 (sed
1026 5218 1034 5269 l
1052 5218 1201 5281 remunero:
1220 5230 1325 5266 monere
1340 5216 1402 5276 LO,
1420 5226 1488 5278 quoe
1505 5210 1584 5264 lectio
1600 5209 1728 5276 4464164346

416 5294 519 5361 lopusc.
531 5296 550 5346 l.
566 5309 593 5364 p.
606 5296 674 5359 476.)
691 5310 724 5346 ex
741 5309 830 5348 errore
848 5298 951 5361 typogr.
970 5296 1027 5347 orta
1043 5292 1156 5347 videtur.
1172 5321 1198 5332 -
1213 5293 1320 5359 proinde
1335 5295 1426 5344 cesant
1441 5303 1497 5341 ow.
