4367 6109
452 570 516 640 444
830 572 873 638 444
896 573 936 651 4.
958 570 1179 640 canonius:
1198 569 1409 637 4444444444
1539 545 1555 633 ’,

450 748 574 827 partem
595 742 635 807 ad
657 762 692 807 se
713 741 825 816 vertit,
852 741 977 805 mulieri
1000 741 1140 806 reddidit
1161 741 1349 826 quantulum
1371 740 1475 803 visum
1497 742 1555 800 est.
1590 733 1706 799 XVIII.
1728 730 1780 796 58.

449 838 511 901 Hic
533 845 567 901 tu
589 838 617 902 si
638 836 759 901 laesum
780 841 811 898 te
833 855 853 898 a
873 836 972 900 Verre
995 857 1065 900 esse
1086 836 1183 911 dicis,
1205 836 1308 919 patiar
1322 840 1354 899 et
1368 832 1557 897 concedam:
1579 831 1607 893 si
1629 830 1780 893 iniuriam

449 932 508 995 tibi
530 932 644 996 iactam
671 930 831 1014 quereris,
859 929 1026 995 defendam
1055 937 1087 994 et
1111 930 1244 1013 negabo.
1285 928 1434 1012 Denique
1462 926 1503 988 de
1529 924 1662 999 iniuria,
1697 942 1779 1007 quae

449 1026 508 1090 tibi
528 1025 612 1089 facta
632 1025 688 1099 sit,
717 1024 879 1087 neminem
905 1032 1049 1088 nostrum
1078 1025 1257 1107 graviorem
1278 1023 1416 1086 iudicem
1439 1040 1510 1084 esse
1533 1024 1661 1101 oportet
1682 1035 1778 1100 quam

425 1126 482 1186 Ite
502 1122 623 1204 ipsum,
651 1119 703 1182 oui
730 1117 815 1183 facta
844 1118 969 1181 dicitnr.
1015 1118 1048 1181 Si
1075 1126 1111 1182 tu
1133 1138 1205 1180 eum
1226 1117 1283 1180 iilo
1305 1123 1418 1199 postea
1439 1115 1474 1177 in
1495 1113 1629 1196 gratiam
1651 1110 1779 1186 redisti,

447 1215 477 1279 si
498 1215 585 1279 domi
606 1214 695 1277 illius
716 1211 889 1295 aliquoties
910 1210 1017 1286 fuisti,
1044 1212 1071 1274 si
1101 1211 1156 1275 iile
1178 1211 1263 1295 apud
1285 1219 1317 1275 te
1339 1216 1453 1293 postea
1474 1207 1641 1271 coenavit:
1672 1212 1779 1269 utrum

447 1315 480 1372 te
499 1304 708 1393 perfidiosum
729 1325 770 1368 an
791 1305 1075 1389 praevaricatorem
1099 1306 1274 1369 existimari
1290 1305 1412 1368 mavis?
1445 1303 1547 1366 Video
1562 1320 1634 1364 esse
1646 1317 1779 1365 necesse

447 1402 656 1475 alterutrum,
678 1401 736 1466 sed
757 1405 945 1482 ego'tecum
966 1400 999 1462 in
1022 1420 1061 1463 eo
1085 1419 1151 1462 non
1173 1400 1339 1483 pugnabo,
1362 1418 1428 1482 quo
1449 1398 1555 1461 minus
1577 1402 1685 1459 utrum
1697 1393 1780 1459 velis

448 1496 557 1580 eligas.
591 1492 642 1558 59.
666 1494 803 1571 Quodsi
825 1511 865 1556 ne
887 1493 1022 1556 iniuriae
1045 1494 1186 1577 quidem,
1208 1513 1291 1578 quae
1306 1492 1363 1556 tibi
1382 1492 1421 1555 ab
1437 1491 1493 1554 illo
1507 1490 1591 1554 facta
1606 1490 1662 1564 sit,
1684 1507 1781 1551 eausa

410 1595 603 1664 ttremanet,
625 1587 705 1673 quid
724 1588 840 1660 babes,
870 1587 958 1671 quod
980 1589 1084 1669 possis
1108 1587 1230 1663 dicere,
1253 1587 1461 1673 quamobrem
1482 1606 1549 1648 non
1571 1584 1668 1647 modo
1691 1581 1780 1657 mibi,

447 1684 505 1748 sed
527 1684 677 1766 cuiquam
699 1683 916 1763 anteponeret
939 1681 1001 1744 nisi
1022 1680 1105 1744 forte
1126 1681 1222 1757 iilud,
1246 1682 1334 1766 quod
1351 1680 1508 1743 dicturum
1524 1687 1555 1741 te
1578 1697 1648 1741 esse
1670 1675 1779 1748 audio,

448 1784 655 1866 quaestorenq
676 1775 765 1838 illius
791 1773 907 1848 fuisse,
938 1795 1020 1858 quae
1050 1795 1147 1838 causa
1176 1778 1280 1859 gravis
1302 1782 1404 1850 esset,
1433 1774 1460 1837 si
1483 1781 1622 1837 certares
1644 1791 1779 1845 mecum,

446 1878 520 1935 uter
549 1878 694 1934 nostmm
724 1868 773 1931 illi
801 1868 933 1931 amicior
954 1889 1025 1932 esse
1047 1870 1193 1932 deberet:
1222 1870 1256 1933 in
1278 1868 1483 1933 contentione
1505 1866 1780 1949 suscipiendarum

445 1964 686 2028 iuimicitiarum
707 1962 880 2026 ridiculum
902 1968 951 2025 est
971 1969 1084 2045 putare
1106 1982 1234 2025 oausam
1256 1961 1502 2027 necessitudinis
1516 1961 1556 2024 ad
1577 1959 1780 2025 inferendum

409 2058 624 2142 tepericulum
651 2058 769 2121 iustam
798 2055 899 2119 videri
929 2062 1086 2138 oportere.
1132 2055 1182 2119 60.
1211 2058 1338 2120 Etenim
1360 2056 1387 2118 si
1417 2056 1571 2139 plurimas
1592 2076 1612 2119 a
1633 2060 1780 2138 praetore

447 2161 503 2217 tuo
526 2152 661 2215 iniurias
682 2150 879 2233 accepisses,
902 2158 1008 2213 tamen
1030 2170 1084 2213 eas
1106 2148 1238 2213 serendo
1260 2150 1413 2212 maiorem
1435 2148 1562 2212 laudem
1582 2169 1679 2234 qnam
1699 2147 1781 2210 ulci-

446 2246 565 2312 scendo
587 2263 762 2309 mererere:
786 2263 858 2306 cum
879 2262 956 2306 vero
978 2243 1103 2307 nulium
1124 2244 1212 2307 illius
1235 2246 1268 2306 in
1282 2244 1348 2307 vita
1362 2244 1481 2307 rectius
1494 2242 1613 2306 factum
1628 2243 1671 2306 sit
1684 2261 1780 2326 quam

446 2341 498 2416 id,
528 2340 618 2426 quod
642 2348 679 2403 tu
707 2338 858 2402 iniuriam
879 2337 1041 2420 appellas,
1070 2339 1104 2400 hi
1127 2345 1268 2401 statuent
1288 2338 1371 2401 hanc
1393 2357 1536 2411 oausam,
1564 2329 1725 2420 quamne
1746 2334 1782 2397 iu

408 2440 412 2445 ’
447 2434 510 2500 alio
526 2433 658 2519 quidem
678 2432 868 2515 probarent,
890 2432 925 2494 in
939 2439 971 2495 te
991 2432 1108 2494 iustam
1122 2431 1162 2494 ad
1177 2431 1446 2496 necessitudinem
1460 2430 1642 2495 violandam
1656 2428 1780 2494 viderit
1852 2434 1857 2444 '

409 2528 505 2613 toqui
533 2529 561 2592 si
588 2546 744 2592 summam
772 2525 921 2588 iniuriam
948 2527 987 2588 ab
1017 2525 1072 2588 iIIo
1102 2525 1270 2607 accepisti,
1299 2534 1422 2600 4444444,
1449 2525 1603 2610 quoniam
1629 2531 1783 2609 quaestor

448 2622 518 2688 eius
538 2621 646 2697 fuisti,
668 2639 734 2685 non
755 2625 848 2703 potes
871 2639 945 2683 eum
967 2620 1035 2682 sine
1050 2619 1118 2682 ulla
1131 2619 1366 2702 vituperatione
1381 2639 1547 2684 accusare:
1569 2620 1596 2684 si
1616 2637 1693 2682 vero
1715 2637 1782 2680 non

447 2715 514 2779 ulla
536 2715 594 2778 tibi
615 2714 699 2779 facta
721 2719 770 2777 est
790 2713 923 2788 iniuria,
945 2713 1015 2776 sine
1037 2713 1156 2777 scelere
1179 2734 1252 2776 eum
1273 2733 1424 2778 accusare
1444 2733 1511 2777 non
1530 2719 1633 2797 potes.
1674 2710 1782 2786 Quare

449 2829 522 2873 cum
547 2809 705 2873 incertum
736 2807 779 2869 sit
807 2806 845 2869 de
875 2807 1009 2881 iniuria,
1038 2826 1231 2891 quemquam
1258 2809 1374 2871 horum
1401 2828 1472 2873 esse
1493 2814 1605 2891 putas,
1636 2805 1782 2889 quinon

448 2901 540 2968 malit
558 2909 591 2966 te
613 2902 682 2966 sine
704 2900 939 2982 vituperatione
962 2920 1059 2984 quam
1081 2921 1154 2963 cum
1176 2903 1295 2966 sceiere
1318 2902 1509 2966 discederet

414 3013 444 3064 n
534 2997 622 3061 XIX.
652 2990 702 3058 64.
731 2995 778 3057 Ac
799 2992 888 3069 vide,
918 2995 997 3078 quid
1023 2994 1148 3058 differat
1176 2997 1258 3059 inter
1285 3016 1388 3059 meam
1417 2996 1604 3079 opinionem
1631 3002 1664 3058 et
1685 3001 1781 3058 tuam.

450 3095 514 3169 Tu,
543 3112 615 3167 cum
643 3089 791 3154 omnibus
817 3090 913 3152 rebus
940 3087 1074 3151 inferior
1101 3090 1162 3165 sis,
1191 3089 1251 3153 bac
1279 3109 1344 3154 una
1365 3091 1401 3153 in
1421 3111 1456 3153 re
1478 3097 1508 3154 te
1531 3089 1609 3154 mibi
1630 3088 1783 3152 anteferri

448 3194 544 3270 putas
571 3192 736 3269 oportere,
766 3184 854 3269 quod
876 3188 1029 3267 quaestor
1057 3183 1145 3247 illius
1166 3183 1283 3248 fueris:
1317 3204 1393 3268 eqo,
1415 3186 1443 3248 si
1465 3186 1613 3269 superior
1634 3184 1783 3248 omnibus

449 3281 545 3345 rebus
572 3298 676 3353 esses,
702 3277 785 3342 banc
809 3296 906 3341 unam
936 3278 976 3340 ob
1007 3297 1134 3341 causam
1162 3286 1194 3341 te
1215 3285 1433 3343 accusatorem
1453 3278 1616 3363 repudiari
1636 3286 1783 3362 putarem

451 3380 609 3457 oportere.
643 3372 696 3435 Sic
717 3372 803 3435 enim
824 3392 843 3437 a
865 3370 1038 3434 maioribus
1060 3373 1179 3436 nostris
1200 3374 1400 3455 accepimus,
1422 3380 1604 3456 praetorem
1619 3371 1783 3458 quaestori

414 3484 509 3534 404444
531 3468 672 3551 parentis
694 3465 766 3529 Ioco
788 3486 858 3530 esse
881 3473 1045 3548 oportere:
1074 3465 1195 3529 nullam
1217 3485 1323 3550 nequo
1343 3468 1508 3531 iustiorem
1529 3455 1636 3550 nequ‘e
1658 3468 1783 3550 gravio-

450 3581 518 3626 rem
544 3580 673 3623 causam
700 3560 947 3624 necessitudinis
979 3579 1075 3643 posse
1104 3560 1235 3643 reperiri
1264 3581 1360 3644 quam
1389 3562 1648 3625 coniunctionem
1677 3561 1782 3635 sortis,

452 3674 549 3739 quam
570 3654 772 3737 provinciae,
801 3674 898 3738 quam
920 3650 1035 3728 officii,
1062 3674 1159 3737 quam
1188 3654 1307 3737 publici
1328 3656 1474 3718 muneris
1491 3656 1687 3719 societatem.
1730 3651 1781 3718 64.

453 3747 667 3825 Quamobrem
696 3746 724 3810 si
746 3748 815 3810 iure
841 3767 955 3830 posses
977 3767 1050 3809 eum
1072 3765 1237 3821 accusare,
1266 3756 1390 3824 umen,
1419 3771 1491 3812 eum
1512 3750 1540 3813 is
1561 3750 1619 3812 tibi
1640 3750 1781 3834 parentis

373 3923 376 3932 .
452 3860 585 3904 numero
606 3839 736 3914 fuisset,
758 3840 792 3903 id
813 3841 867 3922 pie
888 3840 992 3903 Iacere
1013 3861 1080 3904 non
1101 3861 1231 3924 posses:
1255 3863 1328 3906 cum
1341 3863 1417 3907 vero
1439 3864 1546 3928 neque
1564 3843 1718 3908 iniuriam
1731 3849 1801 3907 ac-'

414 3934 575 4018 aeceperis
597 3941 630 3997 et
649 3933 790 4016 praetori
812 3940 867 3995 tuo
890 3933 1066 4017 periculum
1089 3955 1194 4010 crees,
1216 3934 1346 4000 fatearis
1367 3958 1498 4002 necesse
1513 3945 1563 4002 est
1576 3946 1609 4001 te
1629 3937 1678 4001 ilii
1698 3938 1783 4001 Iniu-

502 4159 526 4211 4.
545 4158 615 4207 adse
625 4157 717 4207 4444444
727 4155 763 4205 st.
774 4154 806 4214 L:
825 4155 916 4205 avertit
926 4157 1028 4219 Zumpt.
1045 4182 1073 4193 -
1090 4157 1116 4206 2.
1128 4169 1179 4207 esse
1190 4170 1243 4209 om.
1256 4161 1287 4209 Α.
1302 4185 1330 4196 -
1344 4159 1405 4209 dieis
1415 4162 1436 4210 Α
1446 4161 1479 4210 64
1494 4173 1500 4210 :
1519 4162 1585 4212 dices
1595 4162 1641 4213 ott.
1652 4162 1683 4214 0.
1700 4164 1783 4214 Prae·

452 4245 515 4283 sens
531 4232 662 4296 sequente
680 4231 707 4281 in
724 4228 833 4296 epodosi
851 4230 938 4281 tuturo
956 4229 1041 4281 habes
1058 4244 1100 4281 en.
1119 4244 1143 4282 4.
1164 4232 1188 4296 5.
1208 4234 1247 4284 44.
1266 4231 1323 4298 Lib.
1342 4236 1361 4284 1.
1380 4234 1404 4298 5.
1424 4235 1448 4285 6.
1462 4236 1502 4286 84.
1516 4237 1573 4288 409.
1590 4238 1623 4288 44.
1641 4238 1666 4303 8.
1678 4237 1720 4291 it.
1738 4238 1781 4288 444.

451 4305 476 4371 g.
490 4306 529 4356 44.
548 4319 575 4370 p.
593 4305 678 4356 Flaec.
698 4306 722 4369 ἕ.
736 4305 793 4356 406.
812 4319 839 4370 p.
853 4306 907 4367 Lig.
921 4306 945 4369 ἓ.
958 4307 998 4356 46.
1013 4304 1083 4357 alibi.
1100 4330 1127 4342 -
1148 4307 1172 4356 3.
1191 4309 1295 4371 dentque
1311 4309 1509 4373 0251412942:
1529 4312 1634 4375 44444444
1648 4313 1784 4365 4444444404

451 4381 504 4441 Gt:
522 4380 609 4431 44444444
625 4379 673 4431 dtt.
684 4380 714 4430 0.
729 4406 757 4417 -
775 4380 800 4431 4.
819 4381 927 4430 iadicem
941 4381 973 4431 64
987 4382 1074 4443 444ςε
1092 4383 1331 4449 vindicengd20.
1347 4412 1374 4420 -
1393 4385 1418 4435 0.
1432 4386 1519 4446 quodsi
1530 4387 1685 4454 carigas:
1704 4387 1783 4453 quid?

449 4454 472 4504 si
489 4456 534 4505 ctt.
554 4454 583 4505 0.
604 4481 631 4490 -
652 4455 692 4504 44.
714 4459 738 4505 44
758 4454 884 4505 dicturum
900 4457 932 4505 64
948 4456 1026 4519 4349.
1048 4483 1075 4491 -
1095 4458 1135 4507 46.
1150 4464 1270 4521 praetore
1286 4464 1328 4509 4444
1346 4461 1391 4511 64.
1410 4460 1443 4511 ci.
1463 4461 1487 4525 5.
1507 4461 1548 4511 64.
1561 4462 1614 4512 644
1640 4468 1684 4514 too
1698 4467 1782 4527 praet.

451 4531 497 4579 ott.
511 4529 540 4579 0.
556 4555 584 4565 —
603 4528 644 4579 40.
662 4529 715 4591 eos]
731 4528 788 4579 44444
806 4531 850 4581 64.
866 4557 893 4566 -
914 4531 953 4580 44.
972 4532 999 4581 tn
1014 4531 1081 4581 itlius
1097 4532 1151 4582 cito
1166 4534 1263 4583 44444444
1280 4537 1326 4585 64.
1341 4560 1369 4571 -
1388 4536 1429 4586 44.
1448 4536 1501 4585 sine
1515 4535 1577 4600 44444]
1594 4537 1648 4588 ains
1662 4538 1784 4589 4444444444

450 4604 541 4663 44444.;
558 4602 612 4653 utto
629 4616 691 4655 cum
708 4604 830 4654 9444444444
847 4602 919 4655 delet
935 4606 1020 4655 Kubnt
1036 4604 1053 4655 4.
1067 4604 1084 4656 I.
1100 4620 1126 4671 p.
1138 4609 1178 4659 44.
1197 4608 1335 4672 vulgatam
1352 4611 1442 4660 tuetur
1453 4611 1534 4661 etiam
1545 4611 1632 4663 IIadv.
1645 4613 1665 4664 I.
1683 4626 1711 4679 p.
1724 4612 1781 4665 304.

450 4680 505 4730 not.
525 4703 555 4714 -
573 4690 624 4727 oco
639 4678 693 4728 4444
710 4678 789 4729 codd.
808 4680 871 4729 noti.
891 4679 924 4728 44.
941 4680 1044 4731 Kuehn.
1063 4681 1098 4730 ad
1115 4682 1192 4733 Tusc.
1211 4684 1230 4733 I.
1249 4683 1273 4746 S.
1292 4684 1332 4735 94.
1351 4684 1438 4736 Madv.
1457 4685 1491 4735 ed
1509 4686 1563 4736 Fin.
1582 4699 1609 4751 p.
1622 4685 1680 4739 434.
1706 4686 1784 4739 Hand

450 4753 480 4804 ’4.
494 4753 535 4804 IV.
555 4766 581 4818 p.
594 4753 651 4804 469.
671 4752 738 4803 inira
754 4754 797 4803 111.
816 4753 840 4817 s.
855 4753 919 4805 424:
938 4755 1010 4804 444444
1026 4757 1055 4805 0.
1071 4780 1098 4791 -
1118 4757 1160 4807 22.
1178 4758 1220 4821 est]
1237 4760 1269 4807 444
1286 4761 1317 4817 Gt
1331 4760 1355 4809 2.
1372 4786 1399 4795 -
1417 4760 1459 4811 43.
1477 4773 1526 4811 esse
1542 4761 1633 4811 borum
1649 4760 1697 4812 dtt.
1708 4762 1738 4812 0.
1753 4786 1782 4798 -

450 4828 492 4880 46.
510 4840 542 4877 cc
556 4826 613 4878 cide
629 4827 662 4877 64
675 4828 691 4879 4
698 4841 724 4890 ς.
742 4829 809 4880 Non.
827 4841 854 4892 p.
867 4828 929 4880 284:
955 4835 982 4879 ot
997 4831 1053 4881 cide
1069 4830 1118 4881 dtt.
1139 4859 1167 4868 -
1191 4837 1215 4883 et
1230 4838 1302 4883 444444
1318 4835 1364 4884 64.
1387 4833 1419 4883 44.
1439 4836 1469 4886 N.
1488 4836 1520 4887 1).
1538 4837 1559 4886 1.
1579 4835 1604 4901 5.
1623 4836 1664 4887 8⁰.
1682 4834 1731 4886 044.
1751 4836 1783 4886 44.

450 4902 475 4966 s.
494 4901 535 4953 30.
553 4902 573 4952 1.
592 4900 617 4965 5.
636 4901 677 4951 99.
696 4903 751 4953 Fet.
771 4901 795 4966 S.
814 4903 846 4953 7:
865 4916 896 4952 oc
913 4903 1006 4954 644444,
1028 4906 1096 4956 1444.
1114 4920 1141 4970 p.
1159 4906 1218 4958 484.
1236 4907 1314 4972 prob.
1333 4907 1462 4959 Wesenb.
1480 4907 1498 4960 I.
1517 4908 1535 4960 1.
1553 4923 1580 4975 p.
1599 4910 1640 4961 44.
1664 4908 1731 4959 Vide
1749 4908 1785 4960 ad

450 4976 475 5040 Β.
489 4977 529 5028 36.
545 5002 573 5014 -
591 4977 632 5028 46.
645 4976 672 5026 to
684 4991 737 5028 om.
749 4976 782 5027 de
795 4978 854 5028 Hot.
868 4979 936 5029 coni.
951 4979 1054 5043 Zumpt.
1072 4983 1106 5031 at
1116 4982 1149 5033 44.
1166 4982 1243 5033 Hand
1254 4985 1282 5033 T.
1295 4984 1366 5046 4444.
1378 4982 1427 5034 443
1439 4997 1492 5047 sq:
1511 4997 1676 5051 quamquam
1686 4984 1715 5036 b.
1726 4980 1745 5034 4.
1756 4984 1784 5034 ts

449 5050 529 5117 paulo
547 5049 693 5103 insolentes
705 5050 806 5103 dictum
818 5054 867 5103 est.
884 5080 910 5089 -
929 5054 970 5105 27.
989 5055 1102 5105 44444044
1116 5057 1190 5107 rebus
1200 5060 1237 5109 64
1246 5056 1334 5117 dei
1350 5057 1561 5121 prob.IIadv.1.
1580 5073 1607 5124 p.
1620 5058 1686 5110 3394
1705 5059 1785 5109 444444-

450 5126 495 5178 bats
511 5128 597 5179 4444444
612 5127 686 5179 rebus
701 5128 734 5178 64
756 5140 789 5176 ex
806 5125 980 5192 dittograpbie
997 5131 1026 5178 ut
1042 5129 1066 5193 5.
1085 5132 1126 5183 66.
1143 5134 1184 5185 63.
1197 5134 1252 5194 64.;
1271 5133 1358 5182 ceteris
1372 5132 1446 5183 rebus
1461 5135 1492 5185 0.
1507 5161 1535 5171 -
1553 5134 1594 5185 34.
1608 5132 1704 5197 44404444
1720 5133 1784 5196 63(

449 5202 688 5332 &mede
703 5204 765 5256 Asc.
778 5204 846 5267 App.
863 5214 892 5268 p.
905 5201 951 5255 38:
966 5203 1096 5267 publicam
1113 5207 1161 5260 dtt.
1172 5208 1201 5261 0.
1216 5234 1244 5245 -
1263 5206 1303 5259 33.
1322 5221 1379 5260 eam
1391 5221 1477 5271 444444
1492 5209 1541 5261 (444.
1552 5208 1582 5261 0.
1603 5234 1632 5248 -
1649 5205 1692 5261 34.
1710 5208 1784 5261 modo
