4367 6109
453 542 516 615 ³⁰2
824 549 868 615 itt
888 548 1058 617 vuum
1077 550 1203 616 serlo
1223 550 1407 625 SECUNDA

452 719 624 795 Venerius,
654 717 710 803 qui
739 717 852 783 fiscum
873 718 1021 783 sustulit‘i
1054 719 1146 796 Quae
1167 741 1241 807 pars
1262 741 1378 807 operae
1400 728 1455 785 aut
1477 724 1723 805 opportunitatis
1747 725 1781 787 in

456 813 560 875 scriba
581 819 647 888 est,
668 832 725 877 cur
747 812 776 875 ei
798 832 864 879 nou
884 812 979 877 modo
1000 834 1123 878 merces
1145 822 1233 878 tants
1253 815 1362 891 detur,
1383 816 1439 879 sed
1461 836 1519 880 cur
1533 837 1605 880 cum
1621 838 1660 882 eo
1675 827 1782 881 tantae

452 907 608 989 pecuniae
630 905 758 989 partitio
779 905 855 969 batt
877 942 918 955 -
947 906 1033 971 Ordo
1057 915 1106 971 est
1125 907 1289 974 honestus.
1310 943 1352 957 -
1374 909 1454 985 Quis
1476 914 1594 993 negat?
1623 917 1679 975 aut
1700 911 1781 995 quid

451 1020 490 1067 ea
510 1021 561 1064 res
582 999 622 1063 ad
643 1000 725 1063 banc
746 1020 812 1065 rem
833 1002 994 1083 pertinet?
1020 1002 1079 1065 Est
1099 1021 1174 1065 vero
1194 1001 1365 1077 honestus,
1388 1003 1475 1086 quod
1490 1023 1601 1067 eorum
1613 1004 1780 1068 bominum

426 1091 525 1158 otidei
551 1094 677 1159 tabulae
704 1094 849 1178 publicae
876 1094 1083 1178 periculaque
1112 1095 1352 1178 magistratuum
1375 1099 1625 1161 committuntur.
1669 1100 1781 1184 ltaque

451 1208 492 1252 ex
513 1188 555 1251 iis
576 1187 703 1261 scribis,
732 1187 788 1270 qui
810 1186 898 1270 digni
921 1195 995 1250 sunt
1015 1188 1071 1251 illo
1095 1189 1224 1263 ordine,
1253 1190 1395 1273 patribus
1417 1190 1564 1266 familiis,
1587 1193 1663 1255 viris
1684 1193 1779 1256 bonis

449 1290 549 1367 atque
577 1280 734 1355 honestis,
766 1281 1014 1363 percontamini,
1046 1282 1125 1365 quid
1154 1282 1215 1345 sibi
1243 1283 1323 1346 istae
1352 1286 1637 1369 quinquagesimae
1660 1287 1779 1365 velint:

449 1376 512 1441 iam
534 1394 643 1440 omnes
665 1373 849 1456 intelligetis
870 1395 939 1437 rem
953 1394 1066 1438 novam
1082 1385 1181 1439 totam
1196 1385 1293 1461 atque
1309 1378 1470 1461 indignam
1485 1379 1598 1443 videri.
1643 1376 1714 1442 t8t.
1730 1381 1779 1443 Ad

449 1490 505 1535 eos
526 1489 577 1532 me
599 1467 718 1532 scribas
739 1486 869 1543 revoca,
892 1468 919 1531 si
941 1468 1062 1553 placet,
1084 1469 1151 1533 ooli
1172 1470 1233 1534 bos
1255 1471 1421 1554 colligere,
1443 1474 1499 1557 qui
1515 1473 1686 1538 nummulis
1708 1493 1779 1536 cor-

412 1565 567 1646 irrogatis
589 1564 629 1626 de
655 1571 805 1647 nepotum
827 1563 921 1626 bonis
943 1582 980 1625 ac
1002 1565 1042 1627 de
1064 1565 1284 1628 scaenicorum
1305 1565 1498 1640 corollariis,
1521 1588 1593 1632 cum
1615 1567 1776 1631 decuriam

448 1663 609 1731 emerunt,
632 1676 673 1720 ex
694 1656 796 1741 primo
817 1657 930 1720 ordine
952 1657 1158 1741 explosorum
1179 1659 1211 1721 iu
1234 1659 1408 1723 secundum
1431 1659 1576 1725 ordinem
1592 1661 1727 1725 civitatis
1742 1680 1777 1723 se

447 1752 573 1819 venisse
596 1751 715 1816 dicunt
757 1751 822 1814 Eos
843 1751 961 1815 scribas
987 1760 1093 1814 tecum
1114 1751 1340 1837 disceptatores
1361 1750 1457 1816 buius
1480 1753 1621 1819 criminis
1641 1754 1776 1828 habebo,

448 1847 505 1933 qui
526 1846 605 1910 istos
626 1845 745 1909 scribas
766 1864 836 1909 esse
857 1845 991 1909 moleste
1012 1843 1126 1908 ferunt
1160 1845 1301 1909 Tametsi
1323 1866 1396 1909 cum
1418 1845 1452 1910 in
1474 1867 1512 1910 eo
1536 1847 1647 1912 ordine
1668 1847 1777 1910 videa·

447 1962 517 2007 mus
548 1960 618 2005 esse
650 1939 765 2003 multos
793 1959 860 2002 non
887 1939 1036 2014 idoneos,
1069 1940 1125 2023 qui
1154 1939 1232 2002 ordo
1264 1938 1439 2002 industriae
1466 1941 1647 2025 propositus
1674 1947 1723 2005 est
1745 1947 1777 2003 et

411 2050 440 2097 tt
449 2034 613 2119 dignitati,
634 2033 820 2096 mirabimur
840 2042 950 2117 turpes
972 2032 1098 2116 aliquos
1120 2032 1164 2094 ibi
1187 2051 1272 2106 esse,
1294 2052 1360 2115 quo
1382 2032 1483 2097 cuivis
1501 2035 1602 2116 pretio
1616 2033 1692 2098 licet
1704 2054 1778 2118 per·

447 2130 579 2197 veniret
622 2128 751 2191 LXXX.
774 2129 822 2190 Tu
845 2148 886 2191 ex
906 2126 1042 2209 pecunia
1063 2125 1192 2208 publica
1210 2124 1270 2187 Hb
1285 2123 1439 2188 terdecies
1454 2125 1587 2189 scribam
1601 2133 1690 2189 tuum
1704 2146 1778 2210 per·

447 2225 547 2290 missu
569 2230 622 2286 tuo
644 2242 714 2285 cum
736 2221 905 2285 abstulisse
927 2220 1062 2294 fateare,
1084 2219 1240 2303 reliquam
1261 2218 1319 2281 tibi
1335 2217 1431 2280 ullam
1447 2217 1665 2285 defensionem
1684 2227 1776 2304 putas

447 2323 539 2385 esset
560 2319 620 2381 boc
641 2315 724 2379 ferre
746 2334 938 2399 quemquam
960 2316 1077 2397 posset
1099 2313 1159 2375 boc
1181 2331 1374 2396 quemquam
1390 2311 1529 2396 denique
1550 2333 1636 2377 nunc
1649 2323 1776 2377 tuorum

446 2414 668 2479 advocatorum
696 2408 801 2471 auimo
829 2427 934 2492 aequo
959 2406 1070 2469 audire
1098 2406 1269 2479 arbitrare,
1300 2423 1364 2487 qua
1391 2404 1572 2469 incivitate
1596 2406 1630 2470 C.
1655 2405 1776 2480 Catoni,

408 2506 606 2572 ttconsulari
627 2501 764 2576 bomini,
786 2501 960 2565 clarissimo
982 2501 1069 2575 viro,
1099 2497 1158 2560 HS
1181 2521 1239 2563 rur
1260 2499 1390 2562 milibus
1412 2498 1452 2562 lis
1474 2500 1638 2563 aestimata
1659 2500 1719 2575 sit,
1741 2501 1775 2563 in

446 2600 557 2666 eadem
579 2597 703 2661 civitate
725 2594 897 2679 apparitori
919 2602 974 2658 tuo
998 2613 1067 2658 esse
1090 2613 1276 2667 concesum,
1305 2599 1341 2655 ut
1364 2590 1423 2652 iis
1446 2592 1602 2657 terdecies
1631 2613 1695 2657 uno
1717 2614 1776 2657 no·

445 2694 531 2759 mine
559 2691 717 2755 auferret?
761 2684 833 2751 t85.
854 2689 936 2751 Hinc
957 2688 1012 2752 ille
1034 2696 1083 2751 est
1103 2687 1216 2750 anulus
1238 2707 1369 2760 aureus,
1392 2706 1457 2770 quo
1482 2696 1516 2750 tu
1536 2687 1631 2750 istum
1651 2687 1684 2750 in
1699 2707 1775 2751 con-

444 2788 534 2851 tione
548 2783 695 2848 donasti:
718 2803 800 2866 quae
821 2790 875 2845 tua
896 2782 1023 2845 donatio
1043 2780 1194 2863 singulari
1210 2780 1422 2864 impudentia,
1444 2800 1529 2846 nova
1544 2780 1658 2845 Siculis
1672 2781 1775 2845 omni·

443 2880 520 2955 bus,
542 2876 620 2941 mibi
641 2896 718 2939 vero
740 2877 834 2939 etiam
856 2874 1050 2939 incredibilis
1072 2874 1247 2937 videbatur.
1285 2874 1387 2958 Saepe
1410 2874 1495 2937 enim
1516 2874 1617 2937 nostri
1637 2875 1774 2958 impera·

407 2982 529 3042 satores
550 2969 706 3057 superatis
726 2969 887 3044 hostibus,
909 2969 1027 3052 optime
1050 2989 1084 3031 re
1106 2967 1233 3053 publica
1252 2977 1356 3052 gesta,
1370 2969 1497 3045 scribas
1511 2988 1585 3031 suos
1599 2969 1703 3032 anulis
1717 2989 1774 3032 au·

445 3067 508 3131 reis
529 3066 564 3129 iu
586 3064 731 3129 contione
752 3063 925 3126 donarunt:
947 3069 982 3127 tu
1004 3082 1079 3126 vero
1102 3063 1219 3147 quibus
1240 3063 1335 3126 rebus
1357 3062 1472 3146 gestis,
1495 3083 1559 3148 quo
1571 3061 1663 3126 boste
1679 3081 1773 3146 supe-

510 3380 534 3428 t.
553 3374 634 3438 operis
649 3374 715 3424 V.-
729 3370 902 3435 opportunitas
918 3371 987 3434 igis
999 3369 1063 3420 dett.
1078 3370 1109 3434 (V
1119 3368 1310 3432 babetopport.
1324 3382 1387 3420 cum
1395 3383 1414 3432 p
1427 3367 1578 3433 duplicata.)
1597 3395 1625 3405 -
1644 3371 1669 3420 2.
1687 3384 1735 3421 aar
1750 3371 1773 3421 ei

443 3455 513 3521 igit
524 3451 634 3505 tavit:
652 3449 742 3499 coiret
753 3444 809 3497 rell.
828 3446 881 3496 Sed
893 3447 935 3496 est
945 3447 971 3495 io
983 3443 1065 3508 igit:
1083 3458 1131 3494 cor
1146 3446 1169 3494 ei
1184 3456 1338 3497 maenaa
1349 3446 1517 3503 tantadetar3
1536 3445 1563 3494 in
1575 3444 1605 3494 F:
1623 3457 1773 3494 wormes

442 3534 465 3584 st
480 3545 531 3582 aaa
548 3532 620 3578 tanta
636 3525 715 3573 detor.
735 3547 763 3556 -
782 3521 806 3571 ³.
821 3520 905 3583 portio
921 3519 999 3581 igit.
1015 3545 1041 3554 -
1061 3518 1085 3570 1.
1104 3519 1231 3569 laminam
1247 3520 1305 3584 fidei
1321 3521 1448 3569 taniam
1465 3518 1569 3569 tabedae
1582 3516 1680 3581 publice
1695 3518 1726 3569 V.
1740 3545 1768 3554 -

442 3608 467 3659 d.
485 3607 517 3656 tis
533 3605 570 3654 b:
587 3602 625 3650 bis
642 3597 719 3649 codd.
739 3597 802 3647 noti.
817 3622 844 3631 -
860 3594 976 3658 patribus
990 3593 1095 3658 fomitis
1111 3597 1179 3659 Lgiti
1191 3596 1253 3656 fV,
1272 3598 1354 3649 Prisc.
1371 3597 1391 3646 l.
1410 3610 1436 3661 p.
1449 3596 1493 3646 tii
1509 3609 1515 3644 ι
1532 3592 1773 3657 patribusfamilias

442 3679 499 3735 rell.
517 3681 547 3732 0.
572 3703 600 3713 -
627 3674 651 3725 7.
672 3671 872 3736 permactamiot
890 3670 922 3720 V.
949 3693 976 3705 ·-
1000 3670 1045 3730 qai
1064 3670 1108 3732 qai
1128 3669 1174 3719 sibi
1194 3668 1271 3733 bgli.
1301 3696 1329 3705 -
1356 3671 1595 3733 quiuquapeastmae
1609 3668 1641 3718 V.
1661 3669 1722 3733 (tir.)
1741 3694 1768 3704 -

441 3758 467 3810 8.
485 3753 597 3809 amnibus
611 3751 643 3801 V.
667 3774 695 3784 -
718 3760 772 3797 rem
792 3758 886 3797 novam
901 3743 933 3796 t:
959 3757 1052 3794 aevom
1068 3757 1122 3794 rem
1138 3744 1161 3793 V
1178 3744 1239 3807 (br.)
1257 3743 1323 3795 dett.
1342 3745 1371 3796 0.
1394 3771 1422 3780 -
1446 3743 1533 3809 totam]
1554 3748 1638 3793 eatan
1655 3741 1719 3793 dett.
1740 3769 1768 3778 -

439 3832 547 3896 tadipao
562 3827 594 3878 V.
622 3851 648 3860 -
676 3824 701 3873 9.
722 3823 766 3873 tos
781 3821 908 3885 campere
924 3819 955 3870 V.
975 3845 1002 3854 -
1028 3819 1068 3869 td.
1089 3818 1158 3868 boris
1174 3817 1253 3869 codd.
1271 3819 1336 3869 item
1354 3820 1377 3869 V
1395 3820 1456 3882 (fir.)
1474 3821 1583 3884 praeter
1598 3819 1726 3879 leonaci,
1744 3818 1771 3867 iu

441 3919 495 3973 quo
512 3899 586 3955 don&
599 3913 659 3952 esse
676 3897 801 3959 traditur,
824 3897 901 3947 sicuti
917 3907 950 3944 ex
966 3894 1049 3957 Nous.
1068 3893 1218 3944 coniectura
1235 3892 1315 3958 vulgo
1333 3894 1369 3960 (0)
1387 3890 1490 3958 legitur.
1509 3919 1537 3929 -·
1564 3891 1771 3943 remiremont

441 3984 503 4048 iuoo
514 3980 537 4029 V
549 3979 616 4029 teste
634 3975 698 4038 Bri.
713 4001 740 4010 -
759 3972 890 4024 coronaris
905 3971 936 4020 V.
952 3996 979 4005 -
999 3971 1040 4022 tt.
1053 3969 1254 4033 aapitosoporum
1267 3969 1287 4018 V
1305 3971 1366 4032 (nou
1383 3983 1465 4032 asp,
1483 3971 1513 4019 ut
1529 3967 1613 4019 babet
1628 3966 1729 4029 llaius).
1739 3991 1768 4001 —

439 4058 549 4109 deitato
564 4052 670 4104 everbse
686 4050 717 4099 V.
736 4075 764 4084 —
784 4050 824 4098 td.
843 4048 1032 4110 disceptatorem
1047 4045 1078 4095 V.
1098 4071 1126 4080 -
1146 4044 1186 4094 13.
1204 4045 1303 4095 moleste
1318 4044 1402 4109 [erasm
1418 4044 1509 4095 esseV.
1524 4070 1551 4079 —
1570 4041 1772 4093 maritarum

439 4132 471 4183 V.
491 4157 518 4166 -
546 4128 587 4180 ti.
611 4139 662 4176 aaa
681 4123 772 4173 matos
791 4122 894 4171 macae
913 4119 990 4183 ugia.
1012 4146 1040 4155 —
1065 4120 1224 4182 praepostus
1245 4119 1324 4182 agro.
1353 4119 1443 4184 [Deest
1462 4119 1578 4169 venetas
1601 4115 1673 4181 apud
1689 4115 1771 4166 zum-

439 4202 544 4273 ptium.]
571 4227 598 4237 -
626 4200 666 4250 td.
685 4197 746 4259 qaid
766 4194 916 4246 mirabimur
933 4194 964 4244 V.
993 4193 1082 4258 [Recte
1105 4195 1207 4259 recepit
1222 4192 1357 4260 dictatus]
1376 4220 1403 4229 -
1431 4195 1513 4256 turpis
1534 4190 1617 4256 igit,
1644 4190 1722 4240 tarbis
1737 4190 1769 4240 V.

441 4306 469 4317 -
488 4279 586 4341 attqoos
600 4274 635 4324 ibi
652 4287 701 4325 esse
717 4270 839 4336 igiter
852 4271 887 4320 at.
906 4270 933 4320 ia
948 4283 978 4320 eo
994 4283 1043 4320 esse
1055 4269 1227 4333 amissas
1243 4272 1271 4318 et
1286 4270 1308 4319 N
1321 4270 1363 4331 (i);
1388 4269 1423 4319 ai.
1446 4270 1472 4319 ia
1493 4282 1534 4319 eas
1550 4279 1601 4317 esse
1616 4265 1696 4324 dett.;
1721 4278 1773 4316 esse

439 4355 538 4417 attam
562 4352 583 4400 V
609 4348 697 4414 [quod
719 4351 794 4397 recte
820 4345 935 4396 Klotzios
959 4358 1008 4411 pro
1033 4343 1198 4408 reliquorum
1223 4341 1285 4394 lect.
1309 4342 1465 4409 interpolata
1490 4340 1615 4408 recepitl.
1637 4367 1664 4376 -
1687 4341 1772 4403 pretio

438 4430 495 4481 itaet
510 4425 579 4492 ugit
597 4429 625 4476 et
641 4425 662 4473 V
685 4421 741 4488 ised
759 4422 802 4473 bic
815 4421 937 4485 praefici:
963 4420 1018 4469 iicet
1038 4420 1119 4481 pretio
1136 4417 1193 4469 rell.
1212 4419 1241 4469 0.
1261 4418 1352 4482 [Deest
1367 4421 1481 4469 varietas
1499 4417 1558 4468 cod.
1577 4416 1623 4480 bg.
1642 4415 1713 4480 apud
1730 4416 1770 4476 z.,

438 4517 522 4570 quare
547 4514 596 4553 nos
620 4510 716 4550 verum
733 4496 853 4547 ordinem
871 4494 1053 4557 restituimus]
1073 4520 1101 4529 -
1122 4494 1161 4544 16.
1179 4493 1295 4543 terdecies
1311 4492 1380 4556 Lgtt
1392 4497 1429 4543 A:
1455 4492 1589 4544 terdeciens
1604 4490 1670 4550 NV3
1688 4491 1772 4540 trede-

438 4580 487 4631 cies
503 4575 560 4629 rell.
579 4578 608 4626 0.
628 4600 656 4609 -
671 4573 822 4637 patratarum
837 4571 873 4630 V;
890 4571 1010 4632 paraisse
1026 4573 1055 4620 Α.
1072 4597 1100 4606 -
1119 4568 1160 4617 ti.
1177 4568 1257 4617 udam
1274 4581 1327 4618 om.
1347 4567 1424 4631 Lgit.
1440 4594 1467 4603 -
1487 4567 1526 4618 18.
1540 4577 1691 4629 quemquam
1703 4563 1772 4628 ferre

438 4653 470 4703 V.
489 4677 517 4688 -
536 4652 577 4701 20.
595 4662 663 4700 eoas.
680 4648 774 4698 bonini
790 4647 853 4696 star.
871 4646 926 4694 viro
943 4644 971 4704 1,
989 4645 1028 4694 V:
1056 4644 1120 4693 clar.
1138 4644 1207 4705 otro,
1226 4655 1293 4692 cous.
1312 4642 1376 4691 bora
1396 4642 1460 4691 dett.
1480 4642 1509 4691 0.
1529 4666 1557 4676 -
1575 4640 1625 4690 iis.
1647 4637 1702 4688 Vlll
1714 4638 1769 4687 mit.

438 4734 518 4788 codd.
537 4732 673 4800 plerique:
692 4733 719 4782 S.
740 4731 795 4781 Vili
809 4731 844 4781 il.
857 4729 892 4789 V;
912 4730 942 4779 G.
961 4729 986 4778 ii
998 4744 1022 4775 ae
1039 4745 1063 4776 ω
1080 4743 1105 4774 ee
1123 4728 1145 4778 N
1163 4729 1190 4777 et
1206 4724 1275 4789 Lata
1293 4725 1318 4788 (i.
1338 4738 1362 4774 e.
1380 4725 1430 4776 HS.
1448 4726 1510 4788 ill),
1534 4722 1583 4775 sed
1600 4724 1662 4786 Lag.
1680 4722 1707 4772 N
1720 4734 1770 4786 pro

437 4810 474 4871 11,
491 4809 541 4863 118.
559 4809 638 4859 111111
652 4807 706 4858 mil.
724 4807 758 4864 Oi
777 4805 826 4855 iis.
845 4804 892 4853 llll
906 4803 959 4853 mit.
979 4804 1048 4853 coni.
1062 4803 1166 4867 Zumpt.
1184 4798 1293 4852 exVell.
1306 4800 1337 4849 ll.
1351 4800 1375 4850 8.
1395 4798 1428 4849 cf.
1442 4800 1507 4850 iufra
1519 4799 1543 4865 s.
1555 4798 1613 4850 20⁴.
1630 4796 1674 4847 lV.
1687 4796 1712 4862 9.
1726 4798 1768 4858 22,

438 4882 486 4937 ubi
503 4883 616 4935 eaedem
632 4883 710 4933 natue
728 4882 893 4944 comparent.
906 4904 932 4914 -
952 4877 982 4927 tis
998 4890 1051 4928 om.
1069 4878 1101 4928 V.
1112 4903 1140 4912 -
1159 4878 1200 4927 ii.
1219 4876 1312 4939 adpari
1329 4879 1371 4925 tuo
1389 4875 1444 4939 (sic)
1458 4875 1490 4924 V.
1510 4874 1571 4939 (tir.)
1590 4899 1618 4909 -
1637 4872 1772 4924 terdeciens

436 4973 489 5013 sao
502 4959 603 5011 samiae
618 4958 641 5007 V
658 4960 685 5008 et
700 4955 782 5019 igit:
808 4969 859 5005 aaa
874 4954 973 5004 aoniae
989 4952 1106 5003 terdecies
1122 4949 1178 5002 rell.
1197 4950 1276 5016 Lsgg.
1294 4949 1364 5007 ΑΒς
1382 4963 1433 4999 aaa
1449 4963 1515 5000 aori.
1534 4949 1652 5001 tredecies
1668 4949 1701 5009 03
1718 4962 1770 4999 aaa

436 5036 537 5087 samiae
552 5047 607 5085 om.
625 5033 656 5084 u.
675 5031 758 5095 (Legit
774 5031 863 5080 amen
875 5029 918 5078 Br.
932 5029 958 5080 in
970 5026 992 5075 V
1004 5025 1148 5088 assentias.)
1168 5051 1196 5060 -
1214 5025 1255 5075 22.
1269 5023 1360 5074 anda
1375 5023 1445 5088 Lali
1462 5025 1520 5074 etV
1533 5025 1568 5087 (et
1585 5025 1624 5076 sic
1641 5024 1768 5088 semper).

440 5138 469 5150 -
486 5111 601 5164 comana
616 5104 699 5158 habet
715 5107 795 5158 etiem
811 5104 834 5154 V
851 5104 922 5169 (lini,
941 5103 979 5153 sic
996 5101 1071 5152 infre.
1092 5127 1120 5136 -
1138 5100 1179 5150 23.
1197 5099 1351 5165 impudentia
1367 5097 1450 5162 agir:
1469 5101 1530 5162 imp.
1548 5100 1644 5149 mnata
1658 5099 1709 5148 AB
1726 5111 1768 5163 pr.

437 5198 490 5249 m.;
507 5186 568 5249 imp.
585 5180 732 5250 praedm
749 5193 804 5232 sec.
823 5178 896 5231 m.V
913 5179 987 5243 (liri,
1005 5174 1061 5227 rell.
1080 5176 1111 5227 Ο.
1130 5202 1157 5211 -
1176 5173 1218 5227 st.
1237 5176 1314 5226 atara
1329 5174 1360 5236 t,
1378 5189 1417 5236 cp:
1435 5174 1526 5228 om.V
1543 5174 1605 5240 (br.)
1623 5176 1650 5225 et
1665 5170 1723 5224 rell.
1738 5199 1766 5209 -

436 5259 610 5326 torporataral
626 5258 687 5324 terp.
706 5256 760 5325 (sici
777 5256 810 5311 Vr
828 5254 890 5322 iltr.)
906 5278 933 5292 -
952 5253 994 5306 td.
1011 5253 1131 5317 radatis
1145 5250 1178 5304 V.
1193 5279 1221 5292 -
1238 5250 1323 5304 enta
1338 5250 1390 5302 sote
1405 5250 1437 5303 V.
