4367 6109
867 582 941 648 cu.
963 583 1071 646 1-11.
1100 580 1156 667 sp.
1178 578 1285 647 4-4.
1667 580 1723 647 ret

416 751 538 836 aliquid
553 751 709 827 dicerent,
731 751 758 814 si
774 752 864 834 probi
884 754 1153 829 existimarentur,
1176 753 1261 837 quod
1277 751 1431 816 dixissent
1449 753 1626 835 probarent,
1646 774 1730 818 nunc

416 867 486 909 sum
516 846 621 910 animo
642 846 843 927 aequissimo.
876 846 909 909 Si
933 849 1017 910 enim
1039 856 1113 911 sunt
1133 849 1192 911 viri
1217 848 1312 921 boni,
1341 866 1390 909 me
1412 846 1577 923 adiuvant,
1607 870 1676 912 cum
1696 849 1729 911 id

416 941 510 1003 iurati
530 939 654 1013 dicunt,
678 939 764 1023 quod
785 960 844 1023 ego
865 941 1018 1003 iniuratus
1040 940 1206 1004 insimulo:
1229 943 1400 1004 sinautem
1417 941 1519 1003 minus
1534 941 1658 1016 idonei,
1680 961 1730 1004 me

416 1053 481 1095 non
503 1032 647 1107 laedunt,
669 1054 756 1108 cum,
778 1034 817 1097 iis
840 1035 906 1097 sive
928 1035 1085 1108 ereditur,
1108 1035 1246 1097 creditur
1267 1035 1328 1097 boc
1350 1034 1471 1116 ipsum,
1494 1035 1578 1117 quod
1602 1056 1660 1098 nos
1682 1055 1731 1099 ar·

417 1127 555 1209 guimus‚
578 1127 644 1190 sive
666 1123 744 1191 fides
766 1147 830 1189 non
851 1127 998 1201 babetur,
1021 1127 1060 1189 de
1083 1127 1255 1191 adversarii
1276 1127 1404 1190 testium
1426 1124 1486 1190 lide
1508 1130 1682 1212 derogatur.
1739 1142 1754 1187 4

499 1220 539 1282 Il.
560 1216 591 1283 l.
613 1222 730 1284 Verum
758 1227 863 1284 tamen
892 1241 962 1283 cum
992 1221 1117 1283 illorum
1144 1222 1298 1284 actionem
1321 1240 1434 1283 causae
1455 1223 1638 1298 considero,
1667 1243 1732 1286 non

416 1315 526 1388 video,
556 1314 634 1398 quid
664 1312 876 1398 impudentius
903 1314 966 1377 dici
987 1315 1103 1397 possit,
1131 1334 1203 1377 cum
1224 1322 1330 1378 autem
1352 1321 1486 1379 vestram
1507 1317 1539 1378 in
1561 1317 1731 1380 iudicando

417 1408 659 1482 dubitationem,
682 1428 792 1472 vereor
812 1429 852 1471 ne
874 1407 923 1482 id,
947 1407 1033 1492 quod
1049 1409 1197 1471 videntur
1218 1409 1417 1491 impudenter
1434 1408 1562 1485 fecisse,
1584 1420 1686 1474 astute
1702 1417 1733 1473 et

417 1501 528 1565 callide
550 1501 692 1565 fecerint.
734 1504 829 1576 Nam,
852 1502 878 1564 si
901 1511 1070 1584 negassent
1085 1504 1148 1565 vim
1170 1502 1353 1566 bominibus
1375 1503 1502 1565 armatis
1525 1523 1594 1565 esse
1608 1503 1732 1576 factam,

415 1593 507 1657 facile
527 1594 759 1659 honestissimis
781 1597 913 1660 testibus
935 1597 967 1658 in
989 1617 1024 1660 re
1045 1597 1214 1679 perspicua
1234 1603 1434 1659 tenerentur:
1456 1597 1505 1659 sin
1527 1595 1661 1659 confessi
1684 1612 1770 1659 es=ro

417 1698 487 1752 sent
507 1696 539 1752 et
559 1689 606 1762 id,
631 1689 716 1773 quod
739 1691 826 1754 nullo
843 1699 983 1774 tempore
999 1690 1067 1753 iure
1082 1686 1150 1754 fieri
1170 1697 1286 1772 potest,
1308 1690 1466 1754 tamenab
1486 1710 1520 1752 se
1536 1690 1603 1753 iure
1617 1689 1733 1752 factum

418 1804 487 1848 esse
509 1783 730 1858 defenderent,
757 1792 937 1868 sperarunt,
968 1783 1000 1845 id
1022 1785 1108 1867 quod
1131 1785 1265 1846 assecuti
1287 1793 1375 1859 sunt,
1398 1804 1432 1847 se
1453 1784 1623 1845 iniecturos
1644 1782 1733 1844 vobis

418 1897 542 1941 causam
565 1878 759 1941 deliberandi
778 1885 809 1941 et
824 1876 984 1940 iudicandi
999 1878 1112 1941 iustam
1128 1898 1246 1941 moram
1262 1899 1298 1941 ac
1312 1879 1514 1962 religionem3
1536 1876 1629 1940 simul
1644 1875 1734 1948 illud,
1767 1893 1773 1904 ·

418 1972 502 2055 quod
525 1970 777 2052 indignissimum
799 1980 863 2045 est,
885 1970 1023 2033 futurum
1045 1970 1185 2034 arbitrati
1208 1979 1300 2046 sunt,
1322 1980 1358 2035 ut
1379 1973 1412 2034 in
1433 1971 1492 2034 bac
1507 1991 1601 2034 eausa
1616 1990 1679 2032 non
1695 1969 1733 2032 de

418 2064 615 2147 improbitate
651 2065 724 2127 Sex.
752 2065 898 2137 Aebutii,
931 2064 987 2127 sed
1017 2064 1055 2126 de
1086 2064 1154 2126 iure
1182 2065 1267 2129 civili
1296 2066 1447 2128 iudicium
1478 2062 1545 2128 fieri
1566 2058 1734 2128 videretur.
1743 2076 1771 2124 44

418 2157 447 2221 5.
471 2159 541 2234 Qua
562 2159 596 2221 in
617 2178 667 2233 re,
698 2157 724 2219 si
747 2157 823 2221 mibi
846 2165 928 2220 esset
948 2158 1043 2221 unius
1064 2159 1101 2220 Α.
1125 2159 1276 2222 Caecinae
1297 2180 1391 2224 causa
1411 2158 1545 2242 agenda,
1570 2157 1736 2240 profiterer

417 2254 493 2317 satis
515 2253 666 2317 idoneum
688 2272 758 2315 esse
780 2271 830 2315 me
853 2251 1070 2326 defensorem,
1092 2259 1260 2335 propterea
1274 2254 1359 2339 quod
1377 2250 1471 2317 fidem
1485 2272 1587 2316 meam
1601 2252 1735 2334 diligen·

418 2349 556 2431 tiamque
584 2353 793 2430 praestarem:
825 2366 906 2429 quae
928 2367 1000 2409 eum
1022 2348 1150 2410 suntin
1172 2353 1276 2409 actore
1299 2366 1427 2423 causae,
1456 2346 1536 2410 nibil
1558 2355 1623 2422 est,
1645 2346 1678 2408 in
1699 2365 1734 2409 re

417 2440 603 2524 praesertim
624 2447 733 2522 aperta
754 2457 791 2503 ac
813 2439 965 2521 simplici,
988 2439 1073 2524 quod
1089 2438 1248 2502 excellens
1270 2440 1432 2523 ingenium
1452 2441 1639 2524 requiratur.
1670 2438 1734 2502 Sed

418 2555 489 2598 cum
511 2534 550 2596 de
573 2552 611 2597 eo
632 2533 709 2596 mihi
731 2534 799 2596 iure
821 2533 988 2596 dicendum
1003 2534 1061 2608 sit,
1084 2534 1170 2617 qnod
1185 2534 1342 2617 pertineat
1355 2535 1394 2598 ad
1410 2554 1535 2610 omnes,
1557 2533 1643 2618 quod
1659 2549 1771 2597 con-to

417 2629 559 2691 stitutum
582 2628 624 2691 sit
644 2647 663 2689 a
677 2626 864 2702 maioribus,
886 2635 1105 2691 conservatum
1120 2648 1222 2712 usque
1236 2628 1276 2691 ad
1291 2629 1352 2692 boc
1367 2637 1508 2711 tempus,
1532 2649 1595 2713 quo
1611 2629 1734 2692 sublato

418 2742 482 2785 non
504 2722 604 2785 solum
626 2741 699 2803 pars
720 2720 828 2804 aliqua
849 2722 926 2784 iuris
942 2721 1121 2796 deminuta,
1144 2722 1200 2786 sed
1222 2723 1316 2786 etiam
1338 2724 1386 2786 vis
1408 2743 1460 2797 ea,
1484 2741 1564 2804 quae
1586 2723 1647 2784 iuri
1669 2739 1734 2784 ma·

418 2818 502 2879 xime
524 2823 572 2879 est
593 2814 786 2889 adversaria,
819 2815 938 2878 iudicio
960 2815 1144 2879 confirmata
1164 2837 1234 2880 esse
1255 2815 1416 2891 videatur,
1438 2815 1530 2879 video
1551 2817 1665 2878 summi
1686 2815 1734 2877 in-

418 2910 502 2992 genii
517 2929 644 2973 causam
660 2928 746 2983 esse,
768 2927 833 2972 non
847 2917 881 2973 ut
895 2910 929 2972 id
943 2910 1189 2985 demonstretur,
1212 2911 1299 2994 quod
1316 2917 1388 2973 ante
1403 2909 1513 2973 oculos
1528 2919 1590 2985 est,
1611 2910 1667 2973 sed
1682 2928 1733 2984 ue,

418 3005 446 3068 si
468 3005 539 3088 quis
562 3004 651 3066 vobis
673 3022 760 3065 error
782 3002 814 3064 in
837 3009 923 3066 tanta
943 3024 977 3065 re
1000 3004 1039 3066 sit
1067 3004 1226 3079 obiectus,
1254 3024 1364 3068 omnes
1385 3005 1489 3087 potius
1509 3024 1559 3067 me
1581 3003 1770 3066 arbitrante

420 3104 470 3161 tur
490 3117 620 3172 causae,
643 3115 738 3179 qnam
759 3117 816 3159 vos
838 3096 983 3178 religioni
1006 3105 1127 3160 vestrae
1150 3098 1298 3161 defuisse.
1326 3096 1355 3161 6.
1371 3097 1568 3181 Quamquam
1583 3117 1642 3179 ego
1657 3097 1733 3161 mibi

419 3192 464 3255 sic
485 3190 681 3275 persuadeo,
710 3197 960 3272 recuperatores,
989 3211 1054 3254 non
1075 3211 1133 3254 vos
1155 3200 1216 3255 tam
1242 3198 1372 3274 propter
1393 3192 1471 3254 iuris
1493 3191 1654 3254 obscuram
1676 3192 1734 3254 du·

417 3286 566 3369 biamque
588 3286 741 3348 rationem
762 3284 812 3347 bis
834 3285 896 3347 iam
919 3284 958 3346 de
980 3284 1089 3347 eadem
1112 3305 1207 3350 causa
1224 3285 1401 3359 dubitasse,
1424 3305 1517 3368 quam
1539 3285 1625 3368 quod
1647 3283 1735 3348 vide·

418 3389 469 3442 tur
490 3378 530 3440 ad
553 3398 704 3441 summam
726 3378 812 3442 illius
834 3379 1102 3442 existimationem
1122 3380 1183 3442 boc
1202 3379 1352 3442 iudicium
1366 3380 1539 3461 pertinere,
1562 3398 1680 3441 moram
1695 3376 1734 3442 ad

418 3472 691 3536 condemnandum
719 3473 915 3556 anquisisse,
944 3472 1037 3535 simul
1067 3480 1099 3535 et
1128 3472 1173 3534 illi
1202 3473 1335 3556 spatium
1363 3471 1403 3550 ad
1432 3490 1501 3534 sese
1523 3471 1771 3554 colligendumao

419 3567 553 3631 dedisse.
590 3565 681 3640 Quod
712 3567 862 3649 quoniam
891 3567 952 3629 ianr
980 3566 1013 3628 in
1042 3566 1304 3630 consuetudinem
1319 3566 1420 3628 'venit
1448 3572 1480 3627 et
1506 3565 1538 3628 id
1567 3565 1627 3627 viri
1647 3564 1735 3640 boni,

419 3661 515 3725 vestri
544 3659 682 3733 similes,
711 3658 745 3722 in
773 3659 941 3722 iudicando
970 3659 1106 3732 faciunt,
1139 3658 1434 3742 reprehendendum
1461 3658 1594 3722 fortasse
1622 3660 1735 3732 minus,

420 3753 614 3841 querendum
630 3773 706 3816 vero
727 3755 826 3837 magis
842 3754 937 3817 etiam
952 3753 1092 3829 videtur,
1115 3753 1187 3817 ideo
1204 3753 1290 3837 quod
1308 3753 1414 3817 omnia
1427 3753 1543 3816 iudicia
1556 3760 1611 3815 aut
1625 3752 1738 3816 distra-

476 4016 502 4065 t.
513 4014 552 4065 stu
564 4014 638 4078 probs·
648 4014 831 4078 Pantagathus.
846 4041 874 4052 -
886 4012 911 4065 4.
924 4014 1008 4065 444444
1018 4014 1047 4065 T.
1058 4040 1085 4049 -
1100 4028 1157 4065 4444
1166 4014 1198 4064 tis
1210 4014 1261 4064 4444
1276 4014 1395 4075 cresim
1406 4013 1516 4064 44444444
1528 4013 1574 4063 boc
1584 4014 1665 4077 tpasn
1676 4024 1738 4064 eum

420 4092 448 4141 P.
461 4089 593 4141 Februo:
610 4090 768 4140 4444444444
782 4089 893 4140 creditur
908 4089 953 4139 boc
968 4091 1049 4152 444444
1061 4086 1084 4140 a
1097 4091 1154 4153 (nist
1171 4089 1243 4154 quod
1260 4091 1297 4140 444
1312 4102 1362 4155 pro
1373 4090 1404 4139 444
1414 4087 1513 4139 babent
1524 4102 1580 4151 au,
1597 4091 1644 4139 44444
1659 4106 1691 4156 y,
1707 4089 1740 4138 444

420 4163 789 4228 deesttnB,credsrlma)A;
807 4165 1149 4216 umetoebtscredtturboc
1162 4164 1288 4227 {prunum
1306 4163 1590 4213 4444444444444444444
1604 4164 1740 4225 bociam

419 4241 447 4296 2.
465 4243 503 4293 De
515 4240 646 4307 duplicato
658 4240 741 4291 verbo
752 4241 862 4291 44444444
873 4240 906 4292 44.
919 4253 976 4291 var.
989 4239 1048 4292 lect.
1062 4240 1086 4304 ς.
1098 4240 1138 4292 tl.
1148 4240 1190 4291 36.
1204 4239 1237 4291 de
1249 4241 1303 4305 opt.
1315 4251 1375 4303 gen.
1388 4241 1454 4288 orat.
1468 4237 1492 4302 fi.
1503 4240 1542 4289 49.
1556 4239 1631 4288 verr.
1644 4241 1739 4289 Aecus.

419 4318 451 4369 V.
463 4317 489 4382 5.
502 4317 542 4369 43.
561 4318 648 4368 ltoser
663 4315 697 4366 ed
708 4315 802 4368 Pseud.
814 4328 841 4381 p.
856 4316 902 4366 495
914 4328 955 4380 sq.
969 4342 996 4351 -
1016 4318 1040 4367 6.
1053 4320 1175 4366 actuosa
1191 4314 1354 4365 casuusET:
1372 4326 1463 4364 cussus
1472 4309 1739 4365 4444444444ιὲ0.

421 4393 500 4444 -to
513 4392 653 4444 4444444444
670 4393 812 4456 (superscr.
825 4389 968 4453 litterisrssl
981 4391 1047 4441 E.-
1066 4391 1109 4442 44.
1122 4391 1248 4453 enodatio
1264 4391 1292 4440 T.
1305 4416 1333 4426 -
1345 4390 1525 4440 tusnenEGk:
1543 4385 1739 4441 tumRALdt).

421 4491 450 4504 -
469 4467 510 4520 43.
528 4466 680 4519 ddiberaodl
695 4477 799 4515 44444444
815 4466 844 4516 L.
865 4491 892 4502 -
913 4466 954 4515 lb.
972 4464 1055 4515 4444444
1071 4465 1100 4516 E.
1120 4464 1159 4515 Cf.
1177 4464 1202 4528 5.
1215 4466 1239 4515 4.
1253 4491 1280 4500 -
1301 4465 1343 4515 46.
1360 4463 1400 4529 4.]
1417 4465 1474 4515 Auli
1490 4464 1519 4514 E.
1534 4491 1561 4501 -
1580 4464 1620 4513 48.
1637 4462 1742 4512 mua

421 4545 493 4595 444.
509 4571 537 4581 -
555 4547 639 4594 actore
655 4554 670 4591 e
688 4541 752 4602 (sec.
765 4541 822 4603 m),
840 4541 961 4600 Iuntina,
980 4536 1070 4592 42οι
1087 4539 1184 4589 catone
1199 4540 1231 4600 k;
1252 4541 1386 4590 4444444444
1405 4539 1578 4600 (deTtamen
1594 4536 1741 4588 Harlesstus

420 4616 486 4681 silet)
503 4619 534 4670 Α.
548 4645 575 4654 -
593 4618 635 4667 244.
652 4615 713 4665 mili
728 4617 783 4666 iure
799 4615 862 4665 ET:
880 4616 936 4665 iure
953 4615 1015 4678 (om.
1032 4613 1101 4675 oribe]
1118 4628 1149 4680 y;
1166 4615 1222 4665 4444
1236 4615 1298 4664 mibi
1314 4612 1457 4668 alteo.
1478 4640 1505 4650 -
1523 4615 1636 4676 quodque
1650 4611 1743 4662 constt-

420 4696 500 4742 tutum
516 4693 544 4742 T.
564 4719 593 4728 -
618 4691 660 4741 22.
678 4691 800 4742 desasto
816 4690 1020 4754 uempqtuy
1036 4691 1064 4738 et
1079 4690 1110 4739 Α.
1138 4688 1176 4739 Cf.
1194 4688 1219 4752 4.
1237 4689 1278 4741 38.
1306 4717 1334 4726 -
1358 4689 1401 4741 24.
1418 4693 1447 4739 44
1467 4689 1494 4737 id
1509 4689 1688 4739 deomtretw
1703 4687 1740 4737 T:

420 4766 457 4816 444
473 4767 652 4818 4444444444
667 4763 821 4818 nanto.
840 4790 867 4800 -
896 4764 1109 4815 dsuomtrarew
1131 4765 1285 4829 Gaempt
1304 4767 1332 4816 et
1351 4767 1386 4824 4;
1412 4765 1590 4814 dammare
1604 4759 1633 4822 β.
1654 4787 1682 4797 -
1699 4761 1741 4811 Tb.

421 4842 500 4892 444444
522 4841 680 4908 ETsepy.
710 4867 737 4879 -
767 4840 953 4890 4444444444
977 4837 1209 4903 Τ44444η444β
1234 4841 1262 4890 44
1281 4842 1317 4900 4;
1345 4837 1514 4888 &bearetur
1533 4853 1560 4903 y.
1584 4862 1611 4872 -
1635 4836 1676 4886 26.
1699 4835 1743 4886 44-

419 4917 504 4980 uiuet
520 4916 548 4966 T.
568 4943 596 4954 -
614 4917 656 4968 27.
673 4917 852 4979 reciperatores
867 4917 887 4966 E
905 4915 1043 4978 (Facundio
1061 4915 1137 4976 teste)
1154 4915 1183 4965 T.
1207 4915 1247 4966 Cf.
1265 4913 1290 4977 4.
1308 4914 1332 4966 3.
1352 4914 1392 4964 to.
1413 4912 1453 4964 tl.
1469 4912 1510 4964 24.
1523 4912 1564 4964 la.
1580 4938 1607 4948 -
1624 4911 1665 4961 23.
1678 4909 1744 4972 cuod

422 5003 475 5040 om.
492 4991 523 5042 A.
544 5017 572 5027 —
591 4990 632 5042 30.
650 4992 869 5054 conemposaomo
886 4991 927 5054 (ex
942 4988 1178 5053 condempnassent)
1197 4990 1224 5040 T.
1243 4987 1283 5040 Cf.
1303 4987 1327 5052 5.
1345 4989 1387 5040 29.
1406 4988 1462 5039 4443.
1481 4989 1568 5038 Osann
1585 4985 1618 5036 ed
1636 4986 1689 5036 Cle.
1708 4984 1743 5035 de

420 5066 485 5130 Rep.
496 5078 524 5130 p.
536 5066 578 5117 ts.
593 5092 621 5101 -
640 5067 776 5130 4444444444
788 5063 954 5117 Gulielmius:
972 5064 1135 5126 444444444Ε;
1154 5065 1276 5126 quemme
1290 5064 1323 5122 T;
1341 5064 1487 5126 4444444444
1498 5075 1527 5121 4;
1545 5062 1677 5123 aequasse
1693 5061 1744 5110 RA

421 5140 476 5195 Lt.
496 5169 524 5179 —
542 5142 578 5192 sd
592 5155 617 5192 44
633 5143 797 5206 colligendam
814 5140 842 5196 t.
862 5168 890 5177 -
908 5141 949 5192 34.
967 5140 1095 5202 mium]
1112 5151 1190 5201 44444
1206 5140 1234 5190 T.
1253 5139 1290 5190 ct
1305 5138 1329 5203 fi.
1342 5141 1367 5189 2.
1383 5163 1410 5175 -
1428 5139 1456 5188 io
1471 5138 1540 5189 inter
1555 5135 1638 5186 verba
1653 5135 1706 5184 4444
1717 5135 1745 5184 44

421 5218 621 5269 comuetudinem
638 5230 719 5282 supra
735 5229 844 5268 versum
859 5215 970 5267 inseruit
986 5214 1015 5264 E.
1035 5241 1063 5250 -
1082 5213 1123 5264 32.
1140 5214 1227 5264 44444444
1243 5214 1272 5264 T.
1286 5240 1314 5250 -
1332 5212 1374 5264 33.
1392 5213 1560 5276 queamus
1575 5211 1604 5261 T.
1618 5236 1646 5247 -
1663 5209 1746 5273 444444

421 5291 475 5344 lusu
490 5291 633 5345 Weislslus.
659 5291 712 5346 Sed
729 5291 762 5347 cf.
780 5292 814 5345 de
832 5290 938 5345 omos
955 5290 997 5356 24,
1011 5288 1052 5341 42.
1070 5287 1106 5341 sd
1122 5287 1211 5342 Famll.
1227 5288 1282 5341 XV.
1294 5286 1324 5355 l,
1341 5286 1382 5341 43.
1396 5315 1425 5327 -
1442 5288 1522 5353 quod,
1539 5298 1596 5336 4444
1610 5285 1746 5337 omes--

469 5384 553 5437 duero
572 5383 599 5439 T.
613 5384 642 5441 ll.
1323 5471 1326 5475 Ι
1520 5377 1555 5445 34
