4367 6109
461 540 523 607 574
856 547 1008 614 ORATIO
1030 549 1109 614 FRO
1130 550 1168 614 A.
1190 550 1390 616 CLUENTIO

461 733 564 778 mores
586 721 618 776 et
638 714 848 797 arrogantiam
870 716 958 791 eius,
980 718 1038 781 sed
1060 720 1154 783 etiam
1175 720 1295 784 vultum
1312 729 1407 803 atque
1421 720 1569 784 amictum
1583 729 1679 805 atque
1692 722 1780 785 illam

459 828 561 893 usque
587 807 628 870 ad
657 807 736 871 talos
768 809 936 874 demissam
965 832 1136 896 purpuram
1163 815 1382 878 recordemini.
1418 815 1464 888 ls,
1494 816 1585 897 quasi
1607 836 1673 878 non
1695 823 1781 879 esset

460 904 526 968 ullo
548 902 641 966 modo
660 900 842 978 terendum,
870 923 904 967 se
925 924 966 967 ex
986 906 1105 970 iudicio
1128 906 1310 971 discessisse
1332 909 1464 982 victum,
1491 929 1597 972 rema
1618 909 1781 973 subselliis

459 998 499 1060 ad
528 997 640 1059 Rostra
667 995 789 1059 detulit.
828 998 931 1061 Etiam
961 1000 1124 1083 querimur
1151 1020 1259 1084 saepe,
1289 1000 1469 1063 hominibus
1498 1002 1588 1065 novis
1617 1003 1781 1066 nonsatis

438 1110 587 1173 amagnos
609 1090 643 1152 iu
664 1091 723 1154 bac
744 1090 870 1156 civitate
892 1114 962 1156 esse
983 1094 1129 1158 Fructus?
1157 1097 1244 1177 Nego
1266 1114 1400 1177 usquam
1421 1114 1572 1177 umquam
1592 1096 1691 1160 fuisse
1714 1116 1781 1159 ma·

458 1183 558 1257 iores,
580 1182 633 1246 ubi
656 1182 683 1245 si
705 1183 778 1267 quis
799 1183 931 1266 ignobili
954 1187 1023 1250 loco
1045 1196 1139 1252 natus
1161 1190 1205 1252 ita
1225 1189 1318 1262 vivit,
1341 1195 1375 1251 ut
1396 1190 1572 1252 nobilitatis
1594 1187 1779 1271 dignitatem

458 1277 572 1340 virtute
600 1276 682 1340 tueri
710 1298 804 1361 posse
825 1278 983 1355 videatur,
1018 1303 1121 1365 usque
1147 1303 1186 1346 eo
1206 1283 1368 1366 pervenit,
1403 1282 1507 1366 quoad
1530 1303 1602 1344 eum
1623 1281 1781 1345 industria

457 1391 528 1434 cum
549 1370 731 1435 innocentia
751 1381 919 1453 prosecuta
940 1383 999 1437 est.
1034 1371 1107 1439 ll2.
1130 1376 1251 1459 Siquis
1267 1377 1526 1439 autcmbocuno
1542 1376 1669 1449 nititur,
1691 1375 1780 1459 quod

456 1465 498 1529 sit
518 1464 682 1551 ignobilis,
703 1466 847 1549 procedit
867 1486 961 1552 saepe
984 1469 1127 1552 longius,
1150 1490 1244 1553 quam
1268 1471 1295 1532 si
1316 1468 1400 1532 idem
1423 1469 1478 1532 ille
1492 1477 1577 1533 esset
1591 1490 1662 1532 cum
1676 1468 1779 1532 isdem

420 1559 523 1628 rosuis
545 1558 630 1622 vitiis
651 1559 877 1623 nobilissimus.
906 1561 946 1624 Ut
960 1561 1127 1638 Quinctius
1148 1597 1191 1609 -
1212 1564 1292 1627 nihil
1314 1564 1399 1626 enim
1422 1564 1520 1626 dicam
1545 1563 1585 1625 de
1608 1563 1722 1625 ceteris
1736 1594 1780 1608 -

456 1654 483 1717 si
504 1652 617 1717 fuisset
636 1653 731 1717 bomo
752 1653 885 1729 nobilis,
913 1656 985 1739 quis
1015 1678 1088 1720 eum
1117 1678 1189 1721 cum
1218 1658 1274 1720 illa
1295 1657 1443 1739 superbia
1463 1664 1557 1740 atque
1573 1656 1780 1720 intolerantia

455 1747 537 1811 t'erre
558 1747 737 1830 potuisset?
770 1747 864 1824 Quod
886 1769 924 1813 eo
945 1750 1015 1814 loco
1032 1751 1111 1826 tuit,
1133 1753 1177 1815 ita
1198 1751 1353 1825 tulerunt,
1375 1759 1425 1826 ut,
1458 1751 1484 1814 si
1508 1751 1585 1835 quid
1607 1752 1740 1814 baberet
1759 1771 1780 1813 a

455 1849 567 1904 natura
588 1841 680 1916 boni,
702 1841 853 1923 prodesse
875 1844 905 1906 ei
926 1851 1075 1926 putarent
1095 1853 1259 1927 oportere,
1281 1844 1461 1927 superbiam
1483 1852 1587 1906 autem
1609 1852 1706 1928 atque
1728 1864 1780 1908 ar·

454 1936 629 2019 rogantium
650 1935 719 1999 eius
742 1936 944 2001 deridendam
966 1936 1067 2019 magis
1088 1936 1313 2002 arbitrarentur
1337 1944 1467 2020 propter
1486 1937 1697 2001 humilitatem
1719 1939 1780 2001 ho·

417 2050 446 2099 to
455 2029 549 2093 minis
570 2049 665 2112 quam
686 2031 977 2112 pertimescendam.
1019 2032 1102 2093 XLI.
1118 2031 1204 2105 Sed,
1226 2039 1261 2095 ut
1281 2031 1358 2094 illuc
1375 2039 1533 2095 revertar:
1555 2051 1619 2114 quo
1634 2039 1778 2115 ternpore

454 2122 671 2187 Fidiculanius
692 2129 742 2187 est
761 2122 941 2200 absolutus,
963 2132 1011 2200 tu,
1034 2124 1090 2208 qui
1110 2124 1230 2188 iudicia
1251 2124 1333 2188 sacta
1347 2144 1592 2199 commemoras,
1615 2125 1693 2209 quid
1708 2132 1778 2187 tum

454 2237 525 2281 esse
546 2216 708 2281 existimas
730 2216 929 2281 iudicatum?
952 2226 1036 2283 certe
1058 2218 1155 2301 gratis
1176 2218 1343 2282 iudicasse.
1380 2213 1451 2280 ll3.
1474 2221 1515 2281 bt
1535 2216 1778 2292 condemnarat,

453 2318 486 2375 at
506 2330 633 2374 causam
655 2318 753 2374 totam
774 2331 839 2374 non
860 2312 1018 2387 audierat,
1039 2319 1072 2374 at
1085 2312 1118 2374 in
1133 2312 1333 2375 contionibus
1349 2307 1522 2395 [omnibus]
1538 2331 1557 2374 a
1571 2311 1607 2374 L.
1624 2311 1776 2387 Quinctio

452 2404 657 2469 vehementer
675 2414 742 2469 erat
763 2412 795 2469 et
815 2425 911 2490 saepe
932 2415 1075 2471 vexatus.
1119 2406 1177 2469 Illa
1198 2406 1294 2488 igitur
1314 2406 1422 2469 omnia
1443 2404 1633 2481 Quinctiana
1654 2405 1777 2488 iniqua,

415 2497 550 2574 saldra,
572 2498 766 2572 turbulenta,
788 2498 970 2581 popularia,
993 2500 1143 2563 seditiosa
1165 2499 1279 2562 iudicia
1299 2496 1438 2562 fuerunt.
1471 2500 1563 2561 Esto:
1585 2499 1689 2581 potuit
1704 2519 1777 2562 esse

451 2592 605 2656 innocens
625 2591 761 2656 Falcula.
795 2593 860 2655 lam
882 2611 956 2675 ergo
978 2593 1093 2676 aliquis
1109 2591 1317 2676 Oppianicum
1339 2593 1436 2674 gratis
1451 2591 1687 2655 condemnavit:
1710 2593 1776 2654 iam

452 2705 518 2749 uon
539 2706 593 2750 eos
615 2685 724 2749 lunius
745 2686 934 2748 subsortitus
956 2692 1019 2761 est,
1042 2688 1099 2769 qui
1120 2686 1257 2767 pecunia
1277 2694 1406 2768 accepta
1424 2686 1688 2748 condemnarent:
1711 2685 1775 2749 iam

452 2787 625 2864 potuerunt
645 2780 743 2862 aliqui
765 2780 804 2841 ab
825 2779 916 2843 initio
936 2800 999 2844 nou
1015 2780 1136 2844 sedisse
1151 2787 1184 2843 et
1198 2787 1303 2843 tamen
1317 2780 1529 2863 Oppianicum
1544 2779 1640 2862 gratis
1656 2780 1777 2842 conde-

452 2895 589 2938 mnasse.
619 2875 752 2947 Verum,
781 2873 809 2936 si
830 2874 982 2938 innocens
1003 2874 1150 2949 Falcula,
1179 2894 1313 2958 quaero,
1340 2875 1412 2957 quis
1435 2874 1477 2937 sit
1497 2875 1640 2938 nocensl
1670 2873 1697 2936 si
1719 2873 1775 2935 hic

415 2970 547 3052 ssgratis
576 2966 813 3042 condemnavit,
842 2970 914 3051 quis
943 2970 1085 3053 accepit?
1118 2971 1205 3051 Nego
1226 2988 1294 3030 rem
1315 2988 1386 3032 esse
1407 2967 1504 3031 ullam
1525 2970 1559 3031 in
1580 2986 1775 3052 quemquam

451 3063 578 3127 illorum
607 3063 774 3135 obiectam,
805 3082 887 3146 quae
913 3063 1111 3126 Fidiculanio
1139 3082 1204 3125 non
1233 3062 1356 3126 obiecta
1381 3062 1438 3137 sit;
1471 3062 1589 3146 aliquid
1617 3060 1715 3123 fuisse
1738 3059 1774 3121 in

450 3158 638 3222 Fidiculanii
658 3177 768 3232 causa,
792 3157 879 3240 quod
899 3155 984 3220 idem
1005 3176 1070 3219 non
1092 3163 1176 3218 esset
1196 3156 1229 3217 in
1244 3163 1428 3219 ceterorum.
1464 3150 1534 3217 ill.
1557 3156 1619 3218 Aut
1637 3153 1699 3216 boc
1722 3154 1773 3215 iu·

452 3253 568 3318 dicium
589 3250 804 3335 reprehendas
821 3258 873 3326 tu,
895 3252 985 3314 cuius
1000 3249 1160 3314 accusatio
1174 3250 1269 3312 rebus
1283 3248 1430 3312 iudicatis
1445 3250 1618 3321 nitebatur,
1638 3266 1772 3310 necesse

452 3357 516 3424 est,
536 3355 605 3423 aut,
626 3346 653 3410 si
673 3346 734 3409 boo
754 3365 862 3409 verum
886 3366 957 3409 esse
978 3343 1141 3418 concedis,
1167 3343 1378 3426 Oppianicum
1406 3344 1503 3425 gratis
1524 3340 1770 3407 condemnatum

413 3457 522 3507 abesse
543 3442 674 3506 fateare.

534 3535 732 3617 Quamquam
754 3532 828 3595 satis
850 3552 964 3615 magno
986 3538 1171 3615 argumento
1193 3552 1264 3595 esse
1286 3532 1397 3605 debet,
1419 3530 1506 3614 quod
1529 3551 1570 3593 ex
1583 3538 1648 3594 tam
1662 3529 1773 3593 multis

448 3632 606 3696 iudicibus
627 3625 772 3690 absoluto
793 3625 921 3690 Falcula
941 3646 1035 3689 nemo
1057 3646 1129 3689 rcus
1151 3624 1253 3690 lactus
1268 3633 1326 3690 est.
1348 3623 1433 3700 Quid
1449 3626 1534 3688 cuim
1549 3624 1628 3687 mihi
1642 3624 1775 3687 damna-

450 3734 499 3790 tos
527 3723 661 3787 ambitus
690 3718 855 3803 colligitis,
887 3720 951 3783 alia
978 3720 1065 3803 lege,
1099 3720 1193 3783 certis
1215 3719 1415 3794 criminibus,
1447 3719 1594 3801 plurimis
1615 3717 1773 3781 testibus?

448 3839 521 3883 cum
548 3817 685 3901 primum
713 3813 761 3877 illi
786 3813 846 3896 ipsi
874 3813 1041 3877 debuerint
1065 3813 1172 3897 potius
1192 3814 1334 3878 accusari
1356 3811 1397 3874 de
1418 3811 1562 3896 pecuniis
1583 3810 1773 3895 repetundis

409 3924 545 3996 aequam
565 3909 710 3973 ambitus.
745 3909 824 3972 Nam
845 3907 928 3971 siin
949 3908 1086 3972 ambitus
1105 3907 1232 3973 iudiciis
1252 3908 1314 3971 boc
1335 3906 1375 3971 iis
1400 3905 1516 3981 obfirit,
1538 3926 1609 3969 eum
1623 3905 1686 3968 alia
1700 3903 1772 3986 lege

513 4128 538 4177 4.
555 4136 638 4176 mores
653 4120 716 4187 cet]
742 4118 914 4181 Quintilianus
931 4121 962 4171 V.
982 4120 1027 4182 43,
1046 4122 1091 4173 39;
1114 4122 1172 4173 Alio
1187 4121 1350 4185 respondendi
1361 4120 1478 4183 patronis
1492 4120 1573 4181 rctlc,
1593 4123 1618 4169 st
1633 4117 1772 4179 aliquam

446 4206 530 4253 mmor
545 4212 632 4251 comm
647 4194 796 4246 concretio
811 4195 898 4256 modo,
915 4196 1027 4245 seduno
1042 4196 1131 4258 aiom,
1147 4196 1243 4258 omem,
1261 4195 1365 4257 mauce
1380 4196 1501 4254 lacerno,
1518 4192 1631 4253 bobum,
1648 4197 1713 4242 recte
1728 4192 1771 4240 ln-

446 4275 531 4327 curart
555 4274 629 4333 solet,
654 4276 683 4320 ut
704 4271 823 4320 odoacer
846 4270 974 4332 Quintium
990 4271 1074 4322 Cbero
1098 4286 1148 4321 noa
1163 4271 1224 4321 boec
1239 4270 1332 4332 edun,
1358 4271 1401 4321 sed
1417 4271 1499 4333 psam
1514 4269 1590 4320 ettam
1605 4270 1771 4333 praetextam

447 4350 592 4402 demissam
608 4347 643 4397 ad
660 4343 726 4396 talos
741 4344 874 4395 ememor
889 4350 932 4395 est.
953 4373 980 4384 -
1004 4351 1028 4396 et
1044 4346 1222 4410 eroposeiam
1237 4346 1290 4396 etus
1306 4347 1393 4397 STL:
1417 4347 1470 4396 etos
1485 4349 1509 4395 et
1527 4343 1704 4407 mogontiam
1720 4342 1772 4391 444

446 4424 503 4479 to.
522 4424 553 4489 (st
569 4436 623 4474 orn.
641 4420 712 4481 Fu.)
731 4446 759 4456 -
777 4423 852 4481 apos
868 4421 1028 4471 emortuom
1044 4422 1097 4471 ST.
1118 4447 1145 4457 -
1168 4421 1193 4470 2.
1212 4421 1340 4470 dimissam
1356 4422 1382 4471 S.
1402 4447 1430 4455 —
1449 4421 1474 4471 3,
1492 4433 1509 4470 c
1526 4420 1583 4469 ST:
1610 4417 1643 4467 ab
1659 4417 1770 4466 Fure

447 4496 541 4553 00-
561 4492 1363 4551 4.ααετι;4414400.,-οιῑωηει04404440.-
1381 4492 1769 4555 moab-boumn.

448 4569 973 4624 -saaesitsb-otvttsrrbta:
990 4567 1197 4623 vaauen·
1216 4571 1412 4632 8.quth{.-
1431 4572 1456 4622 9.
1473 4571 1600 4621 odanti:
1617 4568 1703 4617 tisdm
1719 4567 1771 4616 Rb

446 4648 530 4703 bFO.
545 4673 572 4683 -
592 4642 720 4709 ldultils]
740 4645 801 4696 otoo
816 4647 870 4697 ST.
890 4671 919 4682 -
939 4646 979 4696 ⁴2.
998 4646 1023 4712 a]
1040 4647 1068 4695 to
1084 4646 1201 4696 SFMA.
1222 4672 1249 4683 -
1268 4646 1308 4696 43.
1327 4652 1403 4708 otqos
1418 4659 1471 4697 om.
1490 4647 1519 4696 Τ.
1539 4669 1566 4682 -
1586 4643 1627 4693 46.
1645 4640 1772 4691 ιιὸεοὶιιειιε

445 4726 522 4776 ests.
542 4749 569 4759 -
593 4721 764 4772 ludictoST:
782 4718 1124 4774 soludlcloRAbFO.-
1144 4720 1277 4783 odiost:
1296 4717 1658 4784 qowoqotuaabtu-
1678 4716 1771 4765 ttiu-

445 4799 550 4850 dlcossot
564 4800 590 4849 S.
605 4822 633 4834 -
650 4796 683 4848 At
698 4796 877 4847 condemnarat
887 4821 924 4833 --
935 4809 953 4845 o
968 4797 997 4846 4,.
1010 4810 1064 4848 om.
1077 4796 1106 4847 Τ.
1121 4823 1148 4831 -
1168 4795 1208 4845 48.
1227 4797 1340 4847 omnibus
1355 4798 1439 4848 oms
1456 4798 1484 4847 et
1499 4797 1597 4846 omissa
1613 4791 1770 4844 auctoritate

447 4872 607 4926 clamenus.
628 4899 655 4911 -
675 4872 789 4935 oseem
804 4871 861 4921 rso.
877 4871 913 4935 pt.
933 4873 959 4922 s
979 4900 1006 4909 -
1030 4874 1071 4923 ao.
1089 4871 1185 4922 turma
1199 4870 1309 4936 tumr]
1325 4872 1500 4923 {memsam
1515 4872 1569 4921 sr.
1583 4895 1610 4904 -
1630 4868 1671 4917 2⁴.
1689 4864 1770 4925 muer

448 4951 502 5001 ST.
521 4975 548 4986 -
574 4949 616 4999 22.
634 4948 920 4999 mmmmm.-
938 4946 1295 5009 tapommetattqotcod.
1313 4939 1768 5009 LambinmporarotorottouiST;

443 5022 620 5087 potottollqol
635 5023 674 5083 bl;
696 5022 779 5085 poterit
798 5021 890 5082 aliquis
908 5019 1049 5073 Facto,
1073 5048 1101 5059 -
1124 5023 1376 5073 condonnorsetsl'.
1396 5049 1424 5059 -
1447 5020 1489 5073 24.
1507 5015 1767 5084 qrcocroSTFblA:

446 5112 538 5163 quasso
553 5095 638 5151 LFO.
658 5123 685 5135 -
704 5096 748 5159 qul
763 5096 817 5146 S'l'.
836 5121 864 5132 -
882 5096 914 5147 sit
930 5096 988 5147 S'F:
1015 5110 1069 5147 om.
1088 5092 1231 5148 RALFO.
1250 5122 1278 5133 -
1296 5096 1337 5146 26.
1355 5110 1405 5145 coa
1420 5095 1588 5146 oblechF:
1607 5092 1702 5143 obiecto
1717 5103 1769 5140 soa

447 5171 588 5227 nablo.
604 5200 631 5211 -
650 5171 747 5234 ollquid
761 5171 910 5222 strata:
928 5184 991 5236 copo
1006 5172 1104 5235 ailquid
1119 5183 1181 5222 cum
1198 5168 1242 5221 sd.
1259 5172 1361 5221 luntina
1377 5168 1466 5230 u803
1489 5181 1568 5231 socos
1583 5166 1680 5232 etipse
1695 5163 1764 5219 2.-

446 5249 488 5301 28.
505 5246 731 5301 citabaturSTL:
748 5245 940 5299 citioldebotur
956 5244 1071 5301 RAFO.
1091 5273 1119 5284 -
1137 5246 1178 5299 344.
1195 5246 1299 5299 esst:
1317 5242 1546 5301 coruscae.
