4367 6109
675 581 743 648 Lu.
764 583 804 647 H.
834 581 908 647 Can.
929 579 1209 648 xxv-xxm
1235 579 1293 666 §5
1315 579 1475 646 oo-ot..
1675 577 1738 647 447

421 752 603 836 Syracusas,
623 759 790 837 utrumque
810 753 939 816 rescidit
958 760 991 817 et
1010 752 1051 816 de
1064 752 1209 836 Epicrate
1230 758 1263 815 et
1283 750 1323 817 de
1337 751 1492 815 Heraclio.
1524 751 1561 815 ln
1574 753 1738 838 utriusque

419 846 511 909 bonis
539 847 620 911 nihil
648 853 731 921 erat,
762 848 846 931 quod
875 847 994 910 restitui
1026 855 1148 931 posset,
1181 847 1242 909 nisi
1270 847 1297 909 si
1326 846 1403 930 quid
1430 847 1548 909 moveri
1576 846 1646 910 loco
1672 867 1739 912 non

418 945 571 1023 potuerat.
614 942 729 1004 XXVI.
757 938 809 1004 63.
837 942 967 1004 Fecerat
993 940 1054 1005 hoc
1076 941 1200 1024 egregie
1225 941 1325 1024 primo
1347 940 1483 1004 adventu
1511 940 1673 1015 Metellus,
1702 948 1739 1006 ut

419 1052 530 1098 omnes
551 1036 640 1098 istius
662 1036 805 1110 iniurias,
836 1055 914 1120 quas
942 1034 1035 1099 modo
1062 1043 1185 1119 posset,
1216 1035 1409 1098 rescinderet
1437 1042 1468 1098 et
1488 1034 1589 1098 irritas
1610 1033 1737 1098 laceret.

420 1126 513 1203 Quod
529 1128 707 1193 Heraclium
728 1131 849 1194 restitui
870 1131 1002 1193 iusserat
1022 1149 1059 1192 ac
1075 1149 1140 1193 non
1154 1129 1381 1203 restituebatur,
1404 1128 1545 1212 qrrisqrris
1563 1137 1629 1192 erat
1642 1130 1761 1196 educ-l

364 1240 367 1249 ·
417 1230 468 1287 tus
490 1230 616 1287 senator
637 1225 851 1308 Syracusanus
873 1225 912 1287 ab
934 1222 1088 1297 Heraclio,
1112 1223 1183 1285 duci
1203 1222 1347 1286 iubebat:
1368 1223 1475 1306 itaque
1493 1223 1638 1306 permulti
1653 1224 1739 1288 ducti

418 1323 501 1377 sunt.
543 1317 702 1400 Epicrates
733 1320 861 1404 quidem
889 1319 1036 1383 continuo
1064 1324 1114 1381 est
1140 1319 1309 1379 restitutus.
1351 1316 1420 1380 Alia
1447 1316 1564 1381 iudicia
1587 1317 1738 1402 Lilybaei,

418 1409 480 1473 alia
494 1411 663 1497 Agrigenti,
685 1413 746 1476 alia
760 1415 904 1477 Panormi
925 1413 1066 1476 restituta
1087 1420 1170 1474 sunt.
1204 1411 1333 1485 Census,
1357 1412 1412 1494 qui
1433 1411 1492 1475 isto
1509 1418 1650 1494 praetore
1665 1417 1739 1475 sunt

417 1500 526 1577 habiti,
549 1524 612 1568 non
634 1515 826 1571 servaturum
848 1528 882 1572 se
898 1507 1042 1570 Metellus
1064 1504 1260 1569 ostenderat:
1282 1505 1439 1580 decumas,
1462 1524 1540 1589 quas
1557 1505 1616 1568 iste
1631 1514 1739 1570 contra

419 1598 521 1680 legem
542 1599 740 1664 Hieronicam
764 1603 963 1676 vendiderat,
997 1620 1067 1665 sese
1088 1601 1286 1664 venditurum
1307 1599 1475 1662 Hieronica
1495 1599 1565 1681 lege
1586 1600 1775 1665 edixeratto

420 1692 533 1756 Omnia
554 1704 642 1758 erant
655 1695 773 1760 Metelli
795 1697 958 1770 eiusmodi,
980 1704 1099 1759 utnon
1120 1704 1183 1758 tam
1205 1714 1291 1758 suam
1313 1701 1488 1777 praeturam
1503 1714 1621 1776 gerere,
1644 1714 1738 1777 quam

419 1787 507 1849 istius
536 1797 712 1870 praeturam
741 1798 883 1853 retexere
912 1791 1078 1853 videretur.
1127 1785 1178 1851 64.
1203 1787 1302 1850 Simul
1330 1795 1424 1871 atque
1456 1807 1515 1870 ego
1542 1789 1574 1851 in
1601 1789 1738 1852 Siciliam

418 1882 501 1955 veni,
524 1890 660 1945 mutatus
683 1889 740 1947 est.
783 1885 921 1948 Venerat
940 1885 980 1948 ad
1003 1905 1074 1947 eum
1096 1882 1152 1946 illo
1180 1883 1276 1945 biduo
1298 1882 1445 1945 Laetilius
1474 1882 1615 1966 quidam,
1643 1881 1738 1946 homo

418 1996 482 2039 non
511 1975 633 2040 alienus
662 1997 681 2040 a
707 1977 835 2042 litteris:
866 1980 972 2062 itaque
1001 1997 1039 2041 eo
1067 1978 1127 2040 iste
1153 1976 1315 2039 tabellario
1345 1996 1468 2059 semper
1495 1997 1570 2040 usus
1600 1985 1657 2041 est.
1707 1977 1738 2040 Is

418 2070 565 2153 epistolas
588 2072 765 2155 complures
786 2072 945 2147 attulerat,
969 2073 1001 2135 in
1022 2072 1071 2135 his
1092 2091 1187 2135 unam
1210 2071 1319 2145 domo,
1342 2090 1423 2155 quae
1445 2076 1542 2134 totum
1563 2072 1776 2135 immutaratlt

416 2164 585 2228 hominem.
629 2166 769 2249 Repente
792 2168 894 2249 coepit
915 2167 1018 2230 dicere
1041 2186 1075 2228 se
1097 2166 1201 2228 omnia
1222 2165 1328 2227 Verris
1350 2185 1444 2228 causa
1464 2164 1563 2229 vellet
1585 2166 1645 2229 sibi
1667 2186 1739 2230 cum

417 2279 456 2323 eo
478 2259 645 2322 amicitiam
668 2262 949 2345 cognationemque
965 2281 1045 2325 esse.
1071 2260 1264 2323 Mirabantur
1277 2278 1387 2321 omnes
1400 2257 1460 2322 hoc
1476 2260 1505 2322 ei
1519 2267 1585 2324 tum
1599 2262 1739 2345 denique

416 2356 449 2417 in
470 2360 607 2417 mentem
629 2355 762 2429 venisse,
784 2362 988 2440 posteaquam
1010 2363 1073 2419 tam
1096 2353 1201 2416 multis
1223 2373 1295 2415 eum
1316 2352 1405 2415 iactis
1428 2354 1626 2439 decretisque
1648 2356 1740 2438 iugu-

416 2449 521 2512 lasset.
551 2449 649 2512 Erant
670 2450 724 2533 qui
740 2457 885 2533 putarent
899 2449 1062 2512 Laetilium
1077 2448 1214 2531 legatum
1229 2467 1248 2510 a
1262 2447 1359 2509 Verre
1372 2447 1508 2522 venisse,
1531 2451 1584 2533 qui
1599 2449 1739 2532 gratiam,

416 2543 582 2608 amicitiam
604 2544 885 2629 cognationemque
907 2549 1171 2607 commemoraret.
1214 2542 1263 2603 Ex
1284 2541 1339 2604 illo
1364 2548 1503 2626 tempore
1525 2563 1544 2606 a
1565 2543 1777 2606 civitatibusat

416 2635 615 2700 laudationes
629 2643 747 2720 petere,
769 2647 865 2701 testes
880 2636 944 2701 non
958 2638 1059 2701 solum
1075 2637 1234 2699 deterrere
1249 2636 1362 2708 verbis,
1378 2635 1435 2698 sed
1451 2638 1545 2700 etiam
1558 2638 1590 2701 vi
1603 2639 1739 2702 retinere

417 2730 530 2814 coepit.
574 2729 666 2806 Quod
690 2733 752 2794 nisi
774 2753 832 2814 ego
854 2754 924 2796 meo
947 2732 1082 2796 adventu
1104 2731 1188 2794 illius
1210 2737 1339 2793 conatus
1360 2730 1554 2814 aliquantum
1575 2733 1741 2816 repressis·

417 2845 484 2888 sem
506 2832 538 2887 et
558 2825 640 2907 apud
665 2825 787 2890 Siculos
810 2846 873 2889 non
894 2826 1023 2901 Metelli,
1045 2825 1103 2889 sed
1125 2824 1301 2887 Glabrionis
1323 2823 1433 2886 litteris
1455 2843 1491 2887 ac
1512 2824 1583 2908 lege
1604 2844 1740 2909 pugnas·

417 2940 500 2994 sem,
521 2925 585 2981 tam
607 2918 721 2982 multos
742 2920 804 2983 huc
826 2940 956 2985 evocare
979 2941 1041 2983 non
1062 2917 1243 3004 potuissem.
1286 2918 1417 2980 xxvll.
1439 2914 1490 2979 65.
1506 2919 1632 2994 Vemm,
1654 2919 1740 3004 quod

415 3014 535 3078 institui
558 3015 680 3088 dicere,
702 3015 843 3078 miserias
865 3016 1043 3096 cognoscite
1066 3014 1230 3077 sociorum.
1269 3011 1430 3074 Heraclius
1452 3012 1507 3076 ille
1529 3020 1561 3077 et
1580 3013 1778 3097 Epicrates!

416 3108 510 3189 longe
534 3107 610 3170 mihi
633 3108 755 3171 obviam
778 3129 848 3172 cum
870 3109 934 3172 suis
964 3107 1109 3171 omnibus
1138 3112 1374 3191 processerunt:
1404 3108 1541 3169 venienti
1568 3110 1738 3193 Syracusas

416 3209 548 3284 egerunt
568 3203 680 3284 gratias
703 3203 831 3265 flentes:
854 3203 982 3266 Romam
1005 3201 1159 3267 decedere
1181 3220 1304 3265 mecum
1319 3200 1511 3283 cupivemnt.
1541 3201 1634 3278 Quod
1650 3209 1739 3266 erant

417 3296 492 3359 mihi
515 3294 631 3379 oppida
653 3297 812 3380 complura
834 3298 926 3359 etiam
948 3296 1086 3381 reliqua,
1117 3315 1197 3380 quae
1228 3294 1316 3358 adire
1338 3294 1468 3370 vellem,
1497 3295 1643 3359 constitui
1669 3315 1739 3358 cum

416 3390 613 3464 hominibus,
646 3409 708 3472 quo
738 3391 787 3452 die
814 3391 891 3453 mihi
918 3392 1082 3453 Messanae
1111 3395 1234 3474 praesto
1263 3398 1378 3451 essent.
1420 3391 1467 3453 Eo
1492 3390 1569 3453 mibi
1595 3389 1739 3453 nuntium

416 3486 568 3549 miserunt
595 3505 629 3547 se
658 3504 678 3547 a
708 3492 851 3567 praetore
879 3485 1017 3547 retineri.
1071 3483 1193 3559 Quibus
1222 3501 1281 3564 ego
1309 3484 1519 3546 testimonium
1548 3476 1777 3560 denuntiarint

417 3599 550 3663 quorum
577 3579 704 3642 nomina
736 3579 819 3642 edidi
849 3578 991 3653 Metello,
1028 3577 1220 3662 cupidissimi
1253 3576 1591 3651 veniendi,.maximis
1618 3579 1739 3642 iniuriis

416 3673 533 3746 allecti,
564 3672 665 3735 adhuc
694 3692 757 3735 non
787 3680 950 3735 venerunt.
993 3672 1060 3734 Hoc
1089 3671 1156 3735 iure
1184 3675 1258 3731 sunt
1283 3668 1372 3744 socii,
1399 3675 1435 3732 ut
1455 3669 1493 3732 iis
1514 3689 1555 3733 ne
1577 3670 1739 3754 deplorare

417 3765 545 3848 quidem
566 3765 606 3828 de
629 3767 693 3829 suis
714 3767 921 3830 incommodis
943 3766 1047 3829 liceat.

480 3942 505 3992 4.
523 3942 623 3992 44444444
639 3941 708 4005 6344
724 3956 752 4007 p.
771 3956 806 3993 m.
826 3957 865 4005 φτ
891 3943 1007 3993 rescindit
1022 3941 1045 3990 V
1062 3943 1108 3991 cll.
1129 3966 1157 3977 -
1174 3940 1199 3991 4.
1216 3940 1265 3989 olai
1280 3939 1302 3988 ri
1318 3939 1431 4003 434944
1447 3953 1474 4005 p.
1492 3953 1529 3992 m.
1547 3942 1617 4005 ¹3th
1635 3943 1685 3992 rial
1700 3943 1740 3995 eV

416 4019 461 4067 ctt.
480 4017 508 4066 0.
530 4044 556 4053 -
576 4017 637 4078 qaid
653 4016 721 4081 6344
737 4032 765 4083 p.
784 4031 819 4068 m.
839 4032 875 4079 ro:
895 4019 960 4080 qood
977 4016 1015 4066 eV
1032 4019 1077 4066 cll.
1097 4017 1124 4066 0.
1142 4043 1169 4052 -
1183 4015 1207 4065 3.
1222 4020 1340 4079 potuerat
1356 4013 1424 4078 6344
1440 4028 1467 4080 p.
1485 4029 1521 4066 m.
1541 4016 1572 4065 F:
1589 4023 1689 4081 poterut
1700 4018 1739 4068 eV

416 4093 460 4142 ctt.
479 4092 508 4142 0.
524 4119 551 4128 -
570 4091 615 4140 boc
631 4091 700 4155 6344
711 4105 738 4157 p.
752 4105 798 4142 m.:
818 4093 879 4142 boec
896 4094 940 4142 ctt.
959 4093 988 4142 0.
1004 4119 1031 4129 -
1050 4089 1072 4141 l.
1085 4091 1176 4140 imitar
1192 4089 1239 4152 (sic
1255 4090 1345 4154 saepe)
1370 4089 1401 4138 V.
1421 4117 1449 4126 -
1467 4091 1492 4141 s.
1511 4092 1578 4153 quod
1596 4092 1740 4144 [4444444444

415 4168 446 4218 F:
465 4167 532 4228 qaod
554 4167 670 4218 Heraclio
691 4166 759 4231 6344
776 4181 802 4232 p.
822 4181 858 4218 m.
876 4169 915 4228 44;
938 4165 1082 4217 Heraclien
1099 4166 1137 4217 eV
1157 4167 1203 4216 ctt.
1225 4165 1254 4215 0.
1274 4191 1302 4202 -
1324 4178 1355 4214 ac
1374 4163 1487 4228 aglaa:
1511 4178 1566 4218 om.
1590 4168 1636 4217 ctt.
1658 4166 1687 4217 0.
1707 4191 1736 4205 -

414 4240 608 4292 restituebantur
623 4240 692 4306 6344
704 4243 734 4291 V.
755 4269 782 4279 -
801 4244 856 4305 qotr
872 4243 902 4292 V.
923 4267 951 4278 -
970 4243 1070 4292 edrsctcs
1086 4241 1244 4292 FNVcelt.
1263 4238 1341 4289 codd.
1360 4241 1428 4290 noll:
1446 4240 1534 4290 dacter
1549 4239 1612 4291 edd.
1630 4242 1694 4293 vett.
1708 4268 1737 4279 -

414 4318 439 4367 l.
456 4321 492 4368 cst
506 4323 565 4368 rest.
584 4317 716 4381 6344414
729 4318 761 4367 V:
784 4325 843 4374 rest.
861 4324 896 4370 est
912 4320 957 4369 ott.
976 4318 1005 4367 0.
1026 4345 1053 4354 -
1080 4318 1104 4368 8.
1123 4317 1178 4366 olio
1192 4316 1325 4366 44444444
1342 4328 1395 4366 om.
1414 4314 1483 4379 6344
1499 4329 1527 4381 p.
1546 4328 1583 4367 m.
1600 4317 1631 4366 V.
1653 4342 1681 4352 -
1695 4317 1734 4369 44.

414 4393 528 4443 44444444
544 4391 684 4455 6344446.
703 4391 766 4442 edit.
784 4394 868 4457 princ.
886 4392 961 4445 4444.
979 4391 1012 4442 cl.
1032 4391 1056 4454 5.
1075 4391 1122 4441 66:
1140 4391 1241 4440 diverat
1257 4389 1296 4439 eV
1313 4392 1357 4439 ctt.
1376 4389 1406 4440 0.
1422 4416 1450 4426 -
1463 4392 1503 4441 44.
1521 4397 1550 4442 ut
1565 4405 1616 4443 444
1632 4396 1738 4443 4444·-

413 4468 539 4518 uideretur
555 4467 624 4530 6349
641 4467 689 4517 All
700 4467 752 4528 ch
771 4468 805 4530 (in
822 4469 873 4518 hoc
890 4471 979 4518 tanren
991 4471 1144 4529 praeturam
1159 4462 1243 4514 altero
1259 4461 1318 4514 loco
1335 4464 1412 4528 omi:
1431 4470 1460 4515 ut
1476 4479 1527 4516 444
1542 4472 1595 4517 torn
1610 4480 1683 4517 44444
1694 4480 1737 4530 pr.

413 4546 460 4591 rel.
471 4542 598 4592 uideretur
608 4541 676 4605 6344
686 4555 714 4606 p.
725 4555 761 4593 m.
775 4543 805 4592 N.
825 4541 883 4607 [sed
894 4541 973 4592 abest
983 4556 998 4591 a
1009 4541 1041 4593 44
1052 4555 1079 4606 p.
1090 4554 1127 4592 m.
1139 4545 1186 4590 rel.
1198 4539 1274 4603 uid.];
1292 4544 1321 4589 ut
1331 4544 1410 4591 444444
1420 4541 1460 4590 ist.
1469 4555 1512 4604 pr.
1525 4548 1572 4593 ret.
1582 4544 1634 4594 444.
1648 4541 1695 4594 dtt.
1705 4543 1735 4594 0.

417 4644 444 4654 -
459 4616 498 4667 l3.
516 4616 635 4666 6444444444
647 4617 682 4665 V:
700 4618 782 4667 lellus
798 4616 867 4681 6344
883 4630 909 4681 p.
923 4630 974 4674 m.;
992 4619 1027 4668 M.
1045 4618 1148 4668 64444444
1163 4618 1209 4667 ctt.
1223 4616 1253 4665 0.
1272 4614 1305 4665 ct.
1318 4628 1343 4664 v.
1357 4615 1398 4666 49.
1415 4615 1440 4680 5.
1453 4616 1510 4668 438.
1525 4645 1552 4655 -
1572 4616 1612 4669 44.
1629 4629 1689 4666 arus
1701 4621 1737 4667 erl

414 4705 510 4756 semper
524 4693 608 4756 4344;
626 4705 722 4756 reaper
738 4706 791 4744 om.
810 4693 877 4756 6344
894 4705 920 4756 p.
935 4705 971 4742 m.
992 4719 1019 4729 -
1039 4694 1079 4742 lt.
1097 4691 1214 4754 44444444
1229 4691 1359 4752 44434444
1371 4691 1401 4741 V.
1421 4717 1449 4727 -
1466 4695 1580 4742 44444444
1596 4690 1626 4740 V.
1646 4717 1674 4727 -
1692 4691 1734 4742 44.

414 4766 553 4831 bostiliaco]
571 4766 629 4817 Vid.
647 4781 673 4817 v.
688 4769 728 4819 ll.
743 4796 771 4806 -
784 4768 825 4818 44.
838 4769 995 4817 laudationes
1005 4766 1073 4831 6344
1086 4768 1124 4817 eV
1135 4782 1172 4829 cp:
1189 4767 1359 4817 4444444444
1374 4769 1420 4818 ctt.
1435 4792 1463 4806 -
1481 4769 1523 4818 44.
1541 4767 1590 4816 ciri
1605 4780 1649 4831 cqc
1667 4765 1735 4830 6344

414 4857 440 4909 p.
454 4855 490 4892 m.
503 4842 540 4891 V:
559 4856 604 4906 434
620 4845 668 4893 oiri
685 4846 730 4893 ctt.
744 4844 773 4894 0.
789 4872 815 4881 -
834 4843 1018 4906 aliquantulum
1034 4842 1082 4892 dtt.
1096 4843 1125 4892 0.
1141 4870 1168 4879 -
1187 4843 1227 4893 43.
1247 4849 1309 4905 apra
1326 4844 1374 4905 (sic
1390 4843 1480 4907 saepe)
1492 4842 1522 4893 V.
1537 4868 1564 4877 -
1582 4838 1623 4890 44.
1636 4840 1734 4906 maltos]

414 4918 503 4967 4444444
513 4918 636 4969 lctteseV.
650 4917 740 4982 [flecte
749 4919 766 4982 l]
780 4945 808 4956 -
820 4919 861 4968 44.
879 4919 1002 4968 aermnae
1013 4915 1110 4981 aglav
1121 4933 1157 4979 φ;
1175 4918 1317 4968 8444444444
1327 4920 1373 4968 ctt.
1385 4918 1412 4969 0.
1430 4944 1457 4954 -
1469 4917 1510 4967 46.
1523 4915 1655 4978 8444444444
1666 4913 1734 4978 6344

413 5005 440 5056 p.
458 5004 494 5041 m.
511 5019 538 5028 -
556 4992 597 5041 44.
615 5005 712 5042 mecam
727 4994 841 5042 44444444
858 4992 904 5042 eV.
921 5019 947 5030 -
965 4993 1128 5055 cupieraoto
1145 4994 1237 5043 contra
1255 4991 1332 5042 codd.
1354 5019 1381 5030 -
1399 4991 1440 5042 44.
1459 4992 1551 5054 oppido
1566 4990 1626 5039 mibi
1642 4989 1689 5039 eV.
1703 5016 1731 5028 -

414 5072 467 5117 lico
476 5067 540 5117 bom.
555 5067 623 5130 6344
640 5082 666 5132 p.
679 5081 715 5118 m.
731 5095 758 5104 -
777 5069 817 5117 49.
836 5081 885 5130 quo
901 5067 947 5131 dic]
965 5069 1031 5128 quod
1046 5068 1111 5117 idem
1121 5068 1152 5118 V.
1173 5094 1200 5104 -
1215 5073 1317 5130 3444444
1333 5069 1444 5118 adessem
1460 5067 1490 5117 V.
1508 5067 1542 5117 st
1555 5069 1656 5128 praesto
1672 5077 1732 5126 ecre,

413 5140 495 5192 Tullio
512 5143 721 5202 usitatissimum,
739 5144 889 5193 sexcenties
906 5142 932 5192 in
948 5142 989 5192 his
1001 5141 1164 5194 orationibus
1180 5143 1283 5207 legitur,
1301 5156 1448 5209 numquam
1462 5148 1563 5206 praesto
1579 5143 1670 5193 444444.
1689 5142 1732 5195 Sic

414 5214 479 5264 inira
496 5214 520 5279 ἓ.
533 5217 574 5267 44.
593 5219 659 5267 extr.
678 5230 753 5267 444444
769 5219 795 5268 in
812 5217 891 5267 codd.
910 5216 976 5267 dett.
994 5219 1124 5270 mutatum
1141 5220 1183 5269 est
1202 5219 1230 5269 in
1246 5220 1363 5270 44444444.
1379 5245 1407 5255 -
1425 5217 1466 5270 il.
1485 5218 1550 5269 edidi
1565 5218 1669 5268 4444444
1682 5217 1729 5269 eV.

414 5287 501 5342 -44,
520 5290 786 5358 mrxacatmcll.
806 5291 979 5346 -44444446
