4367 6109
771 613 843 680 cn.
865 613 1149 680 xxx-xxxa.
1177 611 1234 699 ps.
1256 610 1408 679 aa-so.
1703 618 1744 685 ea

421 805 518 875 quam
548 791 674 874 praeest
701 784 776 849 huic
804 785 983 869 quaestioni
1003 786 1052 849 vir
1073 792 1105 848 et
1126 792 1235 849 contm
1256 786 1420 850 audaciam
1441 785 1630 852 fortissimus
1652 797 1684 853 et
1704 791 1744 855 ab

419 882 605 946 innocentia
633 878 911 954 clementissimus,
942 886 1047 943 tamen
1075 880 1168 944 facile
1190 900 1240 942 me
1270 888 1396 964 paterer
1416 883 1468 946 vel
1488 882 1544 946 illo
1566 883 1636 967 ipso
1657 903 1745 948 acer·

418 976 500 1039 rimo
523 974 628 1038 iudice
651 981 821 1058 quaerente
843 975 894 1038 vel
915 975 1000 1056 apud
1024 975 1189 1037 Cassianos
1217 974 1354 1049 iudices,
1384 996 1520 1060 quorum
1543 978 1637 1040 etiam
1658 997 1743 1044 nunc

419 1070 459 1145 ii,
482 1069 597 1154 quibus
620 1087 716 1132 causa
738 1068 872 1134 dicenda
893 1074 956 1142 est,
983 1086 1099 1130 nomen
1129 1067 1234 1150 ipsum
1256 1067 1476 1146 reformidant,
1505 1091 1563 1154 pro
1586 1072 1659 1136 Sex.
1681 1076 1744 1137 Ro·

419 1165 486 1228 scio
509 1164 622 1227 dicere.
666 1163 784 1225 xxxi.
806 1158 857 1225 86.
879 1162 915 1225 ln
936 1162 996 1225 hac
1018 1163 1102 1224 enim
1125 1181 1239 1236 causa,
1263 1182 1334 1224 cum
1355 1163 1501 1229 viderent
1521 1165 1593 1230 illos
1615 1169 1781 1252 amplis-e

419 1260 531 1322 simam
552 1258 719 1341 pecuniam
741 1255 920 1339 possidere,
942 1255 1027 1320 huuc
1049 1257 1082 1318 iu
1105 1275 1228 1318 summa
1249 1256 1450 1321 mendicitate
1469 1277 1556 1335 esse,
1578 1260 1657 1324 illud
1673 1263 1744 1347 qui·

420 1352 492 1416 dem
523 1372 587 1415 uon
621 1357 827 1435 quaererent,
861 1351 912 1415 cui
944 1352 1027 1414 bono
1056 1348 1186 1424 fuisset,
1219 1350 1275 1413 sed
1305 1370 1342 1414 eo
1371 1353 1540 1436 perspicuo
1570 1356 1688 1420 crimen
1711 1364 1745 1420 et

419 1448 631 1535 suspicionem
654 1446 760 1529 potius
782 1444 822 1507 ad
845 1445 993 1529 praedam
1015 1443 1224 1527 adiungerent
1246 1465 1341 1529 quam
1364 1445 1405 1509 ad
1421 1452 1602 1529 egestatem.
1636 1449 1742 1526 Quidt

419 1543 446 1608 si
467 1539 589 1606 accedit
610 1539 739 1615 eodem,
761 1546 796 1601 ut
817 1541 922 1603 tennis
943 1546 1036 1603 antea
1057 1538 1180 1602 iueris‘t
1207 1539 1310 1623 quidi
1332 1541 1359 1604 si
1379 1547 1416 1603 ut
1437 1544 1572 1606 avarus?
1595 1544 1693 1627 quid‘t
1716 1546 1743 1610 si

418 1642 454 1701 ut
474 1634 600 1701 audax?
624 1632 724 1720 quid‘t
746 1633 773 1696 si
795 1640 831 1696 ut
852 1633 956 1709 illius,
979 1634 1034 1717 qui
1050 1634 1173 1697 occisus
1189 1641 1252 1708 est,
1275 1632 1531 1699 inimicissimus:
1554 1657 1630 1700 num
1645 1652 1779 1723 quae-to

418 1728 517 1795 reuda
537 1748 650 1804 causa,
680 1748 761 1813 quae
783 1734 815 1791 te
837 1727 876 1791 ad
899 1734 1020 1790 tantum
1042 1725 1164 1790 facinus
1186 1726 1375 1791 adduxeritt
1410 1727 1495 1805 Quid
1524 1749 1598 1813 ergo
1627 1731 1742 1797 horum

418 1824 524 1907 negari
547 1825 673 1907 potesti
705 1824 855 1887 Tenuitas
876 1821 1013 1885 hominis
1036 1821 1192 1885 eiusmodi
1213 1829 1276 1897 est,
1299 1829 1334 1885 ut
1354 1821 1545 1886 dissimulari
1565 1843 1631 1887 non
1646 1833 1743 1910 queat

349 1965 360 1972 -
417 1928 513 2004 atque
536 1937 574 1981 eo
598 1918 695 2000 magis
718 1917 856 1992 eluceat,
887 1936 950 2000 quo
973 1915 1072 1997 magis
1094 1915 1280 1978 occultatur.
1323 1913 1374 1978 87.
1396 1916 1567 1981 Avaritiam
1590 1918 1741 2000 praefers,

420 2015 475 2100 qui
497 2014 679 2077 societatem
701 2010 815 2074 coieris
837 2011 877 2074 de
899 2010 1067 2092 municipis
1089 2011 1278 2094 cognatique
1301 2009 1436 2075 fortunis
1451 2030 1523 2074 cum
1538 2012 1741 2078 alienissimo.

418 2110 522 2191 Quam
550 2109 593 2171 sis
621 2106 742 2180 audax,
771 2112 807 2167 ut
833 2106 895 2169 alia
917 2104 1099 2178 obliviscar,
1127 2103 1201 2167 hinc
1223 2125 1333 2168 omnes
1355 2106 1531 2190 intelligere
1553 2114 1779 2190 potuerunt,ts

417 2205 505 2295 quod
526 2223 567 2266 ex
589 2209 654 2265 tota
676 2198 845 2276 societate,
873 2199 935 2264 hoc
964 2205 1026 2273 est,
1054 2218 1095 2263 ex
1117 2205 1164 2261 tot
1185 2200 1322 2276 sicariis,
1352 2199 1440 2265 solus
1463 2208 1497 2263 tu
1519 2202 1667 2267 iuventus
1690 2223 1740 2280 es,

416 2300 474 2390 qui
497 2319 568 2362 curn
590 2295 826 2361 accusatoribus
849 2293 975 2357 sederes
996 2298 1093 2377 atque
1110 2313 1145 2357 os
1163 2300 1252 2356 tuum
1267 2314 1333 2358 non
1347 2293 1441 2359 modo
1457 2297 1658 2373 ostenderes,
1680 2299 1741 2363 sed

418 2396 512 2460 etiam
543 2392 682 2456 offerres.
726 2389 910 2453 Inimicitias
942 2387 998 2451 tibi
1028 2386 1127 2450 inisse
1157 2408 1228 2451 cum
1258 2388 1331 2452 Sex.
1353 2389 1468 2452 Roscio
1491 2399 1523 2454 et
1544 2411 1674 2475 magnas
1694 2395 1740 2458 rei

415 2486 580 2552 familiaris
608 2484 838 2549 controversias
864 2483 1019 2546 concedas
1041 2502 1172 2546 necesse
1195 2490 1253 2545 est.
1297 2479 1347 2544 88.
1376 2482 1501 2560 Restat,
1531 2484 1671 2562 iudices,
1705 2495 1742 2551 ut

413 2584 477 2648 hoc
501 2580 699 2655 dubitemus,
721 2587 792 2642 uter
812 2579 918 2663 potius
942 2577 1015 2641 sex.
1030 2577 1179 2640 Rosciam
1202 2577 1369 2641 occiderit:
1392 2576 1435 2653 is,
1458 2577 1498 2641 ad
1522 2600 1617 2663 quem
1638 2589 1777 2646 mortem

416 2678 486 2742 eins
509 2674 639 2737 divitiae
661 2675 820 2749 venerint,
843 2691 883 2735 an
906 2672 951 2746 is,
973 2669 1014 2734 ad
1037 2691 1134 2758 quem
1156 2672 1355 2746 mendicitas;
1377 2672 1421 2747 is,
1445 2675 1500 2757 qui
1521 2681 1613 2739 antea
1636 2677 1740 2740 tenuis

413 2772 526 2844 fuerit,
548 2789 588 2833 an
611 2770 652 2843 is,
676 2769 731 2852 qui
753 2775 863 2852 postea
884 2764 986 2829 iactus
1008 2764 1050 2827 sit
1072 2768 1308 2849 egentissimum
1330 2768 1375 2841 is,
1398 2768 1453 2852 qui
1473 2767 1588 2833 ardens
1608 2771 1741 2836 avaritia

416 2866 537 2933 teratur
565 2863 698 2927 infestus
728 2863 761 2926 in
790 2882 881 2936 suos,
914 2880 955 2923 an
983 2860 1025 2934 is,
1059 2863 1114 2948 qui
1140 2881 1265 2945 semper
1285 2862 1329 2924 ita
1350 2862 1482 2938 vixerit,
1512 2870 1547 2927 ut
1569 2872 1738 2950 quaestum

415 2966 525 3027 nosset
546 2957 685 3036 nullum,
707 2956 844 3020 fructum
866 2960 972 3019 autem
994 2973 1066 3017 eum
1088 2954 1207 3032 solum,
1231 2976 1327 3040 quem
1348 2955 1457 3020 labore
1478 2961 1670 3043 peperissem
1692 2963 1737 3038 is,

416 3054 472 3144 qui
493 3053 635 3118 omnium
657 3058 814 3116 sectorum
835 3049 1063 3114 audacissimus
1079 3050 1136 3125 sit,
1163 3069 1204 3113 an
1225 3051 1269 3127 is,
1292 3052 1347 3139 qni
1369 3059 1500 3135 propter
1519 3051 1580 3116 fori
1602 3054 1775 3118 iudicio-tt

415 3168 550 3235 rumque
571 3146 773 3212 insolentiam
794 3166 859 3210 uon
881 3141 976 3206 modo
999 3144 1168 3220 subsellia,
1190 3164 1300 3208 verum
1323 3146 1416 3208 etiam
1439 3145 1549 3209 urbem
1571 3147 1673 3231 ipsam
1686 3168 1737 3211 re·

415 3240 578 3317 formidet;
599 3249 769 3326 postremo,
791 3239 928 3316 iudices,
951 3239 984 3304 id
1008 3238 1093 3324 quod
1116 3239 1156 3304 ad
1175 3259 1242 3303 rem
1256 3258 1326 3302 mea
1342 3240 1498 3303 sententia
1515 3240 1652 3304 maxime
1665 3262 1738 3326 per·

416 3338 511 3412 tinet,
532 3345 638 3400 utrum
661 3334 806 3398 inimicus
822 3335 944 3418 potius,
967 3353 1007 3398 an
1023 3330 1117 3398 filius.
1160 3334 1292 3396 XXXII.
1315 3330 1366 3395 89.
1381 3333 1467 3397 llaec
1483 3342 1534 3410 tu,
1555 3336 1668 3412 Eruci,
1690 3344 1738 3401 tot

416 3440 447 3496 et
468 3437 554 3495 tanta
576 3431 603 3494 si
626 3437 737 3494 nactus
760 3450 845 3493 esses
867 3430 900 3491 ia
922 3449 995 3504 reo,
1017 3426 1170 3514 quamdiu
1184 3428 1324 3491 diceres!
1349 3435 1460 3511 quote
1476 3427 1736 3494 modoiactaresl

415 3533 539 3613 tempus
559 3524 690 3590 hercule
711 3531 742 3588 te
765 3525 857 3588 citius
880 3543 975 3608 quam
997 3523 1098 3587 oratio
1113 3518 1270 3587 deficeret.
1299 3523 1424 3587 Etenim
1446 3522 1480 3584 in
1494 3522 1627 3605 singulis
1640 3524 1773 3590 rebusso

414 3770 480 3828 tius,
497 3767 648 3830 implacatus
660 3766 794 3825 Graevius,
812 3765 947 3828 replicatus
957 3765 1038 3815 Heus.
1054 3765 1141 3814 Garat.
1153 3764 1178 3813 2.
1191 3761 1323 3826 vulgatam
1334 3762 1373 3813 sic
1385 3761 1525 3827 explicuit:
1545 3765 1619 3813 «erat
1629 3764 1658 3815 l..
1671 3765 1739 3816 Ces·

413 3845 469 3896 sius
486 3844 525 3895 sic
541 3842 576 3893 ad
593 3843 764 3895 severitatem
780 3841 917 3899 astrictus.
936 3843 965 3891 ut
981 3853 1053 3902 eam,
1072 3851 1142 3903 quae
1160 3837 1356 3889 misericordiae
1375 3836 1566 3901 impedimento
1579 3841 1664 3898 esset,
1683 3853 1737 3891 non

412 3919 505 3985 posset
521 3930 646 3968 eruere·
664 3917 733 3967 aiv.
745 3914 866 3980 Madvigii
883 3916 979 3980 opusc.
993 3917 1012 3967 1.
1032 3928 1057 3980 p.
1073 3915 1129 3965 t8t.
1142 3916 1208 3972 aot,
1226 3913 1301 3962 cuius
1317 3913 1465 3963 sententiaa
1478 3924 1540 3962 cum
1555 3910 1735 3975 subscribam,

413 3993 538 4060 equidem
550 3993 656 4044 llanutii
671 3989 884 4042 emendationem
895 4003 987 4042 veram
999 3988 1096 4041 habco.
1111 4017 1139 4026 -
1154 3990 1188 4039 ad
1198 3989 1355 4039 securitatem
1366 3990 1395 4039 G.
1411 4015 1439 4025 -
1451 4001 1511 4051 erpo
1522 3999 1580 4036 v.-
1594 3987 1618 4037 t.
1629 3988 1671 4036 air
1681 4000 1734 4039 om.

412 4083 471 4121 v.-
485 4069 509 4119 3.
518 4082 586 4118 uuuc
595 4069 623 4130 is]
634 4067 719 4118 uuucii
731 4067 780 4117 GC
791 4066 879 4117 llv.-
893 4064 918 4117 l.
931 4066 1091 4129 reformident
1102 4067 1131 4115 G.
1145 4092 1172 4102 -
1185 4065 1209 4114 7.
1220 4064 1323 4128 tuissent
1335 4065 1396 4113 G.-
1406 4076 1435 4113 ec
1443 4062 1575 4125 perspicuo
1582 4063 1734 4114 Puteanus:

411 4144 609 4207 eiperspicurua
626 4143 688 4192 GT:
707 4154 735 4191 eo
748 4142 909 4204 perspicuum
924 4142 1065 4200 itl0vac,
1084 4138 1162 4191 codd.
1179 4137 1281 4203 reliqui.
1303 4166 1329 4175 -
1349 4138 1374 4187 9.
1392 4138 1496 4188 accedat
1511 4152 1530 4198 χ
1549 4139 1577 4187 et
1592 4137 1735 4190 Marianus

413 4217 519 4285 Capella
536 4231 562 4283 p.
581 4216 639 4270 itt.
656 4217 740 4280 Kopp.
761 4242 788 4252 —
808 4217 891 4267 eodem
908 4229 960 4267 om.
975 4213 1089 4280 Capella.
1111 4241 1138 4251 -
1157 4211 1215 4264 aute
1226 4215 1254 4263 G.
1276 4240 1303 4250 -
1322 4217 1480 4263 amaveras
1495 4213 1545 4264 lli.
1561 4240 1588 4249 -
1608 4214 1735 4280 titilius]

411 4294 465 4347 matt
482 4290 596 4357 Capella.
618 4318 644 4327 -
664 4291 778 4342 iuimicus
794 4292 835 4344 lli
851 4294 878 4342 et
896 4289 1009 4355 Capella.
1028 4317 1055 4326 -
1074 4288 1142 4354 uum]
1160 4302 1210 4338 ooo
1221 4290 1250 4339 G.
1266 4315 1293 4325 -
1312 4289 1455 4354 quaerendo
1470 4301 1550 4339 causa
1565 4288 1660 4340 Gllc:
1679 4303 1733 4341 om.

412 4369 586 4429 eamearn,
605 4365 682 4429 orn,
698 4378 750 4416 va.
766 4392 792 4400 -
813 4366 852 4416 tt.
871 4366 1006 4416 adduceris
1022 4365 1117 4417 Gilc:
1136 4364 1365 4422 adsurrectum
1384 4364 1544 4414 uddwenmt
1561 4363 1675 4427 espa.
1694 4365 1733 4415 De

414 4447 488 4495 Parr.
506 4444 578 4493 tacet
593 4440 788 4493 Stemmataius.
822 4443 864 4494 siit
881 4443 991 4493 Cicero:
1012 4454 1091 4491 suum
1109 4438 1261 4505 quaerenda
1278 4452 1359 4490 causa
1374 4438 1495 4504 propria,
1513 4451 1583 4502 quae
1600 4440 1626 4488 te
1644 4437 1678 4488 ad
1695 4439 1735 4490 ta·

412 4519 489 4570 cinus
505 4514 659 4578 adduxerit,
677 4516 754 4581 quasi
769 4528 823 4569 non
839 4517 893 4566 ium
910 4517 936 4567 in
953 4517 1007 4577 his,
1027 4529 1095 4580 quac
1112 4515 1193 4566 modo
1205 4516 1426 4577 commemoravi,
1445 4514 1509 4565 satis
1521 4526 1618 4564 cauma
1631 4513 1734 4565 luerit.»

411 4595 441 4646 in
457 4590 571 4643 lectione
586 4592 733 4657 quaeram
751 4604 817 4656 queue
832 4617 871 4630 ·-
888 4592 1040 4643 addiscerint
1060 4589 1182 4656 displicet
1202 4604 1329 4643 numerus
1349 4588 1471 4656 pluralis,
1495 4601 1557 4639 cum
1576 4589 1628 4640 hoc
1647 4590 1734 4654 potius

413 4671 566 4733 exspectes:
591 4680 654 4719 m
678 4667 861 4733 quaerendum
888 4669 948 4731 quia
970 4666 1019 4731 (vel
1043 4680 1108 4730 quoe
1126 4666 1214 4730 casua)
1235 4667 1371 4729 praecipue
1387 4671 1410 4715 te
1426 4665 1574 4729 associum
1589 4665 1733 4714 adduwu.

413 4744 519 4794 Poterat
535 4742 626 4795 antem
639 4733 673 4794 ὦ
690 4743 716 4808 (l.
728 4756 755 4797 e.
765 4743 854 4807 eausa)
871 4745 932 4808 post
948 4743 1091 4804 emerenda
1108 4741 1228 4794 facillime
1240 4741 1407 4792 intercidere.
1422 4768 1450 4777 -
1467 4741 1547 4805 ipitur
1557 4753 1582 4790 v.
1598 4766 1625 4775 -
1639 4740 1679 4790 tt.
1692 4752 1734 4790 ae·

412 4818 472 4882 pari
494 4830 544 4866 auu
565 4821 644 4880 potest
663 4818 725 4871 Seli.
745 4844 773 4855 -
800 4831 876 4879 queas
891 4819 941 4868 nte.
963 4845 989 4854 -
1017 4817 1056 4867 ⁴3.
1080 4818 1156 4868 elucet
1177 4819 1245 4868 coni.
1264 4817 1435 4868 Heumannns
1453 4815 1479 4866 in
1497 4814 1559 4865 edit.
1578 4815 1733 4878 Heusingeri

412 4905 440 4957 p.
458 4892 515 4945 tet.
536 4921 564 4932 -
588 4907 652 4957 prae
668 4899 692 4945 te
705 4894 757 4958 fers
772 4892 840 4944 liber
857 4894 949 4946 Ursini.
970 4919 997 4929 -
1021 4894 1061 4943 ts.
1076 4898 1194 4956 pereunt
1210 4894 1239 4943 C.
1263 4921 1287 4928 -
1308 4893 1347 4943 tt.
1365 4892 1410 4943 isoc
1426 4896 1461 4942 est
1477 4902 1531 4941 om.
1551 4891 1580 4940 G.
1601 4918 1628 4927 —
1648 4889 1688 4940 ti.
1706 4903 1734 4940 as

413 4969 491 5035 mum]
514 4969 604 5019 ortissu
620 4971 655 5030 G,
682 4971 754 5020 Parr.
780 4995 808 5005 —
832 4969 873 5019 tt.
894 4973 1014 5018 oeueusut
1037 4969 1087 5020 Mt.
1111 4995 1138 5006 -
1164 4968 1310 5019 mendicitas
1328 4969 1350 5017 is
1370 4968 1414 5031 qui
1433 4978 1513 5027 vac,
1539 4965 1580 5015 lli
1601 4977 1637 5015 m.
1656 4976 1730 5015 sec:

412 5045 577 5096 mendicantis
593 5046 636 5107 qui
653 5046 685 5104 G;
703 5046 848 5095 mendicitas
865 5046 907 5108 qui
924 5044 977 5096 MC
988 5058 1016 5103 κ.
1036 5070 1062 5078 -
1082 5050 1141 5094 aute
1157 5045 1186 5094 G.
1206 5069 1234 5080 -
1253 5044 1295 5094 ἥ.
1312 5043 1394 5107 sactus
1409 5046 1445 5094 est
1461 5055 1486 5092 v.
1507 5066 1534 5075 -
1552 5036 1593 5089 ut.
1611 5053 1646 5088 aa
1662 5039 1684 5088 is
1700 5041 1730 5090 G.

416 5146 443 5157 -
461 5118 502 5169 25.
520 5133 556 5169 aa
571 5120 615 5182 qui
631 5121 660 5170 G.
681 5145 708 5155 -
727 5121 767 5171 26.
786 5120 928 5183 reformidet
944 5121 980 5170 L:
1001 5119 1148 5183 reformidat
1165 5121 1309 5178 Gilvac,
1327 5119 1429 5178 eom„
1447 5115 1517 5167 unde
1533 5114 1650 5165 Buecha.
1669 5126 1732 5164 con-

413 5194 474 5244 iecit
489 5195 669 5258 resmmidarit.
691 5223 719 5232 -
742 5195 782 5246 29.
804 5200 877 5245 tauta
898 5196 920 5244 si
935 5193 1030 5258 nactus]
1052 5199 1136 5245 tantas
1151 5195 1178 5244 iu
1194 5199 1282 5246 auctus
1298 5195 1356 5244 Par.
1377 5194 1400 5243 t.
1419 5193 1495 5256 (teste
1512 5188 1679 5240 Steinmetzio
1696 5188 1731 5240 ad

413 5267 437 5333 5.
456 5266 537 5331 tot),
560 5281 628 5334 quae
645 5269 723 5326 lectio
741 5284 774 5322 er
789 5271 900 5322 tantast
924 5275 1029 5321 nanctus
1044 5273 1103 5322 orta
1118 5270 1237 5331 videtur;
1261 5282 1287 5320 v.
1306 5268 1366 5325 adn.
1385 5280 1474 5324 meam
1491 5265 1525 5320 ad
1541 5277 1581 5316 or.
1599 5275 1627 5333 p.
1645 5264 1730 5319 Sestio

410 5357 438 5414 p.
450 5344 508 5398 403.
528 5372 556 5383 -
574 5345 615 5402 30.
632 5346 737 5414 macule]
753 5347 860 5401 memte
877 5346 936 5398 cad.
955 5344 1047 5401 lamb.
