4367 6109
829 575 1080 645 cmiv-n.
1107 573 1315 663 sss-ro.
1682 573 1724 642 aa

414 747 527 805 turam.
572 738 622 805 ti.
645 743 715 819 Qua
735 744 960 810 vociferatione
982 749 1016 811 in
1039 748 1151 812 ceteris
1173 747 1299 811 iudiciis
1317 754 1515 812 accusatores
1528 746 1576 811 nti
1591 767 1725 810 consue-

413 844 544 911 verant,
568 857 606 900 ea
627 857 685 901 nos
705 838 768 902 hoc
789 845 930 923 tempore
952 843 1087 918 utimur,
1111 843 1166 926 qui
1188 860 1315 905 causam
1337 842 1481 904 dicimus.
1516 841 1655 904 Petimus
1669 841 1724 903 abs

413 939 461 1007 te,
483 932 525 994 hl.
547 932 663 1007 Fanni,
684 952 703 995 a
723 933 895 1018 vobisque,
917 936 1053 1011 iudices,
1075 945 1111 999 ut
1132 957 1228 1019 quam
1249 936 1400 999 acerrime
1421 931 1574 1000 maleficia
1587 934 1727 998 vindice-

412 1025 472 1099 tis,
494 1031 530 1087 ut
552 1047 647 1110 quam
669 1026 838 1092 fortissime
859 1029 1040 1093 hominibus
1063 1030 1280 1093 audacissimis
1302 1029 1472 1105 resistatis,
1503 1038 1540 1092 ut
1559 1030 1620 1093 hoc
1642 1029 1727 1111 cogi·

413 1118 506 1193 tetis,
529 1119 590 1182 nisi
612 1120 647 1182 in
667 1121 727 1184 hac
749 1140 859 1195 causa,
882 1123 936 1204 qui
959 1132 1063 1186 vester
1084 1125 1208 1187 animus
1231 1124 1288 1198 sit,
1314 1123 1503 1199 ostendetis,
1525 1143 1564 1187 eo
1585 1144 1728 1208 prorum·
1750 1118 1765 1164 ⁵

412 1231 491 1294 pere
520 1213 685 1277 hominum
708 1214 913 1296 cupiditatem
934 1225 966 1279 et
987 1218 1091 1281 scelus
1114 1226 1146 1281 et
1166 1217 1348 1292 audaciam,
1376 1225 1497 1280 utnon
1518 1218 1613 1281 modo
1635 1215 1728 1288 clam,

413 1326 524 1369 verum
546 1307 641 1370 etiam
662 1307 715 1370 hic
737 1309 770 1370 in
792 1308 879 1384 foro,
902 1318 974 1374 ante
997 1312 1134 1375 tribunal
1152 1319 1257 1385 tuum,
1280 1312 1322 1372 hl.
1336 1311 1457 1384 Fanni,
1478 1318 1551 1373 ante
1565 1310 1663 1392 pedes
1677 1328 1731 1373 ve-

413 1406 513 1474 stros,
536 1399 674 1475 iudices,
696 1402 778 1465 inter
799 1403 869 1485 ipsa
890 1404 1041 1468 subsellia
1062 1406 1175 1469 caedes
1197 1403 1321 1468 futurae
1337 1405 1409 1467 sint.
1442 1400 1493 1466 43.
1514 1404 1639 1467 Etenim
1654 1401 1731 1485 quid

413 1492 503 1556 aliud
523 1493 586 1556 hoo
607 1494 729 1558 indicio
751 1502 906 1572 tentatur,
935 1498 997 1561 nisi
1020 1507 1055 1561 ut
1075 1499 1109 1561 id
1130 1496 1197 1561 [ieri
1220 1497 1337 1560 liceati
1372 1499 1530 1561 Accusant
1551 1496 1591 1570 ii,
1621 1496 1676 1580 qni
1698 1494 1731 1556 in

413 1585 558 1651 fortunas
579 1587 675 1651 huius
697 1588 896 1665 invaserunt;
919 1610 1045 1656 causam
1062 1592 1137 1654 dicit
1157 1592 1202 1666 is,
1225 1592 1276 1654 cui
1292 1599 1416 1673 praeter
1430 1589 1638 1655 calamitatem
1652 1586 1769 1651 nihil⁴⁰

415 1680 634 1764 reliquerant:
662 1691 812 1748 accusant
839 1684 878 1759 ii,
907 1685 1023 1769 quihus
1053 1685 1156 1748 occidi
1185 1692 1307 1767 patrem
1329 1685 1402 1747 Sex.
1423 1682 1529 1746 Roscii
1550 1683 1636 1745 bono
1656 1681 1733 1757 fait;

416 1793 544 1838 causam
566 1775 645 1838 dicit
665 1777 707 1850 is,
731 1778 782 1840 cni
804 1798 869 1840 non
891 1779 986 1840 modo
1009 1778 1128 1841 luctum
1150 1798 1235 1840 mors
1257 1777 1356 1862 patris
1371 1777 1493 1852 attulit,
1515 1777 1735 1839 verumetiam

417 1877 607 1951 egestatem:
629 1880 779 1935 accusant
800 1873 840 1946 ii,
863 1873 918 1955 qui
939 1872 1025 1936 hunc
1043 1873 1147 1955 ipsum
1162 1871 1305 1955 iugulare
1320 1891 1441 1936 summe
1457 1871 1639 1954 cupierunt;
1662 1889 1735 1931 cau·

417 1981 483 2025 sam
506 1963 647 2038 dicitis,
671 1965 726 2047 qui
749 1965 844 2029 etiam
865 1966 905 2028 ad
926 1966 988 2029 hoc
1010 1967 1114 2049 ipsum
1129 1966 1282 2029 iudicium
1298 1986 1370 2029 cnm
1391 1965 1550 2050 praesidio
1569 1963 1673 2037 venit,
1694 1981 1734 2024 ne

416 2053 469 2118 hic
500 2056 618 2120 ibidem
646 2067 720 2121 ante
748 2059 858 2121 oculos
879 2067 1002 2124 vestros
1024 2061 1215 2125 trucidetur:
1250 2061 1388 2145 deniqne
1417 2065 1567 2124 accusant
1587 2057 1626 2131 ii,
1655 2056 1773 2140 quosfi

416 2149 556 2232 populus
583 2151 701 2233 poscit,
731 2171 856 2215 causam
887 2154 964 2216 dicit
992 2155 1038 2229 is,
1068 2154 1123 2238 qui
1150 2175 1233 2218 nnus
1254 2155 1383 2218 relictus
1405 2174 1447 2218 ex
1467 2152 1596 2223 illorum
1617 2149 1737 2214 nefaria

418 2242 515 2305 caede
535 2250 641 2308 restat
675 2241 725 2309 tf.
747 2246 851 2329 Atque
866 2255 901 2310 ut
914 2247 1039 2311 facilius
1056 2247 1232 2331 intelligere
1248 2248 1393 2330 possitis,
1415 2247 1554 2322 indices,
1577 2265 1631 2319 ea,
1654 2262 1738 2328 quae

417 2334 501 2400 facta
530 2345 622 2413 snut,
652 2339 831 2422 indigniora
862 2361 949 2415 esse,
979 2362 1074 2425 quam
1095 2341 1174 2404 haec
1196 2350 1286 2416 sunt,
1308 2361 1391 2426 quac
1413 2341 1563 2415 dicimus,
1585 2338 1625 2401 ab
1646 2337 1737 2400 initio

418 2450 469 2493 res
501 2433 767 2516 quemadmodum
795 2441 883 2517 gesta
912 2434 954 2497 sit
979 2435 1070 2499 vobis
1100 2453 1313 2517 exponemus,
1345 2454 1409 2519 quo
1435 2433 1562 2498 facilius
1590 2440 1623 2495 64
1642 2428 1737 2493 huius

418 2522 558 2590 hominis
580 2527 831 2592 innocentissimi
853 2527 996 2592 miserias
1018 2536 1050 2592 et
1071 2527 1198 2592 illorum
1218 2526 1383 2593 audaciam
1399 2546 1590 2612 cognoscere
1607 2525 1774 2610 possitis¹⁰

418 2625 451 2682 64
470 2619 518 2683 664
539 2620 686 2704 publicae
710 2622 928 2687 calamitatem.

501 2713 554 2777 Vl.
584 2708 634 2776 15.
668 2714 782 2778 Sextus
811 2716 960 2792 Roscius,
990 2724 1079 2800 pater
1105 2715 1254 2792 huiusce,
1287 2718 1452 2801 municeps
1472 2718 1639 2781 Amerinus
1660 2716 1736 2790 fuit,

419 2827 491 2870 cum
519 2828 635 2892 genere
665 2815 697 2871 st
725 2809 889 2873 nobilitate
917 2818 948 2875 et
976 2810 1112 2894 pecunia
1141 2829 1205 2872 non
1228 2813 1323 2874 modo
1345 2812 1394 2875 sui
1417 2810 1598 2894 municipii,
1627 2829 1736 2872 verum

419 2901 515 2963 etiam
546 2902 615 2964 eius
644 2902 816 2967 vicinitatis
845 2904 938 2968 facile
960 2906 1097 2988 primus,
1127 2909 1193 2965 turn
1215 2904 1315 2987 gratia
1336 2913 1432 2988 atque
1453 2902 1599 2986 hospitiis
1620 2903 1736 2966 florens

418 2994 584 3059 hominnm
613 2995 892 3061 nobilissimorum.
942 3000 1020 3061 Nam
1049 3018 1121 3060 cnm
1150 2997 1301 3072 Metellis,
1343 2997 1502 3071 Serviliis,
1527 2995 1775 3078 ¹Scipionibustt

420 3097 487 3153 erat
507 3090 538 3154 ei
560 3111 626 3154 nou
647 3093 741 3155 modo
763 3091 953 3176 hospitium,
980 3111 1090 3155 verum
1120 3091 1215 3154 etiam
1237 3091 1429 3155 domesticus
1450 3110 1528 3154 usus
1550 3095 1582 3151 et
1603 3108 1737 3151 consue·

418 3184 514 3259 tudo,
544 3204 640 3269 quas,
667 3193 704 3249 ut
724 3205 862 3270 aequum
884 3193 947 3261 est,
979 3185 1115 3249 familias
1135 3185 1311 3249 honestatis
1333 3182 1616 3268 amplitudinisque
1637 3182 1737 3263 gratia

419 3277 560 3342 nomino.
603 3279 714 3362 ltaque
743 3299 784 3341 ex
815 3279 961 3342 omnibus
990 3281 1056 3342 suis
1085 3279 1259 3343 commodis
1287 3280 1349 3342 hoc
1377 3278 1480 3342 solum
1501 3272 1566 3339 lilio
1588 3275 1735 3357 reliquit:

420 3390 493 3435 nam
518 3371 744 3456 patrimonium
773 3372 938 3436 domestici
966 3375 1144 3457 praedones
1165 3374 1196 3436 vi
1219 3379 1362 3456 ereptum
1383 3371 1563 3455 possident,
1595 3368 1678 3432 fama
1704 3375 1737 3431 et

420 3464 485 3529 rita
511 3465 689 3529 innocentis
715 3466 755 3529 ab
782 3466 962 3550 hospitibus
990 3467 1165 3551 amicisque
1193 3466 1333 3549 paternis
1362 3464 1550 3528 defenditur.
1593 3459 1644 3526 16.
1674 3462 1772 3525 llicit

421 3577 492 3622 cum
513 3559 600 3622 omni
622 3567 763 3643 temporo
784 3561 959 3624 nobilitatis
980 3560 1085 3624 fautor
1106 3560 1235 3635 fnisset,
1257 3568 1325 3623 tum
1345 3560 1407 3623 hoc
1427 3559 1563 3623 tumultu
1576 3557 1734 3641 proximo,

421 3765 454 3832 [6.
473 3766 522 3818 iio
537 3768 576 3832 Ρ.)
600 3779 662 3819 cum
681 3766 809 3819 similibus
831 3769 979 3831 translatari,
1005 3768 1125 3831 receptat,
1151 3767 1255 3818 66466464
1273 3767 1451 3831 coniungitur,
1477 3765 1527 3818 sed
1543 3765 1617 3831 plura
1635 3779 1667 3816 ex
1683 3764 1734 3815 hoc

420 3852 517 3905 genere
534 3854 596 3892 raro
613 3841 751 3904 dicuntur,
768 3845 798 3893 nt
814 3844 948 3907 6666466664
964 3842 1035 3908 apud
1053 3843 1108 3894 Cic.
1121 3841 1205 3894 semel
1222 3840 1329 3905 legitur,
1347 3845 1409 3892 ante
1422 3842 1512 3892 antem
1524 3840 1593 3905 apud
1605 3839 1733 3900 Plautum,

420 3927 471 3968 nec
486 3918 548 3982 post
564 3917 703 3980 usitatum,
722 3919 790 3970 etin
808 3920 909 3983 primae
926 3921 1018 3970 aetatis
1036 3918 1198 3969 orationibus
1215 3919 1309 3969 Cicero
1326 3921 1353 3969 64
1362 3915 1491 3968 vocabula
1502 3913 1625 3966 nonnulla
1635 3917 1663 3964 64
1673 3926 1736 3964 666·

419 3991 579 4043 structiones
601 3995 702 4058 posuit,
727 3993 824 4058 quibus
848 3998 941 4061 postea
958 3994 1091 4046 abstinuit.
1126 3992 1191 4044 illud
1208 3997 1297 4044 tamen
1315 4007 1367 4044 non
1384 3992 1572 4052 omittendam,
1597 4003 1643 4051 ea,
1666 4001 1735 4052 quae

420 4065 541 4119 similiter
555 4067 716 4132 formentur,
734 4070 789 4121 fere
807 4071 845 4121 sic
862 4083 924 4123 cum
935 4070 1018 4121 verbo
1034 4084 1085 4121 6666
1101 4069 1236 4133 coniungi,
1254 4072 1284 4119 ut
1296 4070 1401 4134 passive
1414 4069 1447 4120 de
1459 4067 1579 4119 subiecto
1590 4061 1736 4127 intelligan-

419 4141 474 4204 tur,
492 4143 523 4193 at
534 4155 594 4195 esso
605 4143 755 4208 6666466464,
772 4146 872 4207 4664664,
889 4147 1037 4209 6664666464
1048 4148 1118 4197 etc.»
1135 4145 1291 4208 Nuperrime
1303 4145 1439 4209 proposuit
1449 4142 1562 4194 Klotzius
1574 4139 1609 4203 (in
1621 4139 1664 4189 ed.
1677 4139 1733 4200 lli:

420 4229 503 4268 664666
518 4216 584 4269 buce
600 4221 766 4282 6666446666
781 4224 804 4271 to
816 4225 946 4283 praetore,
968 4219 1106 4284 manifestis
1125 4217 1253 4283 6664666446
1272 4218 1444 4281 cotidianoque
1459 4216 1579 4281 66666466
1595 4215 1733 4275 6466466666,

420 4297 521 4356 tumst
540 4294 655 4358 4464666666
677 4292 727 4358 (vsi
749 4296 776 4345 46
792 4294 927 4360 mentiatis
942 4321 957 4332 -
968 4296 1043 4345 -diu
1058 4291 1193 4357 66466666).
1228 4293 1328 4343 Verum
1350 4292 1468 4353 videtur,
1493 4289 1563 4356 quod
1584 4290 1620 4339 ait
1637 4290 1680 4339 Or.
1698 4289 1734 4349 4.,

420 4369 593 4432 sententism,
612 4383 680 4437 quse
697 4369 761 4421 latet
777 4371 803 4421 in
818 4368 908 4421 verbis
926 4369 1070 4434 corruptis,
1087 4368 1157 4418 hanc
1174 4366 1268 4417 fuisse:
1294 4368 1408 4418 «omnes
1423 4367 1492 4417 hanc
1508 4366 1693 4429 quaestionem
1708 4365 1735 4413 46

418 4445 543 4507 praetore
559 4446 706 4498 menifestis
724 4444 858 4497 meleficiis
876 4443 1081 4509 quotidianoque
1098 4442 1219 4506 sangnini
1234 4442 1316 4495 tinem
1333 4445 1361 4492 et
1376 4441 1486 4493 modum
1501 4438 1610 4491 tandem
1628 4439 1736 4504 sperant
1763 4500 1765 4505 Ι

419 4514 577 4570 factunm-2
596 4520 646 4572 sed
662 4534 696 4572 ne
713 4521 776 4571 mihi
794 4519 904 4584 quidem
920 4518 1040 4582 Madvigii
1058 4515 1223 4579 emendatio,
1242 4517 1363 4580 quemvis
1380 4517 1414 4567 sit
1429 4518 1514 4575 aeota,
1532 4515 1664 4566 satisfacit.
1688 4513 1737 4563 lie-

417 4587 553 4656 liquomm
573 4597 738 4646 coniecturas
763 4592 866 4646 silentio
889 4593 1066 4644 transmittere
1082 4593 1208 4657 praestat.
1228 4618 1255 4627 -
1276 4590 1387 4655 6666664]
1405 4594 1498 4652 putori
1512 4590 1562 4639 lili.
1582 4616 1610 4625 -
1634 4589 1658 4638 4.
1676 4600 1736 4636 666-

418 4671 522 4718 suomet
540 4668 578 4720 lit
604 4669 676 4722 solus
697 4684 729 4721 ex
752 4670 828 4719 notis.
858 4696 885 4706 -
911 4670 936 4719 4,
958 4665 1071 4732 prismae]
1096 4668 1195 4729 6664466
1210 4668 1240 4716 6.
1261 4692 1289 4702 -
1316 4665 1340 4716 3.
1358 4665 1447 4726 446666]
1471 4664 1543 4727 semsi
1567 4665 1628 4727 Lag.
1646 4663 1686 4713 26.
1706 4688 1733 4697 -

420 4742 444 4791 s.
461 4743 591 4796 mundetis
607 4744 702 4796 codd:
726 4743 878 4795 6646644664ιί6
893 4745 914 4795 0
931 4757 963 4794 ex
980 4743 1048 4792 coni.
1066 4742 1222 4805 Heusingeri
1239 4743 1266 4790 et
1281 4740 1358 4802 Ern,
1384 4739 1430 4803 qui
1446 4739 1585 4803 praeterea
1601 4734 1737 4802 proposuit

420 4817 565 4881 6646666446,
585 4819 657 4885 quod
674 4817 761 4871 lladv.
778 4818 895 4883 recepit;
914 4820 941 4868 at
956 4831 982 4866 v.
1000 4814 1069 4867 iord.
1087 4815 1105 4867 i.
1119 4830 1142 4867 c.
1160 4829 1187 4881 p.
1206 4815 1262 4865 666.
1283 4842 1311 4853 -·
1329 4815 1354 4865 9.
1372 4817 1507 4877 4666646466
1523 4815 1555 4874 G,
1573 4814 1604 4862 at
1619 4821 1735 4873 semper.
1750 4837 1752 4840 <

422 4917 449 4926 -
469 4891 510 4944 43.
528 4894 611 4958 ipsam
627 4895 724 4945 om.G.
745 4919 773 4930 —-
792 4893 833 4944 46.
851 4892 873 4942 46
889 4893 985 4943 6666.
1000 4918 1028 4929 -
1046 4891 1086 4941 48.
1105 4891 1165 4942 4666
1181 4903 1280 4952 quoae.
1295 4917 1323 4929 -
1340 4889 1382 4941 20.
1400 4889 1562 4940 6644664666.
1577 4914 1604 4924 -
1621 4883 1738 4934 assic

420 4970 460 5017 tus
475 4969 496 5018 6
513 4967 640 5022 eldad:
658 4969 719 5022 866.
737 4965 824 5032 vulgo.
844 4992 873 5004 -
891 4966 1091 5018 Amerinorum.
1111 4967 1140 5018 c.
1159 4968 1185 5017 64
1202 4967 1260 5016 cod.
1274 4965 1303 5016 C.
1316 4965 1421 5030 Steph.;
1440 4955 1643 5021 atfirmatvuig.
1657 4957 1737 5007 etiam

421 5038 550 5107 suliiictns
566 5042 657 5096 Victor
670 5057 699 5113 p.
710 5042 760 5098 166
772 5045 854 5109 capp.
874 5069 901 5080 -
920 5041 960 5096 44.
976 5042 1081 5106 primas]
1094 5041 1285 5105 6666666166.
1298 5038 1322 5090 9.
1337 5065 1365 5077 -
1383 5039 1425 5091 44.
1443 5035 1536 5102 itaquo]
1553 5030 1642 5084 malim
1652 5035 1736 5092 64666,

422 5115 494 5181 quod
509 5117 582 5170 baud
597 5131 660 5171 raro
675 5118 705 5171 46
719 5118 804 5181 itaque
820 5119 975 5183 comptum
991 5119 1087 5169 inveni.
1107 5145 1135 5157 -
1154 5116 1265 5168 66664666
1278 5115 1330 5166 6646
1345 5117 1406 5180 Lag.
1418 5115 1465 5166 26:
1487 5113 1538 5164 6646
1552 5107 1663 5159 66664666
1678 5105 1735 5157 reti.

421 5193 476 5243 noti
492 5194 520 5244 64
535 5194 570 5258 0,
588 5194 627 5249 lii
647 5192 760 5248 66664466
774 5195 836 5260 post
850 5193 983 5244 cmmode
998 5191 1088 5244 habet.
1109 5219 1136 5228 -
1160 5193 1201 5244 34.
1218 5193 1356 5245 4666666446
1371 5194 1443 5243 6.-
1460 5190 1508 5255 446]
1524 5188 1607 5240 immo
1622 5185 1658 5249 is,
1675 5195 1738 5236 cnm

422 5265 457 5318 (46
473 5267 562 5319 666466
577 5269 674 5325 4466646
689 5280 780 5326 serum
796 5267 839 5322 sit.
863 5267 902 5322 64.
920 5267 954 5322 de
970 5266 1022 5343 hac
1037 5267 1170 5335 trequemi
1186 5267 1340 5324 6664664666
1355 5264 1433 5334 adi„
1450 5264 1508 5317 448.

464 5358 636 5416 666666
1461 5355 1482 5426 3
