4367 6109
470 565 532 633 478
839 568 883 634 ΙΝ
902 564 1070 634 VERREM
1089 565 1213 632 acmo
1235 565 1419 634 SECUNDA

551 734 646 797 collati,
663 734 821 801 plerumque
838 735 990 801 conspirant
1005 736 1075 787 inter
1090 748 1133 800 se,
1152 738 1219 787 etot
1229 734 1383 788 melioribus
1393 735 1455 787 sunt
1465 728 1673 794 adnumerandi,
1690 729 1727 783 444
1742 740 1791 782 su-

550 811 698 879 perioribus
714 823 768 862 non
784 809 862 876 piane
880 811 1053 874 exaequandi.

469 886 485 940 4
502 888 631 952 significat
647 898 808 937 consensum
825 885 946 936 codicum
963 886 1032 950 Lgti
1043 885 1074 937 44
1091 888 1122 938 Α.
1140 888 1170 937 Β.

469 962 535 1012 V:
552 962 651 1013 codicis
670 962 783 1012 Vaticani
799 960 959 1024 fragmenta,
984 960 1018 1010 de
1036 961 1133 1024 quibus
1149 961 1209 1012 vide
1227 974 1295 1025 quae
1313 960 1426 1011 diximus
1442 958 1477 1010 44
1492 956 1538 1010 lib.
1556 958 1576 1009 4.
1603 959 1668 1009 Sunt
1683 969 1716 1009 ea
1732 955 1789 1021 qui.

550 1038 613 1088 dem
630 1037 742 1101 optima,
764 1036 812 1087 sed
830 1049 863 1086 ne
880 1035 906 1085 in
923 1035 963 1086 hie
981 1034 1090 1099 quidem
1107 1035 1180 1086 libris
1197 1037 1235 1098 [44.
1255 1039 1283 1086 44
1298 1036 1350 1096 444.)
1367 1038 1421 1086 tam
1439 1036 1557 1098 egregia,
1582 1035 1612 1084 ut
1627 1032 1788 1096 reliquorum

549 1113 670 1164 codicum
693 1112 853 1176 optimorum
874 1110 1036 1170 auctoritati,
1063 1109 1090 1159 id
1112 1110 1184 1173 quod
1201 1109 1314 1161 Klotziua
1335 1111 1368 1172 (in
1386 1109 1502 1160 editione
1519 1109 1628 1173 maiore)
1646 1109 1702 1160 iere
1718 1107 1787 1169 tecit,

549 1186 648 1253 ubique
669 1186 721 1237 sint
742 1183 926 1251 praeterendo.
966 1186 1030 1236 Sunt
1053 1187 1143 1235 autem
1165 1185 1249 1235 haec:
1276 1185 1299 1248 4)
1323 1183 1390 1249 5.'t.
1413 1184 1495 1235 444444
1515 1184 1577 1234 miii
1598 1182 1736 1235 ammeio
1760 1209 1787 1217 -

548 1263 572 1327 5.
591 1264 616 1313 4.
634 1262 883 1324 sociorampro...
910 1260 934 1321 4)
952 1259 976 1324 5.
989 1260 1030 1311 43.
1049 1260 1160 1310 omnium
1175 1259 1294 1309 Sicut·
1314 1259 1338 1324 5.
1351 1259 1391 1310 44.
1413 1259 1638 1309 Vener-iusto...
1668 1256 1692 1319 3)
1710 1254 1735 1321 5.
1747 1255 1787 1306 34.

548 1339 659 1388 ltomoao
675 1338 753 1387 datur
768 1364 795 1372 -
814 1336 839 1399 5.
852 1335 892 1388 34.
911 1336 971 1385 laec
986 1336 1067 1397 copia.
1097 1333 1120 1395 4)
1139 1334 1164 1398 5.
1177 1333 1218 1385 44.
1236 1338 1369 1396 coeperunt
1380 1360 1408 1370 -
1428 1332 1452 1398 5.
1464 1332 1506 1384 43.
1523 1333 1655 1385 conditas
1673 1332 1698 1395 44)
1709 1331 1734 1396 5.
1747 1324 1787 1382 44.

549 1412 714 1462 demomtraoi
732 1439 760 1448 -
779 1411 803 1476 5.
817 1412 858 1462 56.
876 1411 937 1461 cette
953 1412 982 1461 44
1009 1410 1033 1472 6)
1051 1410 1075 1473 5.
1089 1410 1130 1461 59.
1148 1409 1291 1459 mwimam
1309 1436 1337 1446 -
1355 1408 1378 1473 5.
1392 1409 1433 1459 68.
1452 1409 1568 1459 innocens
1595 1409 1618 1472 7)
1637 1408 1661 1475 5.
1675 1408 1717 1459 83.
1735 1409 1790 1459 dixi

547 1491 679 1549 comparat
697 1513 724 1523 -
751 1486 776 1551 5.
794 1486 835 1537 87.
853 1490 882 1536 ut
892 1490 993 1548 pateat.
1028 1486 1052 1548 8)
1071 1484 1095 1549 5.
1115 1485 1171 1534 roo.
1189 1485 1271 1546 444444
1286 1485 1355 1547 aprtd
1374 1510 1400 1519 -
1423 1482 1448 1546 5.
1467 1484 1524 1534 404.
1548 1485 1641 1535 liceras
1656 1496 1714 1533 4444
1730 1483 1790 1533 laec

548 1575 643 1612 ae...
677 1561 700 1624 9)
718 1560 743 1624 5.
762 1560 819 1611 443.
837 1561 867 1610 44
886 1560 984 1622 publico
1003 1586 1030 1595 -
1050 1559 1073 1623 5.
1093 1559 1150 1609 446.
1174 1558 1506 1609 Veserinoadestts...
1542 1557 1582 1621 4ο)
1600 1557 1625 1622 5.
1644 1558 1702 1608 tao.
1721 1558 1790 1607 testi-

547 1637 647 1687 monia:
669 1636 745 1700 iegati
762 1661 790 1673 -
815 1634 838 1698 5.
857 1636 914 1685 444.
933 1635 1077 1684 dandarum
1117 1633 1155 1695 44)
1178 1633 1202 1697 5.
1222 1634 1278 1686 444.
1296 1638 1325 1684 at
1339 1634 1361 1682 is
1377 1633 1485 1695 amplior
1502 1660 1530 1668 -
1549 1633 1574 1697 5.
1594 1633 1650 1684 447.
1669 1634 1791 1695 scriptam

546 1717 614 1773 erat,
637 1716 666 1761 at
706 1711 745 1771 44)
764 1709 788 1773 5.
808 1709 864 1761 438.
889 1710 973 1772 adepti
996 1715 1052 1760 sant
1074 1735 1103 1744 -
1125 1708 1150 1772 5.
1170 1708 1226 1760 tto.
1249 1709 1309 1771 qaid
1330 1708 1484 1757 diiudicent
1516 1706 1555 1769 43)
1573 1707 1597 1772 5.
1616 1708 1673 1760 444.
1691 1710 1791 1759 eomas

520 1781 658 1840 44444444
677 1812 704 1822 -
723 1783 746 1847 5.
766 1784 822 1835 443.
839 1784 1028 1848 magistratibus
1043 1785 1142 1833 nostris.
1177 1784 1216 1847 44)
1235 1784 1259 1847 5.
1279 1784 1335 1835 rua.
1361 1783 1426 1833 uetes
1440 1796 1527 1834 coram
1545 1810 1572 1819 -
1593 1783 1617 1847 5.
1636 1783 1693 1833 456.
1711 1797 1788 1846 apar-

545 1851 637 1912 44444444
651 1859 728 1910 vadia
762 1859 800 1922 444)
820 1858 843 1922 5.
863 1860 918 1910 466.
936 1873 1016 1909 causa
1030 1859 1111 1909 444444
1130 1885 1156 1894 -
1179 1857 1202 1922 5.
1222 1858 1281 1910 469.Ι
1293 1860 1410 1922 prodesse
1422 1863 1502 1921 potest
1536 1857 1575 1920 44)
1594 1857 1618 1921 5.
1637 1858 1694 1909 488.
1709 1873 1789 1922 pecce-

546 1936 618 1985 arius
636 1963 663 1972 -
682 1934 706 1999 5.
726 1934 782 1985 494.
801 1935 909 1985 dilucida
925 1936 999 1997 qaod.

529 2030 559 2079 In
574 2029 724 2079 4444444444
739 2028 851 2077 codicum
867 2019 979 2079 num'ero
995 2029 1103 2090 praeter
1119 2028 1222 2077 ceteros
1240 2026 1309 2091 (ng.
1327 2027 1417 2091 tiuyd.
1436 2029 1519 2079 Onon.
1532 2032 1568 2093 ψ.
1586 2025 1649 2079 Ρ411.
1667 2028 1724 2081 Urs.
1737 2028 1789 2079 lio-

463 2105 668 2242 hqqninipapnqqt.
691 2102 792 2167 44444.)
819 2104 899 2153 etiam
920 2102 1076 2154 referendus
1095 2103 1136 2152 444
1153 2102 1297 2152 parisiensis
1320 2115 1360 2154 ur.
1379 2103 1443 2154 7786
1465 2102 1514 2168 (0).
1550 2104 1789 2157 Pseudo-Asconius

546 2377 570 2440 I.
594 2371 623 2440 4.
644 2375 744 2441 Multa
764 2376 840 2440 mihi
861 2378 1055 2453 necessario,
1083 2378 1222 2454 iudices,
1245 2376 1522 2462 praetermittenda
1543 2386 1634 2457 sunt,
1656 2388 1693 2446 ut
1713 2402 1787 2466 pos-

464 2471 521 2536 sim
553 2472 660 2555 aliqno
692 2471 787 2534 modo
816 2471 989 2555 aliquando
1017 2472 1057 2535 de
1086 2474 1124 2535 iis
1145 2473 1256 2549 rebus,
1290 2493 1372 2557 quae
1394 2492 1483 2536 meae
1505 2470 1580 2536 fidei
1601 2477 1786 2539 commissae

463 2571 553 2641 sunt,
582 2564 694 2628 dicere.
737 2567 853 2649 Recepi
882 2567 966 2628 enim
997 2586 1123 2629 causam
1154 2567 1298 2644 Siciliae;
1329 2586 1367 2629 44
1394 2588 1445 2630 me
1474 2567 1514 2629 ad
1542 2567 1602 2632 hoc
1624 2571 1786 2653 negotium

461 2659 624 2742 provincia
646 2660 781 2723 attraxit.
823 2661 891 2743 Ego
917 2667 1022 2723 tamen
1043 2661 1106 2724 hoc
1128 2681 1224 2723 onere
1247 2669 1395 2742 suscepto
1418 2669 1450 2724 et
1471 2670 1598 2743 recepta
1619 2683 1716 2727 eausa
1738 2664 1786 2727 Si-

438 2754 585 2817 tciliensi
605 2754 771 2835 amplexus
800 2754 904 2816 animo
927 2775 996 2817 sum
1022 2754 1185 2838 aliquanto
1207 2754 1353 2837 amplius.
1398 2755 1531 2838 Suscepi
1552 2755 1637 2819 enim
1659 2776 1785 2820 causam

462 2850 558 2912 totins
580 2848 718 2922 ordinis,
740 2847 865 2928 suscepi
888 2867 1015 2910 causam
1036 2848 1082 2910 rei
1105 2848 1270 2929 publicae,
1292 2848 1378 2933 qnod
1399 2850 1550 2932 putabam
1564 2858 1631 2914 tum
1647 2851 1785 2936 denique

462 2949 547 3007 recte
568 2940 699 3005 iudicari
720 2955 832 3024 posse,
856 2941 882 3003 si
904 2961 969 3003 non
990 2941 1085 3004 modo
1105 2961 1178 3004 reus
1193 2942 1355 3024 improbus
1370 2942 1596 3019 adduceretur,
1618 2945 1785 3008 sedetiam

463 3037 596 3121 diligens
618 3044 649 3099 et
669 3033 777 3099 firmm
798 3042 963 3098 accusator
983 3035 1022 3098 ad
1045 3035 1196 3099 iudicium
1217 3037 1348 3100 veniret
1383 3033 1414 3098 4.
1438 3035 1511 3111 Quo
1532 3037 1610 3101 mihi
1632 3040 1785 3102 maturius

461 3132 503 3196 ad
524 3132 653 3195 Siciliae
675 3150 802 3195 cansam
817 3129 1006 3193 veniendum
1023 3137 1070 3193 est
1085 3129 1204 3193 relictis
1219 3131 1332 3194 ceteris
1347 3131 1416 3193 eius
1429 3130 1522 3193 furtis
1537 3138 1633 3216 atque
1647 3131 1785 3214 flagitiis,

424 3233 500 3290 aaut
525 3233 558 3289 et
583 3225 703 3290 viribus
734 3244 830 3310 quam
857 3224 1068 3307 integerrimis
1097 3244 1190 3308 agere
1217 3232 1249 3288 et
1276 3224 1316 3286 ad
1344 3224 1513 3287 dicendum
1535 3226 1687 3308 temporie
1710 3225 1785 3288 satis

460 3322 577 3384 habere
598 3319 727 3403 possim.
770 3320 875 3402 Atque
898 3313 1014 3401 [adeo],
1036 3326 1207 3402 antequam
1229 3319 1269 3381 de
1290 3318 1500 3381 incommodis
1522 3318 1649 3383 Siciliae
1671 3320 1784 3394 dicam,

461 3434 563 3499 pauca
585 3414 661 3478 mihi
681 3413 829 3478 ridentur
851 3431 920 3476 esse
942 3412 982 3474 de
1003 3412 1186 3495 provinciae
1201 3411 1368 3496 dignitate,
1390 3417 1563 3487 vetustate,
1585 3413 1722 3478 utilitate
1737 3413 1785 3477 di·

461 3508 571 3573 cenda.
599 3509 679 3571 Nam
700 3528 771 3570 cum
794 3507 935 3570 omnium
957 3506 1114 3569 sociorum
1135 3506 1434 3589 provinciarumque
1448 3504 1602 3569 rationem
1617 3506 1785 3590 diligenter

460 3602 577 3665 hahere
599 3601 736 3676 debetis,
768 3609 833 3664 tum
853 3601 1025 3685 praecipue
1047 3600 1187 3676 Siciliae,
1212 3600 1350 3684 iudices,
1372 3598 1519 3682 plurimis
1541 3600 1785 3684 iustissimisque

424 3704 452 3751 44
462 3695 502 3759 44
524 3695 644 3759 causis:
672 3696 825 3778 pn'mum,
848 3696 934 3778 quod
957 3694 1099 3757 omnium
1121 3695 1285 3758 nationum
1308 3702 1487 3757 exterarum
1508 3692 1656 3777 princeps
1679 3692 1785 3756 Sicilia

461 3809 495 3853 se
517 3789 558 3852 ad
579 3789 749 3852 amicitiam
771 3785 929 3872 fidemque
950 3788 1061 3872 populi
1082 3789 1216 3852 Romani
1238 3789 1417 3873 applicavit
1452 3788 1557 3851 Prima
1578 3788 1730 3863 omnium,
1752 3786 1784 3850 id

461 3884 549 3969 quod
571 3889 789 3946 ornamentum
810 3881 934 3963 imperii
957 3889 1019 3956 est,
1041 3882 1206 3963 provincia
1220 3891 1268 3947 est
1282 3882 1460 3966 appellata:
1482 3882 1585 3965 prima
1598 3880 1705 3945 docuit
1719 3899 1785 3943 ma·

460 3979 545 4041 iores
574 3985 714 4051 nostros,
746 3996 841 4059 quam
868 3976 1065 4058 praeclarum
1092 3984 1177 4039 esset
1206 3977 1322 4040 exteris
1345 3974 1490 4059 gentihus
1510 3976 1686 4057 imperare:
1717 3974 1786 4038 sola

458 4071 520 4134 fuit
540 4090 578 4134 ea
598 4067 659 4132 lide
679 4068 966 4151 benevolentiaque
988 4087 1062 4151 erga
1091 4070 1246 4152 populum
1267 4072 1463 4144 Romanum,
1493 4077 1529 4132 ut
1550 4070 1694 4133 civitates
1716 4071 1785 4132 eius

423 4164 602 4238 acmoniae,
631 4182 713 4245 quae
742 4161 840 4226 semel
862 4163 894 4225 in
916 4162 1083 4226 amicitiam
1105 4171 1246 4228 nostram
1267 4166 1445 4238 venissent,
1473 4180 1649 4247 numquam
1672 4168 1783 4246 postea

460 4258 647 4332 deficerent,
677 4258 850 4341 pleraeque
883 4265 987 4320 autem
1021 4265 1052 4321 ct
1083 4258 1220 4322 manime
1247 4258 1387 4323 illustres
1416 4257 1449 4320 in
1471 4256 1607 4321 amicitia
1628 4263 1785 4340 perpetuo

459 4359 631 4416 manerent.
674 4350 705 4414 3.
727 4353 837 4435 ltaque
859 4351 1030 4414 maioribus
1051 4352 1169 4415 nostris
1190 4352 1224 4414 in
1244 4352 1381 4416 Africam
1404 4372 1445 4415 ex
1458 4350 1518 4414 hac
1537 4349 1701 4433 provincia
1715 4368 1786 4431 gra·

459 4447 518 4509 dus
540 4445 662 4528 imperii
689 4444 789 4508 sactus
811 4453 868 4509 est.
911 4448 1021 4530 Neque
1048 4448 1132 4509 enim
1154 4456 1218 4510 tam
1238 4445 1330 4510 facile
1352 4467 1430 4529 opes
1452 4443 1655 4527 Karthaginis
1677 4450 1784 4508 tantae

458 4538 684 4614 concidissent,
716 4539 777 4602 nisi
805 4538 884 4602 illud
918 4546 949 4603 et
978 4540 1023 4602 rei
1048 4539 1271 4606 immentariae
1294 4540 1470 4604 subsidium
1494 4548 1527 4603 et
1546 4538 1783 4621 receptaculum

522 4741 547 4792 2,
565 4740 702 4803 4444444444
718 4744 826 4792 tuentur
842 4755 935 4793 omnes
953 4743 1042 4794 codd:
1061 4757 1114 4794 om.
1129 4744 1156 4794 L.
1172 4772 1200 4782 -
1217 4744 1255 4794 444
1268 4745 1299 4794 V.
1315 4770 1343 4780 -
1361 4742 1386 4796 4.
1401 4758 1475 4808 proc.
1494 4742 1658 4806 adimaitV3
1675 4746 1785 4796 adrexit

451 4830 525 4881 proc.
544 4817 612 4881 Lgtd
629 4830 656 4881 p.
669 4829 706 4868 m.
724 4844 752 4853 -
771 4818 795 4867 d.
812 4819 907 4880 4444444
922 4819 988 4868 roim
1003 4833 1026 4868 c.
1043 4821 1106 4882 reip.
1120 4819 1150 4869 V.
1165 4845 1192 4854 —
1210 4819 1377 4882 reipublicae
1393 4818 1417 4883 4,
1432 4820 1455 4870 V
1471 4818 1531 4871 coll.
1549 4817 1596 4870 lib.
1614 4819 1635 4870 1.
1653 4818 1678 4881 8,
1690 4819 1732 4871 44.
1750 4820 1783 4871 44.

455 4891 496 4956 47,
515 4893 586 4943 tii:
609 4892 695 4954 popuii
713 4893 740 4943 li.
760 4892 807 4943 444.
825 4893 854 4942 0.
878 4919 906 4929 -
932 4897 985 4942 tam
1004 4896 1058 4944 dea.
1075 4899 1131 4957 pat.
1149 4895 1217 4957 [gii
1234 4908 1260 4960 p.
1280 4907 1317 4945 m.
1337 4922 1365 4931 -
1384 4895 1580 4946 assumens
1596 4894 1733 4959 maru.
1755 4921 1782 4933 -

454 4972 529 5030 atque
548 4969 576 5032 44.
594 4966 663 5031 Lgli
679 4981 706 5032 p.
724 4980 760 5017 m.
778 4967 809 5016 V.
840 4969 910 5031 (nam
931 4970 956 5019 in
974 4970 1142 5019 annotatione
1162 4971 1221 5021 Maii
1244 4970 1301 5022 sine
1322 4967 1405 5020 dnbio
1422 4972 1470 5022 Ed.
1489 4983 1539 5037 pro
1556 4969 1622 5021 (444.
1640 4968 1784 5035 legendum

454 5044 521 5106 esst:
539 5056 570 5091 44
585 5045 612 5107 44.
627 5045 672 5093 ctt.
686 5043 715 5093 0.
731 5069 757 5078 -
779 5044 819 5093 44.
838 5044 918 5105 adque
929 5044 959 5093 V.
975 5072 1002 5080 ·-
1021 5045 1083 5094 adeo
1101 5058 1154 5095 om.
1167 5044 1266 5108 vegia
1283 5058 1309 5110 p.
1322 5056 1359 5094 m.
1375 5072 1403 5081 -
1422 5047 1506 5097 444444
1517 5045 1625 5110 44444.
1640 5073 1670 5083 -
1690 5046 1730 5100 44.
1744 5048 1786 5099 44-

453 5115 530 5166 444444
547 5118 613 5180 ngas
630 5131 656 5182 p.
675 5130 712 5168 m.
731 5118 806 5169 Mart.
826 5118 890 5182 Cap.
908 5131 936 5182 p.
953 5118 1010 5169 445.
1030 5119 1113 5184 Kopp.
1144 5121 1172 5169 44
1194 5122 1216 5171 Α
1239 5120 1328 5171 dedetis
1349 5121 1389 5170 444
1409 5122 1517 5173 44444444
1539 5122 1660 5174 extrema
1678 5124 1784 5189 punctis

453 5194 550 5242 444444.
571 5220 598 5228 -
615 5193 655 5243 46.
668 5193 804 5256 applicavit
819 5192 888 5256 Lgit
900 5206 926 5257 p.
940 5206 975 5243 m.
986 5208 1009 5255 φ
1021 5195 1100 5244 arus.
1115 5194 1149 5244 il.
1166 5208 1192 5259 p.
1205 5195 1273 5245 itis
1292 5194 1414 5259 applicuit
1424 5199 1470 5249 cti.
1484 5196 1513 5250 0.
1527 5220 1556 5235 -
1574 5194 1616 5247 49.
1628 5195 1709 5250 tenu.
1723 5197 1745 5247 V
1757 5199 1785 5250 et

453 5266 531 5330 lagg.
552 5293 578 5302 -
592 5268 633 5320 44.
651 5270 742 5320 nostris
758 5280 812 5319 om.
825 5267 873 5319 444.
895 5294 922 5303 -
940 5267 981 5320 44.
1001 5272 1025 5319 44
1041 5260 1103 5319 iliad
1118 5269 1156 5320 rei
1172 5268 1250 5332 4449.
