4367 6109
762 614 835 680 cn.
856 615 1068 681 xv-xru.
1085 612 1150 700 sp.
1173 613 1320 682 u-sa.
1657 620 1698 686 so

379 800 469 846 cesso
490 789 540 845 est
561 783 755 847 castissimus
777 792 808 848 et
829 786 1102 849 constantissimus
1117 805 1186 850 esse
1201 787 1360 864 videatur,
1383 790 1503 873 quiid,
1527 791 1614 876 quod
1630 794 1699 869 soit,

378 874 592 940 familiaribus
615 878 680 941 suis
702 878 788 941 dicit
831 876 881 942 l8.
903 881 961 944 Dic
983 901 1081 957 nunc,
1105 883 1131 944 si
1153 888 1261 964 potes,
1283 882 1310 944 si
1332 903 1399 958 res,
1421 884 1448 947 si
1463 904 1559 949 causa
1570 886 1700 968 patitur,

380 969 529 1035 Clarium
552 991 621 1035 osse
644 972 818 1036 mentitum.
851 974 999 1037 Mentitus
1022 984 1070 1038 est
1085 976 1235 1039 Cluvius?
1263 977 1336 1059 Ipsa
1350 978 1427 1040 mibi
1441 980 1559 1044 veritas
1573 1002 1701 1045 manum

377 1064 484 1129 iniicit
505 1071 538 1129 44
558 1065 722 1149 paulisper
742 1068 914 1131 consistere
936 1076 968 1131 ct
989 1071 1176 1133 commorari
1198 1071 1292 1152 cogit
1326 1071 1414 1135 Unde
1435 1073 1497 1136 boc
1518 1081 1620 1136 totum
1643 1076 1701 1137 dn-

379 1166 466 1223 ctum
488 1166 520 1221 et
541 1155 711 1224 condatum
732 1160 930 1225 mendacium
953 1166 1025 1226 estt
1058 1164 1193 1226 Roscius
1214 1171 1263 1226 est
1280 1164 1428 1229 videlicet
1446 1165 1544 1230 bomo
1567 1167 1701 1232 callidus
1723 1191 1738 1237 4

379 1261 413 1317 et
433 1259 591 1317 versutus.
634 1255 702 1319 Roc
731 1256 823 1320 initio
852 1258 991 1340 cogitare
1020 1259 1145 1341 coepit:
1176 1259 1328 1341 quoniam
1349 1258 1488 1323 Fannius
1510 1281 1529 1324 a
1550 1282 1600 1326 me
1622 1263 1702 1345 petit

380 1348 441 1414 HS
463 1365 551 1423 1000,
573 1354 679 1432 petam
701 1369 721 1411 a
744 1349 777 1412 C.
801 1350 929 1424 Cluvio,
958 1352 1066 1435 equite
1088 1352 1245 1423 Romano,
1274 1352 1476 1416 ornatissimo
1496 1354 1644 1430 homine,
1665 1361 1702 1419 nt

379 1463 452 1509 mea
473 1462 570 1507 causa
591 1443 778 1518 mentiatur3
802 1443 886 1507 dicat
908 1445 1101 1508 decisionem
1122 1445 1237 1508 iactam
1259 1465 1346 1521 osse,
1369 1447 1548 1530 quaefacta
1562 1459 1700 1526 nonest,

380 1539 441 1604 Hs
463 1555 592 1599 cccrnno
613 1556 633 1600 4
654 1536 762 1600 Flavio
785 1537 857 1600 data
880 1556 948 1600 csse
970 1540 1109 1613 Fannio,
1140 1559 1222 1623 quae
1252 1539 1324 1602 data
1349 1559 1416 1603 non
1438 1548 1521 1604 sunt
1562 1543 1619 1606 Est
1638 1545 1701 1606 hoc

379 1632 573 1718 principium
585 1630 722 1714 improbi
737 1632 851 1706 animi,
874 1633 978 1696 miseri
994 1634 1130 1716 ingenii,
1145 1631 1225 1695 nulli
1240 1635 1375 1697 consilii.
1398 1631 1449 1697 l9.
1464 1635 1550 1712 Quid
1565 1637 1738 1710 deindetro

380 1729 590 1809 Posteaquam
619 1746 653 1790 se
681 1726 841 1809 praeclare
863 1725 1073 1802 confirmavit,
1103 1728 1190 1791 venit
1211 1727 1250 1790 ad
1274 1727 1430 1791 Cluvium.
1474 1730 1576 1804 Quem
1597 1729 1702 1793 homi-

380 1822 479 1884 nemt
520 1820 658 1884 Levemt
689 1820 785 1882 immo
807 1821 1037 1902 gravissimum.
1077 1821 1249 1885 blobilemt
1281 1823 1377 1886 immo
1400 1825 1701 1888 constantissimum.

380 1915 601 1980 Familiaremt
630 1915 727 1977 immo
749 1915 987 1978 alienissimum.
1030 1917 1123 1978 Hunc
1147 1923 1375 2001 posteaquam
1398 1919 1561 1992 salutarit,
1589 1939 1701 2002 rogare

381 2009 486 2092 coepit
506 2007 622 2071 blande
638 2015 669 2071 et
687 2009 841 2071 concinne
856 2008 993 2073 scilicet:
1016 2011 1148 2072 mentire
1162 2030 1232 2072 mea
1248 2030 1359 2085 causa;
1377 2011 1455 2075 viris
1476 2013 1616 2096 optimis,
1637 2012 1702 2077 tuis

379 2102 588 2168 familiaribus
611 2103 829 2185 praesentibus
852 2103 902 2166 dic
923 2102 1065 2166 Flavium
1087 2124 1159 2166 cum
1173 2105 1294 2167 Fannio
1314 2105 1355 2166 de
1369 2105 1514 2188 Panurgo
1536 2102 1702 2185 decidisse,
1710 2130 1739 2177 44

381 2198 438 2283 qui
467 2196 546 2259 nibil
577 2197 746 2279 transegit3
780 2195 830 2259 dic
852 2197 912 2260 HS
935 2217 1062 2259 cccr000
1085 2199 1226 2273 dedisse,
1258 2200 1314 2283 qui
1336 2218 1437 2262 assem
1459 2200 1583 2262 nullum
1604 2198 1702 2265 dedit.

380 2291 466 2369 Quid
488 2291 542 2353 ille
565 2289 757 2373 respondit?
792 2293 860 2373 Ego
882 2312 958 2355 rero
981 2293 1096 2376 cupide
1117 2301 1149 2357 et
1171 2292 1307 2356 libenter
1327 2295 1463 2356 mentiar
1482 2302 1537 2358 tua
1552 2300 1702 2372 causaet,

379 2389 408 2452 si
432 2386 561 2471 quando
583 2406 634 2449 me
655 2386 704 2448 vis
726 2387 883 2467 peierare,
911 2393 948 2448 ut
968 2387 1133 2468 paululum
1155 2394 1188 2449 tu
1211 2387 1392 2470 compendii
1413 2387 1527 2464 iacias,
1556 2395 1702 2470 paratum

379 2481 448 2546 fore
470 2481 567 2556 scito;
589 2478 737 2543 nonfuit
759 2498 870 2555 causa,
892 2500 949 2543 cur
969 2486 1090 2543 tantum
1113 2481 1253 2544 laborem
1276 2501 1405 2564 caperes
1428 2490 1460 2544 et
1481 2483 1520 2545 ad
1542 2503 1593 2545 mc
1612 2481 1702 2544 veni·

379 2596 447 2640 res:
470 2595 529 2659 per
547 2575 694 2637 nuntium
709 2574 785 2650 hoc,
809 2576 895 2657 quod
912 2582 979 2639 erat
993 2583 1056 2638 tarn
1072 2576 1158 2651 leve,
1180 2577 1355 2659 transigere
1369 2578 1514 2660 potuisti.
1536 2577 1635 2641 XVII.
1649 2573 1739 2649 5040

378 2672 440 2734 Pro
469 2668 564 2732 deum
592 2670 819 2753 hominumque
841 2666 952 2732 lideml
984 2671 1046 2732 hoc
1069 2677 1124 2734 aut
1145 2671 1277 2733 Roscius
1299 2691 1451 2754 umquam
1472 2692 1491 2736 4
1514 2671 1624 2735 Cluvio
1646 2690 1703 2754 pe-

380 2765 487 2840 tisset,
509 2765 536 2827 si
558 2764 618 2828 Ha·
633 2763 736 2827 milies
758 2764 791 2825 in
813 2765 964 2828 iudicium
980 2764 1127 2837 baberet,
1149 2771 1204 2826 aut
1219 2763 1349 2827 Cluvius
1363 2765 1478 2828 Roscio
1493 2766 1611 2849 petenti
1627 2785 1702 2828 con·

379 2858 542 2933 cessisset,
573 2859 599 2920 si
627 2858 793 2920 universae
819 2859 956 2941 praedae
976 2860 1135 2942 particeps
1158 2860 1266 2922 essett
1309 2859 1371 2920 Vix
1394 2860 1517 2923 medius
1535 2857 1630 2922 lidius
1652 2865 1701 2935 tu,

379 2953 499 3026 Fanni,
532 2972 551 3014 a
576 2951 720 3015 Ballione
747 2960 802 3015 aut
829 2954 937 3037 aliquo
966 2955 1034 3018 eius
1061 2953 1156 3017 simili
1184 2953 1246 3016 boc
1274 2959 1306 3017 et
1333 2954 1494 3036 postulare
1515 2953 1648 3018 auderes
1670 2960 1703 3017 et

380 3049 548 3132 impetrare
575 3065 701 3130 posses,
738 3049 824 3130 quod
855 3068 926 3111 cum
948 3054 996 3111 est
1016 3048 1148 3110 veritate
1169 3046 1302 3121 salsum,
1336 3054 1403 3110 tum
1424 3047 1548 3111 rationo
1571 3068 1739 3131 quoquene

382 3149 429 3206 est
451 3140 648 3204 incredibile.
689 3141 868 3205 Obliviscor
889 3144 972 3206 enim
994 3142 1143 3205 Roscium
1166 3148 1198 3204 et
1220 3142 1366 3204 Cluvium
1387 3143 1472 3205 viros
1495 3123 1564 3204 essb
1586 3141 1702 3224 prima·

380 3236 464 3299 rios:
486 3236 649 3317 improbos
670 3237 822 3318 temporis
843 3256 938 3301 causa
960 3257 1029 3300 esse
1044 3233 1139 3319 lingo.
1175 3232 1226 3299 54.
1248 3236 1375 3299 Falsum
1391 3236 1575 3299 subornavit
1588 3242 1702 3298 testem

381 3330 515 3394 Roscius
538 3330 693 3393 Cluvium.
728 3331 792 3393 Cur
811 3339 875 3394 tam
896 3333 991 3394 sero?
1014 3352 1085 3404 cnr,
1108 3349 1180 3393 curn
1200 3329 1298 3392 altera
1312 3330 1424 3412 pensio
1442 3328 1594 3392 solvenda
1608 3334 1702 3402 esset,

381 3446 446 3490 non
467 3433 552 3501 tum,
585 3444 656 3487 cum
683 3426 807 3507 prima?
840 3428 918 3488 Nam
949 3426 1011 3487 iam
1039 3432 1132 3488 antea
1153 3423 1213 3487 Ha·
1236 3442 1306 3484 1000
1330 3423 1527 3487 dissolverat.
1569 3421 1702 3494 Deinde,

382 3519 494 3585 ailam
522 3537 709 3601 persuasum
737 3527 804 3581 erat
826 3519 956 3596 Cluvio,
986 3526 1021 3583 ut
1041 3519 1243 3591 mentiretur,
1272 3539 1328 3581 cur
1348 3518 1456 3601 potius
1479 3516 1538 3580 HS
1562 3533 1739 3589 cc01000‚30

382 3634 476 3700 quam
498 3631 626 3673 cccronn
649 3631 776 3674 cccm00
798 3632 925 3675 ccc1000
948 3616 1020 3678 data
1041 3613 1124 3676 dixit
1137 3613 1258 3675 Fannio
1282 3611 1437 3687 aFlario,
1460 3631 1532 3674 cum
1550 3631 1590 3674 ex
1610 3610 1702 3673 resti·

381 3709 545 3794 pulatione
566 3727 639 3790 pars
662 3710 730 3772 eius
752 3708 882 3773 dimidia
902 3708 1007 3773 Roscii
1030 3710 1136 3771 esset?
1173 3705 1238 3769 lanr
1268 3706 1435 3788 intelligis,
1466 3704 1499 3768 C.
1521 3705 1612 3780 Piso,
1641 3702 1701 3768 sibi

382 3801 456 3877 soli,
479 3801 622 3864 societati
645 3802 725 3865 nibil
747 3804 894 3866 Roscium
916 3804 1043 3886 petisse.
1075 3803 1145 3865 lloc
1168 3822 1239 3864 cum
1258 3801 1354 3864 sentit
1369 3800 1512 3863 Saturius
1527 3819 1597 3863 esse
1612 3818 1702 3881 aper-

381 3904 464 3970 tum,
496 3895 643 3959 resistcre
672 3903 704 3958 et
724 3916 900 3980 repugnare
923 3905 1032 3960 contra
1052 3899 1218 3959 veritatem
1240 3915 1304 3958 non
1326 3893 1437 3957 audet:
1470 3893 1558 3957 aliud
1580 3891 1701 3956 fraudis

382 3996 414 4054 ct
433 3989 620 4053 insidiarum
642 3990 675 4051 in
697 3991 808 4054 eodem
831 3992 963 4074 vestigio
985 3991 1214 4055 deverticulum
1236 3990 1385 4072 repperit
1710 4012 1739 4058 ³5

465 4080 516 4148 52.
538 4084 676 4158 Petisse,
707 4085 828 4169 inquit,
854 4106 943 4148 suam
964 4093 1084 4168 partem
1106 4083 1256 4148 Roscium
1278 4103 1296 4145 a
1318 4082 1426 4145 Flavio
1449 4078 1620 4156 confiteor3
1647 4100 1702 4144 va·

381 4198 471 4243 cuam
493 4185 526 4241 et
547 4179 701 4261 integram
722 4179 890 4263 reliquisse
912 4179 1022 4242 Fannii
1044 4180 1203 4242 concedo:
1233 4177 1307 4250 sed,
1332 4176 1418 4260 quod
1441 4174 1501 4238 sibi
1524 4175 1647 4257 exegit,
1668 4175 1702 4237 id

380 4292 547 4337 commune
575 4273 734 4337 societatis
764 4273 879 4336 lactum
909 4293 978 4336 esse
1000 4274 1170 4336 contendo.
1204 4272 1275 4348 Quo
1298 4270 1378 4333 nibil
1400 4268 1574 4352 captiosius
1597 4288 1701 4351 neque

429 4423 454 4473 4.
466 4424 643 4474 &messe
653 4439 680 4472 α.
692 4451 720 4460 -
738 4423 763 4474 4,
773 4425 852 4474 inlicit
862 4424 1012 4475 Ernestius:
1026 4425 1109 4474 4444444
1120 4436 1182 4474 curn
1192 4419 1359 4473 codicibnsA
1368 4417 1451 4472 440.
1471 4418 1545 4482 Ctp.
1554 4419 1630 4468 Roso.
1641 4419 1699 4468 444.

380 4495 406 4561 5.
415 4497 459 4549 ld.
470 4522 500 4536 -
510 4496 537 4549 ’4.
553 4496 667 4548 ltontooo
678 4510 731 4548 cm.
744 4500 801 4548 αθ.
817 4526 843 4535 -
863 4498 902 4548 40.
919 4500 1012 4549 nultius
1026 4499 1122 4550 consitis
1134 4497 1187 4552 44.
1209 4497 1282 4561 (nudi
1298 4507 1432 4559 supersor.
1446 4506 1482 4544 m.
1495 4505 1552 4543 seo.
1564 4493 1655 4542 nultius
1672 4509 1700 4554 a,

382 4570 466 4622 «Nulli
482 4583 531 4636 pro
541 4570 650 4622 muro·
661 4585 714 4636 mg.
728 4573 769 4635 4.)
787 4573 825 4623 Cl.
838 4585 865 4637 p.
877 4573 997 4633 Quinctio
1010 4573 1034 4638 5.
1047 4575 1072 4624 b.
1084 4600 1111 4608 -
1126 4572 1165 4624 44.
1183 4572 1309 4633 condono]
1326 4570 1440 4620 continuo
1451 4569 1543 4619 cul.
1559 4596 1585 4604 -
1603 4568 1703 4617 mantin·

381 4647 472 4697 cGll.
492 4671 522 4683 -
538 4658 597 4697 aaa
612 4659 691 4697 44444
705 4647 775 4712 cteta]
792 4660 848 4697 com
863 4661 920 4697 mco
934 4649 997 4698 otrir
1013 4650 1042 4708 G,
1060 4661 1126 4698 mco.
1143 4649 1206 4698 44444
1221 4649 1255 4698 bl.
1276 4674 1303 4684 -
1323 4646 1362 4696 47,
1380 4644 1506 4707 respoudit
1522 4655 1584 4694 cum
1600 4644 1702 4693 Iuntina

381 4732 434 4771 om.
449 4719 480 4783 L,
496 4717 661 4773 44440441.
680 4724 742 4788 (non
755 4722 782 4785 L)
801 4723 865 4784 Quid
880 4722 942 4774 illc?
957 4737 1002 4788 ego
1018 4737 1076 4773 vcro
1092 4725 1179 4786 cupido
1195 4728 1218 4773 et
1234 4721 1344 4782 libenter,
1363 4720 1456 4783 444444,
1473 4720 1596 4769 mertior-
1607 4729 1660 4780 mg.
1673 4715 1700 4770 4.

384 4822 411 4832 -
425 4795 465 4847 48.
477 4795 517 4846 cla
531 4809 586 4848 om.
596 4801 644 4849 aG
656 4799 681 4850 44
698 4800 725 4849 et
736 4799 762 4857 F,
782 4798 807 4847 44
819 4811 872 4862 quo
883 4798 1009 4863 deinceps
1022 4801 1185 4861 estpctcrcro
1196 4798 1332 4861 oportuerat
1346 4802 1375 4846 ut
1386 4796 1438 4846 cet.
1451 4822 1477 4831 -
1495 4794 1537 4843 20.
1549 4793 1595 4842 boo
1605 4791 1702 4854 quidem

381 4875 434 4922 444
454 4871 506 4922 ove
522 4873 549 4923 r.
575 4902 601 4912 -
628 4875 669 4925 nr.
684 4875 794 4937 petrem
809 4873 920 4929 aare.
947 4875 1052 4938 (perone
1072 4873 1173 4936 ocu.)
1193 4902 1220 4911 -
1246 4873 1287 4924 aa.
1307 4869 1356 4923 «4.
1375 4872 1402 4922 o»
1420 4870 1527 4920 44444·
1548 4878 1601 4929 ms·
1622 4863 1648 4918 2·
1672 4893 1699 4902 -

381 4946 422 4998 st.
440 4950 463 4997 st
475 4948 606 5010 postutare
621 4951 792 5000 Garatonius:
810 4951 969 5013 expostulare
984 4963 1045 5001 cum
1064 4949 1202 5001 codicibus
1218 4948 1283 5009 40,
1300 4947 1428 5010 portatore
1444 4957 1505 4995 cum
1520 4941 1649 5004 Naugeric
1667 4939 1701 5000 (tn

382 5021 542 5085 Victoriana,
560 5025 656 5075 44444
674 5023 765 5076 444444
783 5039 904 5089 quoque,
922 5028 952 5076 ut
968 5025 1063 5076 asserit
1076 5023 1238 5085 Garatonius)
1257 5021 1310 5076 Lss.
1327 5050 1353 5059 —
1372 5021 1414 5072 46.
1432 5017 1580 5069 imminuo
1594 5012 1656 5074 β44.
1672 5041 1699 5050 -

381 5095 422 5146 48.
439 5109 486 5146 cur
502 5102 572 5148 teoto
589 5113 644 5150 acro
661 5102 691 5149 4.
712 5128 738 5137 —-
757 5101 798 5150 34.
817 5114 835 5150 4
851 5114 904 5150 orn.
923 5117 942 5150 α
949 5099 1041 5162 44644.
1058 5128 1084 5136 -
1104 5100 1143 5151 34.
1159 5099 1278 5162 4444444944
1293 5097 1356 5159 du.
1372 5126 1399 5135 -
1418 5097 1459 5147 33.
1472 5093 1586 5145 Roscium
1601 5090 1662 5139 44444
1671 5104 1700 5138 α.

384 5198 411 5207 -
425 5173 524 5235 petiisse
539 5175 570 5224 4.
591 5204 617 5213 -
637 5174 677 5227 34.
698 5174 745 5225 «al.
763 5181 786 5226 et
800 5189 929 5240 pappare»
947 5189 1001 5240 mg.
1019 5175 1045 5229 R.
1067 5204 1094 5213 -
1119 5176 1159 5226 35.
1177 5177 1205 5224 44
1222 5187 1312 5225 errore
1330 5175 1433 5238 typogr.
1453 5182 1506 5220 om.
1525 5166 1551 5221 4.
1572 5194 1598 5203 -
1618 5166 1702 5215 ‹liver-

382 5248 484 5307 rlsulum
499 5248 676 5310 αβ444444.
692 5278 719 5287 -
753 5251 862 5314 repperit
878 5252 948 5301 GM:
966 5251 1059 5314 reperit
1074 5250 1189 5305 4440.
1205 5278 1232 5287 -
1251 5249 1292 5300 36.
1307 5249 1404 5311 petiisse
1419 5247 1456 5308 4,
1471 5244 1584 5313 potitum
1599 5240 1657 5302 du.
1672 5267 1700 5280 -

381 5327 484 5392 4444444
500 5326 591 5380 4444.
613 5354 639 5365 -
658 5326 690 5378 38
707 5339 748 5396 sq.
767 5328 842 5387 stort.
859 5341 937 5401 aegros
951 5326 1078 5390 44444444»
1097 5338 1151 5393 mg.
1169 5321 1196 5387 4.
1220 5324 1259 5376 cl.
1278 5323 1303 5397 5.
1321 5322 1364 5376 49.
