4367 6109
453 594 495 665 70
744 601 896 670 ORATIO
916 601 995 668 PRO
1018 603 1109 668 SEX.
1129 600 1277 667 ROSCIO
1299 600 1484 673 mutuo

452 774 514 840 fuit
534 780 599 838 tam
620 772 775 846 nefarius,
800 773 872 857 quis
895 773 1000 856 pirata.
1017 779 1081 836 tarn
1102 771 1271 846 barbarus,
1293 777 1344 845 ut,
1366 790 1438 834 cum
1452 771 1606 855 integram
1623 769 1773 853 praedam

452 868 521 932 sine
542 868 694 952 sanguine
715 866 833 931 hahere
855 873 978 949 posset,
1000 875 1131 930 cruenta
1146 865 1249 949 spolia
1264 865 1429 928 detrahere
1443 865 1577 929 mallet?
1609 861 1681 928 tlt.
1704 864 1773 928 Scia

451 962 536 1025 hunc
557 962 638 1025 nihil
657 961 791 1036 hahere,
812 960 893 1023 nihil
914 961 1048 1035 audere,
1069 960 1151 1023 nihil
1172 979 1283 1042 posse,
1306 959 1386 1022 nihil
1408 978 1559 1044 umquam
1580 967 1692 1023 contra
1704 977 1772 1022 rem

451 1063 539 1119 tuam
566 1054 739 1137 cogitasse3
768 1061 800 1117 et
826 1061 932 1118 tamen
958 1074 1124 1138 oppugnas
1152 1072 1242 1127 eum,
1271 1071 1365 1137 mem
1391 1072 1496 1136 neque
1518 1059 1659 1117 metuere
1680 1061 1772 1136 poter

426 1155 555 1232 tneque
587 1146 694 1211 odisse
724 1147 822 1211 dehes
847 1167 907 1211 nec
935 1146 1110 1233 quidquam
1131 1146 1195 1210 iam
1216 1146 1333 1210 hahere
1355 1146 1471 1231 reliqui
1491 1147 1598 1221 rides,
1632 1147 1771 1232 quodsi

451 1240 616 1305 detrahere
637 1241 760 1325 possis:
783 1241 845 1304 nisi
866 1242 927 1305 hoc
949 1242 1115 1325 indignum
1136 1248 1246 1323 putas,
1270 1241 1358 1323 quod
1372 1241 1520 1304 vestitum
1542 1241 1654 1304 sedere
1677 1241 1711 1304 in
1724 1241 1773 1304 in·

450 1334 534 1398 dicio
556 1333 661 1408 rides,
691 1354 785 1418 quem
807 1341 843 1397 tu
864 1355 882 1397 e
904 1334 1095 1418 patrimonio
1118 1341 1280 1418 tamquam
1302 1352 1320 1396 e
1343 1332 1507 1418 naufragio
1528 1335 1650 1399 nudum
1673 1354 1773 1416 expu-

449 1427 525 1491 listi.
568 1427 668 1503 Quasi
700 1447 777 1491 vero
810 1430 938 1494 nescias
963 1429 1049 1492 huno
1078 1436 1110 1492 et
1131 1428 1173 1490 ali
1195 1435 1228 1491 et
1248 1427 1356 1491 restiri
1379 1447 1398 1491 a
1421 1428 1574 1503 Caecilia,
1607 1425 1771 1512 [Balearici

449 1517 531 1596 filia,
552 1522 684 1605 Nepotis
706 1517 852 1604 sorore,]
877 1523 1107 1605 spectatissima
1128 1522 1260 1597 femina,
1287 1541 1368 1606 quae
1390 1542 1462 1586 cum
1484 1522 1696 1586 clarissimum
1717 1541 1773 1606 pa·

411 1624 440 1672 to
449 1624 542 1689 trem,
564 1615 778 1697 amplissimos
801 1625 947 1699 patruos,
980 1611 1218 1681 ornatissimum
1239 1616 1368 1678 fratrem
1390 1616 1535 1692 haheret,
1558 1625 1679 1691 tamen,
1701 1637 1772 1683 cum

449 1715 533 1771 esset
554 1708 684 1783 mulier,
705 1710 822 1773 virtute
844 1709 991 1792 perfecit,
1013 1720 1065 1785 ut,
1088 1718 1208 1794 quanto
1230 1710 1353 1773 honore
1375 1711 1446 1793 ipsa
1467 1731 1507 1797 ex
1526 1711 1654 1775 illorum
1670 1710 1772 1794 digni·

448 1806 513 1862 tate
542 1798 734 1877 alliceretur,
767 1822 832 1866 non
864 1804 988 1868 minora
1019 1805 1084 1868 illis
1117 1812 1302 1867 ornamenta
1333 1823 1374 1866 ex
1406 1825 1463 1867 sua
1492 1803 1586 1868 laude
1615 1805 1770 1868 redderet.

448 1895 499 1958 Ll.
521 1891 593 1958 lle.
615 1897 663 1959 An
686 1898 773 1982 quod
795 1899 964 1982 diligenter
985 1898 1180 1970 defenditur,
1210 1897 1243 1959 id
1271 1896 1328 1959 tibi
1351 1897 1517 1980 indignum
1538 1897 1662 1961 facinus
1684 1898 1771 1961 vide-

448 1992 526 2053 tur?
568 1991 648 2053 hlihi
671 1992 781 2066 crede,
810 1992 836 2055 si
858 2012 916 2075 pro
939 1994 1038 2075 patris
1060 1992 1155 2055 huius
1177 1991 1325 2074 hospitiis
1348 1997 1380 2053 et
1401 1991 1502 2073 gratia
1521 1991 1641 2055 vellent
1661 2011 1770 2055 omnes

411 2081 545 2148 tehuius
565 2084 708 2167 hospites
729 2086 840 2149 adesse
863 2096 895 2149 et
915 2088 1069 2150 auderent
1089 2087 1189 2149 lihere
1212 2084 1399 2160 defendere,
1422 2084 1498 2148 satis
1517 2085 1648 2168 copiose
1662 2085 1771 2148 deien-

449 2177 592 2251 deretur3
621 2179 670 2241 sin
697 2188 802 2243 autem
832 2200 890 2263 pro
912 2181 1129 2263 magnitudine
1151 2180 1287 2243 iniuriae
1309 2199 1432 2264 proque
1455 2198 1510 2254 eo,
1541 2180 1627 2263 quod
1648 2198 1781 2243 summa.

447 2273 646 2354 respublica
667 2272 701 2335 in
723 2273 819 2336 huius
841 2274 983 2356 periculo
1004 2282 1160 2348 tentatur,
1191 2272 1270 2337 h‘aec
1292 2292 1403 2335 omnes
1422 2273 1636 2348 vindicarent,
1667 2272 1771 2336 consi·

448 2373 529 2427 stere
561 2365 742 2430 >mehercule
770 2367 862 2430 vohis
889 2368 950 2430 isto
979 2367 1013 2429 in
1042 2367 1112 2429 loco
1142 2386 1207 2429 non
1235 2365 1353 2430 liceret.
1395 2368 1486 2429 Nunc
1509 2367 1554 2429 ita
1575 2366 1770 2441 defenditur,

447 2478 513 2521 non
534 2479 610 2522 sane
632 2468 669 2523 ut
689 2461 822 2524 moleste
843 2461 925 2523 serre
947 2460 1118 2523 adversarii
1141 2460 1291 2534 debeant,
1314 2480 1418 2544 neque
1440 2468 1477 2523 ut
1498 2480 1533 2524 se
1554 2460 1699 2543 potentia
1719 2479 1771 2522 su·

410 2553 550 2635 asperari
571 2559 693 2635 putent.
737 2549 809 2615 lte.
833 2553 922 2629 Quae
943 2554 1029 2616 domi
1053 2554 1191 2636 gerenda
1213 2561 1303 2626 sunt,
1329 2573 1367 2616 ea
1388 2573 1446 2635 per
1468 2554 1636 2618 Caeciliam
1658 2554 1772 2617 transi·

447 2655 579 2729 guntur:
600 2646 661 2709 fori
676 2647 853 2731 iudiciique
867 2648 1022 2711 rationem
1037 2649 1078 2710 M.
1094 2647 1240 2721 Messala,
1261 2654 1298 2709 ut
1312 2647 1436 2721 videtis,
1458 2647 1591 2722 iudices,
1614 2646 1770 2729 suscepit,

449 2741 504 2823 qui
526 2741 553 2802 si
575 2740 636 2803 iam
659 2741 737 2803 satis
758 2741 870 2804 aetatis
893 2760 929 2803 ae
943 2740 1067 2803 roboris
1082 2741 1230 2815 haberet,
1252 2742 1321 2823 ipse
1337 2761 1394 2825 pro
1411 2742 1484 2803 Sex.
1498 2743 1614 2805 Roscio
1630 2742 1771 2816 diceret;

449 2833 600 2916 quoniam
622 2833 662 2896 ad
685 2834 854 2896 dicendum
876 2834 1103 2916 impedimento
1126 2842 1175 2899 est
1195 2842 1282 2898 aetas
1305 2843 1337 2898 et
1358 2835 1476 2917 pudor,
1500 2836 1554 2919 qui
1571 2841 1663 2898 ornat
1686 2841 1771 2897 aeta·

447 2934 527 3001 tem,
550 2946 677 2991 causam
700 2927 777 2990 mihi
799 2928 945 3001 tradidit,
969 2947 1063 3011 quem
1085 2949 1143 2992 sua
1165 2948 1261 2992 causa
1282 2948 1397 3010 cupere
1418 2948 1454 2990 ac
1477 2929 1592 2991 dehere
1613 2927 1771 3010 intellige·

411 3022 518 3084 rebat:
546 3022 617 3105 ipse
639 3022 842 3097 assiduitate,
871 3022 1023 3097 consilio,
1054 3023 1258 3097 anctoritate,
1281 3022 1445 3105 diligentia
1467 3021 1616 3105 perfecit,
1638 3027 1675 3084 ut
1697 3021 1770 3084 Sex.

448 3115 554 3178 Roscii
576 3115 641 3178 vita
664 3122 772 3199 erepta
793 3114 833 3178 de
855 3116 1001 3179 manibus
1016 3124 1174 3180 sectorum
1192 3117 1357 3179 sententiis
1371 3117 1512 3179 iudicum
1526 3116 1770 3199 permitteretur.

447 3209 617 3284 Nimirum,
647 3210 786 3286 iudices,
815 3230 874 3293 pro
904 3209 963 3273 hac
992 3210 1158 3273 nobilitate
1187 3229 1261 3293 pars
1288 3211 1426 3274 maxima
1453 3211 1590 3275 civitatis
1618 3211 1653 3273 in
1675 3209 1769 3274 armis

447 3303 524 3379 iuit;
546 3303 625 3367 haec
647 3313 716 3368 acta
736 3325 788 3368 res
811 3311 875 3380 est,
898 3314 934 3367 ut
954 3305 977 3367 ii
994 3303 1119 3366 nobiles
1134 3305 1375 3367 restituerentur
1389 3306 1422 3368 in
1438 3306 1614 3378 civitatem,
1638 3304 1694 3387 qui
1709 3302 1770 3365 hoc

448 3397 603 3471 iacerent,
634 3399 721 3481 quod
748 3397 853 3461 facere
875 3398 1043 3461 Messalam
1065 3397 1197 3471 videtis,
1227 3399 1282 3481 qui
1305 3408 1400 3481 caput
1420 3397 1598 3461 innocentis
1620 3395 1770 3460 deiende·

410 3500 534 3565 urent,
557 3492 612 3574 qui
635 3491 771 3554 iniuriae
792 3493 992 3566 resisterent,
1024 3492 1095 3575 qui,
1118 3500 1273 3574 quantum
1294 3500 1441 3575 possent,
1464 3493 1495 3554 in
1519 3492 1619 3555 salute
1641 3493 1769 3555 alterius

451 3603 547 3667 quam
578 3584 613 3645 in
646 3585 744 3648 exitio
774 3587 904 3650 mallent
932 3586 1109 3648 ostendere.
1154 3585 1248 3660 Quod
1275 3586 1302 3646 si
1325 3605 1451 3660 omnes,
1485 3586 1540 3670 qui
1563 3587 1676 3650 eodem
1698 3586 1769 3649 loeo

449 3678 513 3740 nati
536 3684 626 3752 sunt,
654 3677 810 3755 facerent,
837 3689 868 3742 et
888 3699 939 3742 res
961 3679 1089 3763 publica
1110 3699 1151 3741 ex
1172 3679 1236 3742 illis
1258 3685 1290 3741 et
1310 3678 1373 3764 ipsi
1396 3699 1436 3742 ex
1457 3679 1577 3744 invidia
1598 3679 1703 3744 minus
1724 3679 1769 3742 la·

447 3771 606 3834 horarent.

512 4107 671 4169 hposritv.
691 4133 719 4141 —
745 4106 841 4157 acioG.
862 4134 889 4142 -
916 4106 940 4158 3.
962 4108 1026 4157 hone
1047 4109 1137 4158 llec:
1164 4122 1230 4159 nunc
1247 4111 1307 4171 (ἰν,
1333 4110 1428 4160 5011.
1449 4136 1477 4145 —
1497 4109 1770 4174 conveniendum

448 4184 478 4232 G.
497 4209 524 4217 —
543 4181 567 4232 l.
586 4195 642 4232 m
658 4194 711 4232 om.
731 4183 760 4232 G.
781 4209 808 4217 —
827 4183 851 4231 5.
870 4183 923 4232 tom
938 4182 1029 4232 hohcre
1045 4184 1142 4234 GMv:
1163 4184 1252 4235 habere
1268 4187 1321 4234 tom
1337 4186 1416 4236 Oac.
1437 4211 1464 4221 -
1482 4185 1557 4251 older]
1575 4187 1667 4236 lodices
1683 4187 1717 4237 ll.
1739 4210 1766 4224 -

448 4257 835 4320 6.indipnom-·quemom.
853 4260 882 4308 G.
902 4285 930 4295 -
955 4259 979 4308 7.
998 4258 1062 4324 tue]
1084 4262 1197 4320 tqu,
1218 4273 1302 4311 eom.
1320 4274 1345 4311 r.
1366 4287 1394 4296 -
1417 4260 1442 4312 8.
1461 4261 1767 4314 etataetrtrtacaoc.

446 4345 472 4380 v.
493 4357 520 4367 -
540 4331 665 4382 Boteortct
681 4333 780 4383 Manet.
798 4333 886 4383 toto:
911 4333 1025 4383 Balearic
1039 4335 1211 4397 ὃτψναος
1230 4336 1392 4395 Baleares&
1411 4335 1571 4395 munerun
1589 4335 1767 4387 Bellora‘icll.

449 4405 573 4457 Ceterum
599 4406 667 4456 haec
690 4420 733 4457 vv.
751 4409 781 4457 ut
805 4405 937 4470 glossema
959 4420 1020 4458 cum
1044 4407 1177 4473 plerisque
1199 4412 1296 4461 criticis
1318 4409 1423 4462 seclusi.
1444 4439 1472 4449 -
1496 4411 1520 4462 9.
1538 4410 1602 4461 olor.
1619 4414 1719 4472 patrm
1734 4413 1767 4462 G:

443 4487 544 4543 patron
560 4482 623 4532 otor.
641 4481 719 4532 cedd.
738 4480 794 4532 rell.
814 4483 881 4543 noti,
900 4484 929 4534 0.
950 4509 977 4519 -
1001 4484 1041 4533 tt).
1063 4483 1155 4547 tomen]
1178 4491 1230 4535 tom
1245 4500 1271 4537 v.
1291 4513 1319 4521 -
1345 4488 1385 4536 tt.
1404 4491 1497 4549 oscam
1512 4485 1547 4551 h]
1565 4498 1642 4548 Μ
1657 4491 1727 4536 tosto
1742 4486 1767 4536 t.

447 4558 514 4608 conl.
529 4559 604 4618 Ern.;
623 4564 813 4622 quantocunque
827 4559 851 4609 h.
867 4561 934 4610 cont.
949 4558 1040 4610 lamb.
1056 4587 1083 4596 -
1103 4562 1143 4610 th.
1162 4563 1310 4626 adfirmator
1321 4564 1350 4612 G.
1364 4587 1392 4598 -
1413 4560 1453 4613 ll.
1470 4561 1766 4624 schematave:

442 4633 527 4694 petria
542 4633 595 4682 clos
610 4634 670 4694 Oc,
695 4633 773 4683 codd.
792 4632 860 4694 rell,
878 4636 908 4685 ut
923 4634 1036 4685 videtur.
1072 4636 1098 4686 Si
1115 4634 1179 4700 quid
1197 4636 1352 4688 mutandum
1371 4639 1426 4696 est,
1448 4637 1535 4701 potius
1551 4636 1578 4686 in
1594 4635 1769 4700 sequentihus

446 4720 530 4757 omnes
553 4708 606 4757 etus
627 4708 732 4770 tomen
752 4708 949 4759 emendandum
967 4713 1013 4759 aut
1028 4708 1141 4761 alterum
1158 4712 1231 4762 talasa
1246 4711 1390 4763 delendum
1407 4711 1519 4763 videtur.
1539 4734 1567 4747 -
1585 4710 1687 4772 tcaput
1703 4712 1767 4773 lla,

446 4778 537 4832 lex.
556 4808 584 4817 ·-
604 4782 643 4832 46.
658 4783 764 4848 proque]
777 4797 827 4846 pro
844 4786 898 4835 Gv.
913 4811 941 4820 -
959 4797 1057 4835 summo
1072 4800 1113 4837 rer
1126 4801 1153 4848 p.
1173 4789 1242 4848 Gli,
1260 4785 1333 4847 Poll..
1350 4789 1379 4837 ut
1396 4785 1486 4836 lamb.
1500 4785 1526 4835 in
1543 4785 1604 4836 adn.
1618 4784 1767 4849 suspicatus

447 4858 503 4906 est:
529 4869 627 4906 sommo
642 4857 719 4920 reip.
738 4870 790 4918 nc,
815 4859 923 4917 Frano.;
949 4872 1047 4909 aranmo
1066 4873 1103 4910 rc.
1124 4874 1152 4923 p.
1176 4862 1229 4911 Tv.
1257 4887 1283 4900 -
1310 4862 1350 4912 47.
1374 4865 1509 4924 coaptatur
1524 4863 1554 4911 G.
1575 4886 1602 4896 -
1628 4860 1769 4910 iudicarunt

445 4937 507 4994 ψν.
528 4957 555 4966 -
583 4931 622 4981 49.
640 4944 701 4982 sone
715 4938 744 4982 ut
758 4946 810 4982 non
826 4931 843 4987 2
861 4935 886 4983 in
904 4946 987 4997 marg.
1009 4960 1035 4970 -
1054 4935 1095 4985 20.
1114 4937 1284 4999 mesopontus
1297 4950 1322 4986 v.
1338 4962 1364 4972 -
1383 4937 1424 4986 2⁴.
1442 4937 1478 4987 at.
1491 4938 1550 4986 Gar.
1563 4936 1598 4985 λε
1618 4948 1670 4986 om.
1688 4948 1769 5000 pree-

445 5017 543 5056 nomen
561 5005 677 5058 codices.
697 5033 725 5044 -
743 5008 852 5059 Mearm
868 5010 1065 5069 GliCSm,
1084 5012 1170 5060 Para:
1192 5011 1309 5061 Mersella
1324 5013 1351 5062 L.
1372 5037 1399 5047 ·-
1417 5011 1458 5061 Ξῖ.
1477 5024 1508 5061 ac
1524 5012 1611 5061 sua:
1638 5016 1661 5061 et
1677 5024 1709 5071 νς
1726 5014 1769 5060 ot·

445 5094 494 5143 oue
508 5081 595 5146 vulgo.
611 5108 638 5118 -
656 5083 697 5133 23.
709 5083 828 5146 quociom
844 5089 929 5133 ouum
945 5085 980 5133 od
996 5085 1020 5134 d.
1039 5087 1068 5134 G.
1090 5112 1117 5121 —
1136 5099 1185 5146 quo
1202 5087 1309 5136 ornctG
1326 5084 1406 5136 solus.
1427 5113 1454 5123 -
1472 5085 1513 5136 tl.
1532 5099 1605 5147 ouem
1621 5086 1723 5136 Gilva
1733 5097 1765 5135 c:

445 5170 522 5219 qoem
537 5157 553 5207 5
570 5158 633 5208 011.
653 5181 680 5195 -
700 5159 740 5209 25.
756 5159 859 5222 perfecit
875 5172 928 5210 om.
946 5172 972 5209 v.
992 5183 1019 5196 -
1038 5159 1079 5209 26.
1095 5162 1337 5222 proetomtttcratur
1352 5162 1381 5209 G.
1401 5184 1430 5196 -
1452 5161 1493 5212 28.
1510 5165 1539 5209 ot
1554 5160 1573 5209 s
1589 5159 1692 5223 hladdg
1709 5160 1765 5225 (Op.

444 5232 475 5281 ll.
495 5245 521 5295 p.
539 5231 623 5296 327.):
648 5237 678 5282 ast
699 5245 732 5293 v;
753 5233 791 5282 uti
816 5233 894 5285 codd.
919 5234 947 5284 0.
968 5260 995 5270 -
1022 5234 1062 5284 30.
1084 5235 1111 5284 ta
1132 5235 1236 5286 murm
1253 5237 1286 5296 G,
1310 5234 1363 5287 Pal.
1382 5237 1418 5299 4.,
1435 5237 1472 5287 st.
1490 5236 1557 5289 Vict.
1576 5261 1605 5275 -
1631 5234 1671 5288 34.
1690 5248 1768 5301 qum

445 5318 498 5357 om.
518 5307 547 5356 G.
568 5334 595 5344 -
615 5307 845 5372 commane.
865 5309 1207 5375 -3hoottaintll2xu
