4367 6109
681 573 749 640 ιιι.
770 573 810 638 11.
832 573 906 640 cn.
927 572 1251 639 sunm-xxxv.
1278 569 1335 656 33.
1356 568 1512 637 rc-sr.
1679 567 1743 636 soa

425 744 581 826 insignem
606 743 755 807 iniuriam
784 742 931 806 omnibus
955 748 1061 806 notus.
1113 742 1218 806 Huius
1250 741 1390 824 bospitio
1416 741 1531 805 Verres
1560 761 1634 804 cum
1660 746 1745 804 esset

424 857 501 902 usus
523 844 556 901 et
577 857 648 900 cum
676 837 762 921 apud
788 857 862 901 eum
883 856 949 900 non
971 838 1074 900 solum
1096 836 1240 900 Thermis
1261 856 1357 918 saepe
1379 854 1510 899 numero
1531 834 1658 909 inisset,
1687 829 1746 896 sed

424 931 519 995 etiam
539 930 727 1005 habitasset,
756 930 851 994 domo
874 930 944 994 eius
965 932 1071 995 omnia
1092 930 1241 1006 abstulit,
1264 949 1346 1014 quae
1367 929 1463 1012 paulo
1485 928 1585 1011 magis
1605 926 1747 991 animum

423 1023 599 1107 cuiuspiam
613 1030 668 1087 aut
684 1024 795 1087 oculos
810 1030 942 1107 possent
955 1044 1162 1089 commovere.
1175 1023 1302 1086 Etenim
1313 1022 1464 1085 Sthenius
1478 1022 1517 1085 ab
1532 1018 1747 1086 adolescentia

422 1118 518 1202 paulo
546 1117 720 1181 studiosius
746 1117 825 1182 haec
851 1125 1063 1201 compararat,
1092 1116 1322 1201 supellectilem
1347 1135 1388 1178 ex
1419 1135 1493 1179 aere
1520 1115 1770 1199 elegantiorem

423 1220 455 1276 et
468 1211 629 1276 Deliacam
651 1217 685 1275 et
700 1211 904 1286 Corinthiam,
925 1210 1048 1274 tabulas
1069 1210 1180 1294 pictas,
1203 1209 1298 1274 etiam
1314 1209 1436 1292 argenti
1451 1208 1632 1283 benefacti,
1653 1211 1747 1290 prout

423 1303 616 1371 Thermitani
639 1304 777 1370 bominis
798 1303 963 1368 facultates
983 1303 1144 1376 ferebant,
1166 1303 1252 1366 satis.
1296 1303 1396 1380 Quae,
1417 1323 1491 1367 cum
1511 1309 1597 1367 esset
1616 1302 1650 1365 in
1671 1301 1748 1365 Asia

422 1399 620 1474 adolescens,
650 1398 811 1473 studiose,
841 1404 878 1462 ut
904 1397 986 1472 dixi,
1017 1403 1215 1481 compararat
1243 1417 1307 1461 non
1336 1403 1400 1459 tam
1426 1415 1504 1460 suae
1526 1394 1746 1460 delectationis

423 1514 531 1568 causa,
560 1513 655 1577 quam
676 1493 717 1556 ad
740 1492 942 1555 invitationes
970 1491 1188 1574 adventusque
1209 1498 1387 1554 nostrorum
1408 1490 1587 1566 bominum,
1616 1509 1747 1554 suorum

423 1588 596 1651 amicorum
624 1596 720 1671 atque
741 1586 914 1670 hospitum.
956 1582 1008 1648 88.
1031 1586 1120 1661 Quae
1149 1591 1359 1669 posteaquam
1388 1584 1448 1648 iste
1476 1584 1582 1648 omnia
1602 1582 1784 1659 abstulit,to

422 1681 484 1746 alia
504 1683 655 1764 rogando,
676 1681 739 1745 alia
760 1680 930 1763 poscendo,
953 1679 1016 1743 alia
1037 1680 1206 1752 sumendo,
1235 1676 1357 1742 terebat
1371 1678 1532 1753 Sthenius,
1554 1684 1590 1740 ut
1609 1682 1744 1763 poterat;

422 1776 595 1860 angebatur
616 1775 713 1838 animi
735 1773 933 1849 necessario,
956 1773 1044 1857 quod
1066 1773 1196 1837 domum
1217 1772 1287 1836 eius
1308 1779 1493 1835 exornatam
1514 1780 1545 1834 et
1561 1771 1746 1834 instructam

421 1870 487 1933 iere
514 1869 578 1932 iam
607 1868 667 1932 iste
695 1867 874 1930 reddiderat
895 1867 1014 1931 nudam
1035 1875 1131 1952 atque
1153 1867 1296 1930 inanem:
1332 1886 1444 1929 verum
1471 1871 1576 1928 tamen
1603 1863 1747 1927 dolorem

422 1983 515 2028 suum
535 1960 655 2025 nemini
678 1961 897 2044 impertiebat:
924 1962 1077 2046 praetoris
1107 1960 1238 2024 iniurias
1261 1960 1372 2035 tacito,
1399 1958 1679 2043 hospitisplacide
1700 1956 1747 2022 t'e·

423 2060 536 2123 rendas
558 2056 773 2120 arbitrabatur.
806 2051 858 2117 85.
880 2056 1003 2118 Interea
1023 2056 1083 2120 iste
1106 2055 1277 2138 cupiditate
1299 2055 1354 2118 illa
1374 2074 1431 2118 sua
1452 2060 1526 2117 nota
1546 2060 1642 2137 atque
1663 2050 1747 2136 apud
1755 2063 1785 2112 ts

423 2173 533 2218 omnes
563 2158 731 2236 pervagata
759 2170 833 2213 cum
861 2150 951 2233 signa
981 2148 1138 2233 quaedam
1164 2148 1375 2233 pulcherrima
1403 2155 1498 2232 atque
1528 2146 1750 2231 antiquissima

422 2246 567 2311 Thermis
587 2245 623 2308 in
644 2244 774 2328 publico
803 2243 906 2328 posita
926 2243 1073 2317 vidisset,
1102 2241 1274 2307 adamavit:
1308 2263 1328 2306 a
1349 2241 1480 2305 Sthenio
1508 2250 1615 2327 petere
1637 2240 1749 2326 coepit,

423 2349 458 2405 ut
477 2342 518 2404 ad
540 2359 578 2403 ea
598 2337 739 2403 tollenda
760 2357 887 2422 operam
915 2357 1007 2401 suam
1033 2333 1231 2421 profiteretur
1259 2357 1359 2420 seque
1383 2334 1553 2401 adiuvaret.
1598 2335 1749 2400 Sthenius

422 2455 497 2499 vero
519 2454 584 2497 non
605 2432 709 2496 solum
734 2431 876 2514 negavit,
904 2430 961 2494 sed
990 2431 1085 2494 etiam
1107 2430 1246 2495 ostendit
1272 2431 1342 2494 fieri
1364 2430 1397 2493 id
1419 2429 1506 2494 nullo
1529 2428 1623 2494 modo
1645 2448 1749 2512 posse,

422 2536 458 2592 ut
477 2529 570 2611 signa
591 2525 823 2611 antiquissima,
845 2532 1050 2589 monumenta
1062 2526 1097 2587 P.
1111 2525 1260 2600 Africani,
1283 2546 1324 2589 ex
1344 2525 1461 2610 oppido
1476 2523 1786 2588 Thermitanorumst

422 2620 573 2686 incolumi
595 2620 650 2685 illa
671 2621 797 2684 civitate
819 2620 1017 2704 imperioque
1038 2619 1151 2704 populi
1165 2620 1297 2684 Romani
1319 2619 1514 2683 tollerentur.
1541 2618 1673 2682 XXXV.
1695 2612 1748 2680 80.

422 2715 565 2789 Etenim,
592 2721 629 2777 ut
657 2713 751 2777 simul
771 2713 912 2776 Africani
942 2734 1071 2797 quoque
1100 2712 1326 2777 humanitatem
1354 2721 1386 2775 et
1411 2713 1603 2797 aequitatem
1633 2729 1750 2793 cogno-

423 2811 527 2884 scatis,
549 2808 699 2894 oppidum
713 2807 872 2871 Himeram
889 2807 1167 2890 Karthaginienses
1182 2807 1340 2891 quondam
1356 2815 1516 2892 ceperant,
1539 2804 1625 2890 quod
1647 2803 1750 2868 iuerat

424 2902 588 2988 inprimis
610 2901 736 2965 Siciliae
759 2902 879 2964 clarum
902 2910 1108 2965 etornatum.
1153 2901 1276 2985 Scipio,
1305 2902 1360 2986 qui
1388 2903 1449 2966 hoo
1477 2900 1607 2985 dignum
1631 2896 1748 2982 populo

422 3000 563 3061 Romano
592 2995 811 3070 arbitraretur,
840 2996 923 3060 bello
952 2995 1097 3059 coniecto
1126 2996 1227 3059 socios
1256 3015 1314 3059 sua
1340 3016 1397 3080 per
1423 3005 1562 3059 nostram
1584 2992 1787 3058 victoriamtt

422 3108 625 3172 recuperare,
648 3089 763 3153 Siculis
786 3091 932 3153 omnibus
954 3089 1147 3171 Karthagine
1169 3097 1274 3172 capta,
1303 3110 1385 3173 quae
1406 3090 1526 3174 potuit,
1556 3084 1750 3152 restituenda

424 3184 552 3247 curavit.
585 3183 713 3247 Himera
736 3184 839 3247 deleta
860 3204 940 3267 quos
962 3184 1047 3247 cives
1067 3183 1144 3245 belli
1166 3183 1325 3247 calamitas
1340 3184 1478 3268 reliquos
1493 3183 1618 3257 iecerat,
1639 3181 1663 3244 ii
1678 3197 1748 3242 sese

423 3277 566 3342 Thermis
590 3276 782 3341 collocarant
811 3278 844 3341 in
874 3278 975 3341 isdem
1002 3277 1068 3360 agri
1090 3277 1208 3341 finibus
1229 3297 1334 3361 neque
1355 3278 1450 3360 longe
1472 3278 1511 3340 ab
1532 3276 1646 3361 oppido
1668 3273 1749 3339 anti·

425 3391 499 3455 quo.
520 3371 563 3433 Hi
584 3391 619 3434 se
640 3379 764 3454 patrum
786 3371 944 3435 fortunam
965 3393 1002 3435 ac
1017 3372 1201 3455 dignitatem
1215 3389 1401 3453 recuperare
1416 3372 1653 3445 arbitrabantur,
1675 3389 1749 3433 cum

422 3466 478 3529 illa
499 3466 653 3529 maiorum
675 3473 860 3529 ornamenta
881 3466 915 3528 in
937 3485 1043 3529 eorum
1066 3465 1185 3548 oppido
1207 3465 1464 3529 collocabantur.i
1482 3462 1534 3529 87.
1548 3466 1645 3529 Erant
1658 3466 1786 3548 signam

423 3580 464 3622 ex
484 3578 557 3622 aere
579 3559 749 3642 complura,
771 3560 804 3623 in
826 3559 877 3623 his
899 3559 1016 3623 eximia
1035 3558 1270 3643 pulchritudine
1293 3561 1361 3642 ipsa
1374 3560 1503 3626 Himera
1516 3561 1548 3623 in
1563 3559 1748 3624 muliebrem

486 3870 511 3919 8.
529 3881 580 3918 aaa
595 3865 675 3916 008008
688 3866 766 3929 8833.
780 3878 874 3917 omnes
892 3866 1006 3930 (practm
1017 3865 1058 3927 88,
1074 3867 1120 3930 qui
1135 3880 1186 3916 aon
1200 3879 1227 3930 p.
1240 3879 1277 3917 m.
1290 3867 1367 3930 omi:
1384 3881 1434 3917 sorr
1444 3867 1681 3927 0000088008ος
1698 3880 1750 3918 sos

420 3945 535 3996 modoO.
550 3944 614 4005 tmen
629 3941 1060 4002 soiuasapadoamaonmodoaon
1073 3942 1156 4005 Eas.
1170 3944 1246 4004 IV.)-
1261 3942 1285 3992 3.
1299 3942 1705 4006 mammaemamm-
1722 3943 1747 3994 a.

421 4021 657 4079 memorarat
666 4016 744 4066 AEN:
762 4015 827 4064 8000
843 4029 922 4078 comp.
937 4015 1017 4079 8388ς
1035 4017 1081 4066 808
1097 4021 1229 4078 comparat
1239 4014 1333 4082 pleriq.
1346 4017 1423 4069 codd.
1434 4045 1462 4054 -
1480 4018 1504 4068 e.
1517 4022 1650 4080 0000380008
1661 4017 1747 4081 batia

421 4092 584 4157 comparem
600 4092 688 4154 7833.
708 4089 755 4141 dtt.
771 4117 797 4125 -
813 4091 852 4140 80.
871 4091 1011 4141 amicornm
1026 4106 1129 4142 ssorum
1146 4090 1198 4142 Pal.
1218 4105 1284 4154 sec,
1304 4106 1372 4157 quaa
1391 4091 1527 4144 collocatio
1545 4090 1749 4143 commendatur

422 4167 500 4221 sirnill
511 4167 569 4218 loco
581 4165 605 4230 fi.
620 4167 676 4217 800.
692 4163 752 4215 0011.
766 4164 790 4228 5.
805 4166 849 4224 9⁴3
867 4179 970 4216 amram
981 4180 1034 4218 om.
1048 4166 1117 4231 8388
1133 4180 1160 4232 p.
1174 4181 1211 4218 m.
1223 4170 1289 4219 88.-
1306 4170 1346 4219 88.
1364 4184 1423 4234 803.
1442 4170 1521 4219 anani
1531 4183 1585 4220 000.
1599 4171 1668 4220 HV:
1687 4183 1747 4234 003.

422 4245 489 4294 omni
504 4255 557 4293 sac.
570 4240 639 4306 8388
651 4254 677 4306 p.
691 4253 738 4299 m.;
757 4241 898 4305 00300000
908 4247 991 4292 tamea
1001 4243 1085 4293 dolore
1096 4255 1149 4292 000.
1162 4245 1199 4303 Ni
1218 4258 1278 4308 003.
1291 4249 1310 4294 t.
1322 4245 1401 4294 008008
1414 4244 1463 4294 008.
1475 4258 1528 4294 000.
1541 4244 1611 4308 ngas
1621 4247 1643 4294 Α
1654 4245 1674 4294 Β
1686 4243 1748 4294 800.

422 4319 484 4379 ibis
502 4318 652 4384 8803000880
662 4321 680 4367 t.
693 4331 719 4366 0.
732 4317 757 4366 0.
768 4330 794 4366 0.
808 4316 896 4368 dito.
915 4317 953 4368 Ct.
967 4319 1069 4381 Zumpt.
1083 4331 1110 4382 p.
1123 4317 1196 4368 8038.
1209 4317 1291 4370 illota.
1304 4318 1394 4384 suppl.
1408 4319 1528 4372 adinsc.
1541 4333 1567 4384 p.
1581 4318 1622 4371 87.
1635 4317 1748 4370 Ellendt.

421 4395 456 4445 ad
467 4396 539 4445 Brut.
551 4407 577 4458 p.
591 4391 680 4444 838·
698 4397 722 4442 at
737 4393 809 4442 iastr.
821 4391 890 4456 8388
906 4405 933 4456 p.
947 4405 984 4442 m.
996 4393 1030 4442 V:
1053 4399 1129 4456 08000
1144 4394 1215 4444 lustr.
1229 4398 1275 4445 ctt.
1289 4394 1317 4444 0.
1333 4421 1360 4431 -
1380 4393 1420 4446 88.
1437 4394 1520 4458 808880]
1535 4394 1610 4458 secde
1626 4395 1701 4443 800880
1716 4393 1747 4444 V.

423 4497 451 4507 -
470 4470 509 4519 aa.
528 4470 573 4518 isis
588 4480 645 4529 carp.
658 4465 727 4529 8388
744 4480 771 4531 p.
790 4480 826 4517 m.
846 4467 879 4515 V:
897 4480 955 4528 cap.
973 4467 1017 4517 isto
1034 4469 1079 4517 cti.
1098 4468 1127 4519 0.
1148 4495 1176 4505 —
1195 4469 1235 4519 80.
1250 4474 1394 4532 persuasis
1410 4469 1489 4520 codd.
1508 4469 1578 4520 noti:
1598 4467 1750 4532 pmalgata

421 4547 482 4597 Era.
495 4544 606 4596 arven.
619 4569 646 4579 -
661 4543 700 4593 80.
713 4555 811 4605 mseras
821 4542 885 4591 V.-
898 4543 938 4592 80.
952 4555 1002 4591 aaa
1012 4542 1093 4591 solean
1107 4540 1175 4605 8388
1187 4543 1235 4603 eV,
1247 4542 1326 4607 vulgo
1338 4546 1399 4608 post
1410 4545 1495 4607 Naug:
1513 4557 1564 4592 soa
1574 4543 1654 4593 solean
1664 4544 1691 4592 id
1701 4546 1747 4596 cti.

423 4647 451 4658 -
467 4619 524 4684 flers·
539 4618 565 4668 td
581 4617 650 4682 8380
666 4620 686 4667 Α
701 4618 766 4668 BV:
788 4619 815 4666 id
829 4617 885 4680 fleri
901 4617 947 4666 cit.
967 4616 996 4665 0.
1017 4642 1044 4652 -
1069 4617 1111 4667 88.
1129 4617 1243 4679 stricari
1269 4617 1338 4682 8388
1354 4631 1382 4682 p.
1401 4633 1437 4670 m.
1456 4619 1507 4670 eV:
1530 4619 1556 4668 Ρ.
1574 4619 1629 4680 Asr.
1653 4620 1698 4668 cti.
1717 4619 1747 4670 0.

421 4694 454 4745 ci.
467 4693 491 4758 S.
504 4693 545 4744 80.
560 4719 587 4729 -
606 4697 629 4743 08
639 4693 790 4755 medicum
801 4690 868 4756 8388
886 4693 921 4742 li:
939 4704 993 4743 om.
1013 4693 1058 4740 cti.
1077 4691 1243 4754 (humanitate
1259 4698 1282 4743 08
1297 4695 1406 4755 agaimo
1420 4694 1461 4754 V.)
1474 4695 1662 4757 -agnoreatis
1677 4695 1746 4744 ri.-

421 4770 461 4820 83.
479 4768 690 4831 8800000808-
708 4768 749 4818 80.
761 4766 935 4817 arbitrabatur
945 4765 1059 4830 ugia-
1078 4766 1134 4830 000]
1152 4771 1175 4816 08
1191 4781 1238 4816 saa
1253 4772 1337 4828 spone
1347 4767 1411 4817 V.-
1429 4768 1470 4817 80.
1484 4768 1545 4817 mois
1555 4769 1586 4819 V.
1602 4796 1630 4805 -
1642 4782 1669 4820 00
1679 4769 1745 4820 V.-

421 4843 462 4894 83.
480 4843 642 4893 00080000αο8
659 4841 705 4904 (880
717 4841 883 4906 plerumque)
895 4843 925 4891 V.
941 4870 969 4880 -
986 4842 1064 4890 irdsas
1080 4842 1112 4902 is.
1130 4841 1227 4902 8800008,
1249 4843 1354 4900 labdon,
1371 4843 1470 4906 0830080)
1487 4845 1549 4907 833.
1563 4857 1657 4895 omnes
1668 4847 1688 4894 li
1700 4844 1747 4895 EC

421 4919 456 4968 V:
474 4918 582 4968 08000080
592 4915 639 4966 dit.
653 4917 682 4965 0.
698 4943 726 4953 -
744 4929 788 4966 000
800 4916 830 4967 V.
845 4942 873 4951 -
891 4917 932 4966 89.
945 4917 999 4966 iias
1011 4930 1039 4978 p.
1052 4916 1170 4978 [0000000
1185 4922 1208 4968 ct
1219 4919 1307 4981 dignit.
1320 4918 1351 4968 V.
1365 4917 1497 4983 [Optima]
1513 4946 1540 4956 -
1559 4920 1600 4970 30.
1613 4921 1639 4969 80
1651 4921 1693 4970 iilo
1704 4935 1746 4983 op.

422 4990 469 5041 dit.
485 5018 512 5027 -
531 4990 571 5041 38.
585 4991 680 5040 ammio
695 4989 721 5051 8,
733 4990 756 5039 V
766 5006 804 5053 a:
822 4992 890 5041 08808
901 4992 948 5041 dtt.
962 4992 992 5041 0.
1012 4991 1104 5041 «Extat
1119 4991 1187 5042 haec
1203 4992 1286 5056 ligura
1303 4993 1329 5043 80
1342 4995 1458 5045 nummis
1469 4995 1664 5047 Himerensium
1676 4995 1748 5060 apud

422 5062 573 5116 castellium
590 5066 667 5116 Num.
686 5067 737 5116 Sic.
749 5079 777 5130 p.
790 5066 830 5128 33,
850 5080 931 5131 quem
948 5066 1017 5126 vide,
1037 5069 1118 5130 atque
1137 5067 1205 5118 adeo
1220 5070 1371 5130 Stesichori,
1390 5069 1475 5134 qualis
1491 5068 1599 5120 aTullio
1616 5069 1748 5121 describi-

423 5141 473 5189 tur.
506 5140 572 5190 tiam
594 5141 651 5204 typi
673 5141 863 5192 numismatum
885 5143 986 5192 statuas
1007 5140 1190 5199 imitabantur,
1215 5144 1238 5193 si
1255 5156 1324 5207 qnae
1347 5145 1373 5195 in
1396 5144 1508 5196 urbibus
1529 5145 1620 5194 assent
1635 5144 1747 5197 artifieio

422 5217 596 5281 praestantes.
615 5219 672 5267 tum
689 5215 864 5277 conditorum,
883 5220 939 5266 tuna
956 5217 1053 5268 civium
1071 5215 1214 5278 clarorum,
1231 5221 1289 5269 tum
1306 5218 1417 5271 deorum
1430 5224 1456 5270 et
1467 5220 1613 5280 flaminum,
1632 5232 1746 5282 quorum

423 5290 541 5342 omnium
552 5289 652 5356 0803800
662 5288 787 5357 placebat
796 5289 954 5357 insculpere.
967 5291 1033 5343 Vide
1044 5293 1184 5358 praeterea
1193 5293 1337 5346 Burmann.
1347 5294 1375 5348 in
1384 5291 1478 5346 siculis
1488 5292 1597 5366 paea,-
1614 5294 1702 5349 Garti.
1712 5295 1743 5351 ΙΙ.
