4367 6109
784 566 857 631 cn.
879 563 1093 630 xx-xxu.
1122 564 1178 650 ss.
1199 562 1348 631 sa-es.
1661 563 1723 628 cae

412 734 581 800 abalienari
615 737 648 799 in
680 733 910 817 Paphlagoniae
939 735 1076 799 tenebris
1111 744 1204 820 atque
1240 737 1274 799 in
1311 734 1526 819 Cappadociae
1555 734 1724 799 solitudine

412 830 543 892 licebitl
586 828 636 892 56.
659 830 693 890 L.
717 827 804 891 Sulla
830 848 901 891 cum
928 829 1010 891 bona
1039 830 1291 893 indemnatorum
1314 831 1427 893 civium
1448 830 1573 892 funesta
1593 828 1648 891 illa
1669 850 1726 892 sua

412 922 556 985 auctione
586 923 735 985 venderet
763 930 795 984 et
824 943 858 984 se
879 922 1026 1005 praedam
1049 943 1135 986 suam
1158 923 1275 986 diceret
1296 924 1449 998 rendere,
1478 931 1581 986 tammr
1603 944 1644 984 ex
1664 923 1726 984 boc

413 1017 483 1078 loco
497 1015 652 1090 vendidit,
674 1036 748 1089 nec,
768 1034 902 1099 quorum
918 1014 1025 1079 oculos
1041 1017 1234 1090 offendebat,
1249 1037 1356 1080 eorum
1372 1018 1512 1100 ipsorum
1526 1024 1725 1098 conspectum

411 1109 520 1192 fugere
549 1129 644 1173 ausus
673 1117 740 1173 est:
770 1108 939 1172 decemviri
970 1116 1074 1171 vestra
1096 1109 1257 1191 vectigalia
1279 1130 1343 1173 non
1365 1112 1459 1173 modo
1481 1112 1570 1175 vobis
1592 1110 1750 1182 arbitris,o

412 1204 467 1267 sed
488 1224 530 1266 ne
552 1223 706 1287 praecone
729 1202 856 1286 quidem
878 1202 1003 1285 publico
1026 1209 1104 1263 teste
1128 1201 1288 1266 vendenti

496 1296 646 1380 Sequitur
674 1316 774 1359 onnes
796 1313 896 1358 aenos
917 1313 1022 1357 exrns
1044 1294 1178 1357 lramsu
1200 1293 1321 1360 infinito
1343 1317 1384 1360 ex
1404 1306 1559 1380 tempore,
1586 1317 1666 1370 non,
1694 1303 1729 1358 ut

414 1399 520 1465 antea,
549 1392 588 1453 ab
611 1391 698 1453 Sulla
721 1399 752 1452 et
772 1390 919 1473 Pompeio
942 1388 1133 1450 consulibus.
1177 1385 1321 1470 Cognitio
1342 1391 1566 1463 decemvirum,
1589 1391 1728 1472 privatus

412 1485 454 1547 sit
474 1504 515 1546 an
537 1483 699 1566 publicus:
722 1484 816 1568 eique
838 1502 913 1563 agro
935 1482 1066 1563 vectigal
1081 1481 1257 1563 pergrande
1272 1483 1448 1566 imponitur.
1481 1481 1531 1544 57.
1546 1484 1615 1545 Hoc
1629 1502 1729 1565 quan-

412 1587 476 1641 tum
505 1578 672 1650 iudicium,
704 1597 798 1661 quam
827 1575 1072 1649 intolerandum,
1101 1594 1195 1659 quam
1217 1577 1336 1657 regium
1358 1578 1414 1650 sit,
1442 1598 1536 1660 quem
1557 1578 1766 1660 praeteritlso

412 1692 522 1754 posse,
545 1671 796 1756 quibuscumque
818 1670 896 1733 locis
918 1669 1030 1743 velint,
1053 1668 1139 1731 nulla
1159 1669 1400 1752 disceptatione,
1421 1670 1508 1732 nullo
1524 1671 1654 1733 consilio
1667 1672 1731 1756 pri·

411 1773 483 1827 vata
510 1763 689 1848 publicare,
716 1763 842 1846 publica
871 1762 1025 1825 liberaret
1057 1762 1223 1843 Excipitur
1250 1762 1311 1824 boc
1341 1762 1442 1845 capite
1471 1765 1599 1845 egerin
1623 1764 1729 1827 Sicilia

412 1857 655 1921 Recentoricus:
686 1877 779 1940 quem
809 1876 867 1939 ego
897 1856 1000 1937 excipi
1030 1863 1062 1917 et
1082 1862 1210 1938 propter
1231 1854 1392 1919 bominum
1415 1857 1678 1920 necessitudinem
1700 1865 1731 1919 et

412 1959 537 2035 propter
556 1951 756 2034 aequitatem,
772 1950 919 2025 Quirites,
943 1951 1011 2031 ipse
1035 1948 1239 2011 vehementer
1257 1949 1389 2031 gaudeo.
1417 1948 1479 2012 Sed
1496 1969 1576 2033 quae
1592 1958 1640 2014 est
1652 1952 1730 2013 baec

412 2043 627 2126 impudentia?
663 2043 724 2120 Qui
753 2063 861 2126 agrum
882 2042 1118 2105 Recentoricum
1140 2043 1319 2125 possident,
1349 2051 1502 2106 vetustate
1523 2045 1730 2126 possessionis
1739 2058 1767 2103 te

412 2157 461 2210 se,
483 2156 548 2200 non
569 2137 653 2210 iure,
676 2137 889 2200 misericordia
911 2142 1053 2208 senatus,
1076 2154 1141 2196 non
1167 2134 1232 2217 agri
1251 2136 1434 2199 condicione
1448 2136 1630 2200 defendunt
1652 2139 1731 2199 Nam

412 2232 499 2294 illum
514 2252 621 2314 agrum
638 2230 798 2314 publicum
814 2249 883 2293 esse
898 2229 1050 2292 latentur:
1072 2230 1242 2292 semoveri
1259 2229 1527 2313 possessionibus,
1549 2229 1732 2313 antiquissi-

412 2325 471 2388 mis
492 2324 621 2387 sedibus
642 2342 679 2386 ac
700 2323 749 2386 dis
771 2323 952 2407 penatibus,
975 2329 1092 2403 negant
1112 2329 1267 2404 oportere.
1299 2324 1362 2397 Ac,
1385 2323 1410 2386 si
1431 2331 1478 2387 est
1498 2324 1636 2408 privatus
1657 2342 1732 2406 ager

412 2418 653 2491 Recentoricus,
675 2415 753 2500 quid
776 2438 846 2480 eum
869 2417 1015 2499 excipis?
1044 2417 1092 2479 sin
1115 2424 1220 2480 autern
1241 2416 1404 2498 publicus,
1426 2436 1507 2502 quae
1529 2425 1578 2480 est
1599 2418 1659 2481 ista
1679 2439 1731 2481 ae-

412 2515 531 2595 quitas,
561 2519 700 2584 ceteros,
729 2511 823 2573 etiam
846 2511 872 2573 si
892 2511 1005 2592 privati
1028 2512 1106 2585 sint,
1134 2511 1315 2593 permittere
1336 2516 1371 2573 ut
1399 2509 1516 2593 publici
1537 2511 1726 2575 iudicentur:
1739 2524 1768 2572 to

413 2605 498 2668 hunc
521 2605 668 2688 excipere
690 2604 898 2677 nominatim,
921 2604 976 2687 qui
998 2604 1141 2687 publicus
1163 2624 1232 2667 esse
1253 2603 1412 2667 fateaturt
1439 2605 1523 2687 Ergo
1537 2624 1644 2669 eorum
1658 2625 1733 2689 ager

415 2700 582 2782 excipitur,
606 2701 661 2782 qui
684 2697 768 2780 apud
783 2697 911 2760 Rullum
932 2698 1038 2781 aliqua
1060 2700 1182 2761 ratione
1204 2698 1387 2761 valuerunt:
1410 2700 1505 2762 ceteri
1526 2701 1591 2781 agri
1612 2719 1731 2774 omnes,

415 2792 469 2875 qui
499 2791 617 2875 ubique
648 2800 735 2867 sunt,
766 2793 834 2855 sinc
855 2791 921 2854 ullo
944 2792 1083 2866 delectu,
1113 2792 1181 2854 sine
1202 2791 1313 2874 populi
1335 2791 1466 2855 Romani
1489 2793 1635 2867 notione,
1664 2795 1731 2856 sine

415 2884 531 2948 iudicio
561 2892 688 2949 senatus
717 2885 902 2950 decemviris
931 2883 1124 2948 addicentur.
1166 2886 1267 2947 xxlt.
1289 2883 1340 2947 58.
1362 2886 1464 2967 Atque
1487 2887 1581 2950 ctiam
1603 2894 1652 2949 est
1672 2887 1733 2951 alia

414 2981 573 3061 superiore
603 2981 718 3064 capite,
749 2998 813 3062 quo
841 2979 945 3040 omnia
966 2986 1118 3052 veneunt,
1149 2987 1338 3063 quaestuosa
1359 2982 1518 3062 exceptio,
1545 2999 1628 3063 quae
1650 2987 1770 3063 tegetes

415 3092 469 3134 eos
491 3092 601 3154 agros,
623 3072 663 3135 de
686 3072 800 3157 quibus
821 3071 949 3135 loedere
968 3080 1093 3135 cautum
1115 3081 1172 3134 est.
1197 3072 1341 3147 Audivit,
1362 3073 1444 3135 hanc
1466 3093 1531 3136 rem
1546 3094 1608 3137 non
1631 3094 1650 3136 a
1671 3095 1732 3149 me,

415 3164 470 3228 sed
498 3166 538 3228 ab
560 3167 630 3230 aliis
653 3166 765 3248 agitari
787 3185 882 3248 saepe
905 3166 938 3227 in
959 3174 1087 3240 senatu,
1118 3184 1355 3248 nonnumquam
1376 3185 1416 3227 ex
1436 3165 1497 3228 boe
1518 3166 1603 3241 loco,
1632 3167 1734 3248 poesi·

414 3258 489 3322 dere
518 3279 610 3343 agros
643 3260 677 3322 in
699 3279 755 3323 ora
776 3259 930 3322 maritima
950 3278 1055 3342 regem
1077 3257 1306 3343 Hiempsalem,
1336 3279 1416 3342 quos
1438 3261 1471 3321 P.
1491 3259 1656 3323 Africanus
1676 3282 1733 3346 po-

413 3352 490 3434 pulo
511 3353 652 3417 Romano
674 3351 879 3427 adiudicarit,
902 3353 932 3415 ei
954 3360 1058 3415 tamen
1080 3361 1190 3437 postea
1211 3372 1269 3434 per
1287 3352 1320 3415 C.
1337 3352 1456 3415 Cottam
1478 3354 1637 3417 consulem
1660 3375 1733 3419 cau·

415 3453 482 3508 tum
506 3465 576 3509 csse
597 3445 735 3510 loedere.
771 3445 840 3508 lloc
862 3446 936 3530 quia
949 3466 1008 3509 vos
1029 3446 1141 3509 foedus
1155 3466 1219 3509 non
1233 3447 1401 3520 iusseritis,
1423 3456 1549 3511 veretur
1569 3449 1770 3531 Hiempsaleo

414 3546 450 3601 ut
474 3539 550 3602 satis
570 3539 695 3603 firmum
717 3541 757 3603 sit
777 3546 941 3603 atratum.
975 3539 1080 3614 Quint
1102 3539 1300 3603 cuiusmodi
1322 3549 1370 3604 est
1389 3541 1493 3605 illudi
1525 3544 1660 3608 'l'ollitur
1680 3566 1734 3608 re-

414 3641 511 3697 strum
532 3633 699 3710 iudicium3
721 3634 832 3698 foedus
854 3641 953 3697 totum
975 3632 1147 3716 excipitur,
1169 3634 1398 3716 comprobatur.
1431 3635 1523 3712 Quod
1545 3638 1659 3702 minuit
1678 3659 1734 3703 au·

415 3727 550 3790 ctionem
572 3727 830 3803 decemviralem,
850 3726 967 3802 laudo;
988 3725 1074 3810 quod
1097 3727 1163 3810 regi
1186 3729 1286 3792 amico
1306 3737 1410 3804 cavet,
1432 3750 1495 3793 non
1516 3732 1733 3814 reprebendo;

415 3820 500 3903 quod
521 3841 586 3884 non
608 3822 703 3904 gratie
724 3817 774 3895 fit,
795 3820 911 3884 indico.
943 3820 1061 3885 Volitat
1082 3820 1166 3884 enim
1187 3829 1261 3884 ante
1282 3822 1391 3886 oculos
1412 3824 1542 3887 istorum
1557 3825 1633 3888 luba
1649 3827 1733 3907 regis

414 3910 515 3989 iilius,
535 3915 720 3980 adolescens
742 3934 808 3978 non
829 3915 933 3978 minus
954 3915 1036 3977 bene
1059 3920 1236 3978 nummatus
1257 3934 1352 4000 quam
1372 3916 1455 3979 bene
1475 3917 1650 4003 capillatus.
1742 3945 1771 3992 as

481 4137 504 4188 t.
527 4137 669 4189 abalim
691 4138 783 4188 EFG:
808 4137 915 4189 denari
935 4133 1019 4188 ALR.
1044 4165 1071 4174 -
1092 4137 1246 4200 capadociae
1267 4139 1296 4189 E.
1317 4165 1343 4176 -
1368 4141 1434 4190 zet
1449 4141 1474 4191 8.
1492 4140 1626 4204 eiliaEF,
1653 4146 1680 4193 et
1696 4143 1735 4195 sic

416 4205 543 4277 deinceps
560 4213 657 4276 silani,
675 4214 822 4264 allamma
838 4216 890 4264 cet.
905 4239 932 4249 -
950 4227 997 4263 aaa
1013 4213 1110 4263 actions
1126 4214 1159 4272 Ε;
1177 4214 1274 4264 actiom
1289 4226 1336 4263 saa
1353 4215 1410 4275 ΕΡς
1428 4217 1543 4267 auctione
1557 4231 1605 4268 rua
1620 4215 1694 4272 Abi
1704 4217 1733 4268 0.

417 4313 445 4323 -
463 4287 488 4338 3.
505 4289 611 4339 eosdm
631 4289 720 4339 uacet
736 4290 764 4339 L.
785 4314 811 4324 -
840 4289 864 4339 5.
886 4302 936 4339 ooo
955 4288 1028 4338 modo
1050 4286 1118 4338 cobis
1133 4285 1235 4338 arbem
1251 4287 1419 4339 Lauredanus
1436 4288 1479 4352 (ad
1495 4289 1578 4341 verba
1594 4292 1662 4342 auito
1678 4297 1737 4342 teste

415 4363 440 4426 3.
459 4362 510 4426 64.)
529 4365 556 4415 et
571 4363 707 4416 Wolltius:
725 4379 776 4415 aaa
791 4365 863 4414 modo
879 4377 911 4416 oe
925 4365 1015 4415 ostric
1031 4365 1092 4428 (om.
1106 4363 1211 4426 wasa)
1229 4362 1332 4413 arbitris
1347 4365 1381 4424 1²3
1398 4379 1449 4414 noo
1464 4366 1537 4415 modo
1553 4379 1585 4416 ne
1599 4366 1668 4416 cobis
1683 4367 1736 4429 qui-

415 4437 470 4486 dem
486 4437 588 4488 arbitris
604 4435 746 4490 EALRO.
771 4465 798 4474 -
825 4439 849 4489 7.
868 4439 947 4489 omnis
963 4438 992 4488 E.
1019 4463 1046 4473 -
1072 4438 1098 4488 8.
1116 4442 1175 4488 ants
1190 4438 1223 4488 ab
1239 4439 1266 4488 F.
1287 4467 1314 4476 -
1333 4438 1356 4489 9.
1374 4440 1444 4501 eique
1460 4438 1603 4503 Madvigius
1621 4439 1662 4503 (ed
1680 4440 1734 4491 Cic.

415 4511 449 4561 de
466 4512 540 4563 Finn.
558 4527 585 4578 p.
598 4514 679 4578 688.):
697 4515 781 4576 mque
796 4515 886 4565 ceteri.
901 4542 928 4551 -
946 4515 1053 4579 osctmal
1064 4514 1209 4578 pergrande
1225 4513 1257 4563 E:
1274 4514 1417 4578 pmgraods
1432 4514 1539 4578 vectigal
1555 4514 1693 4568 FALRO.
1706 4541 1733 4550 -

414 4584 474 4650 lloc]
491 4587 531 4637 tic
546 4587 576 4637 Ε.
597 4614 624 4623 -
645 4589 685 4638 ts.
701 4588 811 4654 poetica]
825 4588 927 4652 cabima
941 4603 965 4639 r.
980 4604 1008 4652 ρ,
1027 4590 1047 4640 Ε
1064 4591 1096 4650 1³3
1112 4588 1214 4652 sublim
1228 4601 1254 4650 ρ.
1273 4588 1302 4638 lt.
1320 4589 1525 4648 Mommsenius;
1544 4604 1598 4641 om.
1617 4593 1643 4641 F.
1664 4618 1691 4628 -
1709 4593 1736 4642 io

415 4672 470 4712 om.
488 4661 603 4714 ΕΕΡΑ.
621 4662 728 4714 Addidit
739 4665 884 4727 Naugerius
896 4665 921 4713 in
933 4663 976 4714 ed.
989 4665 1090 4716 Aldina.
1109 4666 1182 4730 (ager
1192 4664 1292 4714 Siciliae
1303 4665 1341 4726 T.)
1352 4690 1378 4698 —
1393 4663 1432 4715 tl.
1444 4665 1496 4727 ipse
1507 4668 1647 4715 Grutems:
1665 4678 1738 4729 saepe

415 4736 448 4797 (s.
466 4735 529 4799 ems)
547 4734 693 4798 EFA803
712 4751 771 4788 raas
787 4750 849 4789 cum
860 4738 1014 4789 Lauredano
1026 4740 1054 4789 L.
1069 4766 1097 4775 —
1116 4752 1181 4801 usae
1196 4744 1231 4790 est
1251 4740 1312 4789 iaec
1327 4739 1480 4802 amomis
1496 4739 1654 4804 Madvigius:
1673 4755 1738 4803 qaae

415 4812 477 4862 baec
495 4812 649 4877 impudentia
670 4813 712 4865 ed.
737 4815 851 4872 Iuntina;
878 4815 938 4875 qaid
957 4815 1018 4865 baec
1037 4814 1191 4878 impudentia
1212 4815 1301 4876 Elii,
1327 4815 1388 4876 quid
1406 4816 1452 4865 boc
1472 4815 1638 4878 inpudentiae
1657 4816 1687 4866 T.
1707 4842 1733 4854 -

418 4886 458 4936 ts.
477 4888 686 4939 recsotoriamli.
706 4889 954 4951 -posessonssn
974 4918 1002 4928 -
1021 4891 1061 4941 47.
1080 4889 1424 4952 commemorassem
1446 4889 1596 4941 sedmooeri
1613 4902 1676 4940 cnm
1693 4889 1736 4940 ed.

416 4958 509 5010 Aldina
526 4959 557 5022 R;
580 4963 623 5012 sed
637 4975 663 5014 as
677 4965 772 5015 moveri
788 4966 815 5016 Ι..
836 4988 864 5000 -
887 4964 1063 5028 aequoreae
1081 4962 1266 5015 bauredenus:
1292 4977 1311 5013 a
1324 4964 1445 5014 maximis
1460 4963 1494 5023 E;
1517 4963 1686 5016 universitate
1702 4965 1736 5023 Pi

417 5035 574 5085 amicissimis
594 5037 734 5094 FALRO.
758 5065 787 5078 ·-
809 5039 849 5091 ⁴8.
867 5053 898 5089 ac
914 5040 1004 5091 EFA:
1026 5043 1054 5089 at
1070 5051 1132 5089 cum
1149 5038 1192 5089 ed.
1210 5038 1312 5089 Iuntina
1328 5036 1411 5092 LRO.
1431 5064 1460 5074 -
1480 5038 1521 5087 ἤ.
1539 5038 1627 5100 aliqua
1641 5035 1739 5088 uadu-

418 5112 490 5174 glus:
517 5111 571 5162 alia
591 5113 681 5165 ceteri.
706 5139 733 5150 -
754 5115 796 5166 23.
814 5115 866 5167 sios
885 5117 946 5180 post
965 5128 991 5167 r.
1009 5118 1066 5165 caat
1086 5127 1140 5166 om.
1158 5115 1188 5166 Ε.
1207 5139 1234 5150 -
1260 5114 1349 5165 deleto
1365 5114 1395 5165 E.
1418 5140 1445 5149 -
1472 5114 1573 5164 naticae
1594 5114 1735 5177 (superscr.
1756 5169 1758 5172 y

418 5185 466 5236 litt.
485 5185 508 5250 o)
524 5187 554 5238 Ε.
575 5213 603 5227 -·
619 5188 661 5240 25.
680 5194 748 5255 tegat
763 5191 796 5252 '¹⁸3
820 5192 879 5257 tegit
895 5203 957 5242 cum
974 5193 1002 5242 Ρ.
1020 5190 1136 5241 Manutio
1153 5189 1182 5240 1..
1201 5214 1228 5225 —
1253 5189 1294 5241 29.
1312 5189 1336 5241 ei
1351 5187 1508 5241 Lambinus:
1527 5193 1551 5242 et
1566 5184 1735 5241 uranio.

420 5259 459 5312 ct.
476 5261 497 5310 1.
516 5259 542 5325 5.
560 5262 600 5313 tt.
620 5287 648 5301 -·
667 5263 708 5319 el.
726 5263 788 5317 lata
802 5260 1208 5319 macomadiensem
1570 5274 1575 5284 ·

462 5351 633 5404 caenobii.
1485 5357 1527 5426 ιο
