4367 6109
488 582 556 650 aaa
666 657 667 660 g
841 583 1420 652 bumanauaaatamuam

495 756 681 821 decemviris
702 754 815 818 deduci
837 755 935 818 iubet.
977 753 1086 829 Quidt
1113 754 1256 817 omnisne
1276 754 1366 817 locus
1388 754 1457 817 eius
1478 753 1565 816 modi
1587 761 1652 830 est,
1672 761 1709 816 ut
1729 751 1810 815 ubit

493 851 615 914 intersit
641 849 688 912 rei
715 848 880 931 publicae,
910 847 1034 912 colonia
1062 846 1233 910 deducatur
1259 848 1291 911 in
1312 867 1385 910 eum
1412 846 1517 910 locum
1536 849 1659 911 neonel
1691 845 1742 908 an
1762 852 1811 909 ert

491 943 595 1016 loona,
623 941 680 1026 ‘qui
707 941 864 1004 coloniam
893 941 1047 1026 postulet,
1075 947 1123 1003 est
1152 942 1206 1027 qui
1235 940 1330 1024 plane
1349 943 1497 1003 recuset?
1529 940 1601 1016 Quo
1621 941 1656 1002 in
1677 958 1809 1022 genere,

492 1035 574 1117 sicut
600 1034 633 1097 in
663 1035 775 1099 ceteris
801 1035 847 1097 rei
875 1035 1019 1118 publicae
1047 1034 1205 1117 partibus,
1235 1042 1285 1096 est
1311 1052 1424 1116 operae
1453 1033 1586 1116 pretium
1615 1032 1810 1115 diligendam

469 1128 644 1195 omniomm
663 1126 839 1202 reeordari,
861 1129 916 1211 qni
939 1126 1079 1190 colonias
1102 1128 1147 1190 sio
1168 1126 1292 1189 idoneis
1313 1128 1347 1189 in
1368 1126 1446 1188 locis
1467 1134 1577 1190 contra
1597 1127 1810 1209 suspicionem

491 1220 624 1303 periculi
646 1221 857 1295 collocarunt,
879 1228 918 1283 ut
939 1239 1010 1284 esse
1031 1240 1097 1283 non
1121 1220 1239 1304 oppida
1260 1220 1384 1294 ltaliae,
1411 1219 1466 1282 sed
1494 1220 1733 1304 propugnacula
1752 1222 1810 1285 im·

491 1314 573 1397 perii
603 1314 795 1378 uiderentur.
835 1314 879 1376 lli
911 1313 1068 1378 deducent
1096 1313 1237 1376 colonias
1265 1315 1299 1376 in
1330 1334 1383 1376 eos
1413 1333 1523 1395 agros,
1555 1333 1637 1399 quos
1660 1313 1809 1376 emerint:

490 1409 626 1471 etiamne
657 1408 685 1471 si
718 1409 764 1471 rei
798 1409 942 1493 publicae
970 1429 1034 1472 non
1064 1407 1236 1491 expediat?
1279 1403 1329 1469 li.
1348 1408 1395 1470 Er
1427 1427 1459 1470 rrt
1487 1426 1570 1481 orte
1600 1426 1683 1471 noca
1714 1426 1809 1470 natt-

490 1522 593 1565 rsaus
621 1521 797 1566 camerave.
842 1501 926 1577 Quid
954 1503 1050 1584 igitur
1076 1509 1125 1564 est
1145 1520 1273 1575 causae,
1301 1502 1380 1584 quin
1401 1501 1557 1565 coloniam
1578 1502 1612 1564 in
1633 1501 1807 1564 Ianiculum

453 1618 481 1664 to
489 1595 614 1679 possint
643 1596 799 1659 deducere
821 1605 853 1658 et
873 1615 965 1658 suum
986 1594 1176 1678 praesidium
1203 1595 1236 1656 in
1258 1596 1359 1678 capite
1380 1602 1475 1678 atque
1498 1594 1670 1658 cervicibus
1692 1593 1807 1657 nostris

489 1688 671 1752 oollocarei
704 1690 753 1752 Tu
775 1709 840 1752 non
863 1685 1009 1763 definias,
1037 1708 1101 1770 quo
1124 1687 1282 1760 colonias,
1313 1687 1345 1749 in
1368 1707 1449 1770 quae
1471 1687 1556 1762 loca,
1588 1707 1653 1770 quo
1675 1707 1806 1750 numero

489 1781 671 1846 colonorum
694 1781 807 1845 deduci
828 1783 933 1846 relisi
955 1791 990 1845 tu
1011 1801 1145 1863 occupes
1166 1781 1286 1855 locum,
1308 1802 1402 1864 quem
1424 1781 1572 1844 idoneum
1588 1779 1628 1843 ad
1643 1780 1707 1844 vim
1721 1789 1806 1843 tuam

487 1874 663 1938 iudicaris?
684 1875 846 1959 compleas
864 1895 1011 1949 numero,
1033 1872 1198 1938 confirmes
1219 1875 1393 1957 praesidio,
1416 1894 1480 1958 qoo
1495 1874 1598 1938 relisi
1620 1873 1731 1956 populi
1746 1875 1807 1936 lto-

488 1968 572 2031 mani
594 1969 800 2051 vectigalibus
821 1978 917 2053 atque
939 1970 1083 2032 omnibus
1106 1968 1207 2050 copiis
1229 1970 1332 2050 ipsum
1353 1968 1505 2052 populum
1519 1969 1697 2031 Romanum
1717 1974 1806 2030 cotir-

451 2080 575 2134 tsoeas,
597 2061 773 2144 opprimas,
794 2062 919 2145 redigas
941 2063 973 2124 in
994 2063 1086 2124 istam
1108 2061 1347 2124 decemviralem
1365 2062 1517 2126 ditionem
1537 2082 1574 2125 ac
1595 2065 1805 2143 potestatemt

488 2147 631 2215 xxvsst.
653 2150 704 2215 75.
727 2156 766 2217 Ut
794 2175 870 2218 vero
898 2162 995 2218 totam
1017 2155 1137 2219 ltaliam
1159 2156 1224 2219 suis
1244 2154 1410 2240 praesidiis
1430 2155 1575 2218 obsidere
1596 2163 1692 2238 atque
1713 2173 1806 2216 oocu-

487 2265 562 2328 pare
582 2247 716 2328 cogitet,
738 2267 876 2331 quaeso,
899 2247 1055 2324 Quirites,
1083 2251 1273 2331 cognoscite.
1316 2249 1471 2312 Permittit
1491 2248 1694 2322 decemviris,
1715 2253 1751 2308 ut
1770 2245 1805 2307 in

486 2339 595 2403 omnia
625 2341 815 2423 municipia,
846 2343 879 2404 in
910 2361 1018 2404 omnes
1046 2342 1188 2405 colonias
1215 2343 1312 2405 totius
1345 2343 1453 2405 ltaliae
1488 2343 1619 2407 colonos
1645 2339 1806 2403 deducant

486 2452 567 2515 quos
586 2434 701 2509 ¹velint,
723 2435 827 2517 iisque
849 2435 969 2499 colonis
991 2455 1100 2518 agnum
1115 2436 1183 2500 dari
1198 2436 1294 2499 iubet
1323 2438 1404 2499 Num
1418 2436 1552 2499 obscure
1567 2436 1701 2499 maiores
1715 2452 1805 2518 opes,

447 2547 581 2610 soquam
602 2528 729 2590 libemus
750 2535 856 2591 vestm
880 2529 944 2610 pati
965 2536 1083 2611 potest,
1114 2536 1145 2591 et
1170 2530 1288 2592 maiora
1308 2525 1464 2613 praesidia
1485 2530 1700 2612 quaeruntur?
1729 2547 1804 2589 num

486 2620 620 2683 obscure
641 2639 771 2703 reguum
795 2622 1019 2685 constituitur?
1041 2643 1118 2684 num
1138 2622 1270 2687 obscure
1291 2622 1418 2685 libertas
1431 2631 1536 2686 vestra
1550 2622 1692 2684 tollitur?
1713 2621 1804 2693 Nam,

485 2734 555 2775 cum
578 2713 674 2777 iidem
695 2735 821 2777 omnem
842 2716 1028 2797 pecuniam,
1055 2717 1220 2779 maximam
1242 2716 1475 2779 multitudinem
1496 2717 1676 2789 obtinebant,
1707 2713 1803 2777 iidem

482 2818 581 2874 totam
603 2810 725 2874 ltaliam
747 2809 813 2872 suis
826 2809 938 2892 opibus
953 2809 1158 2883 obsidebunt,
1181 2809 1276 2872 iidem
1290 2817 1426 2873 vestram
1440 2809 1616 2872 libertatem
1630 2810 1697 2872 suis
1711 2827 1803 2890 prae·

483 2903 572 2968 sidiis
593 2911 626 2967 et
648 2902 782 2966 coloniis
803 2901 1004 2965 interclusam
1026 2904 1195 2977 tenebunt,
1217 2923 1298 2988 quae
1319 2923 1391 2986 spes
1405 2902 1548 2978 tandem,
1571 2923 1653 2987 quae
1666 2901 1801 2965 inultas

445 3023 474 3068 ss
483 2997 717 3079 recuperandae
739 3001 861 3059 uestme
882 2994 1035 3058 libertatis
1055 2997 1273 3082 relinquetur?

566 3086 618 3152 76.
639 3090 680 3151 At
706 3089 789 3151 enim
815 3107 890 3169 ager
917 3086 1096 3171 Campanus
1123 3091 1183 3153 bac
1209 3091 1279 3173 lege
1301 3091 1472 3167 dividetur,
1502 3092 1585 3154 orbis
1606 3099 1708 3154 terrae
1729 3089 1800 3174 pul-

479 3184 670 3258 cherrimas,
689 3189 725 3246 et
742 3181 883 3265 Capuam
904 3181 1029 3246 colonia
1050 3183 1241 3258 deducetur,
1263 3186 1373 3248 urbem
1394 3184 1617 3269 amplissimam
1638 3193 1735 3270 atque
1748 3207 1799 3248 or·

480 3278 683 3341 notissimam.
717 3274 802 3352 Quid
824 3274 964 3339 adhaec
986 3296 1154 3359 possumus
1176 3277 1306 3340 diceret
1338 3280 1384 3341 Ile
1407 3278 1569 3342 commodo
1583 3287 1689 3343 vestro
1711 3281 1798 3363 prius

482 3373 599 3443 dicam,
625 3370 782 3445 Quirites,
805 3369 920 3432 deiude
942 3370 982 3431 ad
1004 3371 1243 3453 amplitudinem
1264 3381 1297 3434 et
1317 3373 1501 3454 dignitatem
1523 3382 1674 3448 revertar,
1696 3383 1749 3448 ut,
1771 3374 1797 3435 si

443 3466 554 3548 aoquis
575 3465 642 3546 agri
663 3470 718 3525 aut
739 3463 846 3546 oppidi
868 3462 1008 3526 bonitate
1031 3463 1222 3538 delectatur,
1244 3485 1284 3527 ne
1307 3465 1382 3547 quid
1404 3475 1578 3549 exspectet,
1601 3468 1627 3530 si
1644 3488 1739 3550 quem
1754 3469 1798 3530 rei

476 3577 512 3639 p.
535 3557 670 3638 dignitas
693 3563 885 3630 commouet,
907 3565 941 3619 ut
962 3558 1036 3620 huic
1059 3558 1223 3621 simulatae
1240 3558 1403 3641 largitioni
1425 3561 1557 3634 resistat
1596 3562 1643 3622 Ao
1662 3561 1797 3642 primum

545 3854 569 3902 l.
583 3851 706 3902 immoti
721 3851 791 3900 motet
807 3862 869 3901 cum
886 3853 914 3900 P.
933 3853 1048 3902 llanutio
1065 3850 1119 3904 tt.
1133 3879 1160 3888 -
1179 3853 1203 3902 3.
1219 3853 1342 3915 potestat,
1357 3860 1395 3903 est
1410 3855 1453 3916 gui
1466 3855 1541 3917 meos
1554 3861 1650 3907 resset
1665 3858 1800 3909 unma-

475 3941 546 3980 mus:
566 3927 672 3990 postulet
689 3931 723 3978 ott
736 3926 812 3988 ploce
827 3926 919 3977 rectius
932 3925 1149 3981 utstatim
1167 3928 1449 3990 puticotastom'ma
1467 3933 1499 3988 (ἒς
1520 3932 1641 3992 portum,
1662 3939 1702 3984 est
1715 3939 1742 3986 ct
1754 3936 1801 3996 gui

477 4005 553 4067 plone
563 4007 661 4057 recuset
677 4002 709 4058 Li
722 4000 830 4064 pmtutet
844 4000 884 4049 uel
896 4001 974 4062 plaut
989 4007 1083 4052 reauet
1093 4005 1313 4065 Pantagathus·
1326 4005 1351 4053 5.
1369 4003 1412 4068 sic]
1429 4005 1450 4053 si
1466 4005 1522 4065 ΕΡ,
1541 4019 1609 4069 quae
1627 4020 1679 4060 vox
1696 4007 1800 4059 videtur

477 4080 535 4130 orta
553 4092 586 4129 ex
597 4077 772 4141 geminatione
789 4074 969 4141 proximarum
987 4074 1141 4126 litterarum.
1157 4104 1183 4111 -
1203 4077 1227 4126 6.
1240 4078 1384 4128 uiderentur
1399 4078 1497 4141 imperii
1511 4080 1540 4130 E.
1555 4107 1582 4116 -
1600 4082 1624 4132 8.
1638 4082 1701 4133 Post
1716 4086 1742 4132 ν’.
1756 4097 1800 4134 ae-

477 4154 562 4216 pediot
576 4151 687 4202 lacunae
699 4151 803 4214 signum
815 4151 903 4214 posuit
915 4151 1014 4213 Ussing.
1027 4178 1054 4186 -
1073 4156 1096 4199 et
1108 4163 1160 4199 om.
1175 4151 1201 4199 l'.
1212 4179 1238 4187 -
1254 4154 1293 4202 to.
1310 4154 1526 4204 nostrlsEl'P'l:
1543 4156 1755 4210 caemento,
1769 4184 1796 4194 —

480 4229 519 4277 ll.
532 4225 661 4290 eodocurc]
676 4227 770 4286 possint
786 4225 907 4274 collocare
922 4222 979 4277 at.
993 4252 1018 4260 —
1038 4238 1086 4285 quo
1099 4223 1155 4286 col]
1174 4231 1233 4284 quot
1248 4225 1294 4274 col.
1308 4239 1368 4275 cum
1381 4226 1534 4278 lauredauo
1552 4231 1607 4280 LO.
1627 4232 1666 4282 ct.
1679 4234 1698 4282 1.
1718 4233 1743 4296 ἓ.
1757 4234 1797 4283 to.

481 4326 509 4338 -
524 4299 563 4350 li.
582 4300 711 4350 coherceat
727 4301 756 4350 E.
777 4327 804 4336 —
824 4299 863 4348 to.
880 4299 994 4349 obsedere
1013 4301 1155 4362 (superscr.
1169 4296 1253 4348 littera
1270 4301 1290 4362 i)
1309 4301 1337 4350 E.
1356 4303 1417 4350 Post
1430 4301 1482 4350 hoc
1498 4303 1611 4354 verbum
1627 4306 1799 4358 inserendum

479 4376 580 4427 monuit
596 4374 718 4425 librarius
735 4373 848 4424 verbum
865 4375 953 4438 cogitet
970 4375 1079 4437 margini
1097 4373 1267 4437 adscriptum.
1288 4402 1315 4411 —
1339 4390 1491 4438 occupauere
1506 4377 1598 4430 litteris
1613 4395 1644 4430 ue
1661 4384 1799 4446 expunctis

476 4453 508 4502 E.
529 4476 555 4487 -
576 4451 615 4500 tt.
633 4451 729 4514 sopitat]
746 4450 880 4513 cepeoii:
903 4450 1008 4513 cogitent
1024 4451 1088 4506 GP;
1113 4449 1255 4513 cognoscite
1271 4451 1299 4500 E.
1319 4477 1346 4486 -
1366 4453 1477 4513 permitti
1494 4455 1548 4504 EF.
1571 4454 1705 4507 Librarius
1722 4459 1800 4520 igitur

480 4525 579 4577 codicis
596 4525 756 4575 Erlurteusis
773 4528 812 4573 sio
829 4524 900 4574 huno
916 4522 1006 4574 locum
1023 4523 1149 4574 exhibere
1170 4523 1267 4575 voluit:
1289 4528 1318 4575 tlt
1332 4540 1391 4576 uero
1407 4534 1485 4578 totam
1496 4531 1656 4580 ltolioiueuie
1666 4534 1800 4594 praesidiis

479 4601 587 4650 obsidere
606 4599 694 4662 copitet
713 4604 788 4660 atoue
808 4611 943 4660 occupare,
969 4600 1120 4662 copootcite,
1147 4613 1251 4660 quaeso,
1279 4602 1393 4662 Quirites.
1417 4603 1557 4666 cognoscite
1569 4608 1680 4666 permitti
1696 4610 1748 4658 cet.
1769 4635 1797 4645 -

479 4674 519 4725 li.
538 4674 640 4724 cumis
656 4675 682 4722 F.
703 4700 731 4710 —
748 4673 788 4724 20.
808 4673 838 4737 ct]
856 4687 888 4723 oe
903 4675 932 4724 Τ.
952 4700 979 4710 -
998 4677 1122 4733 quaeruut
1139 4673 1167 4722 E.
1188 4700 1215 4707 -
1233 4675 1274 4724 it.
1293 4677 1417 4726 constitnit
1434 4679 1459 4727 F.
1479 4705 1507 4713 —
1525 4681 1566 4728 22.
1584 4681 1666 4746 iidem]
1683 4682 1749 4732 idern
1764 4684 1796 4742 l‘,

480 4763 533 4800 om.
553 4751 580 4799 E.
606 4775 631 4786 —
655 4748 836 4798 multitudinem
858 4748 1009 4808 obtinebunt,
1038 4749 1112 4797 iidem
1132 4752 1210 4796 uuor
1231 4749 1386 4800 Lambinus:
1410 4753 1592 4804 multitudinem
1611 4755 1638 4804 id
1662 4762 1697 4805 etl
1721 4762 1798 4808 utam

480 4821 593 4881 natm
610 4822 791 4872 multitudinem
807 4823 871 4874 idem
887 4830 965 4874 totam
976 4825 1006 4883 F3
1024 4823 1205 4872 multitudinem
1221 4825 1371 4885 obtinebunt,
1389 4828 1416 4875 id
1431 4833 1466 4878 eet
1481 4834 1558 4879 totam
1570 4843 1631 4881 cum
1642 4832 1797 4884 Lauredano

479 4900 508 4949 L.
523 4926 549 4934 —
568 4897 609 4948 23.
622 4897 686 4947 idem
703 4898 757 4947 FP.
769 4922 797 4931 -
814 4897 855 4948 at.
874 4899 965 4949 cotomr
981 4899 1010 4947 E.
1023 4925 1050 4934 —
1067 4898 1204 4947 interclusa
1221 4899 1286 4949 E.—
1305 4901 1345 4950 26.
1365 4901 1423 4951 orbe
1439 4903 1486 4953 Et·
1496 4905 1522 4953 P.
1533 4929 1561 4939 -
1578 4906 1618 4956 28.
1633 4908 1697 4968 Ouid
1712 4908 1797 4958 Erne-

479 4973 557 5023 stius:
581 4973 651 5033 otum
671 4973 731 5034 quid
750 4971 921 5033 nuttam
944 4979 1018 5034 atoue
1034 4974 1095 5034 quid
1111 4974 1169 5023 GT.
1189 5000 1216 5008 -
1238 4975 1310 5035 prius
1325 4981 1407 5026 uestro
1425 4978 1480 5028 ΡΤ.
1499 5004 1526 5013 -
1551 4980 1590 5029 30.
1610 4982 1745 5032 deuctctw
1762 4984 1794 5032 L:

479 5048 626 5097 detscuomr
641 5046 702 5106 tim
719 5047 852 5097 &buitur
867 5044 950 5099 ΑΒΘ.
976 5048 1015 5099 Cl.
1034 5063 1059 5098 v.
1072 5049 1113 5099 at.
1131 5055 1273 5100 commouet.
1293 5077 1321 5088 -
1340 5053 1377 5101 rei
1390 5066 1417 5115 p.
1431 5053 1539 5118 dignitas
1555 5053 1681 5106 Orellius:
1700 5058 1738 5107 rei
1753 5060 1797 5106 iu-

479 5122 587 5186 dipaitoo
603 5125 636 5181 G;
654 5123 693 5172 rel
709 5123 817 5185 dipaitot
833 5121 1001 5176 Et‘ttio.
1020 5138 1059 5186 sp.
1079 5124 1176 5174 excidit
1192 5126 1252 5174 ante
1270 5126 1287 5174 d
1303 5126 1436 5185 facillime;
1456 5128 1489 5179 cl.
1504 5129 1528 5192 5.
1542 5130 1609 5190 toa,
1626 5129 1672 5179 ubi
1688 5131 1754 5181 item
1769 5134 1796 5182 in

479 5196 531 5246 Eri.
550 5196 625 5247 deest
642 5211 682 5259 p.,
704 5198 784 5261 atque
805 5196 839 5248 ad
860 5198 1016 5249 senteutiam
1039 5202 1145 5262 praeter
1165 5199 1330 5263 praecedens
1346 5198 1408 5252 illud
1426 5203 1572 5267 dignitatem·
1586 5203 1726 5270 (ummo),
1752 5208 1796 5257 cui
1893 5243 1899 5260 .

480 5271 546 5323 haec
563 5271 735 5340 respondent,
753 5274 774 5326 1.
792 5272 816 5336 s.
836 5273 876 5323 li.
896 5274 936 5325 ⁴8.
954 5275 984 5325 11.
1003 5272 1028 5338 5.
1048 5274 1106 5327 79.»
1123 5276 1281 5329 Wrsrmrro
1297 5275 1331 5329 ad
1349 5290 1387 5328 or.
1405 5289 1433 5345 p.
1452 5279 1536 5330 Sestio
1551 5292 1579 5345 p.
1597 5276 1638 5329 li.
