4367 6109
558 580 579 647 i
957 581 1109 647 ORATIO
1131 580 1210 647 PRO
1232 581 1266 647 P.
1288 580 1482 658 Quiucrio

561 752 635 822 Sex.
657 752 795 816 Naevius
816 770 922 835 neque
947 751 1139 816 inhumanus
1162 772 1277 837 praeco
1300 761 1348 818 est
1370 772 1521 836 umquam
1543 751 1751 816 existimatus.
1796 750 1882 828 Quid

559 868 636 931 ergo
660 850 734 912 esti
763 846 841 909 Cum
864 844 892 908 ei
915 854 1028 910 natura
1049 848 1131 910 nihil
1153 850 1267 912 melius
1284 869 1379 933 quam
1394 868 1505 911 vocem
1521 849 1674 922 dedisset,
1697 844 1881 930 paternihil

558 950 685 1026 praeter
697 942 874 1004 libertatem
887 940 1086 1024 reliquisset,
1111 964 1223 1007 vocem
1237 945 1272 1006 in
1285 950 1452 1026 quaestum
1468 943 1617 1018 contulit3
1640 943 1786 1007 libertate
1801 960 1880 1004 usus

559 1044 623 1113 est,
653 1058 716 1121 quo
747 1035 909 1119 impunius
938 1037 1032 1099 dicax
1060 1046 1154 1101 esset.
1199 1033 1249 1101 ⁴2.
1283 1039 1388 1115 Quare
1421 1038 1550 1121 quidem
1582 1039 1705 1101 socium
1726 1038 1783 1100 tibi
1806 1057 1880 1100 eum

534 1134 656 1197 avelles
677 1132 865 1214 adiungere,
887 1130 967 1194 nihil
990 1137 1072 1206 erat,
1095 1133 1158 1195 nisi
1179 1141 1216 1196 ut
1237 1134 1271 1195 in
1293 1140 1347 1195 tna
1366 1133 1503 1215 pecunia
1517 1133 1731 1208 condisceret,
1754 1131 1810 1216 qui
1824 1151 1880 1214 pe·

557 1227 670 1292 cuniae
691 1224 812 1288 fructus
835 1233 935 1288 esset:
959 1232 1064 1290 tamen
1087 1228 1236 1291 inductus
1252 1227 1483 1290 consuetudine
1499 1247 1534 1290 ac
1549 1226 1762 1292 familiaritate
1778 1227 1880 1302 Quin·

556 1322 637 1385 etius
658 1320 749 1395 fecit,
779 1325 815 1382 ut
837 1320 920 1396 dixi,
951 1322 1135 1385 societatem
1159 1343 1268 1385 earum
1289 1343 1408 1397 rerum,
1433 1342 1514 1405 quae
1537 1323 1569 1384 in
1592 1323 1693 1387 Gallia
1715 1339 1878 1404 compara·

554 1415 678 1479 bantur.
721 1415 797 1478 Erat
825 1415 855 1477 ei
884 1417 1034 1498 pecuaria
1062 1437 1114 1479 res
1136 1418 1242 1501 ampla
1264 1425 1296 1480 et
1315 1417 1435 1479 rustica
1452 1436 1528 1479 sane
1550 1417 1631 1480 bene
1653 1417 1737 1480 culta
1760 1423 1792 1478 et
1811 1414 1877 1476 fru-

554 1518 675 1573 ctuosa.
718 1510 855 1573 Tollitur
876 1510 916 1571 ab
938 1511 1027 1574 atriis
1050 1512 1182 1575 Liciniis
1205 1521 1301 1596 atque
1323 1532 1341 1574 a
1364 1531 1557 1595 praeconum
1579 1532 1731 1575 consessu
1753 1511 1787 1572 in
1805 1508 1878 1571 Gal-

517 1604 630 1669 ⁴⁰liam
652 1605 789 1670 Naevius
812 1611 844 1668 et
865 1612 952 1668 trans
974 1604 1070 1688 Alpes
1093 1626 1196 1690 usque
1218 1606 1415 1669 transfertur.
1451 1606 1501 1668 Fit
1522 1626 1636 1688 magua
1657 1605 1789 1667 mutatio
1804 1603 1878 1675 loci,

553 1720 619 1763 non
640 1698 771 1782 ingenii.
814 1701 911 1773 Nam,
935 1699 991 1783 qni
1013 1700 1051 1762 ab
1074 1700 1314 1765 adolescentulo
1338 1708 1505 1784 quaestum
1529 1700 1590 1763 sibi
1606 1698 1796 1762 instituisset
1808 1698 1877 1760 sine

552 1793 732 1877 impendio,
763 1801 973 1876 posteaquam
1002 1795 1111 1857 neseio
1140 1797 1217 1879 quid
1251 1795 1407 1878 impendit
1428 1802 1460 1857 et
1481 1794 1516 1858 in
1537 1813 1706 1857 commune
1728 1791 1877 1865 contulit,

553 1888 706 1952 mediocri
740 1895 874 1971 quaestu
903 1895 1071 1952 contentus
1100 1908 1170 1953 esse
1192 1909 1257 1952 non
1278 1898 1415 1973 poterat.
1460 1884 1509 1950 i3.
1533 1891 1597 1952 Nec
1619 1888 1750 1962 mirum,
1784 1887 1812 1950 si
1834 1886 1878 1958 is,

553 1983 609 2066 qni
630 2002 741 2047 vocem
762 1982 907 2047 venalem
934 1982 1104 2060 habuerat,
1132 2003 1185 2058 ea,
1216 2004 1297 2068 quae
1330 2004 1408 2048 voce
1431 1984 1648 2068 quaesiverat,
1679 2002 1794 2066 magno
1816 1979 1877 2044 sibi

515 2078 700 2160 uquaestui
729 2077 798 2141 lore
831 2077 971 2160 putabat.
1015 2079 1129 2162 ltaque
1156 2077 1286 2141 hercule
1308 2078 1394 2140 haud
1416 2077 1618 2170 mediocriter
1640 2077 1679 2139 de
1701 2075 1876 2149 communi,

553 2170 711 2256 quidquid
732 2178 877 2254 poterat,
899 2170 941 2234 ad
963 2170 1053 2235 sein
1075 2173 1230 2256 privatam
1254 2173 1382 2236 domum
1406 2171 1583 2235 sevocabat.
1628 2173 1700 2247 Qua
1720 2173 1753 2234 in
1776 2192 1809 2234 re
1832 2171 1877 2233 ita

552 2267 688 2349 diligens
711 2274 795 2341 erat,
826 2266 918 2351 quasi
942 2266 981 2342 ii,
1012 2267 1069 2351 qui
1092 2286 1205 2350 magna
1226 2261 1289 2329 lide
1311 2267 1495 2329 societatem
1517 2273 1679 2348 gererent,
1711 2266 1877 2330 arbitrium

550 2379 609 2444 pro
633 2362 721 2425 socio
744 2360 949 2425 condemnari
971 2361 1121 2426 solerent.
1157 2363 1275 2424 Verum
1297 2360 1347 2424 his
1370 2362 1409 2425 de
1431 2361 1526 2424 rebus
1548 2381 1614 2424 non
1628 2381 1758 2425 necesse
1772 2361 1876 2425 habeo

552 2453 656 2520 dicere
690 2476 743 2532 ea,
777 2475 859 2541 quae
892 2477 942 2519 me
970 2456 1004 2519 P.
1025 2456 1194 2531 Quinctius
1224 2457 1313 2539 cupit
1342 2473 1605 2520 commemoraret
1634 2457 1759 2519 tametsi
1782 2473 1878 2519 causa

512 2547 707 2632 topostulat,
730 2558 852 2626 tamen,
877 2551 954 2634 quia
976 2550 1141 2635 postulat,¹
1155 2570 1222 2614 non
1244 2550 1378 2634 flagitat,
1400 2551 1591 2634 praeteribo.
1633 2551 1686 2614 lv.
1716 2544 1767 2613 ii.
1799 2550 1878 2613 Cum

551 2664 652 2709 annos
681 2646 745 2708 iam
774 2645 956 2729 complures
986 2647 1123 2710 societas
1153 2654 1238 2710 esset
1269 2652 1394 2709 etcum
1417 2664 1512 2728 saepe
1534 2651 1701 2728 suspectus
1724 2643 1876 2722 Quinctio

550 2739 687 2803 Naevius
703 2739 817 2804 fuisset
830 2759 937 2824 neque
952 2740 996 2803 ita
1011 2741 1178 2804 commode
1193 2749 1303 2825 posset
1318 2741 1473 2804 rationem
1491 2740 1623 2803 reddere
1636 2758 1744 2802 earum
1759 2758 1876 2813 rerum,

550 2852 631 2918 quas
653 2833 802 2910 libidine,
832 2855 897 2897 non
920 2836 1044 2919 ratione
1067 2843 1225 2919 gesserat,
1248 2835 1382 2897 moritur
1404 2835 1438 2897 in
1460 2834 1564 2896 Gallia
1586 2833 1772 2910 Quinctius,
1805 2854 1877 2896 cum

549 2927 676 2990 adesset
704 2930 859 3005 Naevius,
888 2937 921 2993 et
949 2931 1082 2992 moritur
1107 2930 1287 3014 repentino.
1338 2930 1497 2992 Heredem
1524 2935 1713 2991 testamento
1746 2926 1878 3010 reliquit

511 3020 634 3085 rtbunc
656 3024 690 3085 P.
713 3023 914 3099 Quinctium,
941 3033 992 3100 ut,
1022 3025 1063 3090 ad
1085 3046 1182 3110 quem
1205 3044 1346 3089 summus
1369 3042 1495 3086 maeror
1517 3030 1618 3086 morte
1641 3042 1699 3085 sua
1720 3022 1877 3095 veniebat,

550 3117 591 3180 ad
613 3118 750 3182 eundem
773 3140 915 3182 summus
936 3119 1041 3183 honos
1063 3141 1195 3205 quoqne
1217 3119 1406 3203 perveniret.
1444 3113 1495 3181 i5.
1517 3116 1591 3195 Quo
1614 3125 1739 3181 mortuo
1758 3138 1817 3181 nec
1832 3118 1878 3179 ita

549 3211 650 3274 multo
673 3219 748 3294 post
768 3214 802 3276 in
818 3214 952 3277 Galbam
973 3210 1187 3297 proficiscitur
1201 3214 1380 3292 Quinctius.
1421 3210 1469 3277 iii
1484 3230 1557 3277 eum
1577 3212 1640 3275 isto
1665 3205 1808 3294 [Naevio]
1830 3209 1877 3272 la·

531 3304 716 3369 'miliariter
748 3308 834 3371 vivit.
877 3311 1005 3372 Annum
1032 3308 1099 3372 fere
1127 3330 1192 3374 una
1221 3318 1308 3384 sunt,
1341 3327 1414 3371 cum
1440 3312 1474 3369 et
1499 3304 1540 3370 de
1562 3305 1715 3369 societate
1735 3304 1819 3368 inter
1841 3324 1876 3368 se

550 3399 649 3463 multa
671 3403 944 3466 communicarent
965 3411 996 3466 et
1017 3404 1057 3467 de
1079 3411 1146 3468 tota
1168 3404 1224 3466 illa
1245 3404 1368 3467 ratione
1390 3408 1486 3484 atque
1507 3419 1541 3462 re
1564 3397 1741 3474 Gallicana,
1769 3419 1875 3483 neque

512 3494 672 3558 eointerea
692 3496 824 3560 verbum
845 3497 947 3560 ullum
969 3498 1162 3581 interposuit
1183 3499 1337 3570 Naevius,
1359 3502 1415 3558 aut
1430 3495 1614 3558 societatem
1632 3493 1692 3556 sibi
1709 3493 1875 3576 quidpiam

550 3588 682 3664 debere,
705 3596 761 3652 aut
781 3590 930 3673 privatim
946 3593 1131 3667 Quinctium
1155 3593 1312 3659 debuisse.
1350 3591 1428 3654 Cum
1452 3589 1534 3652 aeris
1556 3587 1653 3651 alieni
1675 3587 1875 3672 aliquantum

550 3691 635 3748 esset
661 3682 823 3760 relictum,
857 3685 973 3769 quibus
1002 3688 1185 3751 nominibus
1215 3687 1386 3771 pecuniam
1414 3687 1533 3748 Romae
1564 3682 1667 3746 curari
1698 3690 1876 3766 oporteret,

549 3778 730 3842 auctionem
751 3779 786 3842 in
808 3779 911 3842 Gallia
932 3782 965 3843 P.
980 3780 1033 3842 hic
1048 3782 1219 3856 Quinctius
1234 3783 1380 3846 Narbone
1399 3779 1604 3843 selectarum
1621 3796 1691 3840 esse
1705 3776 1878 3860 proscribit

550 3891 658 3936 earum
679 3892 801 3949 reum,
824 3894 907 3959 quae
929 3874 1031 3958 ipsius
1045 3885 1138 3939 erant
1159 3877 1311 3959 privatae.
1345 3871 1395 3937 ld.
1417 3875 1463 3936 lbi
1479 3883 1547 3936 tum
1562 3873 1611 3937 vir
1624 3872 1779 3955 optimus,
1802 3871 1875 3934 Sex.

616 4028 639 4080 i.
659 4029 757 4092 quiden
773 4027 1124 4094 BGabcdl'ghiirln:
1143 4035 1203 4096 qaid
1220 4047 1248 4094 e,
1266 4034 1332 4096 qaod
1348 4030 1462 4084 ΑΗΘ.
1482 4031 1520 4082 Ci.
1540 4030 1623 4094 §.602
1645 4028 1879 4079 commimonaibit

549 4109 621 4165 maci,
639 4117 718 4166 quare
734 4106 769 4155 ad
785 4106 859 4156 istam
874 4107 998 4158 rationem
1011 4110 1196 4171 perveniretur,
1216 4113 1243 4161 et
1259 4108 1292 4160 de
1311 4122 1361 4159 usu
1377 4104 1520 4172 particulae
1538 4107 1637 4167 quiden
1653 4103 1738 4155 Halm.
1752 4103 1787 4154 a'd
1797 4116 1837 4156 or.
1850 4104 1878 4154 ln

548 4181 634 4230 vatin.
652 4181 693 4241 is,
712 4180 752 4231 3⁰.
771 4195 798 4246 p.
817 4181 857 4231 99.
879 4210 906 4218 -
924 4182 988 4248 eum]
1010 4197 1066 4233 cam
1086 4183 1249 4235 Gabkln.
1271 4209 1299 4220 -
1321 4184 1345 4234 8.
1366 4181 1515 4246 pecuniaria
1539 4177 1721 4231 Gaeilmn
1746 4178 1878 4243 (pacuvio

549 4268 602 4318 mg.
628 4255 656 4319 i.)
681 4283 709 4292 -
735 4256 759 4307 9.
781 4258 871 4307 licinii
891 4261 922 4309 A.
947 4287 974 4296 —
997 4273 1117 4310 consensa
1139 4257 1447 4321 BGbcdeighiln
1471 4259 1498 4307 et
1522 4258 1552 4306 A.
1577 4255 1699 4320 (comessa
1719 4267 1773 4319 mg.
1794 4255 1823 4318 i.)
1846 4279 1874 4291 -

549 4329 589 4381 ti.
608 4330 758 4381 moeonas
773 4333 851 4382 tacite
863 4330 977 4384 Klotzius
994 4334 1037 4385 ed.
1050 4333 1095 4385 alt.
1111 4362 1138 4371 -
1158 4333 1198 4385 ti.
1218 4332 1266 4384 eal.
1279 4335 1437 4396 quaesierat»
1455 4345 1508 4395 mg.
1523 4330 1548 4382 8.
1563 4356 1592 4367 -
1611 4331 1651 4380 to.
1665 4328 1794 4394 qouque}
1812 4330 1879 4393 qaod

548 4405 987 4472 qasidqaeabcdelghikln,
1012 4412 1196 4472 quodcunque
1212 4423 1240 4460 m
1257 4413 1284 4460 et
1300 4412 1334 4470 A,
1353 4410 1419 4472 qaod
1435 4409 1526 4470 quique
1543 4410 1576 4470 G,
1595 4403 1875 4469 quidonquidquidii,

547 4484 577 4530 ut
592 4481 700 4544 euim
715 4480 757 4532 rel
775 4497 850 4545 quom
866 4485 973 4546 quidque
990 4484 1116 4537 Halmius.
1143 4485 1230 4536 Malim
1247 4487 1417 4549 quodcunque.
1433 4510 1460 4518 -
1479 4484 1519 4533 47.
1539 4482 1566 4547 ii]
1584 4483 1609 4531 ii
1626 4481 1738 4531 Gaeh.
1763 4503 1791 4516 —
1810 4479 1878 4529 ortt

547 4555 633 4621 trium]
648 4556 748 4608 arbitrii
758 4558 890 4619 Budaeus,
904 4559 1010 4610 arbitrio
1021 4563 1071 4622 AL,
1085 4563 1120 4611 ad
1130 4561 1264 4611 arbitrium
1275 4563 1414 4622 Manutius,
1433 4560 1468 4610 sd
1478 4559 1603 4609 ordiinum
1613 4558 1794 4614 Ranconetus;
1815 4569 1877 4606 «cr-

548 4630 650 4683 imus
664 4644 715 4697 pro
730 4630 889 4696 glossemate
906 4635 1007 4686 liabent
1017 4638 1154 4697 Graevius,
1172 4635 1222 4687 alii.
1244 4637 1283 4687 ct.
1296 4651 1344 4702 pro
1356 4638 1433 4686 Rosc.
1448 4636 1522 4686 Com.
1536 4634 1561 4692 9.
1573 4634 1632 4683 25.»
1650 4633 1694 4682 Oa.
1715 4631 1877 4694 osroenae

547 4706 689 4759 militasse
707 4705 812 4759 videtur
827 4710 976 4761 aestimatio
991 4709 1043 4762 litis
1060 4725 1109 4775 pro
1126 4712 1207 4774 socio,
1226 4714 1354 4775 quantum
1367 4711 1467 4760 arbiter
1477 4708 1571 4759 deberi
1581 4708 1654 4759 socio
1665 4705 1803 4758 deciderit.
1824 4706 1877 4759 Ad·

547 4778 681 4833 duelllud
698 4784 781 4834 estin
798 4798 836 4836 or.
855 4799 881 4850 p.
900 4785 977 4837 redit.
996 4785 1022 4835 ln
1040 4799 1097 4836 sen.
1116 4799 1140 4836 c.
1159 4787 1188 4836 7:
1215 4786 1323 4837 arbitria
1338 4788 1433 4850 {anons
1448 4785 1622 4844 autumentur,
1640 4784 1731 4847 quanti
1747 4781 1805 4834 scil.
1823 4784 1877 4835 lm·

546 4869 648 4922 pensae
668 4857 768 4909 luneris
786 4861 1005 4914 aestimabantur.
1032 4863 1088 4921 Qua
1104 4861 1139 4913 de
1156 4875 1185 4912 re
1204 4862 1237 4912 ad
1254 4877 1277 4912 c.
1297 4863 1337 4912 ³7.
1356 4876 1382 4926 p.
1401 4861 1482 4912 domo
1499 4860 1682 4911 disseruimus.
1714 4860 1797 4909 Deest
1811 4871 1877 4909 ver-

547 4931 614 4984 bum
631 4937 658 4983 et
674 4932 845 4997 subauditur,
869 4937 890 4987 si
907 4932 988 4998 velia,
1004 4934 1124 4987 edoma
1142 4938 1204 4988 Gau
1216 4938 1251 5001 2.)
1270 4961 1298 4971 -
1318 4937 1357 4987 i8.
1376 4937 1452 4987 sotem
1469 4935 1594 4986 bedei
1603 4947 1619 4998 g
1630 4935 1638 4984 i
1649 4933 1657 4984 l
1669 4946 1712 4995 m,
1734 4934 1829 4984 roboot
1842 4934 1874 4985 A.

549 5033 577 5042 -
596 5007 638 5059 Aa.
656 5008 760 5073 tamem]
776 5023 838 5060 cam
854 5011 898 5062 etat
909 5012 1084 5073 Hotomanus,
1102 5008 1174 5061 unde
1186 5025 1247 5062 nam
1262 5013 1358 5063 immisi
1369 5014 1396 5063 L.
1413 5039 1440 5049 —
1458 5012 1499 5061 20.
1518 5016 1601 5060 mmm
1617 5010 1679 5073 qaia
1692 5009 1803 5071 postolat
1818 5020 1874 5059 om.

548 5083 577 5133 (i.
597 5081 636 5133 Ci.
654 5097 704 5148 pro
720 5085 754 5136 At.
772 5085 853 5137 Tullio
870 5087 894 5150 5.
912 5088 937 5136 d.
955 5084 1080 5139 Huschke
1096 5085 1170 5137 Anal.
1189 5100 1215 5151 p.
1234 5084 1291 5139 toi.
1312 5110 1339 5124 -
1363 5086 1404 5138 ti.
1422 5087 1547 5148 repentine
1563 5087 1588 5136 ir.
1609 5111 1637 5121 -
1655 5085 1697 5135 27.
1715 5083 1811 5135 Naeuio
1826 5096 1876 5135 su·

547 5159 669 5222 spectum
690 5161 805 5211 Manutio
822 5160 966 5213 delendum
987 5163 1082 5215 censet
1104 5164 1163 5213 Gar.
1182 5163 1207 5213 Ξ.
1234 5189 1262 5200 -
1287 5161 1329 5214 29.
1348 5166 1371 5211 at
1387 5163 1416 5211 da
1432 5166 1485 5211 tota
1501 5160 1554 5226 itta]
1575 5162 1653 5223 deque
1668 5160 1714 5210 ilic
1729 5163 1783 5213 tota
1797 5159 1824 5211 ir.
1843 5184 1874 5198 -

547 5230 589 5284 34.
606 5233 764 5298 domnam
781 5233 1121 5304 Gabodeighimn,
1138 5236 1650 5302 itemPalatinietoroniensesomnes,
1668 5237 1736 5290 At:
1755 5235 1876 5302 aliquoo-

546 5308 626 5361 aion
642 5308 698 5364 ΕΟ.
719 5338 747 5350 -
765 5310 806 5364 33.
824 5310 930 5377 paidom
946 5326 972 5365 e.
