4367 6109
687 605 756 672 m.
776 606 817 671 n.
843 602 920 672 cn».
941 604 1127 673 cnr-nv.
1152 603 1209 692 33.
1230 601 1417 673 ser-sen.
1651 589 1714 660 au

392 774 488 857 genio
510 777 544 837 et
564 774 754 858 cogitatione
774 774 880 850 nulla,
900 783 953 850 ut,
975 775 1129 860 quidquid
1151 797 1207 841 sua
1221 783 1334 861 sponte
1347 774 1497 850 faciebat,
1519 774 1595 840 item
1609 778 1645 837 ut
1657 789 1717 836 ros

392 869 510 932 Romae
541 869 748 950 cognovistis,
778 871 901 952 eripere
930 872 1036 954 potius
1064 889 1158 952 quam
1187 869 1296 934 tallere
1322 869 1491 934 rideretur.
1535 862 1607 931 435.
1628 867 1718 930 Haec

393 979 471 1025 sero
492 959 590 1024 huius
612 969 680 1024 erat
701 981 752 1025 ars
773 969 807 1027 et
827 963 948 1028 malitia
963 962 1124 1038 miranda,
1146 964 1234 1049 quod
1254 964 1433 1028 acutissime
1455 969 1521 1026 tota
1542 959 1715 1044 provincia,

393 1053 475 1138 qnid
496 1054 611 1138 cuique
632 1056 815 1131 accidisset,
837 1055 916 1141 quid
938 1057 1054 1140 cuique
1076 1076 1157 1140 opus
1180 1065 1281 1131 esset,
1303 1057 1453 1139 indagare
1475 1064 1508 1120 et
1522 1054 1648 1119 odorari
1664 1072 1717 1117 so-

393 1149 495 1212 lebat:
517 1149 658 1212 omnium
680 1149 893 1227 adversarios,
916 1151 1059 1215 omnium
1080 1150 1227 1214 inimicos
1242 1149 1410 1234 diligenter
1423 1168 1630 1233 cognoscere,
1652 1146 1742 1211 col-e

392 1240 502 1325 loqui,
524 1248 697 1318 attentem
719 1264 761 1308 ex
781 1253 916 1329 unaque
938 1252 1028 1330 parte
1050 1264 1178 1319 causas,
1199 1245 1380 1309 voluntates
1401 1247 1598 1328 perspicere,
1619 1241 1720 1306 iacul-

392 1344 474 1401 tates
500 1342 533 1399 et
560 1336 686 1418 copias:
715 1340 831 1423 quihus
852 1359 935 1422 opus
956 1346 1059 1413 esset,
1089 1346 1208 1402 metum
1235 1338 1365 1402 ollerre:
1395 1339 1511 1423 quihus
1541 1337 1720 1422 expediret,

393 1451 482 1514 spem
505 1429 691 1495 ostendere:
714 1439 930 1497 accusatorum
952 1441 985 1497 et
1004 1432 1290 1516 quadruplatorum
1306 1430 1463 1516 quidquid
1479 1440 1562 1510 erat,
1582 1429 1722 1497 hahebat

391 1525 427 1588 in
448 1530 621 1606 potestate:
653 1527 741 1610 quod
762 1527 878 1610 cuique
899 1526 1020 1610 negotii
1042 1521 1179 1590 conflare
1200 1526 1345 1599 solehat,
1374 1525 1462 1589 nullo
1493 1528 1602 1592 labore
1623 1524 1719 1589 facie·

391 1619 466 1682 hat:
494 1618 588 1681 istius
616 1621 723 1682 omnia
751 1621 896 1695 deuota,
925 1620 1076 1703 imperia,
1105 1620 1227 1683 litteras
1247 1619 1439 1702 peritissime
1462 1627 1494 1684 et
1515 1619 1756 1684 callidissimeio

391 1712 585 1777 venditabat
630 1707 702 1774 436.
724 1713 769 1776 llc
789 1734 855 1777 non
877 1714 980 1778 solum
1004 1720 1073 1776 erat
1092 1713 1279 1776 administer
1299 1713 1391 1775 istius
1412 1713 1636 1796 cupiditatum,
1663 1732 1719 1776 se·

391 1826 463 1871 rum
484 1806 580 1869 etiam
601 1806 671 1888 ipse
693 1807 742 1870 sui
765 1809 968 1882 meminerat,
990 1828 1097 1891 neque
1119 1806 1223 1870 solnm
1245 1826 1409 1881 nummos,
1431 1807 1536 1890 siqui
1559 1807 1611 1870 isti
1634 1804 1720 1870 exci-

369 1902 521 1975 derant,
543 1901 656 1965 tollere
678 1900 822 1975 solebat,
844 1922 885 1965 ex
906 1902 1023 1986 quihus
1044 1901 1212 1983 pecuniam
1234 1901 1403 1964 maximam
1423 1900 1515 1975 lecit,
1545 1898 1601 1963 sed
1623 1899 1719 1963 ctiam

392 1995 591 2079 voluptatum
613 1996 872 2079 flagitiorumque
894 1995 988 2059 istius
1008 1997 1077 2078 ipse
1099 1996 1252 2080 reliquias
1275 1995 1453 2078 colligebat
1490 1996 1601 2080 ltaque
1622 1995 1656 2056 in
1671 1994 1720 2056 Si-

392 2088 466 2152 cilia
485 2108 551 2152 non
572 2089 802 2165 Athenionem,
825 2090 881 2173 qui
902 2089 1025 2151 nullum
1044 2088 1197 2172 oppidum
1220 2090 1319 2173 cepit,
1342 2089 1399 2152 scd
1415 2088 1647 2153 Timarchidem
1668 2087 1759 2150 futu

392 2182 527 2265 gitivum
548 2183 696 2246 omnihus
718 2184 846 2267 oppidis
874 2203 934 2266 per
954 2184 1125 2246 triennium
1148 2183 1260 2246 scitote
1283 2201 1449 2264 regnasse:
1473 2183 1507 2244 in
1528 2178 1720 2245 Timarchidi

391 2282 549 2359 potestate
571 2278 730 2341 sociorum
752 2277 864 2361 populi
886 2279 1019 2341 Romani
1035 2277 1329 2362 antiquissimorum
1345 2283 1442 2360 atque
1456 2277 1719 2340 amicissimorum

391 2369 525 2444 liheros,
555 2379 670 2435 matres
692 2371 843 2446 iamilias,
871 2371 956 2434 hona
977 2372 1185 2455 fortunasque
1208 2391 1319 2434 omnes
1340 2370 1450 2435 luisse.
1492 2371 1523 2433 ls
1545 2370 1656 2454 igitur,
1684 2375 1721 2431 ut

393 2465 481 2540 dico,
511 2466 726 2529 Timarchides
756 2467 790 2528 in
819 2486 930 2530 omnes
959 2465 1102 2529 civitates
1130 2472 1258 2548 accepto
1287 2464 1392 2548 pretio
1421 2484 1568 2528 censores
1590 2463 1719 2527 dimisit.

395 2559 532 2624 Comitia
553 2562 615 2623 isto
637 2568 783 2643 praetore
806 2581 972 2624 censomm
993 2581 1034 2623 ue
1056 2560 1226 2623 simulandi
1249 2560 1379 2642 quidem
1400 2579 1494 2622 causa
1514 2558 1655 2622 hrerunt.
1729 2573 1758 2622 to

477 2654 541 2717 LV.
571 2647 644 2716 437.
672 2655 739 2717 lam
766 2654 828 2718 hoc
856 2654 1151 2738 impudentissime:
1184 2656 1290 2738 palam
1318 2652 1444 2736 (licebat
1464 2654 1549 2717 enim
1571 2652 1722 2716 uidelicet

393 2743 527 2830 legibus)
556 2747 691 2829 singulis
722 2749 906 2813 censoribus
928 2749 1049 2813 denarii
1070 2750 1204 2814 trecenti
1227 2750 1267 2812 ad
1289 2757 1422 2813 statuam
1444 2749 1600 2832 praetoris
1620 2749 1721 2830 impe·

392 2842 453 2906 rati
475 2847 561 2904 suut.
605 2842 760 2906 Censores
783 2860 869 2908 cxxx
890 2844 965 2906 lacti
986 2850 1079 2907 sunt:
1101 2844 1269 2926 pecuniam
1290 2843 1378 2906 illam
1398 2843 1439 2905 oh
1461 2860 1625 2906 censuram
1645 2859 1720 2902 con·

393 2945 442 3001 tra
462 2936 550 3018 leges
572 2936 652 2999 clam
675 2937 849 3014 dederunt3
869 2938 949 3001 haec
970 2939 1137 3002 denarium
1157 2957 1261 3000 xxxix
1281 2937 1370 3000 milia
1390 2938 1494 3019 palam
1517 2934 1612 2998 salvis
1641 2931 1720 3014 legi-

391 3034 452 3097 hus
488 3032 691 3096 contulerunt
723 3034 755 3096 in
790 3042 936 3098 statuam.
979 3034 1119 3097 Primum
1148 3052 1213 3114 quo
1240 3038 1358 3094 tanum
1380 3031 1546 3113 pecuniam
1555 3031 1577 3093 i.
1603 3026 1757 3093 deindett

393 3146 489 3211 quam
506 3127 547 3190 oh
559 3148 626 3191 rern
642 3148 790 3193 censores
805 3129 845 3191 ad
860 3136 995 3192 statuam
1009 3127 1067 3190 tihi
1084 3125 1310 3190 conferebantl
1332 3125 1418 3188 Ordo
1435 3124 1535 3208 aliqui
1550 3141 1719 3186 censorum

392 3221 466 3283 esti
499 3219 691 3303 colleginml
724 3242 824 3304 genus
855 3222 986 3306 aliquod
1015 3220 1203 3284 hominum?
1233 3222 1313 3282 Nam
1342 3226 1398 3282 aut
1424 3218 1549 3302 publice
1576 3216 1718 3279 civitates

392 3315 471 3377 istos
492 3313 632 3377 honores
653 3314 771 3379 hahent
791 3323 846 3379 aut
867 3317 1041 3398 generatim
1054 3314 1219 3388 homines,
1240 3321 1277 3376 nt
1290 3321 1446 3387 aratores,
1469 3319 1506 3374 nt
1520 3317 1719 3382 mercatores,

390 3415 428 3470 ut
441 3407 636 3470 navicularii.
659 3408 814 3473 Censores
829 3410 957 3492 quidem
974 3410 1029 3493 qui
1052 3408 1153 3489 magis
1169 3427 1264 3490 quam
1282 3407 1424 3470 aediles?
1447 3406 1495 3470 Oh
1510 3401 1717 3468 heneficium?

389 3501 474 3582 Ergo
502 3501 564 3563 hoc
591 3501 748 3577 fatebere,
778 3503 834 3566 ahs
862 3511 894 3567 te
922 3503 1002 3566 haec
1027 3502 1126 3585 petita
1152 3521 1238 3565 esse:
1268 3498 1351 3582 (nam
1373 3507 1479 3584 empta
1499 3519 1564 3564 non
1586 3496 1755 3562 audebisoo

391 3592 496 3656 dicere
506 3591 524 3674 ι)
548 3601 579 3658 te
601 3614 657 3658 eos
679 3598 879 3678 magistratus
901 3596 1084 3660 hominihus
1106 3591 1268 3668 beneficii,
1298 3613 1363 3656 non
1387 3594 1435 3656 rei
1458 3592 1603 3675 publicae
1624 3610 1719 3655 caum

390 3688 593 3768 permisisset
625 3690 786 3753 floccum
818 3698 886 3753 tute
906 3690 1041 3764 fateare,
1071 3689 1239 3772 quisquam
1265 3687 1440 3761 dubitabit,
1470 3687 1547 3770 quin
1569 3694 1603 3748 tu
1625 3685 1717 3747 istam

391 3780 474 3865 apud
496 3782 634 3866 populos
655 3785 837 3866 provinciae
858 3785 956 3847 totius
978 3782 1130 3846 inuidiam
1153 3789 1249 3866 atque
1264 3782 1474 3845 offensionem
1488 3799 1555 3843 non
1573 3778 1719 3842 amhitio·

445 4024 469 4074 2.
482 4024 549 4074 llocc
559 4037 619 4073 cero
629 4023 703 4072 laius
713 4029 768 4073 erat
779 4037 823 4073 ors
834 4023 925 4075 Lamh.
937 4024 1000 4076 4584
1010 4039 1015 4073 2
1033 4025 1095 4074 hoec
1105 4039 1129 4074 o.
1142 4024 1280 4073 cuimodi
1291 4036 1313 4073 c.
1326 4037 1352 4073 o.
1366 4022 1442 4086 4349,
1456 4021 1489 4073 al.
1502 4023 1529 4073 in
1540 4034 1625 4085 marg.
1639 4020 1717 4083 4684;

390 4100 452 4149 hoec
466 4114 491 4149 o.
510 4100 562 4149 dus
577 4113 598 4149 e.
616 4113 641 4149 o.
654 4099 742 4164 3433.
762 4101 828 4166 AB,
847 4102 919 4151 iuius
934 4113 993 4150 cero
1005 4113 1049 4150 ors
1060 4101 1129 4150 coni.
1142 4101 1237 4159 Neon„
1256 4100 1283 4150 in
1301 4099 1376 4150 culus
1387 4098 1480 4149 codice
1493 4100 1568 4159 [teste
1580 4100 1667 4148 Garat.
1675 4098 1718 4158 11..

391 4174 436 4238 qui
462 4187 493 4224 ex
516 4174 579 4224 edit.
599 4175 705 4239 Oporin.
724 4176 853 4239 integram
871 4175 970 4227 codicis
989 4177 1010 4224 N
1027 4177 1187 4239 scripturam
1204 4174 1299 4235 affert,
1323 4188 1338 4224 a
1356 4174 1466 4224 Graevio
1483 4172 1638 4232 mutilatam)
1656 4172 1682 4221 n.
1700 4169 1718 4222 l.

390 4249 430 4299 sic
447 4246 556 4312 legitur:
583 4250 650 4300 ilaec
670 4251 722 4301 aas
738 4265 784 4301 ors
800 4256 824 4301 ct
839 4265 873 4301 m.
891 4252 1056 4310 admirando,
1083 4251 1149 4313 quod
1171 4251 1372 4309 occorotiets'me,
1400 4249 1460 4310 quid
1475 4249 1564 4309 ociose
1580 4247 1718 4307 adduc,

390 4325 450 4388 quid
465 4326 554 4388 esicus
569 4339 631 4388 opus
646 4332 720 4387 esset,
738 4328 790 4378 iud.
808 4333 832 4378 et
848 4329 888 4377 od.
906 4327 1010 4385 celedon
1028 4327 1182 4377 Mmooodo
1198 4323 1281 4375 hebet
1296 4325 1376 4375 etism
1392 4324 1429 4383 44;
1448 4323 1634 4373 αωνωὶαἱωο
1650 4319 1719 4385 4343

389 4415 423 4462 φ.
438 4427 466 4436 -
483 4399 798 4463 l.qoidcoiq‚eccidisast
815 4401 966 4465 434944φε
985 4415 1039 4453 om.
1053 4405 1098 4452 ctt.
1116 4429 1144 4439 -
1163 4416 1226 4464 opta
1241 4398 1430 4464 eseetlgltcp:
1448 4404 1509 4449 esset
1523 4397 1675 4448 maneti.
1687 4395 1718 4446 0.
1758 4458 1766 4468 .

392 4503 420 4513 -
438 4476 463 4525 6.
481 4477 593 4526 emotum
608 4477 767 4527 mercurios
782 4476 879 4541 43496
888 4479 921 4528 44.
942 4476 983 4538 ici.
1003 4477 1121 4541 344941
1140 4490 1194 4527 om.
1213 4478 1260 4527 ctt.
1282 4503 1309 4513 -
1329 4475 1353 4524 6.
1363 4479 1444 4537 pore
1460 4486 1514 4524 om.
1533 4471 1669 4536 cgtesu.
1688 4496 1717 4507 -

388 4563 479 4601 mosoc
500 4564 553 4602 om.
572 4550 641 4614 Lglt
659 4553 778 4616 Zumpt.;
802 4565 882 4602 couro
903 4552 971 4615 agae
986 4552 1020 4610 B;
1046 4565 1137 4602 comos
1153 4557 1177 4601 et
1196 4552 1263 4601 coni.
1283 4549 1322 4602 iil.
1341 4578 1370 4589 -
1394 4551 1418 4601 ’4.
1437 4551 1527 4612 offerre
1543 4547 1574 4608 4,
1594 4548 1614 4598 4
1632 4544 1718 4611 (prob.

389 4627 476 4676 Garat.
496 4627 525 4676 44.
545 4624 604 4676 οοΙΙ.
623 4626 656 4676 sd
674 4626 784 4691 Philipp.
803 4627 846 4677 Vl.
865 4628 889 4676 4.
908 4626 941 4676 ad
959 4626 1043 4677 vatin.
1063 4638 1087 4676 c.
1107 4626 1147 4676 40.
1166 4624 1229 4688 ihiq.
1248 4622 1333 4675 Halm.
1347 4625 1441 4674 Donat.
1454 4622 1488 4672 ad
1503 4624 1562 4673 l'er.
1576 4622 1673 4684 llecyr.
1686 4619 1718 4672 il.

389 4701 414 4760 t,
432 4700 456 4751 3.
480 4700 515 4750 ad
532 4701 634 4752 Divers.
653 4702 706 4752 xv.
726 4702 750 4763 l,
768 4702 819 4765 6.);
845 4705 938 4766 offerre
955 4703 1000 4752 ctt.
1019 4701 1048 4751 0.
1068 4727 1096 4738 -·
1121 4701 1146 4751 9.
1164 4703 1275 4765 cosdore
1297 4698 1415 4763 aglae:
1443 4699 1550 4763 coenosi
1574 4699 1621 4749 ctt.
1639 4696 1668 4746 0.
1688 4722 1716 4733 -

389 4777 430 4826 49.
447 4788 525 4839 seque
541 4776 621 4827 sctum
631 4775 749 4840 4344φι
769 4789 848 4838 oeque
863 4790 914 4826 ooo
930 4776 1009 4826 mlum
1027 4776 1086 4834 ctt.;
1107 4789 1194 4838 osque.
1211 4777 1269 4826 Nos
1284 4775 1363 4825 soture
1374 4772 1452 4837 vulgo
1469 4775 1532 4838 post
1547 4773 1630 4834 Naug.
1643 4770 1672 4820 0.
1688 4796 1716 4807 -

390 4850 429 4900 46.
446 4849 500 4914 sug.
522 4850 548 4900 lo
565 4864 631 4903 omo.
649 4851 776 4903 llalrnius.
796 4879 824 4891 -
845 4852 994 4902 Timarchidi
1010 4853 1091 4902 Prisc.
1110 4852 1130 4901 l.
1148 4864 1175 4915 p.
1193 4851 1262 4901 969.;
1283 4850 1444 4900 Tiororciidir
1460 4847 1539 4900 codd.
1560 4874 1587 4884 -
1605 4847 1647 4897 94.
1665 4850 1720 4895 eto·

389 4929 461 4973 tuom
476 4925 563 4974 wem
579 4926 652 4977 addit
664 4926 731 4990 4349
744 4939 769 4990 p.
783 4939 820 4977 m.
832 4930 893 4990 post
904 4926 1119 4988 mpudentem
1134 4953 1162 4963 -
1180 4926 1222 4976 99.
1234 4926 1336 4989 isim
1350 4924 1427 4989 4343.
1439 4951 1466 4960 -
1485 4923 1526 4974 93.
1538 4935 1625 4985 pecus.
1638 4921 1719 4970 oliam

389 5012 404 5050 e
422 4998 500 5051 codd.
519 5003 591 5051 Parr.
605 5000 667 5052 lali.
682 5028 709 5038 -
729 5000 771 5052 ui.
783 5002 915 5051 murima
925 4998 1062 5062 436494τ
1082 5000 1189 5050 donorio
1206 5002 1252 5051 ott.
1268 5022 1295 5036 -
1314 4999 1355 5050 26.
1374 4999 1453 5061 occos·
1470 4997 1501 5049 i:
1520 4997 1612 5059 eliquit
1628 4997 1673 5046 cit.
1687 4996 1717 5046 0.

391 5101 418 5110 -
437 5076 478 5126 ti.
495 5081 531 5125 est
546 5075 695 5140 compium?
712 5074 789 5140 vulgo
806 5075 984 5139 distinguitur,
1002 5076 1032 5125 0.
1047 5101 1074 5111 —
1093 5075 1135 5125 28.
1153 5081 1198 5126 usit
1213 5077 1351 5140 gmerotm
1362 5076 1423 5139 436,
1440 5072 1519 5137 vulgo
1536 5074 1596 5136 post
1605 5071 1715 5122 victora

389 5155 436 5198 out
451 5150 472 5198 ai
487 5163 543 5213 geo.
562 5153 606 5201 cti.
628 5177 653 5186 -
675 5150 716 5201 30.
735 5159 819 5214 empto
835 5154 896 5214 433.
909 5151 1063 5202 omnesAB
1081 5148 1157 5214 prob.
1171 5152 1258 5201 Masso
1276 5162 1303 5215 p.
1317 5150 1390 5200 too:
1408 5149 1514 5211 eptoll;
1532 5149 1618 5207 erepto
1634 5146 1717 5208 daug.

390 5223 423 5275 ct.
437 5227 550 5276 Gronov.
563 5224 660 5276 Ohsvv.
680 5227 699 5276 l.
712 5239 736 5277 c.
750 5228 790 5277 49.
804 5251 833 5263 -
851 5227 893 5277 39.
911 5226 956 5276 hcc
971 5238 1029 5274 cum
1045 5230 1062 5274 t.
1078 5225 1176 5288 (sucre
1192 5225 1207 5277 4
1224 5225 1282 5288 laed
1296 5224 1409 5289 faedam
1423 5222 1492 5286 4349
1502 5218 1556 5282 l2l5
1573 5220 1618 5270 loc
1634 5225 1718 5276 ouon

389 5300 638 5364 sermono,
656 5301 701 5352 roc
717 5306 801 5355 aee
817 5299 1062 5367 mimicum
1078 5300 1109 5357 o.
1128 5326 1156 5338 -
1175 5296 1550 5360 calmosiacense.
