4367 6109
764 570 837 635 cn.
858 568 1124 635 xvn-xvm.
1151 565 1208 652 ss.
1230 563 1385 633 ee-si.
1693 562 1734 630 se

413 742 544 826 quicum
574 740 651 806 mibi
679 739 881 805 necessitudo
912 746 1019 815 vetus,
1051 739 1269 805 controversia
1301 740 1340 803 de
1361 759 1397 802 re
1419 738 1603 822 pecuniaria
1623 757 1735 801 recens

413 835 594 901 intercedit.
637 834 808 899 Postuione
837 855 857 898 a
881 841 1043 917 praetore,
1072 843 1109 899 ut
1136 837 1204 899 eius
1233 837 1319 900 bona
1339 834 1417 898 mihi
1439 833 1602 918 possidere
1623 832 1735 906 liceat,

412 950 472 1006 an,
500 951 574 993 cum
596 932 713 994 Itomae
735 929 848 992 domus
871 929 954 1003 eius,
981 950 1079 1005 uxor,
1108 931 1199 993 liberi
1223 931 1300 1005 sint,
1330 930 1460 993 domum
1481 927 1588 1012 potius
1615 927 1736 990 denun-

414 1026 510 1089 tiem?
545 1026 630 1102 Quid
652 1033 714 1099 est,
737 1024 824 1106 quod
846 1023 906 1087 bac
927 1023 1054 1087 tandem
1077 1024 1172 1088 dere
1194 1024 1285 1087 vobis
1306 1024 1409 1107 possit
1429 1024 1553 1087 viderit
1581 1021 1736 1096 Profecto,

414 1120 441 1183 si
464 1129 550 1184 recte
571 1127 709 1183 vestiam
729 1117 904 1181 bonitatem
926 1124 1021 1201 atque
1042 1117 1245 1201 prudentiam
1266 1119 1422 1200 cognovi,
1444 1139 1509 1183 non
1530 1118 1664 1180 multum
1685 1137 1736 1181 me
1758 1137 1774 1184 t

413 1213 512 1288 fallit,
534 1214 561 1277 si
576 1211 802 1286 consolamini,
819 1211 896 1295 quid
911 1211 981 1274 sitis
995 1213 1198 1296 responsuri:
1221 1212 1374 1295 primum,
1389 1220 1588 1296 exspectar03
1611 1213 1736 1287 deinde,

416 1308 443 1371 si
471 1309 594 1371 latitare
623 1327 659 1371 ac
688 1305 808 1369 diutius
837 1303 999 1368 ludificare
1021 1306 1182 1383 videatur,
1209 1308 1328 1371 amicos
1355 1309 1538 1385 convenire3
1568 1328 1736 1393 quaerere,

417 1403 490 1485 quis
511 1409 697 1485 procurator
719 1403 777 1476 sit;
807 1400 936 1463 domum
958 1400 1157 1466 denuntiare.
1200 1401 1269 1465 Dici
1292 1402 1347 1464 vix
1367 1409 1491 1485 potest,
1521 1424 1617 1486 quarn
1639 1402 1738 1466 multa

417 1497 496 1574 sint,
517 1517 600 1581 quae
621 1495 839 1579 respondeatis
861 1502 934 1558 ante
962 1492 1030 1558 fieri
1052 1504 1200 1578 oportere
1224 1515 1319 1579 quam
1341 1495 1484 1560 adhunc
1506 1498 1660 1560 rationem
1683 1517 1738 1560 ex·

418 1599 550 1655 tremam
572 1592 783 1656 necessariam
805 1591 964 1656 devenire.
1007 1589 1058 1652 55.
1088 1590 1175 1667 Quid
1196 1592 1236 1654 ad
1257 1591 1336 1655 baec
1358 1591 1520 1654 Naeviusi
1562 1591 1656 1654 Ridet
1677 1591 1738 1655 sci·
1747 1608 1775 1659 44

418 1685 492 1750 licet
512 1697 652 1753 nostram
674 1687 862 1760 amentiam,
885 1686 941 1770 qui
962 1686 996 1747 in
1017 1686 1082 1749 vita
1103 1705 1161 1748 sua
1182 1685 1339 1748 rationem
1361 1685 1476 1748 summi
1498 1683 1594 1749 officii
1614 1686 1739 1749 deside·

417 1801 522 1845 remus
535 1791 568 1846 et
582 1783 727 1846 instituta
750 1782 892 1845 virorum
912 1781 1069 1843 bonorum
1084 1779 1297 1863 requiramus.
1334 1778 1419 1854 Quid
1435 1779 1522 1855 mibi,
1538 1780 1651 1864 iuquit,
1667 1801 1739 1843 cum

418 1875 481 1940 ista
501 1876 711 1941 sanctimonia
733 1895 770 1938 ac
792 1875 981 1958 diligentia?
1024 1873 1186 1948 Viderint,
1215 1873 1334 1957 inquit,
1357 1873 1417 1936 ista
1438 1870 1543 1937 officia
1563 1873 1624 1938 viri
1645 1873 1739 1950 boni3

416 1971 456 2034 de
478 1979 655 2034 meantem
678 1971 722 2033 ita
744 1970 964 2044 considerent,
986 1990 1067 2043 non,
1090 1969 1169 2052 quid
1190 1968 1341 2043 habeam,
1363 1969 1419 2032 sed
1437 1969 1553 2053 quibus
1574 1969 1669 2033 rebus
1691 1969 1739 2032 in-

416 2064 575 2139 venerim;
598 2072 754 2148 quaerant
775 2073 806 2127 et
827 2064 1093 2148 quemadmodum
1116 2070 1209 2127 natus
1232 2071 1263 2127 et
1285 2085 1349 2148 quo
1377 2073 1471 2147 pacto
1495 2066 1646 2128 educatus
1669 2065 1777 2130 simtu

416 2159 564 2233 Memini3
586 2166 677 2222 vetus
699 2166 761 2233 est,
782 2158 817 2221 de
837 2176 946 2220 sourro
967 2158 1059 2221 multo
1077 2159 1201 2237 soeitius
1222 2158 1343 2221 divitem
1362 2178 1454 2241 quom
1469 2161 1741 2241 patremfamilias

414 2254 483 2334 fieri
497 2272 596 2334 porse.
639 2251 690 2315 56.
717 2254 803 2316 Haec
825 2253 897 2327 ille,
925 2251 953 2315 si
973 2242 1079 2315 veinis
1102 2272 1167 2315 non
1189 2252 1303 2325 audet,
1332 2272 1367 2316 re
1389 2252 1518 2337 quidem
1539 2274 1615 2318 vera
1635 2255 1741 2338 palam

417 2346 569 2432 loquitur.
604 2348 730 2413 Etenim
751 2348 778 2411 si
799 2347 868 2411 vult
881 2346 1022 2409 virorum
1044 2346 1203 2410 bonorum
1224 2346 1369 2411 instituto
1382 2347 1509 2423 vivere,
1530 2347 1631 2412 multa
1645 2369 1741 2432 opor·

418 2448 463 2505 tet
496 2441 596 2505 discat
629 2450 725 2527 atque
757 2442 915 2506 dediscat:
949 2461 1085 2526 quorum
1114 2440 1163 2505 ilii
1190 2441 1286 2506 aetati
1316 2448 1488 2529 utrumqne
1522 2438 1651 2508 difficile
1682 2451 1739 2506 est.

416 2535 530 2602 XVIII.
558 2538 630 2601 Non
652 2536 811 2612 dubitavi,
844 2536 967 2620 inquit,
999 2556 1072 2601 cum
1100 2535 1319 2601 vadimonium
1340 2538 1500 2603 desertum
1521 2546 1624 2615 esset,
1656 2540 1779 2603 bonaso

416 2631 625 2716 proscribere.
639 2665 682 2680 -
702 2631 866 2715 Immobe3
888 2651 1016 2705 verum,
1039 2631 1191 2715 quonism
1214 2636 1248 2694 tu
1268 2631 1302 2694 id
1323 2631 1381 2696 tibi
1402 2652 1533 2717 arrogas
1555 2639 1587 2697 et
1608 2633 1740 2697 concedi

416 2726 577 2810 postulas,
607 2728 828 2790 concedamus.
851 2724 959 2801 Quid?
981 2725 1008 2787 si
1029 2745 1204 2809 numquam
1218 2724 1370 2802 desernit,
1392 2727 1420 2792 si
1440 2726 1502 2792 ista
1522 2747 1619 2792 causa
1639 2729 1741 2792 abste

417 2827 484 2886 tota
503 2840 562 2905 por
583 2839 737 2886 mmmam
758 2819 903 2882 fraudem
926 2827 957 2882 et
978 2819 1131 2882 malitiam
1153 2817 1227 2884 ficta
1240 2828 1310 2897 est,
1331 2821 1359 2885 si
1378 2820 1596 2888 vadimonium
1610 2824 1741 2888 omnino

417 2914 475 2978 tibi
495 2933 569 2978 cum
589 2915 624 2978 P.
646 2912 796 2991 Quinctio
818 2914 942 2977 nullum
963 2913 1044 2977 fuit:
1073 2935 1138 2997 quo
1161 2922 1192 2977 te
1213 2915 1342 2981 nomine
1364 2915 1584 3001 appellemur
1620 2919 1742 3002 Impro-

416 3005 514 3071 bum?
544 3007 751 3073 Aestimat
774 3008 934 3072 desertum
957 3008 1174 3072 vadimonium
1195 3016 1296 3085 esset,
1325 3015 1433 3075 tamen
1461 3011 1496 3076 in
1517 3011 1578 3076 ista
1600 3013 1780 3096 postula-2⁵

418 3100 505 3165 tione
526 3107 560 3165 et
578 3101 812 3186 proscriptione
833 3103 991 3165 bonorum
1013 3102 1267 3185 improbissimus
1283 3104 1495 3187 reperiebare.
1525 3107 1741 3171 Malitiosumt

418 3194 489 3259 Non
507 3213 618 3278 negas.
660 3195 930 3260 Fraudulentum‘i
962 3195 1028 3259 lam
1049 3196 1082 3258 id
1106 3195 1236 3280 quidem
1258 3216 1387 3280 arrogas
1410 3198 1469 3262 tibi
1491 3206 1524 3264 et
1543 3202 1742 3283 praeclarum

417 3295 521 3372 putas.
562 3288 744 3354 Audacem?
773 3291 945 3374 cupidum?
977 3288 1206 3373 perfidiosum?
1247 3292 1397 3374 volgaria
1426 3301 1459 3356 et
1486 3294 1629 3359 obsoleta
1650 3303 1742 3370 sunt3

418 3402 471 3447 res
491 3391 598 3449 autem
617 3405 702 3449 nove
722 3393 820 3469 atque
843 3384 995 3448 inaudita.
1028 3381 1080 3447 57.
1104 3384 1190 3460 Quid
1212 3404 1288 3466 ergo
1311 3389 1382 3449 est?
1415 3387 1537 3452 Vereor
1551 3389 1742 3463 mehercule,

420 3496 461 3541 ne
481 3485 536 3543 ant
555 3479 755 3562 gravioribus
778 3486 848 3543 utar
869 3478 988 3554 verbis,
1012 3499 1108 3562 quam
1130 3487 1242 3543 natura
1261 3479 1339 3555 i‘ert,
1362 3489 1417 3545 aut
1431 3480 1622 3558 levioribus,
1646 3494 1781 3567 quamao

421 3592 515 3637 causa
540 3574 690 3656 postulat.
731 3573 787 3637 Ais
810 3593 879 3636 esse
901 3572 1116 3635 vadimonium
1139 3572 1309 3636 desertum.
1346 3575 1513 3651 Quaesivit
1532 3599 1553 3642 a
1573 3585 1604 3641 te
1626 3578 1742 3653 statim,

420 3674 457 3731 ut
476 3668 607 3731 Romam
628 3668 738 3743 rediit,
763 3666 947 3742 Quinctius,
970 3686 1033 3750 quo
1056 3665 1108 3729 die
1131 3666 1348 3731 vadimonium
1369 3668 1452 3732 istuc
1475 3668 1593 3734 iactum
1608 3692 1678 3735 esse
1692 3672 1742 3735 di·

420 3781 516 3826 ceres.
558 3761 762 3846 Respondisti
791 3761 911 3836 statim,
939 3761 1040 3825 Nonis
1069 3760 1259 3824 Februariis.
1302 3762 1477 3828 Discedens
1499 3764 1534 3828 in
1556 3766 1742 3830 memoriam

484 4006 509 4056 t.
531 4018 637 4068 omma
657 4004 818 4058 ituiininnus.
842 4003 900 4055 Vid.
920 4002 1015 4055 iorden
1035 4000 1192 4069 ndo'r.pro
1211 4004 1334 4071 Creop.
1354 4004 1410 4056 tio.
1431 4033 1459 4044 -
1483 4021 1567 4059 recens
1583 4010 1614 4060 de
1628 4024 1656 4062 rs
1668 4025 1744 4074 pecs-

419 4081 546 4132 otostok.
567 4109 594 4118 —
613 4082 637 4134 3.
656 4082 879 4149 eiusleieetd.
903 4079 941 4131 Ci.
961 4078 985 4143 S.
1004 4080 1044 4131 66.
1065 4107 1092 4116 -
1116 4079 1140 4132 i.
1158 4079 1295 4131 nobishoc
1319 4082 1557 4148 tandemderee,
1581 4087 1745 4139 tondendae

420 4155 611 4209 dorsuobirl.
631 4159 702 4208 -6,
720 4157 803 4220 stom]
821 4159 899 4206 ocA.
919 4182 947 4191 -
966 4155 990 4206 6.
1009 4157 1077 4220 quid]
1096 4157 1202 4219 ouodk.
1223 4183 1250 4192 -
1269 4157 1294 4208 6.
1313 4157 1401 4220 quie,
1425 4158 1557 4223 inquirit,
1575 4164 1745 4225 sequeus-st.

419 4244 478 4284 nus.
493 4260 521 4269 -
540 4235 638 4285 &maao
652 4234 679 4283 k.
694 4260 722 4270 -
742 4233 766 4283 9.
785 4236 924 4283 ectrouom
941 4244 972 4281 ac
988 4233 1154 4284 ommatium
1164 4232 1193 4290 L,
1210 4238 1350 4284 numam
1365 4246 1411 4284 sec
1426 4237 1593 4287 memnon
1609 4237 1674 4290 cod.
1687 4241 1745 4290 lan·

420 4308 505 4368 noct..
522 4313 588 4358 ectr.
606 4308 819 4370 commiscum
835 4306 925 4358 Palati.
944 4309 968 4358 6.
982 4308 1018 4370 7.,
1037 4313 1103 4358 ectr.
1121 4307 1288 4358 mon
1302 4308 1334 4358 st
1350 4306 1477 4362 Halmius.
1494 4337 1521 4347 —
1540 4312 1581 4362 46.
1593 4314 1665 4376 Quid
1681 4314 1743 4381 eet]

421 4383 460 4434 ct.
478 4382 571 4448 Aquila
588 4385 661 4434 iiom.
685 4396 712 4447 p.
732 4383 788 4433 489.
806 4380 853 4432 iul.
872 4381 957 4433 iiuiin.
975 4395 1002 4445 p.
1021 4382 1078 4433 226.
1097 4381 1216 4432 Frotscir.
1237 4410 1264 4419 -
1289 4383 1329 4433 tt.
1354 4385 1397 4446 qus
1494 4386 1665 4455 occideteum]
1689 4388 1743 4442 «at.

420 4471 477 4508 eum
576 4459 767 4509 mammam.»
785 4455 878 4520 mati.
899 4483 926 4493 -
945 4457 986 4507 42.
1002 4456 1117 4507 siromm
1133 4456 1515 4513 bonorumiiGbcdeiimn
1533 4465 1606 4514 etA:
1625 4464 1745 4515 bosom

421 4536 534 4585 oironsn
550 4547 611 4585 curn
628 4534 724 4585 ceteris
741 4532 878 4584 codicibus
895 4534 923 4582 et
938 4532 1074 4584 Rufiniano
1091 4532 1174 4586 Leo
1198 4532 1236 4584 ct.
1254 4546 1280 4582 v.
1300 4533 1340 4585 43,
1359 4534 1384 4599 g.
1402 4536 1444 4586 64.
1462 4536 1486 4601 g.
1505 4538 1546 4589 66.
1566 4539 1591 4604 g.
1604 4541 1645 4592 66.
1665 4541 1689 4605 5.
1702 4542 1743 4592 64.

423 4610 447 4676 g,
466 4610 507 4662 94,
528 4637 555 4647 -
575 4608 623 4661 «al.
640 4609 816 4671 requirimus.»
835 4620 888 4671 mg.
907 4606 933 4660 8.
954 4633 981 4643 -
1001 4608 1041 4659 43.
1059 4609 1110 4658 tato
1125 4607 1424 4671 BGabedighiln:
1444 4612 1493 4662 icto
1508 4627 1606 4666 murro
1622 4618 1699 4667 ekm
1717 4618 1745 4667 et

422 4685 536 4740 AIAEO.
556 4712 583 4722 —
602 4684 730 4748 dtttpeottu
746 4697 777 4733 oc
793 4682 958 4733 sooctunooio
975 4695 990 4734 e
1007 4685 1035 4733 et
1049 4684 1084 4745 Α,
1103 4683 1268 4733 eorwtimooio
1283 4689 1307 4734 et
1322 4685 1451 4749 6444966446
1461 4688 1487 4739 k.
1502 4716 1529 4728 -
1548 4691 1629 4755 inquit
1644 4705 1698 4744 om.
1714 4694 1743 4744 Ι..

423 4787 451 4799 -
470 4760 511 4813 tt.
529 4761 621 4827 auton]
642 4764 740 4811 tontum
756 4760 781 4810 k.
802 4786 830 4796 -
856 4758 902 4821 446]
927 4759 976 4808 isto
997 4759 1039 4821 gir
1061 4770 1123 4809 eum
1146 4758 1238 4810 codice
1262 4760 1322 4811 Car.
1340 4760 1473 4826 stephani.
1494 4789 1522 4800 -
1545 4766 1584 4817 46,
1604 4773 1744 4829 went:

422 4836 671 4899 mummi..
692 4861 719 4870 -
741 4828 1746 4903 oqo10qo0i.-sau0uosm,menerns,esueasusm,me

420 4912 504 4962 serm
519 4911 580 4964 cod.
598 4911 690 4965 Ursini.
705 4937 733 4946 —
753 4910 793 4961 46,
810 4914 880 4960 odas
895 4913 931 4961 ert
945 4909 976 4959 de
988 4921 1094 4959 seuero·
1110 4909 1188 4960 maim
1205 4922 1266 4960 eum
1278 4910 1392 4961 Manutio
1404 4911 1434 4961 0.
1449 4937 1475 4950 -
1497 4913 1536 4964 46.
1555 4916 1576 4966 st
1590 4917 1652 4981 orat]
1665 4919 1745 4970 atmo-

420 4985 457 5036 tot
473 5000 497 5037 e.
513 5013 541 5024 -
560 4985 680 5038 bonorum
695 4988 812 5038 soom
827 4984 878 5051 dg.
906 4985 944 5038 ct.
961 4984 1039 5049 §.se
1060 5009 1088 5021 -
1114 4985 1153 5035 49.
1172 4983 1255 5050 mque]
1277 4997 1309 5034 uc
1328 4984 1493 5050 Bcdbim,
1512 4994 1536 5040 et
1551 4990 1576 5041 i.
1596 5018 1624 5028 -
1642 4993 1683 5044 24.
1701 5007 1745 5046 oe-

420 5063 487 5128 rum]
503 5067 590 5113 utnon
606 5060 724 5114 aethii
741 5064 809 5114 etd.
823 5087 853 5101 -
870 5061 914 5112 tibi
930 5066 959 5111 to
973 5061 1035 5112 tdk.
1050 5088 1078 5098 -
1096 5061 1219 5125 2646646
1235 5060 1478 5115 abceibiimn.
1493 5066 1743 5122 4666644664.

423 5162 451 5173 -
468 5136 510 5189 26.
528 5135 700 5188 Malitiosam?
714 5137 772 5189 Nos
786 5135 872 5203 sopor]
888 5136 946 5187 Nos
961 5136 1113 5188 malitiosam
1127 5150 1205 5203 nepos
1221 5135 1575 5204 ItGabedetghilmn,
1592 5156 1654 5194 sun
1668 5145 1746 5196 mott-

421 5209 528 5263 tiossm?
543 5213 647 5277 mpori
657 5214 685 5263 et
695 5210 750 5267 Ae
767 5211 927 5265 Emendavit
937 5210 1089 5263 Lambinus.
1104 5239 1132 5250 -
1149 5213 1190 5264 ss.
1209 5212 1293 5278 atqie]
1309 5218 1333 5263 et
1346 5212 1364 5263 k
1378 5215 1405 5264 et
1421 5214 1471 5264 AL
1481 5211 1507 5266 t.
1521 5241 1549 5249 -
1568 5214 1608 5266 ³0.
1627 5223 1673 5269 out
1689 5233 1742 5272 om.

421 5287 448 5341 k.
461 5314 489 5328 -
507 5287 549 5341 32.
565 5287 632 5341 istud
647 5287 722 5353 ask.
742 5313 771 5326 -·
788 5285 830 5342 43.
846 5286 993 5342 temonis
1008 5287 1046 5339 ti:
1062 5285 1196 5342 ronam
1210 5288 1236 5342 i.
1261 5287 1349 5343 Ceteri
1365 5287 1554 5355 compendium
1570 5291 1704 5349 exhibent
