4367 6109
457 560 521 628 bid
849 560 1000 628 onlrro
1021 561 1100 629 PRO
1122 563 1380 630 telonario

520 729 572 796 t7.
592 731 722 795 Initium
750 729 835 815 quod
862 730 935 795 huic
957 753 1027 796 cum
1049 740 1148 797 matre
1169 732 1263 798 fircrit
1284 734 1466 809 simultatis,
1494 733 1636 799 audistis.
1679 732 1788 797 Perti·

455 828 563 893 unisse
582 826 645 890 hoc
665 823 708 890 ad
728 844 855 904 causam
876 832 960 900 tum,
983 847 1055 890 cum
1075 826 1199 911 reliqua
1220 829 1446 911 cognoveritis,
1467 828 1662 911 intelligetis.
1702 830 1786 892 Nam

455 923 534 989 illud
555 942 606 986 me
626 938 693 984 uon
713 919 877 1002 praeterit,
908 921 1132 1003 cuiuscumque
1153 921 1239 984 modi
1266 923 1308 985 sit
1328 929 1445 995 mater,
1478 928 1583 984 tamen
1605 923 1638 984 in
1660 921 1786 986 iudicio

455 1017 514 1081 lilii
535 1017 576 1080 de
596 1012 788 1098 turpitudine
810 1015 949 1097 parentis
971 1013 1035 1077 diei
1056 1014 1111 1077 vix
1133 1023 1291 1097 oportere.
1320 1016 1390 1077 Non
1413 1035 1515 1078 essem
1536 1015 1691 1079 adullam
1707 1036 1788 1079 cau·

431 1121 522 1177 asam
542 1109 693 1183 idoneus,
720 1106 857 1182 iudices,
887 1110 914 1171 si
935 1109 1011 1182 hoc,
1042 1108 1129 1192 quod
1153 1109 1188 1170 in
1209 1109 1427 1172 communibus
1446 1109 1610 1174 bominum
1631 1111 1787 1175 sensibus

454 1213 549 1289 atque
569 1206 602 1266 in
623 1203 693 1287 ipsa
710 1209 823 1265 natura
843 1202 980 1285 positum
1001 1209 1096 1286 atque
1118 1202 1250 1266 infixum
1274 1210 1341 1276 est,
1368 1202 1403 1264 id
1424 1223 1503 1286 ego,
1534 1204 1590 1286 qui
1612 1203 1653 1267 ad
1674 1203 1787 1268 bomi-

453 1318 529 1365 num
549 1296 691 1381 pericula
711 1294 909 1359 defendenda
922 1294 1126 1378 adiungerer,
1147 1316 1212 1359 non
1228 1297 1377 1359 viderem.
1410 1298 1516 1361 Facile
1532 1298 1692 1381 intelligo,
1714 1317 1786 1360 non

452 1391 547 1456 modo
567 1391 701 1456 reticere
721 1389 865 1453 homines
887 1397 1052 1471 parentum
1073 1390 1223 1463 iniurias,
1244 1388 1302 1453 sed
1323 1391 1418 1454 etiam
1439 1391 1546 1455 animo
1571 1411 1675 1475 aequo
1696 1390 1785 1455 ferre

452 1492 606 1571 oportere.
639 1484 703 1548 Sed
724 1503 782 1566 ego
804 1503 856 1558 ea,
879 1503 960 1567 quae
981 1481 1056 1546 ferri
1071 1491 1220 1566 possunt,
1241 1481 1391 1557 ferenda,
1413 1504 1495 1568 qnae
1510 1487 1622 1559 taceri,
1644 1485 1784 1549 tacenda

415 1591 522 1643 adesse
551 1579 694 1643 arbitror.
738 1572 790 1638 l8.
818 1576 904 1640 Nihil
930 1578 966 1639 in
993 1578 1058 1640 vita
1080 1578 1160 1640 vidit
1181 1577 1365 1642 calamitatis
1386 1580 1426 1640 A.
1449 1578 1627 1653 Cluentius,
1654 1579 1782 1642 nullum

451 1673 628 1757 periculum
661 1671 772 1734 mortis
801 1671 893 1744 adiit,
924 1670 1004 1732 nihil
1033 1669 1107 1733 mali
1135 1671 1255 1745 timuit,
1287 1671 1373 1756 quod
1403 1692 1468 1735 non
1500 1680 1601 1735 totum
1628 1693 1649 1736 a
1676 1680 1781 1736 matre

452 1773 537 1830 esset
563 1765 730 1830 conbanem
753 1771 790 1827 et
822 1762 1005 1846 proiectum.
1050 1763 1140 1839 Quae
1162 1764 1222 1827 hoc
1243 1773 1385 1849 tempore
1411 1766 1519 1829 sileret
1546 1767 1652 1830 omnia
1680 1775 1781 1849 atque

451 1879 507 1936 ea,
534 1859 562 1923 si
590 1858 748 1922 oblivione
774 1876 840 1919 non
864 1864 987 1940 posset,
1014 1865 1120 1921 umen
1141 1859 1351 1922 taciturnitate
1375 1880 1432 1923 sua
1453 1866 1537 1923 tecta
1560 1879 1631 1922 esse
1652 1865 1781 1942 patero-

450 1963 517 2019 tur:
550 1954 607 2017 sed
636 1971 711 2016 vero
739 1950 786 2014 sic
813 1950 933 2033 agibrr,
959 1959 996 2015 ut
1016 1972 1146 2035 prorsus
1167 1952 1293 2016 reticeri
1315 1953 1403 2017 nullo
1430 1952 1524 2017 modo
1546 1952 1657 2033 possit.
1704 1953 1779 2016 Hoc

414 2050 536 2113 atenim
555 2048 659 2131 ipsum
680 2043 840 2119 iudicium,
859 2044 921 2108 hoc
942 2045 1128 2127 periculum,
1149 2046 1203 2109 illa
1223 2049 1325 2110 omnis
1351 2047 1476 2110 testium
1498 2047 1607 2131 eopia,
1629 2067 1714 2130 quae
1727 2046 1779 2111 fu·

450 2149 521 2207 tura
549 2147 614 2217 est,
642 2160 662 2204 a
689 2145 787 2203 matre
815 2139 906 2202 initio
931 2147 979 2202 est
1007 2138 1175 2214 adornata,
1202 2148 1341 2204 amatre
1362 2140 1423 2203 boc
1444 2149 1587 2224 tempore
1608 2142 1779 2206 instmitur

450 2243 547 2320 atque
574 2234 720 2299 omnibus
750 2234 819 2296 eius
849 2232 963 2315 opibus
991 2241 1024 2296 et
1052 2235 1149 2317 eopiis
1172 2243 1378 2316 eomparatur.
1421 2235 1493 2319 Ipsa
1515 2233 1653 2318 denique
1674 2255 1779 2318 nuper

450 2331 564 2396 Larino
590 2328 686 2393 buius
715 2325 915 2411 opprimendi
941 2347 1035 2392 causa
1062 2329 1194 2391 Romam
1221 2326 1399 2392 advolavit:
1429 2339 1554 2411 praesto
1583 2336 1632 2393 est
1661 2330 1779 2393 mulier

449 2424 570 2500 audax,
592 2423 782 2507 pecuniosa,
806 2420 962 2496 crudelis3
990 2422 1126 2486 instituit
1147 2428 1364 2495 accusatores,
1394 2424 1518 2486 instruit
1539 2429 1651 2497 testes,
1678 2444 1778 2506 squa-

412 2518 516 2583 ttlore
534 2518 631 2582 buius
652 2524 685 2580 et
705 2515 850 2580 sordibus
871 2515 1020 2591 laetatura,
1048 2516 1181 2579 exitium
1202 2523 1346 2599 exoptat,
1374 2518 1560 2599 sanguinem
1586 2537 1679 2580 suum
1701 2537 1778 2598 pro-

448 2612 581 2677 fundere
602 2631 730 2675 omnem
751 2610 853 2693 cupit,
876 2608 1045 2673 dummodo
1067 2609 1232 2694 profusum
1251 2609 1346 2672 huius
1367 2617 1441 2672 ante
1455 2609 1569 2673 rideat.
1602 2610 1689 2674 Haec
1712 2610 1777 2673 nisi

450 2706 554 2771 omnia
579 2704 804 2789 perspexeritis
833 2705 867 2767 in
895 2723 1007 2779 eausa,
1035 2712 1154 2767 temere
1181 2703 1312 2767 anobis
1335 2702 1421 2766 illam
1441 2703 1594 2787 appellari
1615 2711 1777 2787 putatote:

449 2802 499 2864 sin
519 2805 611 2864 erunt
631 2805 663 2862 et
682 2805 790 2883 aperta
810 2806 844 2861 et
864 2796 1000 2873 nefaria,
1031 2797 1176 2861 Cluentio
1200 2796 1363 2879 ignoscere
1385 2795 1557 2872 debebitis,
1587 2795 1673 2880 quod
1694 2795 1778 2861 baec

449 2913 470 2959 a
489 2914 540 2958 me
563 2893 624 2958 dici
645 2893 797 2976 patiatur:
819 2890 895 2954 milri
916 2891 1080 2974 ignoscere
1102 2909 1167 2952 non
1188 2890 1361 2964 deberetis,
1383 2892 1410 2953 si
1431 2899 1575 2954 tacerem.

412 3003 442 3051 aa
533 2981 871 3051 Vultaconum
892 2984 1071 3048 summatim
1093 3003 1265 3066 exponam,
1298 2984 1414 3067 quibus
1442 2984 1626 3048 criminibus
1653 2985 1777 3069 Oppia·

448 3083 541 3147 nicus
562 3081 728 3145 damnatus
750 3080 806 3154 sit,
827 3085 863 3142 ut
877 3085 910 3141 et
924 3077 1128 3141 constantiam
1142 3077 1179 3140 l.
1196 3078 1332 3141 Cluentii
1347 3085 1380 3140 et
1394 3078 1550 3142 rationem
1564 3081 1777 3144 accusationis

449 3175 628 3262 perspicere
648 3173 787 3260 possitis.
828 3172 874 3236 Ac
894 3172 1030 3256 primum
1051 3192 1146 3236 causa
1173 3172 1342 3235 accusandi
1364 3192 1447 3254 quae
1468 3171 1576 3246 luerit,
1598 3173 1777 3247 ostendam,

449 3279 487 3336 ut
514 3271 547 3334 id
579 3271 683 3356 ipsum
711 3267 750 3330 Α.
775 3265 953 3331 Cluentium
983 3267 1015 3328 vi
1042 3285 1079 3329 ae
1108 3267 1294 3328 necessitate
1321 3274 1464 3328 coactum
1491 3264 1603 3329 iecisse
1630 3267 1777 3331 videatis.

448 3362 501 3429 24).
525 3366 603 3431 Cum
624 3360 789 3428 manifmto
809 3380 967 3427 venenum
988 3359 1264 3442 deprehendisset,
1286 3360 1372 3443 quod
1392 3361 1440 3423 vir
1453 3360 1562 3423 matris
1577 3360 1777 3443 Oppianicus

355 3458 357 3463 ’
412 3461 481 3530 soei
508 3459 696 3544 paravisset,
726 3463 758 3520 et
784 3476 835 3520 res
863 3475 929 3544 non
950 3453 1148 3529 coniectura,
1176 3452 1233 3517 sed
1254 3453 1354 3517 oculis
1376 3473 1414 3516 ac
1435 3454 1578 3517 manibus
1600 3461 1776 3530 teneretur,

449 3573 555 3638 neque
576 3553 610 3617 in
631 3569 728 3616 eausa
747 3550 813 3614 ulla
834 3549 987 3614 dubitatio
1009 3556 1119 3631 posset
1133 3568 1222 3621 esse,
1245 3548 1401 3611 accusavit
1416 3547 1633 3630 Oppianicum.
1667 3549 1776 3624 Quam

451 3653 630 3713 constanter
651 3650 683 3710 et
704 3663 798 3730 quarn
820 3643 999 3726 diligenter,
1029 3650 1140 3725 postea
1161 3642 1280 3705 dicam:
1310 3662 1394 3704 nune
1415 3641 1475 3704 lroc
1496 3641 1576 3704 scire
1597 3662 1654 3705 vos
1674 3643 1777 3718 volui,

450 3742 570 3806 nullam
598 3740 672 3804 huie
699 3739 792 3803 aliam
821 3736 990 3802 accusandi
1020 3756 1145 3801 causam
1171 3734 1286 3809 luisse,
1318 3735 1380 3797 nisi
1400 3737 1447 3798 uti
1468 3737 1668 3818 propositum
1688 3737 1776 3800 ritae

334 3841 336 3844 ’
451 3836 626 3919 periculum
647 3840 680 3897 et
702 3831 901 3917 quotidianas
923 3831 1035 3914 capitis
1056 3829 1186 3894 insidias
1208 3831 1268 3893 bac
1289 3848 1352 3892 una
1372 3829 1494 3891 ratione
1509 3829 1630 3891 ritaret.
1664 3829 1775 3913 Atque

413 3937 487 3998 aaut
507 3927 706 4011 intelligatis,
728 3927 766 3990 iis
787 3931 968 3990 accusatum
990 3944 1059 3987 esse
1081 3922 1262 3987 criminibus
1285 3921 1512 4005 Oppianicum,
1533 3928 1569 3984 ut
1593 3941 1699 4006 neque
1719 3942 1776 3986 ac·

451 4027 574 4090 cusator
604 4022 714 4086 timem
746 4038 851 4103 neque
877 4038 950 4083 reus
979 4036 1106 4101 sperare
1131 4015 1290 4092 debuerit,
1322 4034 1424 4100 pauca
1444 4014 1533 4080 vobis
1555 4014 1640 4080 illius
1660 4015 1776 4080 iudicii

516 4302 541 4352 4.
559 4299 761 4352 aodbbttslb.
780 4323 808 4334 -
825 4297 851 4346 2.
868 4296 1022 4347 tuus'l'L:
1046 4292 1265 4347 tuocFllAlO.
1284 4320 1312 4331 -
1331 4294 1355 4345 3.
1374 4294 1707 4357 adommpuemodisl':
1730 4307 1776 4346 cs·

449 4376 652 4439 immotamque
672 4371 849 4425 inlito.
869 4398 896 4409 —
919 4373 951 4422 rit
970 4377 1051 4422 meter
1067 4371 1126 4422 s‘t':
1150 4377 1231 4422 meter
1246 4371 1278 4437 ἰν
1293 4367 1434 4422 444420.
1455 4397 1483 4407 -
1507 4371 1532 4420 6.
1549 4370 1577 4419 ts
1593 4371 1655 4422 ante
1670 4382 1697 4422 v.
1715 4369 1776 4433 ipra

451 4465 505 4506 om.
522 4453 577 4504 ST.
597 4478 624 4489 -
643 4449 687 4513 qai
703 4447 852 4499 sarus:
874 4460 950 4510 prtum
967 4444 1049 4498 Lao.
1069 4472 1097 4484 -
1120 4448 1246 4497 bomiarsrn
1262 4448 1321 4497 ST:
1345 4446 1458 4496 acinano
1474 4446 1539 4504 rin
1564 4443 1773 4499 micinno.

451 4526 490 4579 cr.
509 4526 586 4579 ere.
605 4525 683 4591 §.aa
701 4523 779 4574 esi.
798 4520 822 4585 a.
836 4522 893 4573 rsa.
915 4548 942 4557 -
962 4523 986 4573 e.
1004 4522 1157 4585 usuum
1171 4522 1230 4572 sr:
1249 4520 1391 4583 spumae
1408 4518 1551 4572 alnao.
1570 4518 1610 4570 cr.
1628 4519 1725 4584 §.aaa
1742 4544 1772 4557 -

450 4602 601 4668 &boam
616 4600 675 4651 Sl:
694 4597 823 4649 edition
838 4593 984 4658 albim
1003 4598 1149 4661 eddam
1164 4593 1291 4647 Halmius.
1312 4622 1339 4632 -
1358 4595 1382 4645 8.
1400 4595 1485 4644 coloro
1500 4594 1577 4644 utun
1592 4593 1612 4644 T
1628 4606 1671 4658 pr.
1684 4606 1723 4645 m.
1742 4620 1770 4630 —

450 4676 475 4727 9.
487 4689 532 4742 epo
548 4674 685 4739 omlpr.
697 4686 735 4725 m.
749 4698 777 4710 -
796 4673 836 4723 42.
851 4669 1148 4736 profectuosl'lllll:
1163 4671 1300 4734 perfeetum
1316 4670 1400 4720 Flo.
1415 4695 1442 4705 -
1462 4667 1503 4720 44.
1520 4669 1563 4718 aed
1576 4681 1636 4718 cero
1653 4669 1771 4720 STFA:

450 4750 492 4801 sed
507 4763 538 4802 en
552 4761 612 4801 cero
628 4745 745 4800 litto.
770 4746 808 4797 Ct.
826 4747 902 4797 Verr.
920 4750 1015 4798 Acone.
1027 4747 1058 4796 V.
1077 4746 1102 4809 s.
1117 4745 1156 4798 44.
1176 4773 1204 4782 -
1222 4746 1308 4809 opiter
1323 4745 1413 4794 SFA:
1431 4745 1485 4808 epit
1501 4742 1647 4798 TllLssO.
1667 4769 1695 4779 -
1712 4744 1775 4794 rett-

450 4826 502 4877 cert
518 4816 579 4876 ST:
596 4824 700 4876 reticere
709 4820 883 4875 limo.-
903 4823 943 4874 tlt.
955 4823 1001 4873 tlte
1010 4821 1155 4886 Madvigius
1165 4819 1293 4885 (append.
1305 4818 1374 4883 disp.
1388 4819 1421 4869 de
1433 4819 1546 4870 Asconio
1557 4832 1584 4883 p.
1596 4817 1629 4869 49
1641 4819 1707 4882 sq.):
1724 4818 1774 4868 illo

451 4901 578 4954 matio
593 4897 715 4959 alam
736 4899 797 4950 baec
814 4899 939 4949 ecuustto
955 4899 983 4948 l..
1003 4924 1030 4934 -
1058 4899 1099 4949 48.
1116 4898 1189 4948 bidos
1204 4895 1358 4958 opprtoaeadt
1374 4894 1634 4944 cauro--boms'sem
1650 4905 1681 4942 uc
1695 4892 1774 4942 minu

451 4973 549 5042 (psa.)
567 4973 649 5026 nanu
664 4975 735 5026 n·-
754 4973 794 5023 rs.
811 4973 913 5022 menae
928 4977 1083 5023 aemesam
1099 4970 1180 5026 ria.
1196 4997 1223 5008 -
1239 4971 1279 5021 aa.
1294 4971 1511 5032 praelocutor.
1526 4995 1553 5005 -
1572 4967 1665 5020 uzu·
1680 4967 1768 5022 rsr:

450 5046 977 5102 aecumenicae-cebsaim:
995 5044 1218 5105 debetultbtot
1235 5044 1665 5109 domn—tmperar-
1682 5043 1772 5094 abac

451 5125 573 5176 caru:
591 5121 811 5178 erario·
829 5120 1073 5187 3⁰.cc]etsT.-
1090 5118 1770 5180 rdmoemaesl.-32.oolutoosST.-33.tasto]

451 5197 816 5264 btaeT.-oa]ot8T.-
834 5197 875 5250 34.
893 5198 1110 5250 edomare·
1128 5192 1708 5251 ao.toeomr.usnuoono:soalt.
1727 5192 1768 5246 ct.

453 5272 479 5338 ἓ.
491 5271 533 5328 la.
548 5299 576 5313 -
594 5272 636 5329 bd.
653 5274 749 5331 tiam
763 5274 817 5329 ΒΤ.
830 5297 858 5314 ··
875 5270 992 5338 mum]
1005 5272 1117 5338 potuerit
1130 5271 1184 5324 Sl'.
1231 5302 1233 5305 -
