4367 6109
438 604 500 670 694
826 607 867 667 ΙΝ
890 606 925 667 L.
949 602 1171 668 CATILINAM
1193 599 1313 667 LIBER
1334 601 1389 663 llI.

441 777 584 851 iudiciis,
615 772 866 839 confessionibus
896 773 981 845 suis,
1008 771 1127 835 iudicia
1159 776 1288 835 senatus
1317 790 1382 833 non
1413 771 1507 834 moda
1537 770 1705 855 praetoris
1738 773 1804 847 ius,

443 893 550 936 vemm
581 871 675 934 etiam
704 867 782 931 civis
804 866 966 939 amiserat,
1001 874 1106 929 tamen
1136 866 1319 948 magistratu
1348 884 1383 927 se
1412 864 1588 928 abdicavit:
1620 872 1674 940 ut,
1711 882 1800 951 quae

442 962 554 1046 religio
578 963 611 1026 C.
634 961 751 1035 biario,
781 960 953 1023 clarissimo
982 962 1067 1033 viro,
1097 979 1162 1023 non
1184 958 1305 1032 iuerat,
1334 958 1525 1042 quominus
1548 958 1582 1021 C.
1608 960 1798 1034 Glauciam,

444 1060 483 1122 de
513 1076 577 1141 qua
605 1054 686 1119 nihil
714 1053 901 1118 nominatim
932 1061 999 1117 erat
1027 1052 1204 1126 decretum,
1238 1059 1417 1135 praetorem
1447 1047 1629 1127 occideret,
1658 1071 1703 1116 ea
1733 1073 1796 1118 nos

420 1150 596 1233 5reiigione
618 1148 651 1210 in
673 1147 796 1231 privata
818 1149 851 1209 P.
874 1147 1009 1211 Lentulo
1033 1146 1196 1229 punienda
1219 1147 1435 1209 liberaremur.

528 1238 595 1304 Vii.
625 1237 676 1304 40.
702 1244 793 1304 Nunc
814 1239 982 1325 quoniam,
1005 1240 1159 1317 Quirites,
1182 1238 1481 1304 consceleratissimi
1504 1239 1793 1323 periculosissimi·

445 1354 508 1421 que
530 1335 607 1400 belli
628 1332 768 1400 nefarios
792 1335 888 1398 duces
911 1341 1019 1417 captos
1041 1334 1104 1397 iam
1127 1343 1159 1397 et
1180 1333 1427 1416 comprehensos
1444 1335 1573 1409 tenetis,
1596 1335 1792 1401 existimare

444 1430 584 1504 debetis,
614 1447 725 1492 omnes
754 1426 908 1491 Catilinae
937 1427 1060 1510 copias,
1088 1446 1200 1493 omnes
1229 1446 1302 1511 spes
1332 1434 1427 1512 atque
1456 1446 1535 1510 apes
1562 1425 1616 1493 his
1639 1430 1791 1513 depulsis

444 1524 531 1590 urbis
552 1521 701 1608 periculis
724 1521 909 1585 concidisse.
954 1522 1056 1596 Quem
1089 1521 1218 1604 quidem
1245 1538 1305 1603 ego
1334 1539 1404 1583 cum
1434 1542 1475 1585 ex
1505 1523 1583 1585 urbe
1613 1523 1790 1607 pellebam,

408 1622 504 1685 i⁰hoc
527 1615 728 1702 providebam
750 1615 870 1688 animo,
893 1614 1052 1689 Quirites,
1075 1623 1195 1678 remota
1219 1612 1353 1677 Catilina
1374 1634 1440 1678 non
1463 1616 1539 1679 mibi
1563 1633 1635 1680 esse
1651 1617 1687 1680 P.
1705 1617 1790 1682 Len

445 1713 505 1777 tuli
529 1731 673 1775 somnum
695 1727 753 1771 nee
776 1709 811 1769 L.
836 1708 934 1771 Cassii
956 1708 1066 1791 adipes
1089 1728 1149 1770 nee
1172 1709 1205 1771 C.
1230 1706 1359 1790 Cethegi
1388 1708 1542 1773 furiosam
1570 1711 1788 1776 temeritatem

445 1802 737 1890 pertimescendam.
787 1800 844 1864 lile
874 1809 942 1864 erat
970 1822 1053 1864 unus
1083 1802 1243 1866 timendus
1273 1802 1404 1865 existis
1433 1804 1598 1879 omnibus,
1631 1805 1691 1867 sed
1722 1814 1788 1869 tam

445 1899 515 1971 diu,
549 1896 625 1960 dum
648 1895 735 1959 urbis
757 1895 924 1958 moenibus
955 1894 1182 1957 continebatur.
1227 1894 1343 1958 Omnia
1364 1903 1471 1971 norat,
1502 1898 1646 1959 omnium
1677 1898 1787 1962 aditus

446 1988 591 2064 tenebat3
619 1989 798 2073 appellare,
828 1997 965 2062 tentare,
988 1987 1160 2051 sollicitare
1183 1996 1321 2071 poterat,
1351 1989 1504 2066 audebat3
1534 1998 1601 2053 erat
1624 1991 1653 2053 ei
1677 1993 1787 2055 consi-

408 2086 521 2147 titium
543 2084 583 2148 ad
604 2081 726 2146 facinus
748 2089 874 2166 aptum,
898 2081 1032 2145 consilio
1047 2088 1153 2144 autem
1169 2102 1274 2165 neque
1290 2103 1401 2145 manus
1418 2103 1521 2167 neque
1536 2084 1649 2166 lingua
1662 2084 1786 2149 deerat.

445 2180 511 2239 lam
534 2179 575 2240 ad
602 2185 703 2240 certas
732 2197 782 2240 res
814 2174 1026 2239 conficiendas
1057 2184 1160 2237 certos
1192 2176 1337 2239 homines
1365 2176 1502 2240 delectos
1535 2197 1571 2240 ao
1601 2177 1786 2261 descriptas

446 2267 592 2332 habebat.
634 2272 745 2354 Neque
768 2290 863 2344 vero,
887 2289 957 2332 cum
979 2268 1102 2352 aliquid
1126 2269 1304 2344 mandarat,
1327 2269 1505 2333 coniectum
1530 2272 1677 2354 putabat:
1703 2272 1785 2334 nihil

446 2370 530 2439 erat,
553 2362 640 2447 quod
662 2382 726 2427 non
748 2365 816 2448 ipse
840 2365 943 2427 obiret
964 2371 1159 2436 occurreret,
1181 2363 1327 2445 vigilaret
1348 2362 1522 2426 laboraret:
1544 2361 1661 2448 frigus,
1684 2366 1786 2444 sitim,

446 2456 560 2520 samem
580 2457 663 2520 ierne
684 2465 818 2541 poterat.
851 2453 901 2519 t7.
924 2457 1017 2520 Hunc
1039 2476 1098 2539 ego
1120 2457 1282 2520 bominem
1305 2466 1368 2519 tam
1390 2474 1504 2530 acrem,
1527 2465 1590 2520 tam
1614 2462 1786 2536 audacem,

409 2556 509 2615 totam
531 2559 691 2636 paratum,
725 2560 787 2615 tam
811 2552 977 2624 callidum,
1006 2551 1125 2613 tamin
1148 2550 1267 2613 sceiere
1289 2551 1489 2633 vigilantem,
1512 2558 1576 2613 tam
1598 2552 1633 2614 in
1648 2555 1786 2636 perditis

446 2648 541 2710 rebus
571 2645 770 2728 diligentem,
800 2646 862 2709 nisi
892 2665 932 2708 ex
963 2645 1145 2708 domesticis
1176 2643 1299 2706 insidiis
1329 2645 1361 2706 in
1391 2653 1550 2708 castrense
1577 2645 1785 2711 latrocinium

447 2733 690 2821 compulissem,
720 2736 823 2802 dicam
844 2738 894 2812 id,
916 2738 1003 2822 quod
1026 2739 1147 2813 sentio,
1171 2737 1328 2814 Quirites,
1352 2756 1416 2800 non
1437 2736 1531 2801 facile
1554 2738 1637 2802 banc
1661 2748 1785 2804 tautam

447 2833 563 2895 molem
585 2833 659 2896 mali
681 2853 701 2895 a
723 2834 896 2897 cervicibus
918 2835 1031 2896 vestris
1054 2833 1256 2915 depulissem.
1299 2834 1370 2894 Non
1399 2832 1453 2894 ilie
1481 2833 1575 2895 nobis
1601 2832 1786 2897 Saturnalia

447 2926 661 2990 constituisset
681 2946 785 3009 neque
807 2934 895 2989 tanta
918 2934 991 2990 ante
1014 2927 1105 2989 exitii
1128 2947 1164 2989 ac
1185 2926 1242 2988 fati
1266 2925 1350 2989 diem
1372 2926 1418 2989 rei
1441 2926 1585 3009 publicae
1609 2925 1785 2992 denuntia·

511 3195 536 3244 4.
555 3194 744 3257 massariooibus
760 3193 865 3244 abeis
883 3196 928 3257 43.
947 3194 993 3246 id:
1012 3201 1036 3246 el
1051 3195 1242 3258 mosessionibus
1257 3196 1345 3245 4440.
1365 3221 1391 3231 ·-
1405 3209 1456 3245 aaa
1471 3196 1551 3246 solum
1567 3196 1612 3258 43.
1631 3198 1674 3247 60.
1693 3198 1738 3248 et.
1753 3225 1781 3235 -

444 3272 469 3320 2.
488 3269 762 3333 sedetiamiietLg.
781 3271 805 3319 4.
833 3296 858 3304 -
883 3270 1037 3320 ammenta.
1064 3296 1090 3305 -
1116 3275 1233 3319 tamma
1253 3270 1290 3329 Vl
1318 3274 1457 3333 matumg.
1483 3296 1510 3304 —
1533 3272 1783 3335 mapislratuabse

445 3345 537 3395 dmaait
551 3346 570 3393 t.
592 3371 618 3380 -
638 3344 661 3393 3.
680 3344 744 3393 clar.
761 3343 826 3408 oirn]
846 3358 876 3394 .c.
895 3358 919 3393 o.
944 3344 1000 3407 (sle)
1023 3342 1095 3403 bis,
1121 3346 1177 3393 viro
1193 3358 1247 3395 om.
1267 3348 1285 3395 t.
1305 3372 1333 3380 -
1360 3346 1386 3395 C.
1406 3359 1461 3395 om.
1480 3345 1681 3411 abcipqsz,
1705 3348 1721 3397 0
1739 3348 1781 3398 elii

445 3423 522 3483 4433.
543 3418 648 3480 (excidit
665 3421 695 3470 G.
714 3421 775 3469 autc
794 3420 892 3479 Glauci
905 3446 931 3454 —
944 3418 967 3469 4.
987 3424 1042 3468 erat
1058 3420 1151 3468 omnio.
1170 3422 1215 3469 lu.
1227 3446 1253 3454 -
1266 3423 1290 3470 6.
1309 3420 1441 3469 liberemur
1457 3422 1476 3469 t.
1489 3448 1514 3455 —
1529 3423 1552 3472 6.
1573 3424 1645 3482 (teir.
1658 3424 1782 3485 moutam

445 3498 471 3545 B.
495 3523 521 3530 -
547 3494 782 3543 consceleratissimi
800 3493 889 3543 abes
912 3495 956 3556 Lg.
976 3496 1016 3543 at.
1035 3496 1076 3543 60.
1096 3495 1141 3543 57;
1169 3508 1225 3544 cami
1247 3496 1358 3545 scelerae.
1381 3497 1426 3558 Lg.
1445 3498 1485 3545 40.
1504 3496 1550 3554 43;
1577 3503 1600 3548 el
1617 3499 1675 3547 scel.
1694 3509 1713 3562 p
1738 3503 1780 3559 (er

444 3570 596 3619 ‹toniusione
613 3566 740 3630 siglorum
759 3581 807 3631 pro
824 3581 871 3617 coa
889 3569 916 3617 et
932 3568 979 3631 el);
1005 3569 1186 3618 sceleratissimi
1202 3571 1289 3619 libo.
1310 3596 1336 3606 -
1355 3571 1379 3618 7.
1398 3572 1472 3620 duces
1487 3573 1598 3635 nefarios
1614 3573 1645 3622 C.
1667 3598 1695 3608 —
1714 3586 1781 3622 cosm

441 3657 544 3707 prensos
560 3642 576 3691 k
594 3646 621 3692 et
638 3645 682 3706 Lg.
701 3644 741 3693 at.
755 3669 782 3677 -
794 3642 818 3692 8.
837 3645 923 3705 capias
940 3645 993 3694 Cat.
1014 3658 1027 3692 z
1045 3647 1072 3693 et
1089 3646 1133 3702 43.
1153 3644 1193 3693 46.
1213 3645 1253 3693 65.
1267 3671 1294 3679 -
1305 3657 1435 3706 omnesque
1451 3659 1505 3707 spes
1521 3660 1552 3695 w.
1564 3673 1591 3681 -
1602 3658 1658 3707 spes
1674 3660 1780 3708 operase

444 3722 471 3769 L.
493 3747 520 3755 -
538 3719 562 3767 0.
577 3718 700 3779 pellebant
716 3717 845 3768 abcisa
869 3719 913 3780 43.
933 3717 973 3769 46.
993 3720 1033 3768 60.
1053 3720 1097 3768 65:
1122 3720 1269 3781 sepeliebam
1288 3720 1316 3768 ll.
1339 3745 1366 3754 -
1386 3722 1425 3768 40.
1443 3735 1494 3769 mou
1510 3722 1571 3770 miili
1587 3720 1709 3771 codices:
1735 3734 1780 3771 aee

442 3794 503 3843 miti
514 3795 532 3842 L
542 3795 571 3842 0.
584 3821 611 3829 -
623 3795 683 3857 post
693 3793 719 3842 P.
729 3793 828 3842 Lentuli
839 3792 940 3843 addunt
952 3793 968 3843 d
979 3797 1002 3843 t:
1021 3795 1100 3855 quise
1112 3796 1170 3856 (qao
1183 3795 1200 3855 t)
1213 3794 1307 3843 dicebat
1318 3785 1494 3855 imperatorem
1505 3809 1555 3846 essa
1566 3797 1602 3859 (se
1617 3807 1670 3847 essa
1680 3799 1699 3857 t)
1711 3811 1779 3847 aeno

442 3869 484 3917 illo
501 3881 557 3917 cam
573 3869 677 3917 interita
692 3868 762 3917 urbis
776 3870 899 3931 suturam.
915 3896 942 3905 -
958 3869 997 3918 44.
1016 3883 1129 3919 somnum
1146 3869 1192 3919 Bb
1211 3871 1254 3931 (m.
1269 3870 1319 3933 pr.)
1338 3868 1360 3930 l,
1380 3871 1423 3932 Lg.
1442 3872 1466 3919 4.
1485 3872 1509 3920 0.
1528 3870 1569 3920 46.
1588 3871 1634 3920 65:
1653 3873 1779 3921 scoceium

443 3944 473 3993 44.
500 3943 555 3992 lam
573 3942 659 3992 schot.
679 3945 758 3993 Gron.
778 3945 915 4008 utriusque
932 3943 1052 3995 iectionis
1071 3946 1233 3995 mentionem
1253 3945 1321 3994 iecit.
1342 3973 1368 3980 —
1388 3959 1433 3994 nac
1450 3959 1502 3995 om.
1522 3944 1622 4009 qux.
1643 3973 1671 3982 -
1691 3949 1732 4010 4.]
1750 3950 1775 3999 C.

443 4015 483 4065 vei
502 4018 531 4066 G.
550 4016 682 4080 bcipsz
701 4018 745 4080 43.
760 4019 806 4076 65;
824 4020 852 4068 4.
867 4032 920 4068 our.
934 4032 957 4068 a.
971 4021 1095 4081 -adtpcs
1112 4018 1365 4081 Cdiimqrtux,
1384 4018 1555 4082 eattibsgg,
1569 4020 1671 4070 schol:
1691 4024 1777 4085 adipes

443 4102 496 4140 oni.
515 4090 628 4141 abcsz
645 4093 689 4154 43.
710 4093 750 4142 44.
770 4095 810 4143 aa.
830 4095 871 4143 64.
891 4095 936 4152 65ς
955 4095 1054 4156 adipem
1070 4096 1157 4144 4440.
1178 4121 1204 4129 -
1225 4094 1250 4145 C.
1270 4108 1323 4145 om.
1343 4109 1364 4153 r,
1384 4096 1464 4157 437.
1478 4094 1520 4146 ab.
1537 4121 1562 4132 -
1585 4097 1628 4145 te.
1648 4098 1691 4147 illc
1708 4100 1779 4150 Cati·

441 4165 494 4214 lina
511 4171 566 4214 erat
582 4179 603 4214 r.
629 4191 655 4200 —
679 4174 815 4218 suaserat
831 4168 862 4227 b,
889 4170 954 4218 eaba
970 4175 1026 4219 erat
1042 4182 1069 4228 s;
1097 4175 1153 4219 erat
1169 4170 1234 4219 solus
1251 4168 1409 4233 Vdiqux;
1436 4170 1502 4219 solus
1517 4176 1573 4220 erat
1589 4184 1625 4220 m.
1649 4200 1679 4209 —
1693 4176 1776 4236 perta·-

442 4242 653 4289 mesceadasw.-
679 4243 1403 4307 0444664444,641444433.ε444ἰεε;404440.-
1424 4246 1775 4299 ⁴3.oreismomibmbsb

442 4316 511 4374 aiz,
528 4316 545 4364 d
561 4312 603 4363 ulii
621 4317 715 4381 Lagg.:
733 4320 860 4369 mamitus
875 4319 944 4369 urbis
960 4320 1045 4370 RLO.
1066 4347 1093 4356 -
1113 4324 1216 4369 araverat
1231 4332 1274 4377 m‘3
1292 4320 1359 4369 eoba
1374 4325 1449 4369 uorat
1465 4322 1484 4369 B
1503 4323 1530 4370 et
1547 4321 1592 4382 bg.
1611 4321 1635 4370 7.
1651 4346 1680 4355 ·-
1698 4325 1775 4373 audi*

442 4395 481 4438 lus
497 4404 519 4439 r.
541 4416 567 4425 -
587 4387 627 4439 44.
644 4398 744 4453 poterat
760 4400 783 4443 ot
799 4395 906 4445 audebat
922 4393 1009 4445 Sebol.
1040 4421 1066 4429 ω
1091 4395 1183 4444 elom.
1202 4392 1235 4452 b;
1259 4399 1283 4443 et
1300 4407 1326 4452 s3
1354 4396 1420 4444 euim
1436 4392 1453 4443 i.
1478 4420 1505 4428 —
1531 4396 1570 4444 46.
1593 4410 1620 4444 a.
1638 4409 1732 4447 manus
1748 4414 1773 4447 o.

442 4462 530 4528 linqua
546 4465 651 4526 Bacz,
671 4468 715 4530 43.
735 4468 758 4517 6.
778 4470 801 4518 6.
820 4470 861 4519 40.
881 4469 922 4520 to.
935 4469 975 4519 63.
990 4470 1034 4519 65:
1053 4482 1132 4531 aeque
1146 4469 1235 4533 liopaa
1251 4481 1305 4519 om.
1324 4483 1353 4528 s;
1371 4485 1397 4519 o.
1416 4470 1505 4533 liopsa
1521 4485 1546 4519 a.
1564 4483 1657 4520 manus
1673 4472 1774 4532 schol..

442 4541 527 4590 RLO.
541 4540 620 4590 -46,
638 4541 691 4590 iam
706 4552 766 4590 vem
783 4543 817 4591 ad
834 4557 874 4606 qz
892 4546 937 4607 43.
950 4542 991 4593 to.
1006 4543 1046 4593 65.
1060 4549 1181 4593 -certas
1197 4543 1465 4606 abcdglrmstw,
1484 4542 1659 4608 6414444333
1680 4553 1776 4599 emeras

442 4617 470 4665 ll.
492 4642 519 4652 ·-
539 4616 708 4679 conficiendas
723 4613 774 4665 bs.
793 4642 821 4651 -
841 4617 881 4667 47.
899 4618 967 4681 uero]
984 4619 1050 4667 mim
1066 4632 1089 4666 z.
1105 4645 1131 4654 -
1145 4620 1284 4668 orandarat
1301 4618 1446 4679 abcisg:
1465 4620 1597 4668 mandaret
1612 4621 1648 4680 B;
1667 4626 1776 4674 mauda-

441 4690 614 4741 veratRLO.
635 4719 662 4727 -
683 4692 819 4753 consectum
838 4704 940 4752 essem
967 4694 1084 4754 infectam
1101 4706 1178 4756 aqz,
1196 4696 1241 4756 43.
1260 4693 1301 4743 65.
1327 4719 1354 4729 -
1380 4693 1420 4743 48.
1444 4692 1485 4741 ilie
1502 4707 1516 4741 z
1533 4695 1561 4742 et
1583 4695 1629 4756 43.
1647 4693 1690 4745 46.
1712 4696 1776 4759 (ipso

442 4766 586 4815 Arusianus
602 4779 628 4830 p.
641 4765 708 4828 440.)
723 4791 750 4800 -
769 4772 928 4816 occurreret:
944 4768 1051 4830 olpilare
1066 4768 1196 4829 laborare,
1213 4768 1296 4831 scipsas
1306 4768 1352 4818 Tb.
1367 4768 1566 4818 Mommsenius.
1577 4794 1606 4805 -
1623 4771 1708 4835 [ripas
1719 4787 1772 4824 om.

443 4841 502 4887 cet
518 4840 562 4902 43.
583 4840 607 4888 3.
627 4840 651 4889 6.
673 4866 700 4876 -
718 4840 811 4902 [amera
827 4841 893 4889 sitim
910 4842 939 4891 C.
960 4867 987 4877 -
1008 4843 1048 4891 te.
1066 4856 1127 4905 erpo
1144 4844 1197 4892 du.
1218 4870 1245 4877 -
1264 4848 1317 4892 tam
1334 4845 1417 4891 auimo
1434 4856 1519 4892 sercin
1536 4844 1587 4893 bk.
1609 4872 1637 4882 -
1656 4853 1675 4896 4.
1694 4850 1774 4898 auda

442 4926 494 4962 cem
515 4918 533 4962 t.
553 4918 676 4975 paratam
696 4914 868 4974 Babcisz,
891 4917 936 4978 bg.
955 4918 995 4966 20.
1020 4917 1060 4967 40.
1084 4919 1124 4967 60.
1149 4919 1189 4968 57.
1213 4919 1256 4967 65:
1283 4924 1337 4968 taos
1363 4918 1450 4981 liupila
1471 4924 1594 4981 paratam
1619 4925 1672 4971 tam
1694 4936 1775 4972 mersu

442 4988 563 5036 audacem
584 4987 639 5045 bls;
666 4993 719 5039 tem
737 4994 861 5051 paratam
883 4991 917 5038 ad
937 4992 1036 5053 facinus
1057 4998 1110 5041 tam
1131 4994 1190 5042 aad.
1209 4993 1240 5051 d;
1266 4999 1284 5043 t.
1305 4999 1427 5055 paralum
1449 4999 1467 5043 t.
1486 4997 1608 5045 andnemu
1630 4998 1717 5048 4440.
1742 5024 1769 5033 -

442 5061 482 5110 44.
506 5062 587 5110 dlcam
602 5087 617 5098 -
630 5088 645 5098 -
661 5064 805 5126 6636440464
821 5076 874 5113 om.
894 5078 919 5126 3.
940 5093 966 5100 -
989 5067 1015 5115 id
1030 5080 1084 5116 om.
1105 5070 1136 5128 ll,
1160 5070 1204 5131 43.
1223 5070 1264 5119 57.
1286 5096 1312 5104 —
1342 5070 1383 5118 ⁶23.
1402 5083 1420 5118 a
1434 5072 1522 5119 vestris
1537 5071 1673 5121 comiciam
1688 5071 1769 5133 bcs;

443 5150 460 5183 a
476 5148 541 5185 cem.
559 5137 650 5186 sostris
660 5138 686 5186 d.
702 5165 729 5173 -
749 5138 902 5201 depalsemus
918 5141 936 5187 t.
951 5166 977 5173 —
996 5141 1064 5189 vobis
1081 5156 1094 5191 r
1106 5144 1132 5191 4.
1147 5170 1174 5177 -
1193 5142 1234 5193 44.
1252 5157 1330 5206 aeque
1346 5150 1416 5193 tamo
1428 5147 1635 5196 --commisisset
1650 5159 1705 5197 om.
1719 5147 1769 5197 bs.

445 5234 472 5245 -
486 5215 556 5258 lanto
571 5210 801 5277 Cediqruwz,
820 5214 1025 5277 4396434144
1044 5219 1109 5267 tamti
1125 5220 1182 5283 pil.
1199 5221 1310 5269 —aoitii
1326 5233 1380 5269 om.
1394 5223 1438 5283 43.
1453 5221 1498 5280 66;
1516 5222 1599 5271 actim
1615 5236 1645 5287 p;
1662 5222 1771 5273 &imm

443 5297 457 5333 z
474 5285 502 5334 et
517 5284 533 5335 4
549 5282 591 5335 aiii
607 5287 685 5350 4433.
707 5313 734 5325 -
752 5290 941 5341 deomliaoisset
957 5291 1130 5355 ecdqrtu,
1148 5293 1164 5344 8
1181 5290 1224 5343 alii
1241 5295 1332 5360 begga
1352 5296 1519 5349 immolasset
1534 5295 1617 5347 4440.
