4367 6109
695 494 704 517 ⁰
783 550 851 615 sn.
873 550 927 615 rn
958 551 1031 616 on.
1053 551 1179 615 nxvn
1207 548 1265 634 ss.
1286 546 1485 616 los-457.
1739 548 1797 617 act

480 738 553 782 enm
576 717 609 782 in
632 719 850 784 dominatione
875 719 992 796 tuisse,
1022 722 1077 807 qui
1106 725 1138 787 in
1161 720 1236 805 luga
1258 731 1322 785 tam
1344 721 1508 806 improbus
1530 722 1592 786 siti
1623 722 1668 785 ait
1697 722 1804 787 omnia

478 813 614 895 pecunia
636 810 718 877 effici
741 835 853 899 posse;
885 814 976 889 dare,
998 814 1191 898 profundere
1214 825 1376 901 oportere,
1404 816 1431 880 si
1452 815 1532 880 velis
1553 817 1689 883 vincere.
1731 817 1803 885 Non

477 906 540 972 hoc
559 907 637 970 mihi
660 917 724 972 tam
745 909 913 972 molestum
935 918 984 973 est
1005 910 1147 991 Apronio
1170 909 1305 974 suadere
1329 908 1576 986 Timarchidem,
1598 932 1694 997 quum
1716 907 1803 1003 quod

477 1001 538 1064 hoc
563 1000 648 1065 idem
671 1012 805 1084 patrono
839 1023 897 1066 suo
926 1004 1088 1086 praecipit.
1133 999 1204 1067 teo.
1234 1006 1279 1069 Te
1309 1022 1509 1069 rosrvnnnrn
1538 1025 1641 1071 ouuns
1668 1024 1803 1071 vntum

478 1113 607 1161 sonsrtr.
644 1097 742 1158 Verre
765 1096 894 1179 quidem
917 1105 1074 1178 praetore,
1097 1117 1162 1160 non
1180 1098 1359 1174 Sacerdote,
1382 1120 1447 1161 non
1461 1099 1635 1177 Peducaeo,
1657 1121 1723 1164 non
1743 1096 1828 1183 hori

477 1190 548 1273 ipso
576 1190 716 1256 Metello.
754 1192 824 1255 Sors
845 1193 1026 1255 Mnrsnnvrs
1049 1211 1227 1257 sunrsnrnu
1249 1214 1334 1257 nssu.
1371 1194 1440 1257 Hoc
1460 1216 1535 1259 vero
1558 1196 1633 1261 terri
1655 1195 1718 1260 iam
1739 1213 1805 1275 non

477 1291 592 1367 potest,
614 1284 738 1348 irrideri
759 1285 819 1349 viri
842 1286 965 1368 optimi,
987 1288 1022 1348 L.
1044 1287 1182 1360 Metelli,
1207 1287 1370 1370 ingenium
1393 1295 1425 1351 et
1446 1291 1606 1353 contemni
1628 1310 1663 1354 ac
1685 1287 1804 1371 despici

477 1397 496 1440 a
513 1376 648 1461 fugitivo
664 1377 874 1442 Timarchide.
911 1380 946 1442 Sr
960 1380 1129 1445 anrnrvu
1144 1400 1289 1455 nassms,
1305 1397 1408 1445 curun
1423 1402 1614 1448 nvnrnvunvs
1629 1400 1805 1463 correctns.

476 1470 536 1536 Hic
558 1470 762 1535 vehementer
783 1480 868 1535 errat
888 1473 1119 1547 Timarchides,
1151 1474 1207 1558 qui
1229 1482 1284 1537 aut
1305 1473 1467 1538 Vulteium
1489 1478 1649 1561 corrumpi
1672 1475 1807 1562 pecunie

477 1573 569 1649 putet
589 1585 684 1649 posse
706 1572 761 1628 aut
782 1565 947 1628 bletellum
977 1567 1073 1629 unius
1102 1566 1255 1630 arbitratu
1283 1587 1394 1653 gerere
1416 1575 1612 1651 praeturam,
1641 1571 1697 1634 sed
1724 1576 1807 1643 errat
1816 1579 1843 1624 ⁴⁰

478 1661 650 1725 domestica
672 1659 869 1723 coniectura:
892 1659 968 1743 quia
990 1662 1108 1724 multos
1124 1668 1157 1724 et
1169 1680 1227 1743 per
1241 1681 1275 1724 se
1290 1669 1323 1725 et
1335 1682 1393 1747 per
1406 1661 1487 1725 alios
1501 1663 1600 1727 multa
1612 1662 1807 1751 ludibupdos

479 1748 675 1837 [libidinose]
698 1752 783 1837 apud
799 1754 929 1817 Verrem
952 1754 1092 1818 ellecisse
1115 1754 1211 1827 videt,
1234 1752 1273 1818 ad
1297 1775 1407 1819 omnes
1429 1754 1559 1820 eosdem
1580 1765 1688 1842 patere
1702 1752 1808 1831 aditus

478 1847 655 1911 arbitratur.
699 1847 838 1927 Facilius
860 1869 917 1912 vos
939 1844 1125 1913 efficiebatis
1150 1846 1336 1924 ludibundi,
1369 1869 1452 1932 quae
1482 1849 1636 1931 volebatis
1658 1869 1677 1914 a
1697 1852 1806 1931 Verre,

477 1940 565 2024 quod
587 1940 686 2004 multa
707 1941 777 2004 eius
803 1941 952 2005 ludorum
975 1962 1090 2026 genera
1113 1940 1242 2004 noratis.
1285 1942 1488 2006 lncvncnrvu
1508 1963 1566 2007 nsr
1587 1944 1744 2021 hinrnspo
1765 1963 1806 2007 nr

476 2036 620 2101 anrnro
648 2056 688 2099 rs
717 2057 878 2100 Antrones
906 2056 1087 2100 nvnnrrssn.
1131 2034 1212 2110 Quis
1238 2034 1321 2098 istuc
1342 2037 1484 2119 Apronio
1505 2034 1712 2112 attribuebat,
1733 2046 1844 2107 cumll

476 2136 631 2192 aratorem
652 2129 793 2214 aliquem
823 2132 996 2194 everterat?
1026 2138 1081 2194 aut
1108 2127 1318 2204 Timarchidi,
1348 2150 1419 2193 cum
1449 2131 1491 2193 ob
1517 2129 1723 2197 iudicandum
1750 2136 1807 2213 aut

476 2223 711 2287 decernendum
733 2231 789 2286 aut
809 2222 1029 2306 imperandum
1059 2222 1181 2308 aliquid
1203 2231 1258 2286 aut
1281 2222 1507 2288 remittendum
1526 2223 1695 2310 pecuniam
1716 2241 1806 2287 acce·

475 2319 586 2399 peratl
616 2325 670 2382 aut
692 2316 803 2381 Sextio
827 2317 948 2394 lictori,
971 2338 1044 2381 cum
1065 2316 1208 2401 aliquem
1230 2316 1434 2381 innocentem
1457 2319 1561 2382 securi
1582 2320 1805 2403 percusserat?

473 2411 591 2474 Nemo:
628 2431 739 2475 omnes
774 2411 804 2474 ei
838 2418 913 2474 tunc
942 2410 1172 2484 attribuebant,
1205 2430 1300 2493 quem
1332 2431 1416 2474 nunc
1448 2409 1653 2476 condemnari
1684 2409 1804 2474 volunt.

475 2500 547 2568 457.
576 2505 789 2571 Onrvnsavur
825 2524 897 2569 nius
935 2525 1035 2569 avens
1070 2522 1112 2567 sn
1141 2522 1256 2569 socrvu
1283 2521 1458 2569 rnnsronrs
1489 2524 1603 2569 rvrssn.
1654 2504 1842 2595 Videsnesto

473 2597 536 2665 hoc
565 2621 659 2686 quam
686 2599 806 2664 clarum
838 2599 879 2662 sit
906 2606 938 2663 et
965 2599 1077 2675 suerit,
1106 2619 1177 2662 cum
1207 2598 1300 2660 etiam
1330 2597 1545 2662 Timarchides
1573 2599 1635 2665 hoc
1663 2600 1804 2664 metuatl

477 2694 665 2759 concedisne
686 2714 752 2757 non
773 2691 835 2757 hoc
856 2692 974 2756 crimen
997 2713 1056 2757 nos
1085 2691 1120 2755 in
1149 2699 1180 2755 te
1208 2691 1406 2774 confingere,
1438 2690 1493 2754 sed
1520 2692 1584 2755 iam
1612 2693 1736 2778 pridem
1763 2691 1804 2756 ud

476 2788 595 2853 crimen
617 2789 758 2873 aliquam
783 2786 999 2850 defensionem
1029 2786 1177 2849 libertum
1200 2788 1374 2870 quaereret
1417 2786 1564 2850 Libertus
1592 2795 1625 2851 et
1651 2806 1805 2851 accensus

476 2890 550 2949 tuns
577 2892 609 2948 et
635 2883 693 2946 tibi
715 2902 752 2946 ac
774 2880 883 2944 liberis
906 2881 970 2944 tuis
994 2881 1142 2944 omnibus
1171 2882 1205 2943 in
1232 2881 1327 2944 rebus
1358 2881 1545 2944 coniunctus
1574 2900 1611 2945 ac
1639 2880 1804 2966 proximus

474 2975 513 3040 ad
535 2978 712 3071 Apronium
735 2975 861 3051 scribit,
883 2975 979 3058 vulgo
1002 2995 1072 3038 esse
1095 2974 1134 3037 ab
1157 2976 1304 3040 omnibus
1326 2974 1371 3039 ita
1393 2977 1642 3039 demonstratum
1662 2970 1842 3048 Metellum

475 3070 533 3133 tibi
553 3070 731 3155 Apronium
752 3069 786 3132 in
808 3069 949 3133 decumis
972 3070 1096 3133 socium
1117 3069 1229 3133 tuisse.
1264 3069 1328 3133 Fac
1356 3088 1445 3133 seras
1467 3086 1707 3133 nunnonrrsrsu
1728 3087 1805 3131 m·

475 3181 594 3231 rursu.
634 3165 703 3228 lnsr
727 3184 895 3240 svnsnvur,
917 3185 944 3227 sr
967 3184 1000 3226 nr
1021 3183 1154 3227 vonrnr.
1188 3162 1282 3239 Quod
1304 3163 1397 3238 istuc,
1418 3182 1477 3247 per
1494 3160 1573 3225 deos
1594 3158 1803 3224 immortalesl

475 3359 609 3412 «Verbum
625 3360 678 3412 hoc
694 3358 836 3411 tricliniere
854 3358 976 3423 (sinierre
993 3371 1105 3410 mensus
1123 3360 1151 3408 et
1167 3357 1286 3408 convivis
1297 3355 1432 3409 edendum
1444 3354 1525 3407 dare»
1537 3354 1656 3421 Torcell.)
1674 3357 1804 3423 inprimis

474 3436 599 3487 convenit
616 3436 642 3486 et
659 3434 763 3499 ingenio
780 3437 809 3486 et
823 3432 883 3486 stilo
894 3433 1078 3484 Timarchidis.
1107 3432 1174 3484 cum
1192 3444 1287 3496 pamm
1305 3428 1489 3494 intelligerent,
1507 3433 1643 3481 mutarunt
1659 3433 1685 3483 in
1701 3446 1803 3497 oppone.

474 3511 642 3575 Quamqusm
666 3508 810 3575 prsevtdeo
831 3508 971 3560 detonsum
992 3509 1023 3558 tri
1048 3521 1064 3559 e
1085 3507 1111 3572 s.
1127 3507 1185 3557 si.»
1211 3506 1257 3556 Os.
1284 3504 1376 3569 [babet
1392 3505 1415 3555 V
1430 3504 1534 3570 mone]
1562 3531 1589 3543 -
1615 3508 1703 3570 inpsd.
1721 3508 1753 3558 V.
1772 3534 1801 3545 -

474 3587 499 3636 t.
515 3600 574 3638 erm
590 3599 643 3639 om.
662 3585 740 3649 ists.
761 3612 788 3623 -
807 3585 986 3636 dominatores
1001 3585 1032 3633 V.
1048 3608 1076 3617 -
1090 3583 1115 3633 2.
1134 3585 1248 3643 oportere
1263 3595 1287 3641 φ
1304 3577 1376 3630 eit:
1395 3584 1521 3642 oporteret
1536 3581 1574 3641 V;
1592 3588 1689 3644 oportet
1703 3583 1801 3643 uelum

474 3674 599 3725 opponere
615 3661 680 3713 dett
695 3687 723 3696 -
742 3659 767 3712 4.
785 3661 830 3711 boc
846 3661 919 3722 idem]
936 3660 981 3710 icoc
997 3659 1024 3709 id
1041 3655 1125 3721 tgt23
1143 3657 1188 3707 boc
1205 3656 1303 3718 quiden
1319 3655 1462 3719 uerene.
1477 3683 1504 3692 -
1515 3657 1640 3720 praecipit
1655 3669 1708 3708 om.
1720 3655 1803 3723 legin

471 3739 600 3801 messenii
616 3738 631 3790 6
647 3737 726 3800 hung.
745 3735 810 3787 dett.
831 3763 859 3774 -
876 3737 902 3786 5.
923 3736 1023 3785 Verrem
1039 3733 1069 3782 V.
1091 3759 1119 3768 -
1137 3732 1264 3782 Poeduceo
1280 3730 1307 3780 h.
1325 3728 1343 3780 l.
1361 3729 1392 3780 V.
1406 3756 1433 3769 —
1447 3744 1498 3780 non
1513 3731 1533 3781 ii
1548 3730 1595 3782 hor
1610 3732 1641 3782 V.
1661 3760 1688 3769 -
1707 3733 1731 3783 o.
1749 3731 1803 3798 boc]

474 3824 519 3862 nec
534 3810 613 3878 ngss.
633 3839 662 3850 -
681 3810 734 3861 mm
749 3823 803 3862 om.
821 3810 845 3860 V
862 3810 923 3874 (ΒΓ.)
943 3835 970 3846 -
990 3810 1014 3860 7.
1032 3808 1139 3858 inrideri
1154 3807 1185 3856 V.
1206 3832 1234 3841 -
1253 3810 1276 3856 et
1291 3804 1413 3855 contemni
1430 3817 1484 3856 orn.
1502 3805 1581 3870 Lgld.
1596 3833 1623 3842 -
1642 3808 1666 3859 8.
1687 3806 1806 3859 Volteium

473 3886 501 3938 h.
514 3885 532 3938 l.
546 3890 574 3939 et
583 3885 646 3937 sithi
656 3885 687 3936 V.
706 3883 758 3949 [sic
769 3887 850 3937 etiem
861 3885 940 3949 Lgit,
958 3884 1009 3935 nisi
1020 3881 1095 3946 quod
1107 3882 1150 3933 hic
1161 3885 1225 3931 etv.
1238 3879 1263 3932 t.
1275 3880 1326 3930 uolt
1336 3880 1402 3929 mm
1412 3879 1509 3938 buben
1527 3880 1555 3931 ln
1566 3879 1635 3947 4442
1645 3881 1804 3948 plerumque

474 3975 574 4015 nomeu
588 3960 716 4014 scribitur
729 3960 840 4026 Votum]
854 3986 882 3997 -
896 3961 1009 4024 confides
1025 3956 1095 4023 uls
1106 3959 1126 4009 li
1139 3958 1172 4018 V,
1190 3958 1264 4007 Serv.
1282 3953 1316 4005 sd
1327 3955 1407 4018 Verg.
1425 3953 1479 4007 Ecl.
1493 3955 1535 4016 Vl,
1552 3956 1602 4009 id:
1615 3958 1730 4022 penates
1744 3956 1803 4013 reli.

474 4039 504 4090 0.
524 4067 551 4078 -
571 4039 595 4088 c.
613 4037 742 4100 eommpt
754 4038 863 4100 pecunia
879 4035 963 4099 egle:
978 4047 1033 4098 pec.
1052 4046 1121 4084 corr.
1139 4033 1170 4090 V,
1190 4033 1236 4080 cit.
1255 4031 1285 4080 0.
1304 4030 1446 4094 (pecuniam
1462 4029 1504 4093 V.)
1524 4056 1551 4066 -
1571 4031 1610 4081 tt).
1624 4037 1708 4094 posset
1722 4032 1753 4083 v.
1774 4060 1803 4072 -

473 4113 625 4165 arbitratum
641 4110 719 4177 Lgll.
740 4136 768 4149 -
786 4116 857 4162 errat
873 4111 943 4174 ngas
959 4111 1064 4171 Alio:
1083 4112 1139 4158 erat
1155 4107 1186 4168 V,
1204 4103 1288 4168 1.ng
1313 4109 1401 4154 mant
1417 4104 1432 4153 6
1449 4105 1528 4167 lagg.
1546 4103 1611 4155 dett.
1632 4133 1659 4143 -
1679 4108 1719 4159 tt.
1737 4108 1804 4159 dom.

471 4190 538 4241 coni.
555 4187 642 4254 nqis:
659 4187 724 4238 cont.
743 4187 808 4237 dom.
827 4186 850 4236 V
868 4185 939 4248 (liri,
957 4187 1003 4235 cti.
1021 4186 1050 4235 0.
1072 4210 1100 4219 —
1119 4188 1143 4234 et
1155 4195 1203 4245 per
1219 4179 1305 4244 Lm:
1323 4184 1347 4230 et
1363 4192 1416 4230 om.
1433 4180 1457 4229 V
1474 4180 1545 4242 (lin),
1564 4183 1609 4231 ott
1629 4179 1658 4230 0.
1679 4204 1706 4218 -
1725 4183 1806 4233 nrulta

472 4276 527 4317 orn.
546 4260 625 4329 hgld.
640 4261 828 4312 -ludibundos
843 4272 896 4311 om.
912 4261 948 4321 V;
966 4259 1115 4309 mdbundus
1127 4257 1196 4320 Lgdt
1213 4259 1240 4305 et
1256 4256 1272 4305 e
1289 4253 1341 4304 alli.
1355 4281 1383 4291 -
1398 4255 1439 4305 it.
1457 4254 1584 4304 libidinose
1600 4255 1679 4307 codd.
1698 4259 1806 4322 proeter

471 4338 503 4401 V,
521 4339 619 4403 inquo
636 4337 678 4388 est
693 4336 841 4386 lubidinoso.
868 4336 943 4385 lianc
959 4347 1054 4384 vocem
1072 4335 1125 4384 ism
1143 4333 1264 4383 Ernestio
1280 4328 1314 4380 de
1332 4328 1419 4393 glossa
1431 4331 1585 4394 suspectam
1602 4329 1693 4382 delent
1708 4331 1805 4383 Sohtlts

471 4413 501 4464 et
514 4412 602 4473 {totu
619 4424 670 4463 nos
687 4422 750 4462 cum
766 4410 886 4475 Zumptio
904 4407 1069 4460 inclusimus.
1089 4408 1183 4472 [immo
1200 4404 1345 4455 videndum
1363 4407 1405 4454 est
1422 4418 1455 4455 ne
1470 4404 1619 4456 ludibundos
1628 4407 1662 4456 sit
1672 4404 1804 4470 glossema

471 4490 501 4540 et
515 4489 597 4540 muita
612 4487 767 4551 heldinnus,
785 4487 801 4536 l.
822 4499 846 4536 e.
865 4484 900 4535 ad
917 4484 1053 4535 libidinem
1070 4495 1162 4541 suem,
1181 4492 1245 4530 vera
1263 4482 1297 4530 sit
1314 4481 1427 4530 oratoris
1443 4492 1548 4531 manus.
1575 4480 1668 4545 lirun]
1688 4508 1715 4519 -
1737 4482 1805 4533 uidet

473 4562 542 4629 ngtr
552 4578 559 4615 ε
579 4565 642 4615 cidit
652 4564 676 4615 V
687 4564 759 4626 (lin),
777 4560 833 4613 rell.
847 4563 876 4613 0.
886 4588 913 4597 -
928 4562 962 4610 od
972 4560 1053 4609 omnir
1062 4559 1093 4608 V.
1108 4584 1135 4594 -
1149 4557 1189 4607 43.
1203 4555 1379 4606 arducionis
1389 4553 1489 4618 aliquot
1501 4554 1563 4606 edd.
1574 4558 1639 4606 vett.
1654 4583 1681 4593 -
1692 4571 1738 4607 coe
1747 4570 1801 4611 om.

472 4638 541 4703 1.ng
551 4638 582 4690 li.
601 4665 630 4678 ·-
649 4637 786 4699 ludibundi,
805 4648 870 4699 quoe
884 4634 1003 4685 oohbolie
1019 4646 1073 4684 om.
1092 4633 1123 4682 V.
1138 4659 1165 4668 —
1180 4630 1219 4683 tl.
1238 4631 1369 4680 meamne
1385 4627 1463 4692 ugit.
1478 4655 1505 4665 -
1526 4631 1566 4681 ee.
1584 4633 1702 4683 nominee
1717 4635 1745 4683 ei
1761 4633 1801 4683 td·
1848 4634 1850 4641 '

471 4719 599 4766 meret
614 4713 696 4765 idem.
711 4740 740 4751 -
758 4709 908 4762 nuribuebot
924 4722 958 4759 an
975 4708 1125 4758 attribuerat
1141 4707 1177 4768 V,
1196 4706 1328 4756 incertum
1345 4705 1461 4755 Brunnlo
1477 4703 1591 4757 videtur.
1606 4733 1633 4744 -
1655 4708 1695 4758 ii.
1713 4707 1804 4770 eliquit

472 4790 505 4842 V.
523 4816 553 4828 -
572 4790 613 4841 48.
631 4789 714 4840 lictori
729 4800 783 4838 om.
802 4784 880 4850 butt.
901 4811 929 4822 -
952 4784 992 4834 iti.
1011 4783 1076 4834 enirn
1092 4782 1115 4831 ei
1131 4781 1154 4829 V
1171 4779 1277 4845 [recten
1302 4781 1326 4830 ei
1349 4780 1419 4830 Verri
1440 4779 1505 4830 dett.
1524 4781 1553 4830 0.
1575 4787 1740 4844 (perureret
1758 4794 1804 4832 nec

471 4861 798 4916 inmenertomenettrib.
817 4859 948 4925 4444.)-
966 4857 1066 4915 trenV,
1085 4868 1139 4906 non
1156 4860 1223 4906 trmc.
1244 4879 1273 4892 -
1291 4855 1460 4905 ecnsdemnaei
1476 4856 1509 4904 V:
1528 4878 1556 4892 -
1575 4856 1616 4906 20.
1634 4855 1800 4907 duromv.

474 4966 502 4976 -
518 4940 588 4990 vides
603 4938 708 5000 Vun-
726 4936 768 4987 di.
786 4940 810 4987 et
826 4935 905 4987 codd.
924 4934 997 4985 noti:
1016 4944 1048 4981 oc
1064 4930 1133 4980 0.-
1152 4930 1192 4980 22.
1211 4931 1354 4981 concedisne
1370 4927 1455 4993 Lgld:
1474 4931 1620 4981 cmmodeme
1635 4932 1803 4996 182⁹th

473 5012 502 5063 0.
522 5013 595 5077 litem
610 5012 643 5075 V,
660 5013 691 5061 nt
705 5011 811 5062 videtur
827 5009 897 5073 Br.);
921 5008 1036 5058 concedes
1052 5003 1119 5055 dett.
1139 5032 1167 5041 -
1185 5004 1231 5055 boc
1246 5005 1341 5056 crimen
1356 5005 1383 5054 in
1400 5008 1423 5055 te
1438 5017 1484 5054 nos
1498 5018 1549 5054 non
1564 5005 1630 5069 cons.
1647 5006 1679 5056 V.
1699 5033 1728 5043 -
1745 5018 1803 5057 oon-

470 5088 545 5153 ncere
564 5086 643 5152 ress.
662 5113 691 5123 -
709 5086 751 5137 23.
772 5087 867 5136 minem
887 5084 923 5133 ud
941 5082 979 5133 iili
999 5093 1076 5144 quom
1097 5077 1178 5130 idem.
1199 5107 1227 5116 -
1246 5083 1269 5129 et
1288 5079 1352 5144 oce]
1376 5084 1412 5129 est
1431 5093 1484 5129 occ.
1502 5080 1534 5129 V.
1554 5108 1582 5117 -
1600 5079 1641 5131 st.
1660 5092 1804 5142 monemur

473 5163 551 5227 Luat.
570 5189 600 5200 -
617 5162 659 5213 25.
675 5160 752 5226 unico
767 5160 791 5211 V
806 5159 927 5223 cume.
948 5184 976 5193 -
994 5157 1036 5207 27.
1053 5154 1103 5217 ipsi
1118 5151 1255 5204 madebunt
1277 5151 1346 5217 1.th
1363 5152 1405 5204 te.
1427 5180 1455 5191 -
1472 5152 1558 5203 ocimu
1574 5154 1696 5220 nesso:
1720 5155 1804 5208 eom

472 5235 530 5289 rell.
548 5237 579 5290 0.
599 5231 1038 5303 (dmmvproeidiuolmc.)
1057 5230 1269 5283 -irtume
1286 5243 1329 5296 pr.
1348 5230 1590 5281 -immcrtolirV
