4367 6109
642 569 709 635 cn.
730 572 755 635 1.
785 570 859 639 co.
880 573 1196 640 xnvn-xnrnr.
1224 568 1282 655 44.
1302 566 1495 651 reo-rso.
1668 513 1729 639 ier
1782 542 1794 549 ’

413 740 552 807 lecturos
584 759 671 815 esse,
707 740 793 824 quod
824 749 933 805 contra
959 742 1061 825 legem
1083 740 1260 805 Corneliam
1286 748 1383 816 esset,
1417 761 1499 824 quae
1519 742 1731 826 proscriptum

414 834 515 901 iurari
544 841 637 898 velat.
680 834 868 917 Impetrant,
899 843 936 899 ut
964 855 1003 899 ne
1030 834 1152 901 iurent:
1184 834 1239 897 dat
1258 833 1307 898 bis
1326 834 1572 916 possessionem.
1614 836 1650 899 ld
1671 855 1731 920 eqo

415 947 481 997 non
502 927 718 1010 reprehendo;
747 929 862 995 etenim
884 937 951 993 erat
971 928 1117 1011 iniquum
1136 928 1257 992 bomini
1278 926 1456 1011 proscripto
1486 927 1590 1010 egenti
1611 929 1651 991 de
1669 927 1734 993 fra·

416 1021 513 1087 ternis
532 1021 625 1086 bonis
639 1020 812 1105 quidquam
832 1020 920 1085 dari:
943 1020 1089 1095 libertus,
1111 1022 1174 1085 nisi
1192 1041 1233 1085 ex
1247 1029 1435 1085 testamento
1449 1021 1574 1104 patroni
1589 1021 1733 1098 iurasset,

417 1115 520 1183 scelus
551 1135 587 1178 se
617 1114 774 1181 facturum
806 1114 1023 1183 arbitrabatur.
1067 1111 1139 1178 lat
1166 1117 1277 1200 ltaque
1305 1117 1334 1179 ei
1355 1117 1471 1179 Verres
1500 1115 1758 1198 possessionemr

416 1209 600 1273 hereditatis
632 1216 727 1291 negat
758 1228 793 1272 se
821 1208 983 1283 daturum,
1016 1228 1056 1272 ne
1085 1215 1195 1292 posset
1220 1216 1388 1290 patronum
1409 1229 1503 1275 sunm
1523 1209 1735 1291 proscriptum

417 1303 542 1378 iuvare,
571 1302 665 1366 simul
694 1308 731 1365 ut
751 1310 835 1366 esset
855 1322 972 1385 poena,
1000 1302 1087 1387 quod
1109 1302 1238 1367 elterirm
1260 1301 1385 1383 patroni
1405 1308 1593 1367 testamento
1615 1302 1736 1370 obtem·

417 1404 569 1479 pecasset.
611 1397 675 1461 Das
703 1397 935 1480 possessionem
958 1397 1003 1470 ei,
1033 1396 1088 1479 qui
1111 1416 1174 1459 non
1196 1395 1325 1469 iurarit3
1356 1388 1511 1459 concedo:
1542 1395 1736 1478 praetorium

418 1498 476 1553 est.
507 1489 629 1557 Animis
652 1497 685 1553 tu
707 1491 754 1564 ei,
775 1492 831 1574 qui
853 1490 977 1555 iuravit.
1010 1488 1082 1565 Quo
1105 1487 1277 1570 exemplet
1303 1487 1516 1570 Proscriptum
1538 1490 1635 1555 iuvat.
1669 1489 1737 1554 Lex

418 1591 484 1660 est3
504 1603 609 1666 poena
631 1590 694 1647 est:
717 1584 795 1668 quid
817 1584 858 1648 ad
880 1605 968 1659 eum,
991 1584 1046 1667 qui
1068 1583 1119 1646 ius
1142 1582 1239 1645 dicit?
1272 1582 1382 1647 Utrum
1404 1582 1627 1664 reprehendis,
1649 1582 1736 1668 qnod
1745 1598 1774 1649 44

417 1686 586 1762 patronum
615 1678 743 1743 iuvabat
765 1698 853 1755 enm,
884 1678 995 1762 quiin
1017 1678 1152 1743 miseriis
1175 1684 1258 1752 erat3
1290 1696 1331 1740 an
1353 1675 1440 1760 quod
1462 1675 1591 1740 alterius
1612 1677 1738 1759 patroni

418 1772 535 1835 mortui
555 1772 750 1839 voluntatem
772 1773 993 1845 conservabat,
1021 1790 1039 1834 a
1067 1791 1132 1855 quo
1161 1789 1317 1839 summum
1338 1765 1527 1839 beneficium
1547 1771 1738 1852 acceperet?

420 1867 530 1930 Utrum
561 1864 674 1929 horum
704 1865 930 1950 reprehendis?
972 1867 1012 1929 Et
1039 1865 1101 1928 boc
1128 1873 1195 1930 tum
1225 1865 1264 1929 de
1291 1864 1370 1931 sella
1396 1865 1445 1928 rir
1472 1865 1609 1946 optimus
1643 1864 1738 1937 dixit,

423 1960 547 2043 «Equiti
567 1961 724 2036 Romano,
754 1969 815 2026 tam
844 1960 1012 2042 locupleti,
1040 1960 1206 2025 libertinus
1227 1958 1323 2022 homo
1345 1959 1387 2024 sit
1406 1958 1548 2022 bereri»
1581 1956 1608 2020 0
1631 1958 1739 2023 mode-

419 2063 501 2121 stum
525 2054 685 2129 ordinem,
708 2054 794 2139 qnod
816 2053 903 2117 illinc
924 2055 1014 2117 vivus
1036 2052 1224 2117 surrexerit!
1268 2048 1340 2114 lae.
1361 2053 1493 2115 Possum
1516 2061 1665 2117 sexcenta
1686 2053 1778 2116 (le-tt

422 2157 506 2213 creta
526 2147 685 2231 prolerre,
708 2149 740 2212 in
762 2147 892 2230 quibus,
914 2152 950 2208 ut
967 2168 1025 2230 ego
1040 2168 1106 2211 non
1121 2147 1237 2222 dicam,
1258 2145 1427 2229 pecuniam
1441 2146 1658 2210 intercessisse
1672 2146 1742 2228 ipsa

421 2242 619 2305 decretorum
647 2242 769 2304 novitus
795 2240 1009 2324 iniquitasque
1031 2241 1180 2305 declarat
1223 2243 1341 2305 Verum
1361 2247 1398 2305 ut
1418 2258 1459 2305 ex
1479 2259 1544 2306 uno
1566 2238 1607 2303 de
1628 2239 1742 2303 ceteris

421 2337 634 2399 coniecturam
664 2335 768 2399 tacere
795 2335 940 2418 possitis,
972 2334 1005 2398 id
1027 2335 1114 2419 quod
1142 2337 1248 2419 priore
1270 2335 1395 2398 actione
1418 2333 1591 2410 didicistis,
1624 2331 1741 2399 audite.

420 2430 562 2497 XLVlll.
586 2430 618 2494 C.
642 2430 801 2514 Sulpicius
823 2429 977 2514 Olympus
998 2428 1067 2494 suit
1111 2431 1141 2494 ls
1170 2437 1313 2494 mortuus
1335 2433 1383 2492 est
1405 2426 1437 2490 C.
1461 2427 1631 2492 Sacerdote
1651 2445 1743 2509 prae-

423 2535 507 2599 tore,
530 2524 638 2588 nescio
661 2544 701 2587 an
724 2531 797 2587 ante
819 2544 915 2607 quam
935 2525 1050 2588 Verres
1071 2532 1251 2606 praeturam
1273 2530 1381 2607 petere
1403 2522 1518 2604 coepit.
1546 2522 1634 2585 Fecit
1652 2522 1780 2585 bere-an

422 2621 495 2683 dem
526 2619 568 2682 M.
591 2616 755 2682 Octavium
784 2618 941 2700 Ligurem.
983 2620 1080 2700 Ligur
1107 2616 1314 2682 hereditatem
1342 2616 1440 2680 adiit:
1467 2613 1610 2698 possedit
1635 2614 1745 2677 Sacer-

425 2713 500 2777 dote
527 2717 675 2795 praetore
704 2712 773 2775 sine
801 2712 866 2777 nlla
895 2712 1119 2777 controversia.
1162 2714 1372 2795 Posteaquam
1393 2712 1507 2774 Verres
1528 2709 1744 2791 magistratum

425 2808 512 2881 iniit,
540 2826 581 2870 ex
602 2805 706 2869 edicte
728 2805 837 2881 istius,
868 2804 955 2889 quod
984 2806 1122 2870 edictum
1151 2805 1306 2871 Sacerdos
1327 2823 1391 2867 non
1412 2802 1581 2877 babuerat,
1612 2800 1745 2885 Sulpicii

426 2903 552 2987 patroni
581 2903 648 2967 lilia
669 2908 790 2969 sextam
816 2910 937 2985 partem
959 2900 1144 2967 hereditatis
1165 2900 1204 2963 ah
1226 2900 1342 2982 Ligure
1362 2904 1471 2980 petere
1492 2895 1607 2978 coepit
1648 2895 1746 2979 ligur

425 3016 491 3060 non
513 2996 631 3061 aderat.
675 2999 790 3062 Lucius
810 2997 906 3061 frater
927 2998 996 3061 eius
1019 3015 1145 3060 causam
1167 2995 1299 3078 agebat:
1333 2991 1465 3058 ederant
1485 2991 1593 3066 amici,
1614 2989 1782 3073 propin-rs

427 3091 494 3174 qui.
536 3091 670 3157 Dicebat
697 3092 773 3166 iste,
805 3092 865 3156 nisi
892 3112 963 3155 cum
990 3091 1124 3157 muliere
1152 3089 1367 3161 decideretur,
1398 3087 1433 3151 in
1453 3084 1689 3169 possessionem
1709 3100 1746 3149 ee

424 3184 470 3253 ire
490 3184 661 3253 iussurum.
703 3186 738 3250 L.
763 3186 882 3250 Gellius
913 3206 1040 3250 causam
1068 3185 1192 3268 Liguris
1214 3180 1422 3248 defendebat:
1439 3177 1588 3247 ¹docebat
1608 3175 1746 3242 edictum

425 3278 492 3342 eius
514 3296 578 3340 non
600 3286 747 3361 oportere
774 3281 807 3342 iu
836 3300 889 3342 eas
909 3279 1103 3343 hereditates
1124 3278 1246 3353 valere,
1275 3294 1358 3359 quse
1379 3280 1453 3337 ante
1474 3292 1547 3337 eum
1567 3276 1746 3353 praetorem

423 3370 603 3447 venissentr
625 3372 652 3434 si
673 3371 735 3437 boc
757 3378 824 3435 tum
846 3371 957 3436 fuisset
973 3373 1125 3447 edietum,
1146 3371 1282 3435 fortasse
1296 3368 1443 3451 Ligurem
1457 3365 1665 3434 hereditatem
1678 3363 1746 3427 adi·

424 3469 530 3529 turum
552 3483 617 3529 non
637 3463 748 3529 luisse.
791 3467 902 3550 Aequa
923 3465 1111 3549 postulatio,
1134 3484 1257 3529 summa
1274 3463 1440 3528 bominum
1454 3460 1623 3526 auctoritas
1642 3457 1782 3541 pretinm

425 3557 642 3637 superabatur.
692 3553 763 3622 lPd.
793 3561 886 3624 Venit
912 3562 1042 3625 Romam
1069 3561 1184 3644 Ligur:
1217 3579 1281 3622 non
1308 3557 1473 3622 dubitabat
1499 3553 1594 3639 quin,
1622 3553 1650 3616 si
1676 3550 1745 3635 ipse

425 3651 555 3716 Verrem
577 3653 791 3728 convenisset,
813 3653 972 3737 aequitate
993 3673 1124 3728 causae,
1146 3655 1331 3718 auctoritate
1354 3666 1623 3715 suacommovere
1644 3646 1746 3710 hnmi-

425 3757 497 3813 nem
519 3753 636 3828 posset.
677 3747 813 3811 Domum
835 3746 875 3811 ad
897 3767 968 3811 eum
990 3747 1097 3811 venit:
1119 3766 1185 3810 rem
1201 3746 1413 3812 demonstrat:
1438 3762 1533 3828 qnam
1547 3739 1670 3824 pridem
1684 3738 1746 3803 sibi

425 3837 585 3902 hereditas
600 3839 753 3915 venisset,
776 3831 884 3904 docet:
906 3840 992 3926 qnod
1014 3840 1106 3904 facile
1126 3840 1249 3903 bomini
1269 3838 1435 3921 ingenioso
1457 3838 1492 3901 in
1505 3854 1602 3900 cause
1621 3834 1746 3918 aequis·

475 4083 498 4130 4.
512 4084 612 4130 (44444444
623 4080 655 4135 V.
665 4107 692 4116 -
704 4081 728 4130 3.
736 4085 830 4132 vetaret
841 4081 908 4132 coni.
922 4081 982 4131 Ern.
995 4081 1098 4144 Zumpt.
1112 4080 1248 4131 sFortasse
1259 4077 1327 4127 haec
1338 4089 1404 4139 quoe
1412 4079 1521 4125 --eetot
1531 4087 1547 4125 e
1558 4071 1645 4138 glossa
1656 4073 1744 4126 sunt·

427 4157 471 4207 Os.
480 4183 508 4192 -
520 4156 646 4218 inpetrent
658 4156 719 4205 V.-
737 4155 782 4219 444]
799 4160 837 4206 An
856 4156 907 4206 4444
923 4182 949 4192 -
968 4157 993 4206 3.
1005 4155 1173 4218 repraebeedo
1184 4155 1246 4204 V.—
1265 4154 1358 4203 44444444
1368 4153 1399 4202 V.
1414 4178 1441 4188 -
1460 4149 1485 4203 l.
1498 4150 1599 4202 libertast
1608 4151 1646 4200 V:
1665 4155 1689 4200 et
1704 4148 1746 4201 ille

426 4229 467 4281 lr'b.
486 4230 531 4281 ott.
551 4229 643 4291 codd.;
670 4236 698 4281 ot
714 4231 754 4282 ille
770 4231 803 4282 de
821 4233 889 4282 coni.
907 4233 968 4283 Eru.
986 4233 1014 4283 0.
1036 4259 1062 4267 -
1087 4232 1111 4282 7.
1131 4232 1320 4293 optereperorset
1336 4227 1367 4276 V.
1387 4250 1415 4262 -
1434 4225 1458 4276 9.
1477 4226 1576 4277 mos
1592 4226 1672 4277 Prisc.
1689 4222 1707 4274 l.
1724 4221 1743 4274 l.

429 4332 455 4341 -
470 4304 550 4357 4444
565 4306 670 4355 micv:
689 4311 741 4356 tom
757 4307 784 4379 iq
799 4307 854 4358 mis.
869 4309 996 4359 ott.0.-
1015 4308 1057 4369 oo]
1075 4307 1103 4356 to
1118 4307 1149 4356 V.
1164 4331 1191 4341 -
1211 4301 1506 4355 incommmu-
1525 4315 1543 4351 e
1559 4314 1612 4353 om.
1627 4299 1744 4364 VMP.

428 4404 456 4417 -
471 4378 511 4428 43.
530 4378 634 4429 obtimoc
649 4381 716 4431 dicis
731 4381 761 4430 V.
782 4405 809 4417 -
829 4381 869 4433 tl.
887 4383 958 4433 bomo
974 4382 1006 4432 rit
1021 4383 1057 4432 V:
1075 4382 1107 4432 rit
1122 4381 1194 4432 tomo
1211 4382 1257 4431 ott.
1276 4380 1346 4429 0.-
1365 4379 1404 4429 te.
1423 4377 1563 4428 4444444444
1578 4376 1617 4424 V:
1635 4376 1747 4428 mace

427 4455 472 4505 ctt.
491 4454 520 4504 0.
541 4481 568 4489 -
586 4460 702 4506 sescento
718 4456 836 4507 Donatus
852 4457 886 4507 ad
902 4459 1007 4508 Terent.
1027 4457 1133 4508 Phorm.
1152 4457 1194 4506 lV.
1213 4456 1238 4517 3,
1256 4454 1305 4505 63:
1322 4458 1431 4507 sescento
1447 4453 1482 4509 V;
1502 4451 1636 4514 meelate
1652 4452 1698 4500 ctt.
1715 4477 1743 4487 -

427 4529 467 4579 46.
484 4534 512 4579 et
528 4542 582 4581 orn.
601 4531 632 4581 V.
652 4557 680 4566 ·-
705 4545 749 4594 epo
765 4545 815 4581 ooo
831 4533 914 4582 4444444
927 4545 981 4594 pec.
999 4533 1038 4582 V:
1063 4546 1108 4596 epo
1124 4546 1179 4595 pec.
1198 4547 1224 4581 ss.
1242 4531 1267 4581 d.
1286 4531 1331 4580 ctt.
1351 4530 1380 4579 0.
1400 4555 1428 4564 -
1449 4527 1487 4577 t8.
1505 4526 1623 4578 4444444444
1638 4526 1677 4575 V:
1701 4539 1746 4576 co-

425 4605 579 4668 protecte.
599 4606 628 4656 0.
649 4634 676 4642 -
699 4606 739 4657 49.
759 4607 876 4669 olympus
891 4607 921 4656 V.
935 4609 968 4657 A:
995 4607 1124 4669 Olympico
1144 4620 1167 4658 s.
1186 4606 1305 4668 obreptis
1321 4604 1369 4654 dtt.
1388 4601 1421 4654 cl.
1440 4600 1554 4653 nuncu.
1572 4600 1638 4651 Adv.
1656 4600 1744 4653 xxm.

426 4679 466 4730 33.
488 4707 515 4715 -
533 4680 555 4730 ts
571 4693 624 4730 om.
642 4680 673 4729 V.
699 4683 732 4731 Α4
748 4680 781 4731 cl.
800 4680 823 4743 ὅ.
843 4681 899 4731 433.
918 4680 974 4731 4344.
995 4706 1022 4718 -
1040 4682 1081 4731 34.
1100 4683 1179 4744 coepit
1195 4681 1234 4730 V:
1253 4680 1360 4743 coepere
1376 4677 1458 4730 Prisc.
1475 4675 1493 4727 l.
1510 4675 1528 4728 l.
1547 4677 1574 4726 el
1590 4674 1668 4725 codd.
1687 4672 1743 4725 rell.

427 4754 459 4806 ct.
478 4753 554 4809 Hand
570 4756 644 4807 Turs.
663 4757 682 4806 Ι.
702 4770 727 4820 p.
746 4755 802 4808 404.
823 4782 850 4790 -
875 4757 915 4806 tl.
935 4756 1009 4818 ltere
1031 4757 1099 4820 Lgtt
1116 4757 1143 4806 et
1159 4757 1198 4808 sic
1215 4755 1289 4806 intra.
1310 4781 1336 4789 -
1360 4753 1402 4804 43.
1427 4766 1479 4803 eoo
1495 4764 1547 4803 om.
1565 4751 1597 4802 V.
1617 4775 1644 4788 -
1662 4751 1704 4802 44.
1723 4756 1747 4802 er

424 4829 559 4892 ereptoque
575 4832 604 4880 4..
625 4857 651 4865 -
670 4830 711 4880 26.
730 4830 882 4881 4444ίά444444
897 4827 1013 4892 vegla:
1038 4831 1208 4882 exterremur
1225 4834 1286 4895 ng.
1305 4828 1361 4881 rell.
1374 4830 1405 4880 ll.
1426 4855 1454 4865 -
1472 4840 1497 4878 re
1512 4828 1549 4878 tre
1565 4827 1691 4878 tuream
1707 4827 1746 4878 eV

427 4907 455 4954 et
471 4904 548 4967 legg.
566 4908 672 4968 praeter
688 4906 712 4955 4.
731 4904 777 4956 la:
804 4917 829 4954 se
848 4906 886 4955 ire
905 4906 1039 4955 missorem
1055 4906 1147 4957 Frenc.
1159 4920 1200 4970 pr.
1219 4904 1329 4968 ugera:
1356 4917 1382 4954 re
1401 4904 1439 4953 ire
1455 4914 1511 4952 coer
1525 4903 1659 4954 mtrem
1675 4901 1744 4951 coni.

427 4978 520 5030 Kahat.
539 4976 557 5028 l.
570 4976 586 5029 l.
607 4993 632 5043 p.
652 4979 703 5037 444
721 4993 746 5030 re
761 4979 895 5031 merorum
912 4979 979 5029 coni.
998 4980 1101 5044 Zumpt.
1116 5007 1147 5021 -·
1162 4982 1203 5031 28.
1222 4981 1249 5030 io
1264 4979 1344 5030 eosV
1361 4979 1441 5030 Prisc.
1455 4978 1485 5027 ll.
1505 4989 1530 5040 p.
1544 4977 1601 5027 437.
1619 4975 1704 5028 Madv.
1722 4977 1743 5027 l.

428 5066 454 5117 p.
473 5052 546 5105 ara:
565 5054 600 5103 ad
614 5067 657 5104 eor
673 5056 718 5105 ott.
731 5056 760 5106 0.
775 5082 802 5091 -
821 5055 860 5106 29.
879 5055 998 5105 4444444444
1013 5056 1093 5106 Prisc.
1113 5057 1140 5106 et
1156 5054 1235 5106 codd.
1248 5054 1401 5120 praeterV,
1419 5053 1445 5103 in
1462 5064 1516 5115 quo
1533 5053 1575 5100 est
1588 5050 1700 5113 44444444.
1714 5075 1743 5088 -

428 5127 468 5177 34.
480 5128 586 5181 beminis
597 5129 666 5181 Bake
678 5128 712 5179 ad
724 5131 801 5193 legg.
815 5144 841 5194 p.
855 5129 910 5182 lta.
926 5158 953 5167 -
969 5131 1066 5192 praetio
1076 5133 1140 5183 V.-
1159 5131 1200 5182 32.
1213 5145 1304 5182 coerce
1315 5131 1337 5180 V
1348 5131 1414 5181 Non.
1427 5141 1453 5192 p.
1466 5128 1534 5178 2444
1552 5139 1643 5177 cereae
1658 5132 1682 5178 44
1697 5127 1743 5178 cll.

429 5202 458 5253 0.
473 5229 500 5240 -
519 5202 560 5265 el.
577 5204 642 5257 bom.
660 5206 712 5268 rna.
729 5206 756 5255 io
772 5219 876 5258 comem
891 5205 1115 5272 mmmmm,
1133 5207 1160 5261 io
1176 5221 1255 5259 cosso
1270 5206 1419 5270 uooteeco
1433 5204 1500 5255 bom.
1516 5203 1571 5268 lep.
1588 5205 1634 5255 ctt.
1647 5203 1678 5255 0.
1695 5203 1746 5268 (ee-

428 5279 522 5344 potloro
538 5293 587 5346 pro
603 5281 727 5348 tepentem
742 5281 800 5350 dtt.)
