4367 6109
465 549 527 618 482
833 553 876 617 IN
897 550 1063 618 VERREM
1083 548 1206 615 ACTIO
1230 547 1414 615 SECUNDA

548 725 600 789 vl.
622 724 663 790 dt
684 724 767 787 enim
788 723 883 786 istum
906 721 1003 785 Siculi
1026 723 1085 786 soli
1108 728 1361 806 persequuntur:
1390 722 1474 786 cives
1496 720 1646 796 Romani,
1675 720 1786 805 quiin

465 820 572 883 Sicilia
585 818 801 901 negotiantur,
824 816 1012 891 detendunt,
1028 816 1177 900 diligunt,
1193 816 1315 879 salvum
1331 835 1399 880 esse
1416 815 1557 898 cupiunt.
1572 848 1615 861 -
1635 816 1784 893 Primum,

464 916 490 978 si
511 915 556 977 ita
577 920 676 987 esset,
701 920 806 974 tamen
827 932 884 975 vos
906 911 940 973 in
960 912 1020 974 bac
1042 911 1229 995 quaestione
1251 908 1291 973 de
1314 910 1456 993 pecuniis
1478 908 1677 991 repetundis,
1700 932 1782 995 quae

463 1009 622 1071 sociorum
650 1025 746 1070 causa
768 1006 940 1070 constituta
961 1012 1009 1069 est
1029 1005 1100 1087 lege
1121 1005 1306 1089 iudicioque
1327 1003 1456 1079 sociali,
1486 1002 1647 1067 sociorum
1679 1005 1783 1087 queri-

438 1103 584 1171 omonias
615 1101 724 1166 audire
756 1107 926 1184 oporteret.
976 1095 1026 1163 46.
1055 1099 1119 1162 Sed
1148 1099 1324 1182 intelligere
1352 1098 1500 1182 potuistis
1533 1098 1638 1180 priore
1659 1099 1782 1163 actione

394 1206 399 1216 '
462 1198 546 1260 cives
573 1197 733 1259 Romanos
760 1194 1001 1258 honestissimos
1028 1213 1069 1258 ex
1093 1194 1201 1257 Sicilia
1225 1192 1381 1276 plurimos
1408 1191 1553 1255 maximis
1575 1190 1731 1255 derebus
1753 1200 1785 1257 et

461 1312 541 1376 quas
562 1290 624 1373 ipsi
645 1290 842 1373 accepissent
861 1288 993 1352 iniurias
1016 1296 1047 1351 et
1068 1308 1149 1372 quas
1173 1288 1290 1351 scirent
1311 1286 1383 1350 aliis
1405 1306 1475 1350 esse
1495 1286 1593 1351 factas
1612 1284 1673 1370 ¹pro
1697 1288 1784 1351 testi·

460 1386 567 1451 monio
590 1384 704 1448 dicere.
746 1385 813 1465 Ego
841 1383 920 1457 boc,
950 1382 1036 1465 quod
1058 1381 1216 1464 intelligo,
1244 1381 1382 1456 iudices,
1412 1381 1457 1444 sic
1479 1381 1652 1444 confirmo:
1673 1380 1784 1446 videor

460 1482 537 1545 mibi
559 1485 682 1563 gratum
695 1477 809 1540 fecisse
826 1475 955 1550 Siculis,
977 1476 1066 1561 quod
1088 1496 1198 1539 eorum
1213 1476 1344 1539 iniurias
1363 1495 1435 1539 meo
1450 1474 1575 1550 labore,
1597 1474 1783 1550 inimicitiis,

422 1595 451 1643 to
459 1574 601 1660 periculo
623 1592 693 1635 sum
714 1577 915 1653 persecutus:
943 1590 1007 1632 non
1029 1571 1133 1633 minus
1154 1570 1216 1633 boc
1235 1578 1359 1652 gratum
1381 1590 1431 1633 me
1453 1570 1572 1634 nostris
1593 1569 1715 1633 civibus
1736 1571 1784 1633 in-

458 1671 566 1752 telligo
587 1665 717 1738 fecisse,
752 1665 808 1748 qui
828 1665 890 1727 boc
915 1664 1113 1737 existimant,
1134 1665 1229 1739 iuris,
1250 1664 1421 1739 libertatis,
1443 1685 1548 1729 rerum
1569 1665 1784 1729 fortunarum·

459 1784 522 1849 que
544 1780 671 1826 suarum
695 1758 828 1822 salutem
850 1760 884 1821 in
904 1758 996 1822 istius
1018 1757 1222 1822 damnatione
1243 1760 1426 1823 consistere.
1460 1754 1510 1820 47.
1526 1758 1728 1843 Quapropter
1742 1758 1782 1823 do

456 1858 548 1922 istius
570 1861 717 1938 praetura
739 1851 896 1916 Siciliensi
915 1871 981 1915 non
996 1871 1108 1915 recuso
1124 1853 1202 1936 quin
1215 1853 1260 1916 ita
1278 1872 1328 1915 me
1342 1852 1494 1927 audiatis,
1516 1860 1567 1926 ut,
1590 1854 1618 1916 si
1632 1853 1782 1937 cuiquam

457 1949 565 2034 generi
585 1947 751 2011 bominum
773 1940 839 2010 s'ive
862 1945 1041 2009 Siculorum
1062 1947 1129 2009 sive
1150 1953 1331 2010 nostrorum
1357 1946 1489 2020 civium,
1510 1946 1537 2008 si
1560 1946 1709 2031 cuiquam
1730 1968 1782 2011 or·

419 2062 448 2112 44
457 2044 523 2108 dini
550 2043 616 2106 sive
642 2048 803 2104 aratorum
830 2042 896 2104 sive
923 2041 1143 2123 pecuariorum
1172 2042 1238 2104 sive
1261 2047 1473 2105 mercatorum
1495 2041 1645 2123 probatus
1668 2042 1724 2116 sit,
1753 2042 1781 2105 si

455 2157 521 2201 non
542 2137 657 2199 borum
678 2136 818 2199 omnium
841 2136 1016 2199 communis
1038 2134 1140 2198 bostis
1162 2135 1345 2219 praedoque
1366 2135 1478 2210 luerit,
1506 2135 1533 2198 si
1555 2135 1702 2218 cuiquam
1725 2133 1781 2198 de-

455 2232 553 2316 nique
575 2230 641 2294 ulla
661 2231 695 2293 in
716 2248 750 2292 re
769 2248 919 2313 umquam
935 2230 1173 2312 temperaverit:
1195 2236 1231 2292 ut
1246 2250 1302 2293 vos
1318 2249 1448 2314 quoque
1469 2231 1500 2294 ci
1521 2230 1713 2312 temperetis.

540 2324 603 2401 Qui
630 2322 725 2386 simul
752 2331 848 2406 atquo
877 2324 906 2386 ei
935 2331 1020 2387 sorte
1045 2324 1208 2407 provincia
1229 2322 1339 2387 Sicilia
1360 2324 1504 2398 obvenit,
1532 2323 1639 2387 statim
1661 2322 1781 2388 Romae

455 2426 487 2483 et
507 2420 547 2483 ad
569 2419 697 2491 urbem,
720 2423 890 2500 autequam
911 2418 1181 2500 proficisceretur,
1210 2438 1363 2501 quaerere
1384 2418 1455 2501 ipso
1478 2438 1585 2482 secum
1608 2424 1641 2481 et
1661 2418 1780 2501 agitare

416 2531 527 2581 etcum
548 2513 615 2577 suis
637 2510 760 2593 coepit,
789 2511 980 2594 quibusnam
1001 2512 1096 2576 rebus
1119 2511 1151 2574 in
1174 2530 1213 2575 ea
1233 2512 1397 2594 provincia
1418 2514 1586 2575 maximam
1607 2534 1672 2578 uno
1695 2534 1779 2579 anno

452 2608 620 2691 pecuniam
641 2605 745 2667 lacere
767 2611 884 2687 posset.
927 2605 1060 2669 Nolebat
1087 2607 1120 2668 in
1145 2605 1267 2688 agendo
1298 2606 1419 2669 discere
1454 2602 1589 2686 (tametsi
1617 2626 1683 2669 non
1704 2628 1778 2691 pro·

452 2701 574 2765 vinciae
596 2697 684 2763 rudis
706 2704 774 2762 erat
795 2706 826 2761 et
848 2696 930 2777 tiro),
952 2698 1007 2763 sed
1032 2697 1075 2783 [in
1091 2695 1241 2782 Siciliam]
1265 2707 1393 2783 paratus
1412 2699 1452 2763 ad
1475 2700 1625 2783 praedam
1646 2700 1779 2764 medita-

452 2801 569 2879 tusque
601 2793 709 2858 venire
742 2794 897 2877 cupiebat
941 2788 991 2856 48.
1021 2792 1047 2856 0
1077 2794 1237 2876 praeclare
1266 2795 1445 2858 coniectum
1473 2813 1493 2857 a
1520 2793 1615 2876 vulgo
1637 2794 1779 2858 inillam

451 2887 649 2972 provinciam
681 2907 777 2951 omen
807 2890 982 2953 communis
1013 2888 1116 2952 lamae
1149 2896 1245 2972 atquo
1274 2889 1451 2953 sermonis!
1485 2908 1555 2951 cum
1587 2906 1628 2950 cx
1649 2889 1777 2951 nomine

414 2982 559 3056 eristius,
582 2982 659 3066 quid
681 2982 742 3046 iste
763 2984 797 3047 in
818 2982 982 3065 provincia
1003 2982 1144 3047 facturus
1166 2991 1266 3059 esset,
1293 2983 1484 3068 perridicule
1512 2982 1656 3045 homines
1678 3002 1778 3065 augu-

451 3077 611 3142 rabantur.
653 3076 779 3141 Etenim
801 3078 873 3161 quis
894 3076 1037 3141 dubitare
1059 3086 1187 3161 posset,
1217 3099 1289 3142 cum
1310 3079 1401 3142 istius
1422 3078 1456 3140 in
1479 3083 1648 3160 quaestura
1669 3076 1777 3160 lugam

452 3179 484 3236 et
503 3172 622 3235 lurtum
643 3178 902 3255 recognosceret,
928 3191 1000 3233 cum
1022 3171 1055 3236 in
1077 3173 1235 3255 legatione
1258 3173 1447 3255 oppidorum
1468 3170 1681 3254 fanorumque
1702 3192 1777 3255 spo·

450 3266 597 3331 liationes
619 3266 785 3348 cogitaret,
808 3285 880 3328 cum
901 3265 1022 3330 videret
1044 3268 1076 3329 in
1098 3267 1168 3330 loro
1190 3267 1355 3331 latrocinia
1375 3272 1559 3349 praeturae,
1590 3263 1694 3347 qualis
1715 3266 1776 3328 iste

450 3360 484 3422 in
506 3366 619 3445 quarto
641 3367 714 3423 actu
736 3359 945 3442 improbitatis
959 3360 1084 3424 iuturus
1101 3365 1204 3425 esset‘l
1237 3362 1305 3424 VII.
1326 3362 1430 3444 Atque
1447 3367 1483 3422 ut
1503 3356 1686 3439 intelligatis
1702 3378 1776 3421 eum

412 3455 568 3521 aoRomae
592 3454 756 3537 quaesisse
770 3474 834 3517 non
849 3455 944 3518 modo
957 3474 1072 3537 genera
1086 3454 1229 3530 furandi,
1252 3454 1308 3519 sed
1323 3456 1418 3518 etiam
1435 3454 1578 3524 nomina,
1602 3452 1776 3517 certissima

450 3548 582 3630 accipite
604 3555 805 3630 argumenta,
828 3568 892 3631 quo
914 3548 1038 3612 facilius
1061 3548 1101 3611 de
1122 3549 1275 3632 singulari
1298 3549 1367 3611 eius
1381 3547 1578 3630 impudentia
1592 3546 1775 3610 existimare

450 3642 586 3723 possitis.
630 3637 680 3703 49.
711 3640 783 3717 Quo
813 3643 865 3705 die
895 3642 1032 3705 Siciliam
1062 3644 1180 3725 attigit,
1210 3640 1340 3724 (videte,
1367 3642 1484 3705 satisne
1506 3648 1634 3724 paratus
1656 3660 1698 3703 ex
1717 3641 1773 3706 illo

449 3735 555 3798 omine
577 3736 698 3798 urbano
721 3734 762 3798 ad
776 3735 981 3800 everrendam
995 3738 1190 3820 provinciam
1206 3734 1352 3821 venerit,)
1375 3737 1479 3801 statim
1493 3738 1640 3802 Messana
1653 3736 1773 3801 litteras

448 3828 596 3891 llalesam
618 3829 727 3903 mittit,
751 3849 828 3913 quas
851 3849 909 3912 ego
931 3831 1025 3895 istum
1048 3832 1080 3894 in
1102 3831 1192 3895 ltalia
1212 3833 1375 3916 scripsisse
1397 3833 1538 3895 arbitror.
1580 3833 1659 3895 Nam
1681 3831 1773 3895 simul

410 3927 544 4005 statque
567 3941 584 3984 e
606 3922 679 3986 navi
700 3943 845 4005 egressus
868 3931 931 3999 est,
953 3925 1039 3988 dedit
1061 3945 1204 4009 operam,
1229 3934 1265 3991 ut
1285 3927 1453 3993 Halesinus
1474 3928 1515 3992 ad
1536 3949 1570 3993 se
1590 3928 1650 3992 Dio
1672 3930 1772 3993 conti·

513 4143 537 4192 4.
555 4142 633 4193 Siculi
648 4142 694 4193 soli
709 4141 741 4193 l:
760 4143 806 4194 soli
821 4144 871 4194 Sic.
890 4144 937 4195 dtt.
957 4146 986 4195 0.
1007 4174 1034 4183 -
1053 4147 1076 4197 3.
1095 4148 1122 4197 ie
1138 4148 1185 4198 boc
1202 4150 1270 4213 4320
1282 4151 1379 4201 ΑΒΝι
1397 4152 1424 4200 in
1438 4151 1489 4201 istc
1505 4150 1573 4215 4342
1589 4165 1616 4216 p.
1630 4165 1667 4203 nr.
1686 4168 1772 4205 -re-

443 4218 554 4282 petendis
572 4216 649 4280 4342.
665 4242 692 4255 -
711 4218 735 4268 6.
753 4219 811 4269 boa.
829 4233 862 4269 ec·
878 4221 906 4270 S.
922 4222 957 4283 pt.
976 4221 1008 4272 l:
1027 4235 1060 4272 ea
1076 4223 1103 4273 S.
1118 4225 1155 4286 pl.
1173 4225 1230 4274 bon.
1249 4225 1296 4275 dtt.
1310 4227 1339 4275 0.
1355 4251 1382 4260 -
1402 4225 1426 4275 3.
1444 4226 1580 4276 inimicitiis
1595 4227 1665 4290 4329
1676 4225 1771 4279 trent

447 4296 471 4357 (2
483 4292 560 4343 codd.
572 4290 657 4354 Lolli:
678 4292 823 4344 iainicitios
833 4296 909 4345 ctt—
925 4294 965 4347 44.
977 4296 1103 4348 bominum
1115 4313 1168 4349 om.
1182 4300 1249 4364 4342
1261 4314 1288 4365 p.
1298 4314 1367 4351 444.-
1386 4302 1437 4352 sice
1446 4303 1565 4365 cuiquem
1575 4300 1653 4351 codd.
1664 4302 1727 4353 noti.
1739 4328 1768 4340 -

447 4368 487 4418 44.
501 4368 528 4417 in
542 4369 857 4433 reomqoamutengta.
872 4398 899 4407 -
918 4374 1064 4433 temperavit
1080 4374 1158 4424 codd.
1171 4377 1233 4425 noti.
1247 4375 1340 4440 [Scrib.
1354 4378 1518 4440 imperarit]
1530 4404 1557 4413 -
1576 4378 1599 4427 ei
1615 4382 1688 4440 44443.
1702 4377 1770 4442 4342

445 4443 573 4494 ARCN:
591 4442 614 4491 ci
631 4455 684 4492 om.
699 4445 759 4504 ctt.;
778 4446 801 4494 ei
815 4458 859 4494 vos
876 4459 972 4509 qaoque
988 4451 1125 4510 temperetis
1142 4450 1203 4510 (om.
1216 4452 1251 4515 at)
1270 4451 1303 4503 de
1315 4453 1374 4503 llot.
1387 4454 1456 4504 coni.
1468 4455 1509 4515 L.,
1528 4452 1576 4503 sed
1593 4452 1728 4518 improbat
1742 4456 1769 4505 in

446 4517 489 4569 cd.
508 4515 580 4568 4334.
597 4540 624 4554 ·-
645 4516 685 4567 43.
704 4519 738 4568 cd
753 4520 840 4570 arbem
855 4522 916 4571 Asc.
928 4524 1005 4573 drus.
1018 4526 1052 4576 44.
1071 4539 1097 4590 p.
1111 4527 1155 4577 244
1170 4541 1175 4575 :
1195 4526 1226 4577 ab
1242 4528 1303 4579 orbe
1319 4529 1398 4579 codd.
1412 4530 1475 4580 noti.
1490 4554 1519 4567 -
1537 4530 1637 4594 cpitcre
1652 4530 1771 4581 4444444444

444 4592 470 4655 4,
484 4593 537 4644 bili
554 4590 607 4643 Pal.
627 4605 681 4643 sec.
692 4595 769 4645 drus.
788 4597 820 4646 bl.
835 4594 851 4645 l.
865 4594 892 4647 l.:
911 4610 968 4648 com
984 4600 1035 4649 sois
1050 4614 1092 4664 cp.
1112 4603 1178 4661 Nl.;
1196 4604 1307 4668 cogitare
1322 4618 1380 4655 men
1395 4604 1553 4656 radidit·
1571 4606 1613 4656 24.
1630 4604 1728 4656 volebat
1736 4608 1767 4657 Α.

446 4694 473 4705 -
492 4668 519 4718 ie
529 4669 666 4719 accedendo
681 4669 791 4731 Lgtod.
813 4698 839 4707 —
858 4686 910 4722 coe
926 4684 979 4727 om.
993 4675 1061 4737 4323
1073 4678 1102 4726 Β.
1117 4704 1145 4714 -
1163 4679 1205 4728 22.
1220 4680 1263 4729 aed
1277 4680 1378 4730 Siciliae
1393 4682 1431 4741 M3
1450 4682 1472 4729 ai
1487 4680 1588 4731 Siciliae
1603 4679 1673 4744 4342
1690 4694 1717 4746 p.
1729 4693 1766 4732 m.

443 4742 529 4794 Madv.
542 4744 561 4794 l.
574 4757 601 4808 p.
610 4742 667 4795 342.
680 4741 752 4794 delet
768 4745 795 4794 in
805 4746 917 4797 Siciliam
928 4745 991 4800 cu'm
1003 4749 1154 4812 Guilielmo;
1168 4752 1284 4819 [sicilico]
1297 4752 1335 4805 td.
1354 4755 1386 4806 Et
1396 4768 1460 4805 sana
1472 4753 1639 4818 glossematis
1649 4758 1768 4822 speciem

443 4816 565 4868 babet.--
576 4822 686 4881 peretto
701 4823 758 4869 mot
767 4820 801 4870 od
812 4821 880 4884 4342
891 4836 918 4887 p.
931 4837 1001 4874 m.-
1014 4826 1054 4877 23.
1068 4841 1085 4876 c
1096 4829 1168 4891 ooipo
1180 4830 1248 4893 4329
1258 4831 1323 4889 eta,
1335 4829 1384 4880 sed
1395 4830 1440 4881 bic
1450 4843 1504 4882 om.
1514 4846 1532 4881 a
1542 4833 1614 4896 44).-
1626 4834 1668 4885 24.
1685 4833 1731 4883 iste
1739 4832 1766 4899 4,

443 4891 521 4943 codd.
535 4891 591 4954 Lbi,
610 4893 844 4958 praeceptos:
863 4909 917 4947 om.
930 4898 978 4949 dtt.
992 4899 1020 4949 0.
1033 4927 1058 4938 -
1077 4904 1228 4963 perridicule
1243 4907 1329 4957 Atili
1346 4906 1437 4957 Prisc:
1455 4911 1601 4969 perridiculi
1616 4912 1662 4961 ctt.
1678 4934 1705 4948 -
1724 4912 1765 4964 23.

443 4972 502 5017 ecta
511 4965 575 5018 boni
586 4968 665 5020 codd.
679 4972 706 5021 et
715 4972 787 5022 Asc:
805 4974 889 5037 prodo
900 4973 947 5025 dtt.
960 5002 987 5012 -
1001 4976 1041 5027 30.
1054 4991 1104 5027 non
1114 4980 1193 5030 solum
1203 4982 1263 5032 Aac.
1276 5008 1304 5020 -
1321 4983 1458 5034 4444444444
1469 4985 1537 5049 4342
1548 4988 1585 5038 nt:
1604 4988 1768 5041 certissime

442 5043 488 5092 ott.
506 5043 536 5093 0.
556 5070 584 5080 -
609 5043 650 5098 34.
674 5052 824 5111 erponem
841 5048 908 5112 4342
925 5063 951 5115 p.
968 5062 1019 5099 m.:
1038 5060 1215 5116 orpamentam
1231 5057 1276 5105 ctt.
1294 5056 1325 5106 0.
1345 5082 1372 5091 -
1391 5057 1432 5107 32.
1450 5061 1534 5123 attigit
1549 5061 1617 5124 4342
1634 5074 1661 5126 p.
1674 5075 1711 5113 m.
1723 5061 1764 5125 φ’;

439 5117 520 5179 tetipit
536 5120 581 5169 ctt.
595 5122 624 5171 0.
639 5148 666 5159 -
686 5122 726 5173 33.
744 5124 841 5173 bomine
857 5126 918 5189 ng.
937 5125 1052 5191 {praeter
1068 5126 1108 5191 42)
1126 5131 1184 5180 ΑΒ.
1205 5157 1233 5168 -
1252 5132 1415 5181 eomeavdcm
1432 5135 1538 5186 ABNF
1555 5137 1597 5198 (ct.
1615 5137 1712 5189 Fabrit.
1731 5140 1765 5190 ad

441 5191 525 5242 Divin.
543 5207 567 5245 c.
587 5196 636 5259 li.)
660 5195 720 5250 coll.
746 5197 839 5249 isidor.
857 5199 926 5263 0443.
944 5201 975 5250 ll.
993 5200 1034 5263 30,
1052 5204 1076 5253 a.
1096 5204 1142 5255 ubi
1159 5205 1218 5256 cod.
1237 5205 1373 5257 barberio.
1393 5221 1433 5258 nr.
1452 5209 1524 5262 4644.
1542 5214 1610 5263 teste
1627 5214 1716 5264 Garat.
1731 5215 1763 5266 ll.
1865 5226 1868 5237 ¹

440 5266 557 5320 murtae
566 5269 662 5323 babet:
680 5274 836 5326 eoermdoro
847 5277 893 5327 ctt.
908 5298 935 5314 -
955 5275 996 5328 34.
1008 5279 1180 5343 suscripsisse
1190 5278 1259 5345 4342
1268 5294 1296 5347 p.
1306 5294 1343 5333 m.
1361 5280 1500 5347 vulgatam
1510 5287 1598 5338 tuetur
1609 5288 1691 5340 etism
1700 5291 1762 5342 Asc.
