4367 6109
481 527 545 597 aaa
842 485 1426 608 mummulenosnonuna

481 711 602 768 statuae
624 709 786 788 equestres
806 704 969 770 inauratae
985 704 1106 782 volunt,
1127 727 1210 792 quae
1222 708 1332 793 populi
1346 708 1478 774 Romani
1493 709 1600 775 oculos
1614 711 1803 796 animosque

479 802 617 867 maxime
639 797 811 873 offendunt,
832 807 961 883 propter
980 800 1093 866 aedem
1113 802 1270 866 Vulcani?
1309 804 1389 867 Nam
1409 804 1594 889 inscriptum
1616 826 1687 871 esse
1707 807 1803 873 rideo

480 893 637 980 quandam
658 912 700 957 ex
719 891 770 955 bis
791 898 925 958 statuam
946 902 1083 959 aratores
1106 895 1243 959 dedisse.
1275 896 1310 960 Si
1329 896 1460 961 honoris
1480 918 1575 964 causa
1593 907 1729 965 statuam
1749 900 1806 967 de-

363 988 365 993 ’
479 988 608 1065 denmt,
635 987 755 1052 inimici
780 1005 845 1051 non
872 995 954 1052 sunt
999 989 1170 1054 Credamus
1198 989 1350 1067 testibus;
1380 999 1446 1055 tum
1477 993 1563 1056 enim
1591 994 1707 1060 bonori
1737 1005 1805 1073 tuo,

454 1101 562 1149 cnunc
581 1083 645 1152 iam
665 1080 811 1163 religioni
839 1100 915 1146 suae
944 1083 1122 1147 consulunt.
1166 1083 1223 1148 Sin
1251 1093 1357 1149 autem
1386 1094 1474 1149 metu
1501 1087 1603 1151 coacti
1634 1087 1805 1167 dederunt,

477 1175 646 1240 confiteare
667 1194 799 1240 necesse
821 1182 870 1241 est
884 1183 915 1240 te
931 1178 966 1241 in
982 1177 1144 1261 provincia
1159 1178 1309 1261 pecunias
1329 1184 1503 1243 statuarum
1518 1181 1648 1246 nomine
1666 1187 1805 1267 pervim

476 1288 513 1334 ac
533 1278 652 1336 metum
673 1270 824 1353 coegisse.
856 1271 965 1335 Utrum
985 1270 1043 1335 tibi
1065 1272 1265 1337 commodum
1287 1281 1345 1349 est,
1368 1273 1460 1356 elige.
1494 1275 1593 1337 LXII.
1615 1266 1689 1341 t5't.
1703 1280 1805 1363 llqui·

475 1363 548 1430 dem
568 1365 705 1437 libenter
723 1363 787 1429 boc
806 1366 870 1429 iam
892 1367 1013 1430 crimen·
1032 1365 1072 1431 de
1094 1369 1206 1432 staturis
1226 1367 1414 1451 relinquam,
1436 1375 1471 1432 ut
1489 1369 1568 1433 mibi
1582 1376 1618 1434 tu
1632 1372 1713 1436 illud
1727 1393 1805 1438 con·

474 1457 579 1532 cedas,
601 1457 686 1542 quod
707 1459 764 1522 tibi
784 1457 1041 1525 honestissimum
1062 1469 1121 1535 est,
1143 1468 1281 1526 aratores
1302 1461 1361 1524 tibi
1382 1461 1423 1524 ad
1445 1469 1578 1532 statuam
1603 1463 1735 1531 honoris
1751 1468 1798 1530 tui

438 1572 570 1625 aooausa
589 1553 750 1618 voluntate
772 1573 831 1618 sua
850 1553 1034 1618 contulisse.
1054 1557 1103 1620 lla
1123 1556 1201 1620 mibi
1221 1555 1301 1620 boc:
1323 1556 1387 1620 iam
1407 1555 1465 1619 tibi
1486 1558 1657 1625 maximam
1678 1570 1803 1645 partem

474 1647 668 1714 defensionis
687 1647 898 1731 praeciderim
919 1669 984 1713 non
1005 1650 1090 1714 enim
1111 1649 1229 1733 poteris
1249 1656 1387 1713 meteres
1409 1649 1467 1713 tibi
1488 1652 1585 1715 iratos
1607 1674 1678 1720 esse
1702 1664 1803 1739 atque

473 1745 619 1810 inimicos
641 1742 756 1807 dicere.
790 1741 817 1805 Ο
840 1760 968 1806 causam
989 1743 1198 1826 singularem!
1220 1764 1240 1807 o
1262 1741 1483 1808 defensionem
1503 1747 1651 1812 miseram
1673 1770 1710 1814 ac
1729 1770 1802 1834 per·

473 1840 587 1905 ditaml
608 1839 695 1904 nolle
715 1839 778 1903 boc
798 1838 940 1923 accipere
960 1859 1051 1902 reum
1071 1838 1111 1901 ab
1132 1845 1325 1911 accusatore,
1346 1845 1466 1902 etcum
1481 1860 1582 1915 reum,
1604 1843 1660 1925 qui
1674 1852 1804 1928 praetor

472 1934 507 1998 in
528 1933 637 1998 Sicilia
657 1932 762 2007 luerit,
783 1939 924 1996 aratores
946 1934 977 2009 ei
997 1939 1132 1998 suturam
1153 1952 1212 1997 sua
1231 1933 1395 1997 voluntate
1417 1936 1582 1998 statuisse:
1604 1945 1745 2003 aratores
1762 1938 1802 2004 de

436 2046 466 2092 44
474 2049 513 2092 eo
534 2030 616 2093 bene
639 2029 836 2101 existimare,
864 2029 984 2091 amicos
1005 2047 1092 2103 esse,
1122 2028 1244 2092 salvum
1266 2028 1397 2112 cuperet
1440 2029 1569 2104 Metuit,
1596 2050 1639 2095 ne
1659 2033 1722 2096 hoc
1742 2053 1800 2097 ros

474 2123 681 2196 existimetis3
703 2120 848 2185 obruitur
870 2122 954 2187 enim
983 2129 1143 2188 aratorum
1173 2124 1372 2187 testimoniis.
1424 2118 1496 2185 454.
1528 2126 1603 2189 Utar
1630 2146 1684 2202 eo,
1714 2127 1799 2210 quod

473 2218 574 2300 datur.
619 2218 710 2282 Certe
730 2215 793 2280 boo
813 2217 905 2281 vobis
927 2217 971 2280 ita
995 2215 1200 2283 iudicandum
1229 2225 1293 2292 est,
1320 2237 1393 2292 eos,
1423 2219 1479 2301 qui
1509 2219 1562 2282 isti
1589 2220 1801 2285 inimicissimi

473 2322 557 2387 sunt,
579 2320 613 2377 ut
633 2314 702 2397 ipse
721 2311 896 2375 existimari
910 2311 988 2385 vult,
1010 2310 1050 2376 ad
1064 2313 1157 2376 istius
1171 2313 1308 2376 honores
1322 2319 1417 2395 atque
1432 2321 1636 2378 monumenta
1648 2315 1800 2400 pecunias

471 2408 634 2473 voluntate
663 2425 721 2470 sua
751 2423 817 2467 non
846 2405 1030 2470 contulisse.
1072 2409 1176 2490 Atque
1204 2414 1241 2470 ut
1267 2406 1329 2471 hoc
1357 2413 1459 2471 totum
1477 2406 1635 2472 'facidime
1663 2407 1800 2490 intelligi

433 2503 579 2587 topossit,
600 2521 697 2585 quem
719 2498 807 2563 soles
829 2518 940 2563 eorum
962 2500 1102 2576 testium,
1123 2520 1204 2584 quos
1225 2500 1416 2584 produxero,
1438 2502 1495 2583 qui
1516 2522 1558 2565 ex
1573 2500 1682 2566 Sicilia
1700 2508 1799 2565 testes

470 2606 559 2674 sunt,
589 2597 656 2662 sive
677 2600 818 2677 togatum
840 2595 908 2658 sive
930 2593 1072 2658 Siculum
1093 2602 1203 2677 rogato
1227 2601 1260 2658 et
1281 2614 1370 2669 eum,
1400 2594 1457 2677 qui
1479 2594 1537 2658 tibi
1561 2593 1798 2658 inimicissimus

470 2712 542 2756 esse
562 2690 738 2764 ridebitur,
767 2689 823 2771 qui
845 2709 879 2752 se
902 2688 1071 2772 spoliatam
1091 2689 1148 2752 abs
1170 2694 1201 2753 te
1228 2707 1299 2753 esse
1321 2687 1422 2764 dicet,
1451 2689 1567 2772 ecquid
1588 2708 1647 2753 suo
1668 2688 1798 2752 nomine

469 2786 504 2850 in
524 2794 611 2852 tuam
632 2792 768 2849 statuam
790 2782 976 2847 contuderit:
998 2783 1160 2846 neminem
1173 2782 1325 2866 reperies,
1346 2782 1403 2864 qui
1418 2790 1531 2865 neget3
1554 2784 1674 2848 etenim
1688 2803 1798 2849 omnes

470 2879 635 2945 dederuut.
669 2871 742 2940 453.
764 2876 964 2961 Quemquam
985 2875 1082 2959 igitur
1102 2884 1194 2963 putas
1216 2875 1443 2951 dubitaturum,
1465 2877 1544 2960 quin
1565 2877 1603 2952 is,
1626 2897 1723 2961 ᾳιιοιιι
1739 2877 1798 2941 tibi

431 2972 724 3043 aomimicissimum
745 2991 816 3034 esse
838 2975 997 3054 oporteat,
1027 2971 1083 3052 qui
1109 2970 1165 3066 abs
1190 2978 1223 3034 te
1251 2970 1452 3053 gravissimas
1473 2971 1605 3036 iniurIas
1627 2973 1797 3055 acceperit,

467 3068 634 3153 pecuniam
656 3074 778 3132 statuae
799 3066 927 3129 nomine
950 3062 1075 3128 dederit
1095 3063 1127 3128 vi
1149 3072 1244 3148 atque
1266 3065 1399 3148 imperio
1420 3064 1586 3141 adductus,
1608 3085 1673 3130 non
1693 3066 1797 3131 officio

468 3181 504 3227 ao
525 3161 709 3226 voluntate?
741 3159 782 3227 Et
801 3159 897 3223 huius
919 3179 978 3242 ego
994 3159 1161 3243 pecuniae,
1182 3158 1314 3233 iudices,
1336 3177 1419 3241 quae
1435 3178 1608 3242 permagna
1630 3169 1680 3224 est
1694 3161 1797 3243 impu-

467 3257 715 3340 dentissimeque
737 3262 846 3319 coacta
862 3253 903 3316 ab
923 3253 1043 3328 insitis,
1064 3272 1131 3316 non
1151 3253 1248 3317 habui
1264 3254 1419 3317 rationem
1435 3272 1540 3336 neque
1558 3253 1676 3318 babere
1691 3252 1793 3338 potui,

467 3358 620 3434 quantum
634 3349 673 3412 ab
688 3348 876 3423 aratoribus,
890 3355 1044 3431 quantum
1058 3347 1098 3410 ab
1113 3347 1370 3430 negotiatoribus,
1385 3347 1440 3430 qui
1452 3347 1626 3431 Syracusis,
1640 3349 1695 3431 qui
1705 3346 1797 3430 Agri·

428 3446 569 3529 nogenti,
598 3443 654 3527 qui
673 3442 838 3517 Panormi,
866 3442 920 3525 qui
941 3440 1086 3525 Lilybaei
1106 3441 1325 3524 negotiantur,
1351 3447 1437 3505 esset
1458 3447 1621 3517 coactum,
1643 3441 1796 3524 quoniam

466 3538 643 3621 intelligitis
664 3537 764 3620 ipsius
785 3555 916 3619 quoque
939 3535 1138 3602 consessione
1160 3534 1200 3597 ab
1222 3535 1420 3599 invitissimis
1443 3542 1586 3598 coactam
1608 3554 1690 3598 esse.

549 3632 661 3697 LXIII.
690 3624 762 3693 454.
789 3630 893 3695 Venio
915 3650 999 3693 nunc
1020 3629 1060 3692 ad
1082 3628 1224 3693 civitates
1248 3627 1394 3705 Siciliae,
1428 3626 1468 3691 de
1498 3628 1615 3710 quibus
1643 3626 1795 3692 facillime

463 3727 533 3794 fieri
555 3726 707 3791 iudicium
726 3723 898 3789 uoluntatis
913 3729 1029 3805 potest.
1061 3722 1112 3784 An
1129 3724 1223 3786 etiam
1240 3722 1338 3787 Siculi
1353 3723 1445 3788 inviti
1463 3721 1687 3786 coutulerunt?
1723 3723 1795 3785 Non

465 3830 515 3888 est
533 3821 708 3907 probabile.
749 3820 875 3884 Etenim
897 3818 942 3881 sio
964 3818 998 3881 C.
1019 3818 1151 3881 Verrem
1176 3824 1357 3899 praeturam
1388 3815 1423 3880 in
1446 3816 1555 3880 Sicilia
1576 3816 1696 3900 gessise
1717 3834 1794 3878 con-

426 3924 542 3992 testat,
563 3925 610 3991 ut,
633 3936 705 3980 oum
726 3915 871 3999 utrisque
892 3913 968 3978 satis
983 3909 1088 3974 facere
1110 3931 1174 3974 uon
1195 3918 1305 3994 posset
1326 3917 1359 3974 et
1380 3910 1495 3974 Siculis
1518 3919 1551 3974 et
1571 3910 1698 3994 togatis,
1721 3908 1793 3971 odi·

464 4011 507 4078 eii
526 4011 633 4096 potius
654 4011 689 4075 in
709 4009 814 4074 socios
836 4027 932 4091 quam
952 4004 1134 4073 ambitionis
1157 4005 1192 4068 in
1213 4005 1300 4070 cives
1321 4005 1476 4073 rationem
1499 4003 1637 4068 duxerit.
1680 4003 1792 4088 Itaque

528 4292 553 4344 2.
571 4289 719 4353 aeacum
734 4286 803 4352 4342
813 4300 850 4349 φτ
868 4286 990 4350 scriptum
1006 4285 1052 4336 ctt.
1067 4310 1093 4323 -
1108 4285 1133 4335 6.
1148 4283 1275 4336 conulent
1291 4285 1319 4334 L.
1335 4311 1363 4322 -
1376 4285 1401 4334 6.
1416 4283 1538 4347 4444444444
1553 4281 1636 4348 4342ι
1654 4295 1708 4334 οιιι.
1722 4280 1792 4347 4329

463 4365 569 4429 allici.
583 4365 607 4429 fl.
621 4364 677 4414 442.
691 4363 771 4425 464.);
788 4361 921 4424 pecuniam
937 4360 986 4412 dtt.
999 4358 1028 4409 0.
1041 4385 1069 4394 -
1087 4359 1113 4411 8.
1130 4360 1185 4410 tom
1201 4372 1255 4410 om.
1273 4358 1342 4423 4342
1358 4373 1386 4424 p.
1400 4371 1437 4410 m.
1453 4385 1481 4396 -
1501 4360 1541 4408 44.
1559 4358 1604 4409 tibi
1619 4354 1725 4409 64444444
1741 4370 1792 4408 esso

462 4441 501 4500 lic
519 4439 624 4490 44444444
639 4451 690 4489 esso
706 4437 775 4501 4342
792 4450 819 4501 p.
837 4448 874 4487 m.
896 4464 923 4474 -
942 4437 983 4486 46.
1000 4435 1099 4485 rotomo
1114 4433 1183 4498 4342
1199 4447 1226 4500 p.
1245 4446 1299 4485 m.:
1320 4434 1418 4484 44444444
1435 4447 1485 4484 erse
1501 4436 1547 4485 ctt.
1565 4435 1595 4484 0.
1616 4459 1644 4471 ·-
1664 4435 1704 4484 44.
1722 4432 1792 4483 oobts

461 4517 500 4566 tto
515 4517 577 4579 433.
596 4526 699 4574 omues,
717 4513 782 4563 AB:
805 4512 844 4562 444
858 4511 927 4561 vobis
943 4513 988 4561 ctt.
1006 4511 1036 4561 0.
1056 4535 1085 4545 -
1105 4510 1145 4561 48.
1170 4511 1220 4562 rtet
1240 4509 1309 4574 4329
1327 4509 1357 4560 B.
1379 4537 1407 4547 -
1422 4510 1544 4572 peccator
1560 4509 1611 4560 ool.
1629 4522 1677 4559 4444
1693 4523 1744 4559 coo
1760 4506 1788 4559 l:

459 4590 594 4655 poemiam
608 4602 660 4638 oon
674 4602 699 4638 o.
716 4601 738 4639 4.
751 4587 799 4637 dtt.
813 4586 842 4637 0.
853 4611 880 4623 -
900 4587 940 4637 49.
959 4591 1039 4637 totam
1055 4584 1085 4648 l,
1104 4586 1123 4637 l’
1133 4587 1173 4638 H:
1196 4591 1294 4637 4444444444
1309 4584 1359 4636 dtt.
1375 4613 1403 4623 -
1421 4584 1462 4636 20.
1481 4598 1514 4635 ec
1530 4584 1583 4637 Sic.
1600 4583 1669 4647 4342
1686 4584 1711 4634 ll
1729 4582 1788 4633 cod.

461 4666 537 4717 liet:
556 4677 571 4714 4
586 4663 636 4713 Sto.
654 4661 692 4721 4;
709 4663 737 4711 ia
752 4662 803 4712 Sic.
822 4660 871 4710 dtt.
892 4687 920 4698 -
937 4662 979 4712 24.
997 4665 1054 4711 root
1071 4659 1141 4724 4342
1157 4661 1193 4711 V:
1209 4663 1260 4712 4444
1276 4662 1323 4711 444.
1342 4661 1371 4711 0.
1386 4687 1413 4696 -
1426 4664 1541 4724 tegetem
1556 4660 1574 4710 F
1587 4660 1612 4711 bl
1623 4658 1683 4710 cod.
1697 4658 1788 4709 Cuiac.

461 4740 518 4805 (Op.
537 4739 566 4791 T.
580 4739 599 4788 l.
618 4750 644 4802 p.
659 4735 742 4800 toto.)
760 4735 793 4787 cl.
813 4736 838 4800 Β.
856 4734 913 4786 lbi.
932 4737 989 4787 466.
1008 4737 1058 4786 ἰιι.;
1083 4741 1203 4800 rogatur
1219 4736 1288 4801 4342
1305 4750 1332 4800 p.
1345 4749 1398 4796 m.;
1416 4735 1495 4786 4444444
1510 4735 1581 4785 aon.
1599 4735 1652 4785 VB
1665 4735 1684 4786 C
1702 4732 1735 4784 al.
1754 4732 1787 4783 cf.

461 4812 487 4878 fl.
500 4814 557 4864 tbb.
571 4813 628 4862 466.
642 4814 709 4871 ert.;
727 4813 867 4862 aenam
882 4812 918 4871 l;
936 4811 987 4862 stoc
1002 4815 1118 4875 togatum
1131 4812 1192 4864 44444
1202 4814 1232 4864 0.
1251 4815 1342 4863 contra
1359 4810 1437 4862 codd.
1457 4810 1513 4861 fere
1531 4822 1633 4861 omnes.
1649 4833 1676 4844 -
1689 4809 1731 4858 22.
1745 4807 1791 4857 obs

459 4892 484 4939 44
499 4885 560 4941 tr:
578 4899 595 4936 o
611 4891 635 4938 44
650 4885 699 4936 dtt.
714 4887 750 4945 0;
769 4898 821 4936 οιιι.
834 4886 866 4935 4.
884 4912 912 4922 -
929 4898 980 4936 csse
995 4886 1058 4936 444444
1070 4885 1230 4950 4344424ε
1248 4901 1303 4939 οιιι.
1322 4888 1367 4937 ott.
1386 4887 1415 4937 0.
1436 4910 1464 4924 -·
1483 4885 1524 4937 24.
1538 4885 1581 4936 4444·
1600 4885 1672 4935 brim.
1690 4883 1722 4934 4.
1741 4886 1787 4935 ctt.

460 4963 531 5013 nott:
548 4962 620 5012 444444.
633 4960 677 5011 4444
694 4960 742 5010 dtt.
756 4961 818 5012 0.-
831 4973 877 5022 sps
887 4960 952 5010 4.-
970 4974 1023 5012 occ.
1036 4960 1115 5012 4444444.
1126 4963 1205 5027 4329.
1215 4989 1243 5000 -
1260 4963 1303 5013 tt.
1315 4967 1390 5024 etque
1399 4961 1449 5012 ool.
1462 4960 1577 5023 4329-
1591 4964 1678 5010 stom
1691 4959 1722 5008 V.
1737 4957 1789 5021 [Sic

460 5037 514 5088 tam
527 5038 547 5088 I.
559 5035 679 5102 optime]
692 5062 719 5072 —
731 5036 773 5087 28.
792 5034 824 5084 ob
840 5035 948 5085 4444444444
959 5035 1027 5099 4342
1038 5051 1065 5102 p.
1079 5050 1149 5088 m.-
1167 5039 1207 5090 29.
1225 5043 1333 5102 444444.
1346 5037 1377 5087 4.
1396 5037 1436 5088 sic
1447 5036 1538 5101 §.aaa
1553 5063 1582 5073 -
1600 5035 1642 5087 30.
1654 5033 1788 5084 4444444444

459 5111 527 5162 444
543 5112 621 5176 4329.
638 5138 666 5149 -
685 5111 726 5163 34.
744 5111 919 5162 totmtctsetrntr
934 5110 1003 5174 4342
1020 5125 1047 5176 p.
1066 5125 1103 5165 m.
1121 5113 1207 5164 lladv.
1225 5113 1306 5177 Epist.
1325 5111 1360 5162 ad
1376 5110 1455 5162 Orell.
1473 5125 1500 5176 p.
1516 5112 1558 5162 99.
1575 5111 1616 5161 sic
1632 5108 1784 5171 distinguIt:

459 5191 584 5239 4444444444.
604 5186 848 5251 onmem-me,
872 5187 944 5238 44444
964 5199 1031 5238 orme
1046 5199 1110 5252 sqq.
1129 5213 1157 5223 -
1179 5187 1221 5240 33.
1236 5188 1294 5253 ptari
1314 5187 1366 5238 tud.
1385 5185 1467 5250 agla:
1489 5186 1543 5237 44444.
1563 5184 1620 5249 fleri
1642 5184 1736 5235 otto.
1756 5207 1784 5219 -

460 5259 927 5329 44.3444444444443424.4ιι.;4>44.
944 5262 1019 5316 4.-
1037 5262 1078 5318 44.
1098 5262 1211 5330 444444.
1231 5288 1259 5303 -
1277 5256 1784 5326 accerume-rasores.
