4367 6109
452 573 516 647 2444
815 580 859 644 ΙΝ
878 578 1046 644 VERREM
1065 577 1190 645 herro
1212 577 1395 645 sacuam

453 750 685 820 intercalarium
706 769 771 814 ιιι
792 747 861 812 dies
882 746 1026 832 longum,
1047 754 1083 813 nt
1103 747 1218 832 reliqui
1238 767 1364 814 menses
1384 749 1418 812 in
1440 767 1529 813 suam
1548 749 1704 815 rationem
1724 771 1776 817 re·

453 854 659 913 verterentur.
681 845 759 932 *lloo
781 843 808 906 si
829 844 946 907 Romae
968 839 1036 908 fieri
1055 849 1178 926 posset,
1201 849 1285 907 certe
1306 843 1413 926 aliqua
1427 843 1549 907 ratione
1563 852 1776 927 expugnasset

452 941 528 1016 iste,
548 946 583 1003 ut
603 937 671 1002 dies
692 958 757 1002 xus
778 938 860 1001 inter
880 936 974 1000 binos
994 936 1088 1000 ludos
1111 936 1311 1012 tollerentur,
1332 957 1390 1019 per
1411 955 1491 1020 quos
1513 937 1600 1001 solos
1623 937 1776 1002 iudicium

451 1034 522 1099 lieri
542 1038 658 1118 posset.
687 1031 768 1095 Llll.
791 1024 864 1094 434.
885 1032 951 1094 Iam
965 1049 1041 1096 vero
1063 1048 1212 1094 censores
1227 1028 1375 1114 quemad
1390 1030 1565 1094 modumin
1581 1030 1690 1095 Sicilia
1711 1032 1774 1095 isto

429 1142 445 1192 4
452 1133 597 1213 praetore
618 1126 715 1192 creati
736 1125 815 1200 sint,
847 1144 960 1210 operae
982 1126 1117 1208 pretium
1138 1131 1187 1187 est
1207 1144 1409 1208 cognoscere.
1451 1125 1510 1188 llle
1534 1127 1618 1189 enim
1639 1131 1689 1189 est
1708 1146 1775 1190 ma-

452 1219 598 1304 gistratus
625 1217 708 1303 apud
733 1218 873 1294 Siculos,
907 1218 962 1300 qui
988 1217 1228 1302 diligentissime
1257 1216 1424 1282 mandatur
1449 1237 1469 1281 a
1497 1219 1616 1301 populo
1645 1226 1776 1303 propter

450 1311 532 1376 hano
553 1331 695 1387 causam,
720 1311 806 1396 quod
829 1330 940 1375 omnes
961 1311 1060 1376 Siculi
1081 1330 1123 1374 ex
1144 1329 1241 1374 censu
1262 1311 1433 1394 quotannis
1454 1311 1570 1375 tributa
1591 1312 1775 1378 conferunt:

450 1405 487 1471 in
507 1424 603 1469 censu
624 1405 770 1470 habendo
792 1412 934 1488 potestas
956 1405 1059 1470 omnis
1080 1405 1308 1468 aestimationis
1329 1404 1493 1470 habendae
1512 1426 1714 1491 summaeque
1728 1407 1776 1473 ia-

451 1499 582 1566 ciendas
604 1501 727 1565 censori
747 1500 948 1585 permittitur.
983 1501 1093 1582 ltaque
1115 1505 1148 1562 ct
1168 1497 1321 1581 populus,
1344 1499 1395 1563 cui
1409 1501 1578 1564 maximam
1592 1500 1689 1566 fidem
1704 1522 1776 1566 sua·

414 1615 520 1664 terum
541 1614 646 1659 rerum
666 1595 793 1669 habeat,
826 1595 962 1659 maxima
983 1613 1059 1658 cura
1079 1592 1191 1676 deligit
1211 1599 1244 1656 et
1263 1600 1394 1676 propter
1414 1595 1663 1677 magnitudinem
1683 1605 1777 1681 pote·

451 1689 541 1755 susis
568 1687 621 1752 hic
647 1689 845 1772 magistratus
866 1708 885 1752 a
911 1687 1032 1770 populo
1059 1706 1180 1751 summa
1200 1686 1370 1751 ambitione
1392 1687 1600 1753 contenditur.
1643 1685 1715 1754 432.
1738 1693 1776 1755 ln

452 1802 492 1848 ea
522 1800 556 1846 re
584 1781 643 1845 iste
671 1781 751 1846 nihil
778 1782 911 1846 obscure
937 1780 1041 1845 facere
1063 1780 1180 1856 voluit,
1210 1801 1273 1845 non
1295 1782 1329 1844 in
1351 1785 1516 1847 sortitione
1537 1784 1647 1849 fallere
1668 1805 1776 1868 neque

451 1877 520 1942 dies
550 1874 590 1939 de
619 1873 709 1939 fastis
737 1875 887 1940 eximere.
929 1874 1015 1938 Nihil
1043 1895 1120 1939 sane
1148 1874 1234 1938 vafre
1261 1895 1322 1939 nec
1343 1877 1498 1941 malitiose
1519 1877 1622 1942 iacere
1643 1889 1775 1944 conatus

452 1976 520 2034 est:
542 1968 600 2032 sed
620 1975 656 2033 ιιι
677 1969 781 2033 studia
801 1968 1053 2052 cupiditatesque
1074 1969 1230 2032 honorum
1252 1976 1346 2052 atque
1368 1970 1556 2036 ambitiones
1572 1995 1613 2037 ex
1627 1975 1774 2038 omnibus

414 2085 443 2134 se
451 2062 628 2128 civitatibus
643 2061 843 2136 tollerentur,
865 2082 946 2146 qaue
962 2082 1013 2125 res
1028 2061 1216 2126 evertendae
1233 2063 1279 2125 rei
1294 2062 1439 2146 publicae
1454 2066 1558 2130 solent
1573 2088 1653 2143 esse,
1669 2074 1776 2131 osten·

452 2157 500 2221 dit
520 2177 590 2221 sese
611 2157 644 2220 in
666 2156 812 2221 omnibus
834 2157 1012 2220 civitatibus
1034 2176 1180 2220 censores
1202 2176 1273 2219 esse
1286 2156 1450 2220 iacturam.
1487 2154 1559 2223 433.
1575 2163 1676 2225 Tanto
1692 2181 1775 2223 mer·

450 2259 521 2316 catu
542 2252 696 2335 praetoris
716 2249 838 2315 indicto
859 2252 1054 2315 concurritur
1074 2251 1216 2333 undique
1229 2250 1269 2314 ad
1290 2251 1384 2316 istum
1400 2251 1580 2336 Syracusas.
1608 2255 1775 2339 Flagrabat

450 2353 516 2410 tota
537 2346 648 2409 domus
670 2344 828 2429 praetoria
848 2344 952 2409 studio
973 2344 1138 2408 hominum
1152 2351 1185 2407 et
1198 2343 1385 2428 cupiditate,
1408 2365 1467 2409 nec
1483 2349 1607 2424 mirum,
1627 2350 1774 2413 omnibus

451 2440 586 2505 comitiis
607 2445 654 2503 tot
675 2439 836 2503 civitatum
856 2458 952 2505 unam
973 2441 1006 2502 in
1029 2438 1157 2503 domum
1177 2440 1334 2502 revocatis
1353 2446 1501 2524 mumque
1516 2443 1688 2507 ambitione
1700 2463 1776 2529 pro-

412 2535 571 2604 rovinciae
593 2533 689 2597 totius
711 2534 745 2597 in
766 2553 830 2596 uno
853 2533 999 2598 cubiculo
1026 2533 1158 2597 inclusa.
1199 2533 1373 2616 Exquisitis
1394 2534 1499 2617 palam
1519 2538 1630 2618 pretiis
1652 2545 1685 2601 et
1705 2537 1775 2601 lici-

451 2627 621 2692 tationibus
649 2625 740 2691 iactis
770 2627 968 2691 describebat
988 2647 1136 2691 censores
1157 2627 1249 2691 binos
1271 2627 1305 2690 in
1326 2629 1466 2711 singulas
1489 2631 1632 2695 civitates
1654 2633 1775 2695 Timar-

451 2720 570 2787 chides.
612 2721 643 2784 Is
670 2741 728 2785 suo
758 2721 866 2785 labore
890 2723 1019 2805 suisque
1040 2722 1275 2785 accessionibus
1296 2721 1390 2785 huius
1411 2724 1532 2805 negotii
1553 2731 1646 2807 atque
1669 2726 1775 2808 operis

450 2815 596 2881 molestia
616 2815 881 2898 consequebatur,
902 2823 939 2881 ut
960 2815 1001 2880 ad
1022 2816 1117 2879 istum
1138 2816 1206 2879 sine
1227 2814 1293 2878 ulla
1314 2815 1526 2880 sollicitudine
1544 2838 1665 2882 summa
1677 2837 1775 2900 pecn-

450 2912 522 2977 niae
543 2911 721 2975 referretur.
764 2910 830 2974 lam
852 2909 906 2975 hic
928 2908 1143 2974 Timarchides
1166 2914 1314 2993 quantam
1335 2911 1501 2991 pecuniam
1522 2909 1647 2986 iecerit,
1678 2912 1774 2995 plana

411 3003 553 3074 madhuc
575 3022 767 3088 cognoscere
781 3023 846 3066 non
861 3004 1024 3087 potuistis:
1046 3021 1154 3066 verum
1169 3010 1273 3066 umen
1288 3004 1393 3086 priore
1410 3005 1548 3079 actione,
1569 3026 1663 3089 quam
1676 3008 1773 3082 varie,

449 3116 543 3181 quam
565 3097 707 3182 improbe
727 3097 896 3180 praedatus
921 3104 1019 3172 esset,
1041 3098 1209 3162 multorum
1231 3100 1421 3162 testimoniis
1443 3100 1645 3183 cognovistis.

532 3190 611 3254 LlV.
638 3185 710 3254 434.
739 3190 801 3256 Sed
827 3211 868 3254 ne
895 3191 1070 3268 miremini,
1105 3211 1168 3274 qua
1195 3193 1318 3256 ratione
1345 3192 1398 3256 hic
1425 3199 1547 3257 tantum
1571 3193 1655 3276 apud
1677 3195 1773 3257 istum

449 3283 580 3350 libertus
601 3286 755 3367 potuerit,
778 3304 936 3368 exponam
955 3285 1045 3349 vobis
1066 3285 1218 3361 breviter,
1240 3285 1317 3369 quid
1338 3287 1476 3350 hominis
1498 3289 1555 3363 sit,
1577 3295 1613 3352 ιιι
1627 3294 1660 3350 et
1681 3289 1772 3351 istius

449 3378 640 3461 nequitiam,
666 3379 722 3462 qui
743 3378 831 3442 illum
853 3399 960 3443 secum
982 3379 1125 3443 habuerit
1146 3399 1185 3443 co
1207 3382 1391 3463 praesertim
1412 3401 1543 3444 numero
1565 3401 1602 3444 ac
1623 3381 1709 3455 loco,
1740 3389 1773 3445 et

412 3471 658 3544 socalamitatem
678 3473 858 3554 provinciae
880 3475 1085 3556 cognoscatis.
1127 3475 1163 3536 In
1185 3474 1350 3538 mulierum
1372 3475 1558 3559 corruptelis
1581 3482 1613 3538 et
1633 3477 1773 3539 inomni
1867 3535 1870 3543 .

450 3565 624 3631 eiusmodi
645 3567 769 3631 luxuria
791 3576 884 3652 atque
906 3568 1048 3652 nequitia
1069 3566 1244 3631 mirandum
1266 3568 1300 3630 in
1321 3568 1449 3631 modum
1470 3568 1666 3651 reperiebam
1686 3567 1772 3631 hunc

449 3657 679 3724 Timarchidem
700 3659 741 3724 ad
763 3662 854 3725 istius
876 3663 1047 3745 flagitiosas
1069 3660 1217 3725 libidines
1237 3662 1488 3744 singularemque
1516 3663 1690 3745 nequitiam
1716 3682 1772 3725 na-

449 3760 515 3817 tum
529 3760 623 3836 atque
638 3761 746 3838 aptum
759 3754 872 3818 fuisse:
895 3757 1102 3839 investigare,
1123 3753 1228 3829 adire,
1249 3755 1426 3838 appellare,
1448 3775 1664 3839 corrumpere,
1680 3756 1772 3838 quid·

447 3849 497 3913 ris
517 3846 620 3911 iacere
641 3849 756 3912 ineius
771 3850 858 3913 modi
878 3851 988 3924 rebus,
1011 3850 1154 3933 quamvis
1169 3849 1297 3924 callide,
1320 3851 1461 3932 quamvis
1482 3850 1640 3924 audacter,
1662 3870 1771 3933 quarn

411 3943 496 4011 eous
517 3943 732 4027 impudenter:
753 3943 888 4008 eundem
909 3945 988 4008 mira
1009 3942 1164 4028 quaedam
1187 3945 1368 4026 excogitare
1390 3963 1506 4026 genera
1525 3944 1668 4007 iurandi:
1696 3964 1770 4006 nam

448 4037 552 4124 ipsum
572 4037 703 4102 Verrem
724 4044 844 4102 tantum
864 4039 994 4103 asmitia
1014 4058 1139 4122 semper
1159 4037 1267 4100 hiante
1288 4045 1382 4121 atque
1397 4038 1579 4101 imminente
1592 4036 1701 4114 fuisse,
1723 4039 1771 4102 in·

512 4310 536 4358 ι.
553 4306 648 4359 XXXV.
665 4323 698 4370 φ.
719 4335 747 4345 -
765 4307 790 4358 3.
807 4306 1013 4372 ΧΧΧ414344φ.
1032 4309 1108 4359 Hunc
1125 4320 1267 4358 cumcurm
1283 4307 1306 4357 si
1324 4320 1384 4357 curn
1397 4306 1499 4359 Halmio
1515 4310 1639 4360 restituas
1655 4311 1769 4372 utroque

446 4383 474 4435 ιιι
489 4380 561 4443 loco,
579 4383 646 4433 ratio
663 4383 698 4433 ita
715 4385 788 4434 recto
805 4384 921 4445 comici,
940 4385 969 4433 ιιι
984 4396 999 4432 a
1017 4382 1068 4433 line
1085 4381 1209 4432 ludorum
1227 4383 1403 4433 Romanorum
1421 4383 1447 4432 in
1462 4384 1533 4434 circo
1544 4396 1630 4448 usque
1642 4383 1676 4433 ad
1693 4383 1770 4437 ludos

446 4457 577 4510 Victoriae
594 4470 730 4509 numeres.
750 4484 777 4494 -
795 4459 861 4509 ictor
877 4457 900 4509 4.
919 4457 969 4507 iud.
989 4459 1070 4509 Prisc.
1083 4459 1114 4509 44.
1133 4471 1160 4522 p.
1173 4457 1230 4508 399.
1250 4485 1278 4495 -
1296 4457 1321 4509 4.
1336 4463 1416 4520 potest
1433 4457 1501 4521 4344
1517 4471 1543 4523 p.
1563 4470 1599 4508 m.
1619 4485 1648 4493 -
1665 4459 1712 4510 isto
1725 4474 1769 4523 pr.

445 4533 474 4585 io
488 4533 539 4585 Sic.
558 4533 626 4598 4349
641 4535 670 4584 B.
691 4560 719 4570 -
742 4533 767 4584 ii.
785 4532 835 4583 risi
854 4533 890 4584 L:
913 4537 971 4582 ιιιιιι
987 4533 1066 4584 codd.
1087 4561 1116 4571 -
1134 4533 1158 4584 6.
1178 4532 1221 4595 qui
1237 4531 1322 4597 Lgii:
1349 4533 1390 4582 cui
1407 4531 1499 4597 pleriq.
1518 4531 1595 4583 codd.
1617 4560 1643 4569 -
1662 4533 1686 4584 8.
1705 4540 1728 4584 et
1743 4536 1771 4584 is

445 4621 520 4661 conso
536 4608 605 4659 coni.
625 4608 699 4662 ilots
715 4608 743 4657 in
759 4619 833 4658 escas
849 4611 933 4658 edem
949 4609 1016 4659 coni.
1030 4610 1057 4660 1..
1079 4635 1107 4644 —
1124 4607 1254 4672 [menses
1270 4607 1387 4671 4344φ;
1405 4608 1539 4671 [mundos
1557 4610 1601 4658 cti.
1614 4607 1643 4658 0.
1663 4633 1691 4644 —
1710 4608 1735 4660 9.
1747 4614 1771 4660 ιι

441 4698 502 4749 pep.
521 4682 553 4736 i:
571 4683 635 4746 sip.
653 4682 714 4743 dit,
731 4695 788 4733 eum
799 4696 861 4745 pop.
880 4683 908 4733 0.
921 4711 948 4719 -
967 4685 1008 4734 cui
1023 4685 1166 4735 minem
1182 4684 1271 4734 codd:
1289 4684 1331 4733 cui
1346 4684 1458 4734 merisne
1474 4696 1564 4734 errore
1582 4688 1686 4748 typogr.
1705 4685 1768 4736 Era.

385 4768 388 4775 ’
448 4786 476 4798 -
495 4759 535 4810 io.
553 4759 635 4823 diligit
651 4757 676 4810 4.
696 4785 724 4796 -
750 4759 790 4809 44.
808 4758 853 4808 iste
871 4757 984 4823 4344Νε
1003 4773 1056 4812 οιιι.
1075 4763 1121 4812 cti.
1141 4787 1168 4799 -
1187 4761 1271 4824 socen
1286 4771 1340 4809 om.
1358 4760 1384 4810 44
1400 4762 1428 4809 et
1444 4759 1512 4822 4344
1528 4770 1556 4823 p.
1575 4770 1611 4808 m.
1632 4783 1659 4794 -
1678 4755 1719 4808 44.
1737 4772 1771 4809 ee

445 4833 582 4886 ιιαιιιιιιιιιιι
605 4831 793 4896 meusque
817 4832 885 4898 4344
907 4847 935 4900 p.
953 4846 1000 4896 m..
1029 4836 1101 4900 quod
1122 4837 1258 4902 Zumptius
1278 4835 1389 4899 recepit.
1417 4861 1444 4871 -
1470 4835 1510 4884 re.
1533 4833 1678 4883 wilerceias
1702 4831 1770 4896 4344

444 4923 472 4976 p.
490 4922 543 4961 m.:
562 4909 656 4960 wilere!
672 4910 717 4960 ctt.
737 4909 766 4959 0.
787 4934 815 4946 -
832 4909 896 4972 reip.
914 4909 967 4960 ru
984 4910 1078 4974 pleriq.
1097 4909 1147 4961 ai:
1164 4911 1228 4974 reip.
1246 4922 1326 4960 cesse
1342 4908 1421 4973 pauci
1438 4908 1516 4959 codd.
1530 4934 1558 4944 -
1577 4908 1617 4958 ti.
1634 4907 1771 4972 frapraouc

444 4985 514 5050 4349
528 4986 588 5037 ΑΒ.
607 4985 642 5038 ci.
659 4985 701 5037 lV.
721 4984 746 5049 5.
764 4984 805 5036 li.
822 4996 850 5049 p.
869 4984 941 5037 Coei.
960 4984 984 5049 S.
1004 4986 1043 5037 44.
1062 4984 1186 5037 Doederl.
1209 4986 1308 5049 synon.
1327 4985 1357 5033 ll.
1376 4996 1402 5047 p.
1421 4981 1477 5034 443.
1500 5008 1528 5020 -
1557 4982 1596 5033 48.
1615 4986 1668 5031 toto
1683 4983 1771 5032 ιιοιιιιιι

443 5059 531 5126 4344ι
549 5060 636 5112 m
652 5065 705 5112 toto
720 5061 766 5111 cit.
785 5060 815 5111 0.
834 5085 862 5097 ·-
877 5062 1004 5124 prasinis
1021 5060 1098 5125 4344.
1117 5087 1144 5098 -
1162 5061 1203 5111 44.
1222 5058 1406 5111 menese
1422 5061 1452 5111 N.
1467 5085 1494 5095 -
1512 5058 1554 5109 43.
1571 5057 1684 5107 molestia
1701 5056 1769 5121 4344

442 5137 521 5198 liro:
542 5135 681 5188 omimium
701 5137 748 5188 cti.
766 5137 795 5189 0.
817 5159 844 5174 -
866 5138 988 5200 pecuum
1004 5136 1121 5201 4344φι
1142 5135 1251 5201 mic
1270 5137 1316 5186 ctt.
1335 5136 1364 5186 0.
1384 5159 1412 5171 -
1436 5133 1477 5182 46.
1495 5133 1638 5183 testimoniis
1654 5131 1723 5196 4344
1740 5145 1767 5196 p.

442 5221 480 5261 m.
497 5223 539 5273 p:
557 5223 590 5262 ec
606 5215 659 5263 tert.
679 5213 724 5263 etc
738 5211 767 5262 0.
788 5237 816 5249 -
833 5211 875 5262 49.
891 5211 979 5262 mouit
995 5211 1044 5262 dtt.
1064 5237 1092 5247 —
1111 5212 1151 5262 34.
1169 5211 1308 5274 ισριιιιιιιι
1325 5209 1391 5276 4344
1407 5222 1484 5274 p.m.
1499 5236 1527 5246 -
1545 5208 1586 5260 36.
1603 5219 1767 5273 roupcccr.

442 5282 491 5339 dit.
510 5284 540 5338 0.
560 5311 588 5323 -
606 5285 748 5340 ιιιιιιιιπιιιιο
763 5286 832 5352 4344
849 5301 876 5355 p.
894 5296 952 5339 m..·
964 5286 1166 5346 imaiomiiptt.
1185 5287 1215 5342 0.
