4367 6109
755 597 829 664 cn.
850 597 1091 664 arr-xum.
1117 596 1174 683 ss.
1196 595 1386 663 rra-ree.
1693 595 1735 663 es

412 771 497 834 inter
528 789 604 834 snos
637 769 776 832 omnium
810 767 992 832 deliciarum
1022 777 1119 855 atque
1145 771 1286 834 omnium
1314 769 1427 833 artium
1455 768 1606 853 puerulos
1628 788 1669 832 ex
1691 775 1737 832 tot

414 863 656 947 elegantissimis
676 863 801 926 familiis
823 863 1019 928 lectosvelit
1039 867 1099 929 hos
1120 867 1254 938 versari,
1275 863 1419 928 homines
1440 883 1542 947 paene
1565 862 1737 947 operarios,

415 978 456 1022 ex
483 958 633 1021 Amerina
659 956 822 1041 disciplina
850 959 948 1042 patris
977 958 1114 1022 familiae
1144 959 1302 1022 rusticani.
1345 953 1417 1021 lat.
1439 960 1509 1021 Non
1531 958 1574 1020 ita
1596 965 1644 1021 est
1663 975 1738 1041 pro·

414 1052 515 1125 lecto,
536 1051 676 1114 indices:
706 1070 771 1113 non
793 1059 841 1115 est
860 1053 926 1116 veri
948 1052 1066 1125 simile,
1088 1059 1124 1115 ut
1146 1053 1368 1135 Chrysogonus
1389 1053 1502 1114 horum
1524 1051 1642 1115 litteras
1665 1049 1739 1112 ada-

415 1148 508 1210 marit
525 1153 580 1209 aut
594 1143 840 1221 humanitatem
861 1165 942 1220 non,
963 1155 1000 1209 ut
1011 1147 1058 1208 rei
1073 1145 1234 1209 familiaris
1248 1145 1374 1227 negotio
1390 1145 1582 1228 diligentiam
1598 1143 1740 1228 cognorit
1762 1168 1777 1214 s

415 1262 526 1304 eorum
548 1247 579 1303 et
600 1235 714 1301 fidem:
738 1245 792 1316 est¹
807 1239 974 1323 quiddam,
998 1240 1085 1324 quod
1108 1239 1297 1314 occultatum
1320 1239 1406 1322 quod
1430 1259 1494 1324 quo
1514 1239 1683 1303 studiosius
1698 1237 1738 1301 ab

414 1335 493 1417 ipsis
515 1333 702 1416 opprimitur
724 1341 756 1395 et
777 1332 993 1407 absconditur,
1017 1353 1055 1397 eo
1077 1335 1177 1416 magis
1192 1333 1308 1396 eminet
1323 1340 1355 1394 et
1369 1342 1510 1416 apparet
1546 1334 1643 1396 XLII.
1667 1329 1738 1395 lat.

415 1427 501 1504 Quid
523 1429 639 1510 Igitur?
680 1426 904 1511 Chrysogonus
926 1429 1017 1491 suine
1038 1424 1184 1490 maleficii
1205 1425 1382 1491 occultandi
1405 1446 1500 1491 causa
1522 1429 1739 1512 quaestionem

415 1521 455 1584 de
475 1520 526 1584 his
546 1520 657 1584 haberi
679 1541 743 1584 non
765 1520 857 1583 vult?
891 1521 1035 1595 Minime,
1057 1520 1194 1584 iudices:
1226 1540 1291 1583 non
1313 1522 1347 1583 in
1361 1539 1471 1585 omnes
1486 1522 1619 1584 arbitror
1633 1523 1740 1584 omnia

415 1616 593 1681 convenire.
635 1617 703 1699 Ego
725 1615 758 1677 in
781 1614 1003 1698 Chrysogono,
1026 1614 1114 1700 quod
1135 1613 1177 1677 ad
1197 1635 1247 1678 me
1269 1616 1394 1689 attinet,
1416 1615 1495 1678 nihil
1517 1616 1671 1679 eiusmodi
1685 1635 1777 1684 suro

416 1712 541 1794 spieor:
573 1729 678 1794 neque
706 1707 767 1772 hoc
788 1709 865 1770 mihi
885 1729 970 1772 nunc
991 1711 1128 1793 primum
1149 1711 1182 1772 in
1204 1718 1342 1774 mentem
1363 1712 1450 1774 venit
1471 1709 1584 1774 dicere.
1628 1711 1739 1775 Memi-

415 1806 505 1869 nistis
526 1825 578 1868 me
598 1806 643 1867 ita
664 1803 862 1867 distribuisse
883 1803 972 1867 initio
995 1824 1139 1879 causam,
1160 1805 1194 1866 ln
1216 1805 1350 1880 crimen,
1375 1805 1465 1868 onius
1487 1812 1553 1867 tota
1573 1824 1740 1888 argumen-

417 1900 491 1963 tatio
512 1899 669 1983 permissa
688 1898 802 1960 Erucio
826 1904 889 1971 est,
911 1906 943 1962 et
963 1900 996 1961 in
1017 1897 1197 1973 audaciam,
1218 1899 1308 1961 cuius
1322 1905 1427 1982 partes
1441 1898 1561 1962 Rosciis
1575 1901 1740 1984 impositae

416 1999 499 2056 sunt.
543 1991 709 2075 Quidquid
731 1987 893 2068 maleficii,
919 1992 1065 2066 sceleris,
1093 1992 1199 2055 caedis
1222 1994 1296 2065 erit,
1318 1993 1480 2076 proprium
1501 1992 1533 2054 id
1555 1995 1739 2057 Rosciorum

416 2108 485 2152 esse
509 2087 644 2151 debebit
682 2086 817 2149 Nimiam
839 2088 968 2169 gratiam
990 2088 1228 2172 potentiamque
1244 2087 1440 2172 Chrysogoni
1455 2086 1586 2151 dicimus
1602 2093 1633 2149 et
1647 2089 1778 2156 nobisre

416 2183 541 2246 obstare
561 2187 594 2243 et
614 2178 747 2263 perferri
767 2179 856 2243 nullo
877 2181 972 2244 modo
993 2201 1105 2265 posse,
1127 2189 1160 2246 et
1179 2201 1199 2244 a
1219 2181 1323 2254 robis,
1346 2181 1495 2266 quoniam
1514 2189 1652 2264 potestas
1668 2181 1741 2245 data

415 2284 480 2352 est,
502 2296 567 2340 non
589 2273 685 2337 modo
706 2270 873 2349 infirmari,
894 2294 1004 2338 rerum
1026 2275 1119 2339 etiam
1140 2275 1292 2339 vindicari
1312 2281 1468 2359 oportere.
1511 2271 1583 2338 lae.
1603 2276 1672 2359 Ego
1696 2275 1741 2339 sic

416 2369 580 2433 existimo:
613 2368 669 2452 qui
690 2369 801 2452 quaeri
822 2368 899 2432 velit
919 2388 961 2431 ex
980 2370 1034 2444 iis,
1067 2390 1149 2454 quos
1171 2376 1309 2444 constat,
1336 2389 1408 2432 cnm
1438 2368 1550 2433 caedes
1571 2370 1654 2434 lacta
1675 2378 1740 2446 est,

415 2463 572 2538 adfuisse,
601 2482 673 2526 eum
696 2481 811 2546 cupere
833 2483 943 2527 verum
964 2463 1124 2527 invenire:
1157 2463 1213 2548 qui
1233 2470 1373 2538 recuset,
1404 2483 1476 2526 eum
1503 2464 1663 2546 profecto,
1692 2472 1740 2528 ta·

416 2558 507 2621 metsi
527 2557 625 2622 verbo
647 2576 712 2619 non
734 2557 869 2634 audeat,
891 2566 996 2621 tamen
1018 2577 1051 2620 re
1073 2558 1145 2641 ipsa
1166 2557 1206 2619 de
1227 2553 1381 2619 maleficio
1403 2577 1461 2620 suo
1482 2554 1633 2622 confiteri.
1666 2559 1777 2628 Dixiro

414 2652 520 2726 initio,
546 2650 684 2724 iudices,
711 2650 797 2714 nolle
826 2670 877 2714 me
904 2651 996 2735 plura
1017 2652 1057 2714 de
1078 2652 1211 2716 istorum
1233 2650 1353 2714 scelere
1377 2650 1497 2727 dicere,
1526 2673 1622 2736 quern
1643 2674 1739 2718 causa

416 2746 593 2828 postularet
614 2764 651 2808 ac
672 2746 841 2810 necessitas
863 2747 933 2829 ipsa
953 2753 1089 2829 cogeret
1123 2748 1202 2809 Nam
1224 2752 1256 2808 et
1277 2745 1395 2808 multae
1409 2765 1460 2808 res
1474 2743 1580 2810 afferri
1594 2755 1737 2832 possunt,

416 2846 447 2904 et
466 2859 533 2903 una
553 2859 700 2924 quaeque
722 2859 829 2902 earum
852 2840 957 2904 multis
980 2860 1050 2902 cum
1074 2838 1266 2922 argumentis
1289 2837 1350 2902 dici
1372 2848 1485 2924 potest.
1529 2843 1646 2905 Verum
1668 2861 1738 2924 ego,

417 2932 503 3018 qnod
523 2933 639 2998 invitus
660 2952 698 2997 ac
718 2935 897 2997 necessario
918 2933 1015 3007 facio,
1037 2951 1143 3017 neque
1165 2931 1218 2995 diu
1239 2952 1345 3018 neque
1365 2934 1532 3017 diligenter
1545 2935 1649 2999 facere
1664 2955 1738 3019 pos·

417 3049 497 3092 sum.
532 3028 621 3103 Quae
642 3027 805 3111 praeteriri
827 3027 915 3090 nullo
938 3027 1032 3091 modo
1053 3033 1216 3109 poterant,
1247 3045 1285 3089 ea
1306 3027 1433 3103 leviter,
1462 3028 1598 3104 iudices,
1628 3029 1776 3111 attigirtt

418 3142 500 3208 qnae
521 3123 624 3207 posita
645 3121 772 3185 suntin
793 3122 1044 3205 suspicionibus,
1066 3120 1106 3183 de
1125 3121 1240 3205 quibus
1261 3121 1287 3183 si
1303 3140 1438 3205 coepero
1453 3121 1572 3198 dicere,
1593 3123 1737 3206 pluribus

417 3219 521 3282 rerbis
543 3219 584 3281 sit
605 3215 841 3292 disserendum,
864 3234 902 3278 ea
922 3217 1034 3279 restris
1055 3214 1190 3298 ingeniis
1212 3217 1474 3301 coniecturaeque
1496 3217 1666 3280 committo.

500 3311 612 3375 XLIII.
642 3305 714 3373 tal.
744 3310 844 3373 Venio
875 3329 959 3372 nunc
980 3309 1020 3372 ad
1041 3309 1122 3372 illud
1143 3329 1260 3372 nomen
1282 3329 1413 3372 aureum
1436 3308 1648 3394 Chrysogoni,
1678 3310 1737 3374 sub

417 3428 481 3492 quo
502 3406 630 3470 nomine
651 3412 717 3468 tota
739 3406 872 3468 socletas
894 3403 999 3466 latuit:
1023 3403 1063 3465 de
1078 3423 1159 3487 quo,
1181 3401 1315 3476 iudices,
1338 3420 1445 3487 neque
1459 3404 1619 3489 quomodo
1635 3404 1737 3469 dicam
1785 3460 1788 3465 .

417 3521 522 3587 neque
545 3498 705 3584 quomodo
728 3507 865 3570 taceam,
886 3497 1024 3580 reperire
1046 3517 1186 3580 possum.
1224 3497 1257 3559 Si
1279 3497 1363 3559 enim
1377 3505 1482 3572 taceo,
1502 3499 1554 3563 rel
1568 3501 1737 3564 maximam
1746 3517 1775 3565 eo

416 3604 537 3681 partem
558 3593 721 3677 relinquo;
755 3593 804 3656 sin
833 3598 938 3654 autem
960 3590 1046 3664 dico,
1079 3607 1191 3652 vereor
1224 3609 1264 3653 ne
1291 3610 1355 3654 non
1383 3590 1438 3654 ille
1459 3591 1565 3670 eolus,
1595 3595 1629 3659 id
1651 3595 1737 3680 quod

417 3691 458 3756 ad
479 3711 530 3754 me
551 3686 632 3752 nihil
653 3687 779 3761 attinet,
802 3685 859 3749 sed
880 3684 935 3748 alii
958 3703 1088 3768 quoque
1108 3683 1216 3766 plures
1237 3683 1340 3746 laesos
1362 3703 1398 3748 se
1419 3703 1489 3749 esse
1510 3693 1633 3771 putent
1678 3691 1738 3752 Ta·

416 3785 508 3848 metsi
535 3783 578 3846 ita
599 3800 634 3844 se
655 3801 706 3844 res
727 3779 837 3855 habet,
867 3787 902 3842 ut
932 3779 1009 3841 mihi
1030 3777 1063 3840 in
1085 3797 1282 3840 communem
1305 3797 1432 3842 cansam
1453 3787 1611 3845 semorum
1633 3782 1738 3846 dicen-

417 3878 493 3941 dum
519 3875 599 3940 nihil
627 3894 741 3958 magno
768 3893 864 3957 opere
892 3872 1045 3935 rideatur.
1088 3871 1175 3933 Ilaec
1203 3871 1287 3933 enim
1316 3891 1410 3936 cansa
1440 3892 1523 3937 nora
1543 3875 1685 3959 prolecto
1707 3885 1739 3941 et

417 3969 585 4054 singularis
607 3977 664 4032 est
707 3964 779 4031 lae.
801 3970 960 4030 Bonorum
983 3966 1057 4028 Sex.
1071 3963 1174 4028 Roscii
1196 3971 1320 4047 emptor
1341 3973 1388 4029 est
1410 3964 1643 4051 Chrysogonus.
1672 3971 1776 4037 Pri-ee

417 4085 503 4128 mum
524 4064 586 4127 hoc
606 4061 789 4126 videamus:
821 4061 889 4124 eius
919 4059 1056 4123 hominis
1077 4060 1161 4121 bona
1183 4077 1247 4142 qua
1267 4060 1388 4123 ratione
1410 4061 1576 4126 venierunt
1597 4071 1651 4127 aut
1673 4083 1737 4147 quo

417 4157 511 4223 ruodo
540 4158 647 4222 venire
676 4158 871 4242 potuerunt?
905 4155 1008 4238 Atque
1037 4153 1098 4217 hoc
1126 4171 1192 4216 non
1219 4154 1263 4216 ita
1277 4173 1452 4238 quaeram,
1482 4155 1620 4233 iudices,
1649 4165 1685 4220 ut
1705 4156 1739 4222 id

481 4420 507 4471 2.
526 4419 612 4470 elecem
628 4430 654 4468 v.
675 4444 702 4452 -
721 4416 745 4468 3.
763 4416 918 4466 moreest
934 4416 1031 4467 Gllr:
1049 4415 1307 4477 omentcOac,
1326 4413 1485 4478 codd.rell.‚
1503 4416 1660 4479 ntvidetnr3
1678 4431 1740 4468 m

415 4495 454 4546 tto
469 4496 505 4556 C;
523 4508 574 4544 ooo
589 4498 625 4544 ert
641 4493 710 4543 coni.
728 4492 863 4552 Buechn.‚
882 4503 964 4556 quam
979 4492 1159 4542 coniecturam
1170 4489 1360 4554 Frendenberg
1374 4504 1402 4555 p.
1416 4491 1456 4543 43.
1468 4491 1599 4543 refutavit.
1614 4519 1642 4530 -
1660 4492 1685 4545 4.
1697 4493 1737 4543 ho

415 4567 773 4622 mememoratur.
794 4595 821 4604 —
848 4569 873 4617 3.
890 4571 919 4616 at
936 4578 989 4617 om.
1008 4568 1038 4616 G.
1059 4593 1087 4603 -
1114 4566 1138 4617 8.
1157 4567 1227 4616 aare
1243 4567 1302 4615 Par.
1321 4567 1345 4615 4.
1363 4563 1388 4617 4.
1407 4566 1442 4627 9.,
1460 4578 1493 4615 a:
1519 4569 1674 4630 totoeGll3
1700 4570 1740 4619 sal

416 4647 478 4705 003
498 4645 535 4696 toi
551 4642 691 4704 lom.
710 4669 738 4678 -
757 4642 782 4692 9.
801 4641 891 4707 debu]
910 4642 991 4692 immo
1007 4641 1092 4691 delo,
1112 4667 1142 4679 -
1160 4641 1338 4690 orobitae.
1354 4667 1382 4677 -
1401 4641 1660 4705 terebramur,
1678 4643 1737 4694 tort.

416 4723 499 4772 recte.
519 4745 548 4757 -
567 4723 620 4769 toto
635 4717 804 4783 cugmerttntto
821 4715 900 4767 codd.
913 4717 1061 4767 Hotomeni.
1077 4743 1105 4753 -
1124 4715 1164 4767 43.
1183 4721 1206 4766 et
1222 4728 1275 4765 our.
1294 4714 1313 4769 3
1329 4716 1356 4766 in
1369 4729 1452 4780 marg.
1467 4743 1495 4754 -
1513 4717 1591 4782 nans]
1608 4719 1737 4768 eima.-

417 4795 456 4846 45.
474 4795 607 4844 minanam
623 4794 652 4843 G.
673 4819 700 4828 -
723 4792 763 4843 48.
786 4793 857 4856 {acto
872 4790 915 4856 eat]
938 4792 977 4841 sic
994 4792 1105 4856 scripsi:
1126 4791 1199 4854 fecta
1213 4791 1246 4841 rit
1262 4789 1340 4841 codd.
1360 4816 1388 4826 -
1407 4791 1448 4841 49.
1465 4793 1565 4855 epletus
1581 4794 1688 4844 llvec.
1708 4821 1737 4830 -

418 4872 516 4919 ema
537 4879 627 4930 cupere
648 4881 676 4927 χ.
697 4893 725 4904 -
746 4865 859 4930 994140]
883 4866 938 4928 tpso
959 4868 988 4916 G.
1009 4865 1740 4929 -ll.toIntttoG.-22.cdserriG.—23.etde

418 4955 569 5007 unoquoque
585 4942 613 4992 L.
634 4969 661 4979 -
679 4941 721 4993 26.
738 4941 768 4992 de
785 4941 924 5004 949393--
936 4940 1052 5004 pluribus
1067 4953 1121 4992 orn.
1140 4942 1169 4992 G.
1185 4966 1212 4976 -
1230 4939 1273 4990 29.
1290 4940 1365 4990 lntott
1374 4940 1519 5005 Iladvigius
1532 4942 1587 5007 (Op.
1601 4943 1620 4992 l.
1632 4956 1659 5007 p.
1671 4939 1737 5006 tel.)

421 5021 448 5070 et
460 5018 650 5069 Buechnerns:
676 5017 762 5068 aaut
778 5017 870 5078 Gllv,
895 5018 981 5078 Parc,
1007 5017 1085 5077 Oxx.;
1110 5016 1323 5067 344149444νο40.
1343 5039 1372 5053 -
1395 5014 1437 5065 39.
1454 5028 1532 5076 neque
1548 5022 1645 5066 taceam
1660 5027 1687 5065 v.
1708 5041 1736 5052 -

421 5093 459 5146 33.
476 5095 515 5144 tta
531 5105 584 5144 orn.
604 5095 633 5144 G.
654 5120 682 5129 -
699 5093 917 5143 erocuve:
935 5104 975 5142 rer
991 5103 1016 5140 se
1032 5091 1090 5150 La;
1109 5103 1135 5140 r.
1153 5090 1240 5142 lledn
1258 5089 1294 5140 ad
1310 5089 1360 5141 co.
1379 5089 1498 5142 deFtrro.
1515 5091 1638 5155 p.57.-
1657 5088 1737 5154 tebet]

420 5172 519 5221 md.
540 5195 567 5205 -
590 5167 631 5220 3l.
649 5167 954 5232 magnoperedllvac.
974 5190 1003 5202 —
1025 5165 1066 5216 33.
1084 5170 1180 5228 corpur
1199 5170 1235 5216 est
1251 5166 1289 5215 G:
1315 5170 1450 5228 eruptores
1466 5165 1577 5227 hirec,
1595 5165 1686 5216 50¹¹.
1708 5190 1736 5200 -

421 5244 590 5311 wysogom
605 5243 673 5294 Gt:
692 5241 1089 5309 ammamomIICllsvam
1108 5240 1289 5306 osseam
1303 5246 1344 5305 ψς
1363 5239 1600 5304 &compesca-
1618 5237 1660 5291 39.
1677 5238 1739 5291 hacc

420 5331 518 5382 enarr
534 5317 645 5371 corbos
660 5330 686 5370 ι.
