4367 6109
458 564 520 634 ess
828 568 1201 637 mvnnneuaerro
1224 551 1408 636 sacoma

457 758 551 804 manu
581 738 735 803 retinebat
760 756 882 802 arcum:
912 737 1022 802 dextra
1049 738 1210 803 ardentem
1238 739 1340 804 facem
1361 737 1568 823 praeferebat.
1614 736 1667 802 75.
1690 737 1786 802 Hanc

457 854 527 897 cum
549 834 609 897 iste
630 851 788 896 sacrorum
803 833 942 896 omnium
958 841 988 895 et
1001 834 1193 917 religionum
1206 835 1306 899 bostis
1320 833 1502 919 praedoque
1517 834 1663 908 vidisset,
1689 832 1785 917 qnasi

455 926 511 991 illa
530 927 599 1011 ipse
620 926 688 991 iace
708 947 877 1011 percussus
891 935 989 1002 esset,
1011 928 1055 991 ita
1068 929 1199 1011 flagrare
1214 928 1386 1011 cupiditate
1401 934 1496 1011 atque
1510 928 1649 992 amentia
1662 929 1785 1011 coepit.

456 1021 592 1104 Imperat
613 1020 861 1104 magistratibus,
891 1028 927 1085 ut
948 1041 1017 1084 eam
1039 1021 1250 1086 demoliantur
1270 1030 1302 1084 et
1323 1023 1381 1084 sibi
1405 1023 1501 1085 dent:
1525 1023 1603 1087 nihil
1626 1024 1688 1087 sibi
1711 1041 1785 1106 gre-

432 1116 517 1179 etius
548 1116 687 1179 ostendit
714 1115 865 1180 firturum.
907 1116 957 1178 Illi
986 1135 1061 1178 vero
1082 1116 1187 1181 dicere
1210 1117 1268 1180 sibi
1290 1116 1322 1178 id
1344 1117 1433 1179 nefas
1456 1137 1526 1180 esse
1548 1136 1683 1201 seseque
1707 1135 1784 1179 cum

456 1230 576 1275 sumum
596 1209 765 1292 religione,
788 1218 852 1274 tum
875 1230 996 1274 summo
1018 1219 1104 1274 metu
1125 1212 1229 1293 legum
1245 1217 1276 1273 et
1290 1209 1476 1273 iudiciorum
1490 1211 1600 1274 teneri.
1630 1211 1696 1274 Iste
1711 1217 1784 1272 tum

455 1311 562 1388 petere
583 1305 621 1368 ab
643 1305 722 1379 illis,
745 1313 811 1368 tum
834 1306 959 1378 minari,
982 1310 1048 1367 tum
1070 1324 1176 1388 spem,
1199 1313 1265 1367 tum
1287 1313 1404 1367 metum
1419 1304 1599 1368 ostendere.
1629 1303 1786 1387 Oppone-

454 1398 531 1462 bant
552 1399 598 1462 illi
619 1418 735 1463 nomen
756 1399 914 1462 interdum
935 1399 969 1461 P.
983 1396 1141 1461 Africani:
1164 1398 1274 1483 populi
1287 1399 1418 1461 Romani
1434 1398 1513 1462 illud
1528 1418 1599 1461 esse
1613 1397 1785 1460 dicebant:

455 1493 532 1557 nibil
553 1513 587 1557 se
610 1495 642 1557 in
665 1514 703 1558 eo
725 1496 887 1577 potestatis
901 1492 1032 1566 babere,
1055 1492 1142 1576 quod
1157 1495 1325 1575 imperator
1339 1490 1529 1554 clarissimus
1544 1492 1622 1554 urbe
1637 1490 1784 1554 bostium

417 1595 547 1670 ttcapta
567 1596 804 1652 monumentum
824 1588 974 1651 victoriae
994 1586 1104 1671 populi
1126 1587 1256 1650 llomani
1279 1606 1349 1649 csse
1364 1585 1526 1648 voluisset.
1556 1582 1607 1647 76.
1623 1584 1704 1647 Cum
1718 1583 1786 1645 iste

454 1682 554 1745 nihilo
584 1683 743 1746 remissius
771 1691 866 1766 atque
895 1682 989 1745 etiam
1015 1680 1116 1743 multo
1137 1680 1354 1744 vehementius
1381 1680 1513 1742 instaret
1534 1678 1696 1762 quotidie,
1729 1696 1785 1740 res

454 1776 557 1859 agitur
578 1778 611 1840 in
633 1784 753 1839 senatu.
797 1775 1008 1838 Vehementer
1027 1774 1067 1837 ab
1089 1775 1233 1838 omnibus
1255 1774 1451 1838 reclamatur.
1489 1775 1599 1858 Itaque
1621 1774 1676 1836 illo
1700 1778 1786 1836 tem·

453 1889 529 1953 pore
551 1888 587 1932 ac
616 1869 717 1952 primo
737 1870 827 1933 istius
848 1871 984 1933 adventu
1005 1877 1205 1951 pernegatur.
1249 1869 1377 1944 Postea,
1408 1868 1561 1953 quidquid
1584 1875 1650 1932 erat
1672 1866 1784 1931 oneris

453 1963 486 2025 in
515 1964 620 2027 nautis
648 1964 882 2048 remigibusque
912 1963 1092 2046 exigendis,
1123 1964 1155 2025 in
1184 1962 1340 2025 frumento
1366 1963 1565 2044 imperando,
1597 1962 1784 2047 Segestanis

416 2065 578 2141 repraeter
598 2063 718 2122 ceteros
741 2058 936 2141 imponebat,
958 2057 1120 2140 aliquanto
1142 2056 1276 2138 amplius
1299 2076 1393 2139 quam
1415 2055 1497 2119 serre
1519 2066 1664 2141 possent:
1688 2076 1785 2143 prae·

452 2159 539 2215 terea
560 2152 757 2234 magistratus
780 2173 887 2215 eorum
909 2151 1075 2225 evocabam
1097 2151 1249 2234 optimum
1271 2170 1429 2234 quemque
1446 2159 1476 2215 et
1490 2153 1723 2217 nobilissimum
1738 2149 1782 2216 ad

451 2266 486 2309 se
507 2247 696 2310 arcessebat:
721 2247 836 2310 circum
857 2246 961 2309 omnia
983 2245 1160 2328 provinciae
1181 2244 1249 2307 fore
1265 2246 1422 2326 rapiebat:
1445 2245 1624 2328 singillatim
1639 2247 1697 2311 uni
1713 2245 1783 2309 cui·

453 2361 514 2424 quc
536 2340 703 2404 calamitati
724 2339 792 2404 iore
814 2361 848 2404 se
872 2339 1089 2402 denuntiabat:
1113 2339 1266 2403 universis
1289 2359 1323 2402 se
1344 2338 1484 2403 funditus
1506 2359 1688 2404 eversumm
1706 2358 1782 2403 esse

450 2433 538 2498 illam
559 2435 714 2498 civitatem
736 2434 919 2499 minabatur.
955 2435 1066 2516 Itaque
1088 2432 1260 2516 aliquando
1274 2433 1381 2497 multis
1395 2432 1486 2498 melis
1500 2454 1678 2519 magnoque
1693 2441 1782 2498 metu

413 2529 525 2594 revicti
548 2529 710 2613 Segestani
732 2530 886 2612 praetoris
907 2529 1038 2611 imperio
1060 2527 1234 2610 parendum
1249 2547 1320 2590 esse
1336 2527 1550 2591 decreverunt.
1576 2529 1691 2613 Magno
1707 2550 1781 2592 curn

450 2622 536 2686 luctu
566 2630 597 2686 et
625 2623 743 2706 gemitu
771 2623 866 2686 totius
888 2622 1039 2697 civitatis,
1068 2622 1172 2685 multis
1195 2643 1264 2684 cum
1295 2621 1430 2685 lacrimis
1452 2629 1483 2685 et
1504 2622 1781 2687 lamentationibus

451 2717 588 2780 virorum
620 2717 849 2800 mulierumque
882 2716 1021 2780 omnium
1054 2715 1254 2779 simulacrum
1287 2717 1406 2779 Dianae
1439 2716 1614 2782 tollendum
1648 2718 1779 2781 locatur.

450 2811 580 2874 XXXV.
611 2808 662 2872 77.
692 2810 821 2886 Videte,
854 2817 973 2896 quanta
1000 2809 1113 2892 religio
1142 2808 1236 2872 fuant
1256 2810 1340 2893 apud
1363 2809 1560 2893 Segestanos.
1603 2813 1777 2896 Repertum

450 2926 537 2979 esse,
567 2904 704 2981 iudices,
737 2907 846 2970 scitote
875 2906 1050 2978 neminem,
1082 2924 1186 2987 neque
1209 2903 1343 2966 liberum
1365 2924 1469 2989 neque
1492 2924 1633 2981 serium,
1668 2924 1777 2988 neque

412 3001 550 3070 ascirem
571 3020 676 3082 neque
698 3001 916 3083 peregrinum,
946 3000 1001 3083 qui
1030 2998 1108 3061 illud
1131 2998 1254 3080 signum
1276 2998 1405 3062 auderet
1427 3000 1597 3082 attingere:
1626 2999 1777 3062 barbaros

449 3094 603 3180 quosdam
617 3094 768 3179 lilybaeo
791 3095 903 3157 scitote
918 3093 1068 3157 adductos
1084 3112 1154 3155 esse
1169 3093 1343 3176 operarios:
1365 3092 1398 3154 bi
1413 3092 1550 3177 denique
1566 3094 1654 3169 illud,
1675 3093 1776 3176 ignari

449 3189 545 3252 totius
566 3189 685 3271 negotii
706 3209 743 3252 ac
764 3187 941 3271 religionis,
964 3186 1107 3250 mercede
1128 3193 1257 3269 accepta
1278 3186 1482 3250 sustulerunt.
1526 3186 1621 3262 Quod
1643 3208 1712 3251 cum
1735 3204 1777 3249 ex

450 3283 565 3366 oppido
582 3283 820 3365 exportabatur,
843 3302 937 3366 quem
954 3288 1138 3344 conventum
1154 3280 1319 3343 mulierum
1338 3280 1454 3343 iactum
1470 3300 1539 3343 esse
1561 3280 1775 3343 arbitramini?

451 3397 546 3461 quem
567 3373 674 3440 ilatum
695 3378 847 3440 maiorum
869 3378 966 3439 natui
989 3393 1122 3458 quorum
1144 3374 1287 3438 nonnulli
1310 3374 1404 3437 etiam
1420 3374 1509 3437 illurn
1525 3375 1609 3436 diem
1626 3374 1776 3436 memoria

412 3473 614 3545 eotenebant,
645 3491 716 3534 cum
736 3470 791 3533 illa
812 3469 923 3533 eadem
944 3470 1044 3532 Diana
1067 3470 1228 3551 Segestam
1250 3467 1442 3551 Karthagine
1464 3476 1590 3531 revecta
1611 3467 1773 3530 victoriam

451 3564 559 3648 populi
580 3564 711 3627 Romani
732 3562 835 3626 reditu
857 3581 914 3626 suo
936 3563 1120 3627 nuntiasset.
1156 3562 1257 3637 Quam
1280 3561 1439 3625 dissimilis
1460 3562 1512 3625 bic
1534 3561 1601 3624 dies
1624 3560 1671 3622 illi
1694 3567 1775 3622 tem·

450 3658 520 3741 pori
553 3657 734 3720 videbaturl
769 3659 850 3720 Tum
882 3659 1053 3739 imperator
1078 3657 1186 3741 populi
1216 3657 1365 3730 Romani,
1398 3657 1446 3719 vir
1466 3655 1673 3728 clarissimus,
1696 3654 1776 3716 deos

450 3750 568 3834 patrios
589 3750 767 3836 reportabat
788 3752 968 3835 Segestanis
991 3772 1032 3815 ex
1051 3751 1128 3814 urbe
1149 3751 1284 3815 bostium
1298 3758 1518 3834 recuperatos:
1540 3768 1625 3811 nunc
1640 3767 1682 3811 ex
1694 3745 1775 3810 urbe

516 4089 539 4140 4.
564 4086 638 4152 banc]
664 4088 725 4139 baec
741 4090 819 4152 Lagg.
845 4112 874 4125 -
898 4088 923 4139 2.
941 4093 965 4138 et
980 4087 1051 4153 relig.
1069 4088 1093 4138 t.
1109 4089 1254 4151 praedoque
1270 4086 1459 4152 natELgss:
1488 4086 1562 4137 hostis
1577 4082 1776 4150 religiosamque

446 4165 543 4228 praedo
559 4162 624 4214 dett.
643 4164 671 4214 0.
693 4191 719 4198 —
739 4164 763 4215 3.
781 4163 826 4212 illa
843 4163 899 4226 ipsc
914 4163 964 4224 na,
978 4163 997 4213 E
1009 4163 1090 4226 ngas:
1109 4165 1165 4227 ipsa
1181 4165 1227 4214 itta
1237 4165 1301 4214 dett.
1315 4165 1349 4223 0;
1369 4169 1500 4225 tamquam
1515 4161 1561 4212 itta
1577 4162 1632 4226 ipsa
1647 4162 1703 4225 lace
1715 4175 1776 4224 per·

448 4240 531 4289 ιοοὶοιοο
546 4243 607 4289 esset
621 4240 728 4302 Agroet.
746 4251 772 4302 p.
791 4236 865 4288 tart.
886 4262 913 4274 -
931 4251 1088 4300 repercussas
1104 4239 1182 4301 lgea.
1202 4265 1231 4275 -
1248 4236 1273 4288 4.
1290 4238 1463 4302 magistatem
1478 4242 1507 4286 ut
1521 4236 1585 4287 dett.
1601 4263 1629 4274 -
1648 4237 1672 4285 s.
1691 4235 1775 4285 ideibi

447 4329 474 4365 o.
492 4327 543 4365 esse
558 4326 630 4375 ecque
647 4311 711 4363 dett.
730 4314 759 4363 0.
780 4340 807 4349 -
826 4313 890 4375 cam]
909 4318 961 4363 tum
978 4313 1056 4376 Lagg.
1069 4315 1178 4377 praeter
1187 4314 1229 4364 29.
1243 4342 1270 4351 -
1290 4315 1314 4364 6.
1333 4328 1389 4364 cam
1403 4319 1487 4377 petere
1503 4310 1557 4364 nl.
1572 4339 1601 4350 -
1620 4313 1645 4362 l.
1663 4312 1712 4362 illie
1722 4313 1743 4362 R
1754 4313 1774 4362 E

448 4393 541 4455 nagge
561 4391 595 4440 cis
611 4387 683 4439 lGS.
705 4416 731 4425 -
749 4389 864 4439 minitari
880 4390 909 4438 E.
930 4416 957 4426 —
976 4389 999 4439 8.
1018 4387 1143 4438 interdum
1159 4402 1246 4439 omnen
1263 4387 1328 4438 dett.
1342 4389 1370 4438 0.
1386 4416 1411 4425 -
1432 4389 1457 4437 P.
1473 4387 1527 4451 Afr.
1541 4389 1620 4440 RSE:
1638 4389 1693 4453 Asr.
1706 4388 1773 4439 dett.

448 4467 478 4518 0.
498 4493 526 4502 -
541 4465 628 4528 populi
645 4463 697 4526 na,
716 4462 736 4514 E
754 4464 847 4528 (lladv.
867 4477 893 4528 p.
912 4463 976 4526 tol:
996 4464 1087 4513 donum
1101 4463 1188 4526 populi
1204 4463 1269 4514 dett.
1283 4465 1312 4514 0.
1331 4465 1473 4514 «Gruterus
1491 4477 1544 4514 non
1561 4464 1663 4516 donum
1675 4465 1776 4529 Scipio-

447 4542 501 4602 nis,
520 4540 569 4592 sed
586 4553 644 4591 rem
661 4537 750 4604 populi
767 4541 795 4590 li.
814 4541 948 4605 propriam
966 4540 1009 4590 hic
1021 4537 1147 4602 intelligit.
1169 4539 1333 4604 optimorum
1346 4538 1423 4589 codd.
1437 4537 1514 4590 lectio
1526 4541 1701 4591 vehementer
1711 4552 1776 4590 con·

447 4615 570 4666 firmatur
591 4629 607 4664 a
629 4613 820 4678 sequentibus:
843 4615 904 4664 adsit
923 4627 948 4664 es
965 4615 991 4663 ta
1007 4629 1035 4665 eo
1051 4615 1181 4676 potestatis
1196 4615 1297 4674 babere;
1326 4615 1388 4665 item
1406 4613 1440 4664 ab
1458 4616 1502 4676 iis,
1526 4629 1595 4679 quae
1612 4614 1737 4680 leguntur
1753 4616 1773 4666 l.

447 4688 472 4753 fl.
491 4690 546 4741 ll.:
573 4690 608 4739 bl.
626 4689 741 4740 Marcelli
757 4694 780 4738 st
802 4690 828 4738 P.
845 4690 959 4753 Africani
970 4689 1198 4740 --tiabeocntm
1216 4692 1309 4739 Gansr.
1328 4690 1359 4739 11.
1379 4715 1406 4725 -
1434 4692 1473 4740 40.
1494 4704 1554 4753 pop.
1573 4692 1601 4742 lt.
1621 4703 1674 4741 om.
1693 4689 1723 4740 E.
1744 4716 1772 4726 -

447 4763 488 4816 44.
505 4763 639 4829 remigibus
654 4765 732 4827 Lagg.
751 4763 816 4814 dett.
837 4791 865 4801 -
883 4765 910 4813 io
926 4776 980 4813 om.
999 4765 1076 4828 ng.
1097 4790 1126 4801 -
1151 4765 1191 4815 tt.
1210 4764 1347 4826 ammodo
1364 4766 1393 4815 lt.
1414 4790 1442 4800 -
1462 4765 1502 4814 46.
1522 4770 1544 4814 st
1560 4765 1634 4816 nobit.
1654 4775 1775 4827 coemptae

446 4839 511 4890 dett.
530 4840 560 4889 0.
580 4865 608 4874 -
627 4838 667 4889 tr.
686 4837 824 4888 arcessebat
840 4839 925 4902 LgSS:
945 4839 1085 4890 occurebat
1101 4841 1121 4890 n
1139 4842 1167 4889 et
1181 4837 1238 4889 rell.
1258 4840 1336 4902 Lagg.
1356 4866 1383 4876 -
1402 4838 1469 4903 sora]
1488 4838 1543 4886 toea
1560 4840 1638 4902 lagg.
1657 4836 1722 4888 dett.
1743 4864 1772 4874 -

445 4913 590 4978 sagmata
605 4909 630 4962 λ.
651 4938 679 4949 -
706 4913 746 4963 48.
764 4926 789 4962 ee
804 4914 859 4977 tore
874 4913 952 4976 egre.
982 4940 1009 4950 -
1035 4915 1199 4966 dmmclabat
1216 4916 1244 4965 n.
1264 4940 1293 4953 -
1320 4915 1463 4965 rotumam
1480 4914 1545 4966 dett.
1574 4940 1601 4950 -
1627 4926 1704 4963 euers.
1722 4925 1775 4963 esee

445 4989 516 5039 mam
532 4988 584 5038 ΒΕ
601 4987 663 5039 l.d.:
691 5001 740 5038 csse
757 5000 810 5039 om.
830 4990 880 5049 ot;
907 5000 956 5038 esee
972 5001 1009 5039 co.
1027 4990 1063 5041 itt.
1082 4991 1132 5051 δὴ
1159 4991 1229 5040 444οοι
1247 5004 1285 5042 ev.
1304 5004 1353 5042 esse
1370 4991 1434 5042 dett.
1453 4992 1482 5042 0.
1503 5016 1531 5027 -
1550 4989 1590 5039 49,
1608 4985 1775 5037 minitabatur

445 5064 523 5128 [2329.
543 5086 571 5099 -
596 5063 638 5113 rt.
656 5063 775 5114 heremis
790 5058 859 5126 egee
877 5063 995 5126 tammo
1010 5064 1049 5126 R).
1069 5091 1097 5101 -
1120 5065 1296 5117 lamentatione
1312 5066 1376 5117 dett.
1396 5068 1424 5117 0.
1445 5092 1473 5103 —
1498 5064 1540 5115 23.
1557 5061 1645 5127 religio
1661 5062 1698 5113 ns
1709 5059 1725 5110 λ
1738 5063 1770 5112 E:

444 5138 564 5203 religiose
580 5138 645 5189 dett.
664 5140 693 5190 0.
714 5167 742 5177 -
759 5139 800 5191 at.
817 5152 896 5202 osque
912 5139 1016 5190 libemm
1032 5151 1086 5191 om.
1105 5140 1183 5206 lagg.
1202 5168 1230 5178 -
1255 5143 1297 5193 26.
1315 5141 1414 5204 captes
1431 5142 1458 5193 ll.
1477 5168 1503 5176 -
1524 5140 1643 5190 mamma
1659 5137 1696 5189 aa
1707 5135 1724 5186 λ
1735 5137 1770 5188 E:

445 5213 580 5266 advocator
597 5214 662 5266 dett.
677 5240 706 5251 -
717 5215 752 5265 iti
769 5216 798 5266 li.
818 5213 917 5281 [malim
932 5215 952 5266 it
968 5211 1027 5266 coll.
1039 5213 1063 5278 fl.
1076 5214 1117 5266 64.
1135 5215 1229 5282 llam]
1243 5242 1270 5254 -
1283 5215 1325 5268 28.
1342 5215 1525 5280 asportabatur
1540 5214 1608 5266 ltili
1626 5213 1669 5280 (ci.
1682 5212 1770 5267 ltadv.

445 5301 473 5355 p.
491 5289 556 5356 ⁷²·l2
574 5294 753 5355 mpcrtaretar
768 5290 833 5343 dett.
851 5291 882 5344 0.
