4367 6109
759 600 1129 670 aman-xxxa
1156 598 1391 690 snae-as.
1685 598 1727 668 aa

413 775 574 851 armentis
605 775 750 839 omnibus
783 773 919 857 spoliata
949 775 1036 838 nuda
1067 774 1232 858 cupiditati
1265 775 1522 859 petulantiaeque
1555 774 1727 841 addicatur.

414 868 467 934 93.
487 873 559 934 Non
582 877 796 954 comparatae
818 875 923 932 tecum
945 869 1045 952 gratia
1065 870 1099 932 P.
1122 868 1306 945 Quinctius,
1331 870 1403 933 Sex.
1425 871 1540 947 Naevi3
1572 889 1638 933 non
1659 868 1728 953 opi·

415 967 488 1040 bus,
510 983 575 1028 non
597 964 745 1027 facultate
766 962 939 1026 contendit.
983 963 1102 1027 Omnes
1123 971 1193 1025 tuas
1214 972 1315 1039 artes,
1338 964 1454 1047 quibus
1476 970 1509 1027 tu
1530 982 1661 1046 magnus
1684 980 1729 1036 es,

411 1060 471 1124 tibi
493 1059 648 1123 concedit.
691 1059 819 1120 Fatetur
851 1077 885 1120 se
917 1076 982 1121 nou
1010 1056 1094 1119 belle
1123 1056 1244 1131 dicere,
1277 1077 1341 1120 non
1363 1058 1403 1120 ad
1424 1056 1618 1121 voluntatem
1638 1053 1728 1137 loqui

414 1172 525 1239 posse,
547 1172 613 1216 non
634 1151 673 1213 ab
695 1148 812 1214 afflicta
833 1151 972 1214 amicitia
993 1150 1189 1232 transfugere
1211 1157 1307 1235 atque
1328 1152 1368 1216 ad
1390 1152 1553 1217 florentem
1566 1150 1660 1214 aliam
1675 1148 1767 1213 de-o

414 1248 537 1323 volare,
559 1266 624 1311 uon
647 1244 786 1328 profusis
808 1245 987 1328 sumptibus
1009 1244 1132 1318 vivere,
1156 1263 1220 1306 non
1242 1263 1354 1308 ornare
1369 1245 1534 1328 magnifice
1549 1244 1730 1332 splendide·

416 1362 481 1428 que
506 1339 702 1414 convivium,
733 1358 798 1402 non
828 1339 945 1402 babere
975 1340 1104 1402 domum
1132 1338 1270 1402 clausam
1299 1341 1413 1422 pudori
1435 1345 1467 1403 ct
1488 1338 1729 1412 sanctimoniae,

415 1444 574 1521 patentem
600 1442 696 1518 atque
726 1434 807 1497 adeo
830 1434 1005 1515 expositam
1028 1432 1194 1517 cupiditati
1216 1441 1248 1496 et
1269 1434 1503 1518 voluptatibus:
1533 1441 1642 1499 contra
1670 1430 1731 1496 sibi

415 1535 460 1598 ait
480 1526 634 1604 officium,
657 1527 767 1603 fidem,
797 1529 1008 1612 diligentiam,
1036 1529 1133 1592 vitam
1155 1528 1285 1592 omnino
1308 1549 1433 1612 semper
1452 1530 1613 1596 borridum
1634 1534 1731 1611 atque

414 1627 533 1693 aridam
555 1626 644 1688 cordi
665 1624 773 1687 fuisse.
808 1625 872 1687 Ista
894 1625 1058 1707 superiora
1080 1640 1151 1687 esse
1174 1643 1210 1686 ac
1231 1624 1401 1705 plurimum
1416 1644 1511 1707 posse
1526 1626 1576 1688 bis
1591 1623 1768 1687 moribusio

414 1721 518 1786 sentit.
554 1715 605 1781 94.
629 1719 713 1795 Quid
736 1738 810 1801 ergo
832 1721 995 1781 estinan
1017 1737 1119 1801 usque
1141 1736 1180 1780 eo
1202 1724 1322 1793 tamen,
1344 1726 1380 1781 ut
1400 1718 1434 1780 in
1456 1719 1559 1802 capite
1580 1715 1732 1781 fortunis·

415 1835 478 1901 que
499 1815 665 1877 bominum
685 1812 980 1876 honestissimorum
1003 1812 1205 1874 dominentur
1221 1812 1258 1884 ii,
1281 1813 1337 1896 qui
1354 1813 1465 1876 relicta
1477 1813 1618 1876 virorum
1632 1812 1732 1873 bono·

412 1931 483 1975 rum
506 1909 675 1992 disciplina
697 1914 729 1969 ct
750 1914 916 1990 quaestum
940 1910 972 1968 et
993 1913 1154 1987 sumptum
1176 1906 1312 1969 Gallonii
1337 1907 1427 1991 sequi
1442 1906 1622 1972 maluerunt
1635 1912 1731 1988 atque

413 2005 524 2079 etiam,
547 2003 634 2087 quod
655 2003 690 2064 in
713 2001 768 2064 illo
790 2000 954 2073 nonfuit,
976 2019 1047 2062 cum
1071 1999 1204 2063 audacia
1217 1998 1412 2085 perfidiaque
1429 2003 1586 2066 vixerunt.
1610 2001 1642 2064 si
1659 1999 1733 2062 licet

412 2102 521 2164 vivere
542 2116 632 2170 eum,
655 2114 749 2180 quem
771 2095 844 2158 Sex.
866 2093 1004 2157 Naevius
1025 2112 1090 2156 non
1113 2093 1198 2169 rult3
1228 2095 1255 2157 si
1277 2103 1326 2158 est
1345 2097 1466 2159 bomini
1487 2095 1622 2160 honesto
1643 2094 1769 2160 locuste

413 2196 448 2259 in
470 2192 596 2256 civitate
617 2191 718 2254 invito
739 2190 876 2266 Naevio;
909 2189 935 2252 si
965 2188 1012 2252 fas
1034 2195 1084 2251 cst
1103 2188 1260 2271 respirare
1281 2190 1314 2252 P.
1337 2190 1522 2266 Quinctium
1543 2198 1653 2254 contra
1674 2208 1733 2252 nu·

413 2298 481 2354 tum
503 2287 722 2370 ditionemque
747 2285 875 2358 Naevii3
901 2285 946 2358 si,
975 2301 1056 2366 quae
1084 2281 1207 2365 pudore
1237 2291 1421 2348 ornamenta
1443 2286 1505 2349 sibi
1527 2285 1668 2369 peperit,
1695 2302 1733 2348 ea

414 2390 521 2468 potest
541 2387 651 2445 contra
671 2379 880 2462 petulantiam
903 2385 934 2442 te
957 2376 1149 2440 defendente
1171 2377 1329 2442 obtinere:
1352 2399 1425 2462 spes
1448 2387 1512 2456 est,
1533 2381 1618 2443 bunc
1640 2378 1734 2442 mise·

414 2498 484 2541 rum
506 2483 602 2559 atque
623 2472 781 2536 infelicem
804 2472 976 2556 aliquando
998 2470 1125 2533 taudem
1149 2489 1243 2553 posse
1266 2473 1449 2536 consistere.
1487 2475 1542 2538 Sin
1564 2482 1596 2538 et
1617 2471 1735 2558 poterit

413 2571 552 2638 Naevius
575 2569 624 2644 id,
647 2567 848 2651 quodlibet,
873 2573 905 2629 et
926 2566 955 2628 ei
979 2565 1090 2628 libebit
1111 2565 1160 2639 id,
1183 2567 1270 2650 quod
1291 2568 1461 2644 nonlicet,
1485 2569 1561 2653 quid
1576 2568 1771 2652 agendumio

415 2668 486 2729 esti
509 2664 565 2748 qui
587 2665 665 2727 deus
688 2661 896 2745 appellandus
918 2662 987 2723 esti
1010 2661 1100 2723 cuius
1121 2661 1260 2725 hominis
1283 2659 1359 2725 fides
1373 2663 1573 2746 imploranda
1588 2666 1655 2726 esti
1678 2661 1734 2746 qui

415 2760 553 2843 denique
582 2764 728 2841 questus,
761 2757 817 2841 qui
846 2774 970 2819 maeror
997 2756 1111 2837 dignus
1141 2756 1276 2820 inveniri
1299 2756 1475 2821 calamitate
1497 2765 1584 2822 muta
1605 2757 1733 2843 potasti

414 2854 534 2919 xxxi.
563 2849 614 2914 95.
643 2853 794 2915 Miserum
823 2859 872 2915 est
893 2850 1051 2914 deturbari
1077 2850 1212 2915 fortunis
1234 2851 1396 2928 omnibus,
1425 2853 1570 2917 miserius
1598 2851 1733 2925 iniuria3

415 2946 562 3013 acerbum
591 2951 639 3009 est
663 2945 832 3028 abaliquo
855 2945 1091 3020 circumveniri,
1122 2946 1265 3009 acerbius
1292 2964 1310 3009 a
1340 2947 1539 3032 propinqu03
1572 2945 1734 3011 calamito-

415 3062 483 3107 sum
506 3046 556 3105 est
574 3040 668 3103 bonis
689 3040 803 3114 everti,
832 3039 1047 3103 calamitosius
1075 3060 1147 3102 cum
1172 3041 1344 3117 dedecore3
1366 3041 1527 3105 funestum
1549 3049 1598 3105 est
1619 3062 1637 3106 a
1659 3040 1771 3105 fortias

416 3145 512 3220 atque
538 3135 673 3198 honesto
702 3135 771 3196 viro
794 3134 948 3217 iugulari,
978 3133 1136 3198 funestius
1164 3134 1203 3198 ab
1233 3154 1289 3211 eo,
1311 3137 1402 3199 cuius
1424 3154 1487 3200 vox
1508 3137 1542 3199 in
1562 3136 1733 3221 praeconio

479 3353 502 3402 4.
521 3351 650 3416 expoliata
666 3365 690 3402 e.
710 3377 738 3388 -
757 3351 882 3403 «Videtur
898 3353 961 3403 mibi
979 3365 1031 3403 vox
1047 3353 1116 3403 auda
1132 3353 1323 3416 superfluere.»
1341 3355 1402 3403 Gru.
1421 3354 1446 3404 2.
1467 3379 1494 3391 -
1513 3354 1655 3417 addiscam]
1673 3355 1734 3404 Post

414 3428 465 3479 boc
481 3426 595 3478 verbum
612 3428 726 3491 spatium
743 3438 857 3477 vacuum
875 3429 916 3477 esi
931 3427 1077 3478 litterarum
1095 3429 1200 3478 circiter
1216 3428 1368 3491 quindecim
1386 3429 1410 3478 ln
1427 3427 1497 3479 bcf
1505 3443 1534 3493 g,
1551 3428 1629 3494 paulo
1646 3430 1733 3480 miuus

414 3504 521 3558 dimidio
532 3515 613 3554 versu
624 3504 650 3554 iu
662 3503 689 3565 d,
707 3502 828 3567 adeoque
840 3503 958 3555 sedecim
970 3516 1097 3555 vemuum
1109 3506 1136 3554 et
1147 3503 1247 3554 dimidii
1260 3504 1286 3554 in
1298 3518 1327 3561 a.
1346 3504 1428 3567 quiin
1440 3503 1533 3555 lacuna
1544 3505 1671 3569 scriptum
1684 3503 1733 3553 ba-

415 3581 476 3630 bet:
496 3580 677 3630 «Tantundem
694 3579 783 3629 delicit
800 3580 826 3630 in
839 3581 1021 3645 antiquissimo
1034 3578 1125 3630 codice
1143 3583 1170 3629 et
1180 3581 1206 3630 in
1218 3578 1288 3630 nubo
1300 3579 1351 3630 alio
1362 3582 1518 3645 reperitur.»
1537 3578 1576 3630 ild
1587 3580 1733 3643 marginem

416 3655 513 3706 codicis
535 3652 616 3705 Palat.
635 3656 720 3718 quarti
742 3654 897 3705 adnotatum
921 3657 961 3704 est
978 3655 1044 3705 duas
1061 3653 1157 3706 deesse
1173 3666 1262 3705 voces.
1291 3656 1382 3718 ltaque
1399 3653 1508 3705 lacunae
1526 3655 1629 3718 signum
1647 3653 1735 3719 posuit

415 3732 445 3781 0.
470 3731 566 3781 Contra
583 3730 609 3780 in
633 3731 652 3779 P
673 3728 774 3779 nullum
792 3732 832 3779 est
849 3729 968 3780 defectus
986 3731 1103 3793 signum,
1122 3742 1209 3793 neque
1227 3728 1373 3793 quidquam
1390 3728 1564 3781 desideratur.
1584 3756 1611 3766 -
1630 3729 1654 3780 2.
1672 3730 1732 3779 Sea.

414 3820 468 3859 om.
486 3808 515 3857 P.
534 3831 563 3843 -
582 3803 607 3856 l.
625 3803 742 3868 coneedit]
759 3805 842 3854 cando
857 3806 886 3855 P.
906 3831 934 3841 -
953 3805 1019 3870 belle]
1036 3805 1099 3855 cede
1115 3805 1292 3868 Geiclikm
1304 3819 1330 3856 u.
1346 3831 1374 3842 -
1390 3804 1669 3868 commaculemini
1686 3817 1734 3855 su-

414 3883 505 3947 spicio.
530 3879 589 3930 Vid.
608 3879 727 3930 Oobsner
743 3877 830 3943 Eclog.
850 3879 905 3931 Cic.
922 3892 949 3945 p.
970 3880 1026 3930 ios.
1046 3905 1073 3916 -
1092 3880 1117 3928 6.
1136 3878 1168 3928 ab
1185 3891 1238 3929 om.
1257 3880 1315 3929 PG.
1336 3905 1364 3916 -
1381 3884 1456 3942 atque
1471 3880 1498 3929 iu
1513 3881 1640 3945 menum
1656 3881 1735 3932 644646

414 3955 610 4008 mumolum.
630 3981 656 3991 -
677 3955 701 4005 6.
719 3955 966 4021 amaromaqaiflce]
984 3953 1309 4018 omattbaasmcqcipcirl‘.
1330 3955 1731 4021 -spieadidemapitpceqaeb

416 4061 444 4071 -
462 4035 486 4083 ’4.
504 4032 683 4083 mtbnoniaa
698 4036 772 4094 atae
788 4032 851 4081 adea
866 4032 1007 4094 sepositam
1020 4035 1147 4093 ραιωίοηι
1161 4030 1293 4093 usnimi
1308 4043 1338 4092 e,
1361 4031 1559 4082 cananaeae:
1582 4037 1658 4094 atqie
1673 4032 1734 4082 adeo

414 4109 554 4172 moutam
569 4112 593 4158 ot
605 4111 732 4170 mucuns
747 4107 879 4170 medieni
894 4108 929 4167 Α,
950 4107 1129 4156 sanctbnoniao
1142 4112 1315 4168 metuoque
1330 4108 1391 4158 adea
1407 4108 1544 4170 masicen
1560 4109 1691 4171 6444644644
1707 4109 1732 4160 k.

417 4212 444 4224 -
462 4184 487 4236 8.
505 4183 536 4248 et]
553 4189 628 4245 atquo
643 4184 669 4234 k.
689 4208 718 4219 -
734 4183 902 4233 comibus
918 4183 946 4233 P.
966 4211 994 4220 -
1013 4182 1036 4232 9.
1055 4183 1092 4232 ait
1108 4194 1162 4232 om.
1177 4181 1252 4236 Abi
1268 4195 1330 4234 cum
1342 4183 1465 4236 omnibus
1477 4182 1613 4235 codicibus
1629 4186 1736 4249 praeter

414 4259 605 4312 Pstfortasse
623 4257 639 4309 l.
660 4284 687 4294 -
707 4259 790 4322 mue]
808 4271 838 4308 ac
855 4256 1096 4322 Gbcdfgbik.
1116 4285 1144 4295 —
1164 4259 1203 4308 46.
1221 4260 1250 4321 is]
1267 4260 1292 4308 iu·
1308 4258 1466 4311 aeblmu
1483 4263 1510 4311 et
1525 4261 1555 4311 Α.
1576 4287 1603 4296 -
1621 4260 1734 4310 eirenen

414 4330 947 4398 bonancuGbcdegbiimnotA:
970 4333 1317 4390 bononmoirommbio.
1342 4336 1381 4387 cf.
1400 4336 1424 4400 5.
1443 4338 1483 4387 66.
1505 4363 1532 4373 -
1557 4336 1598 4386 43.
1617 4335 1733 4401 Gallonio]

414 4411 529 4460 calomen
545 4410 571 4459 la.
592 4432 620 4445 -
647 4406 688 4460 at.
711 4407 843 4473 mmm]
863 4409 927 4458 Post
951 4409 1003 4459 boc
1019 4406 1133 4458 verbum
1151 4412 1193 4459 est
1208 4411 1322 4473 spatium
1341 4423 1455 4461 vacuum
1471 4411 1498 4461 in
1514 4424 1530 4461 a
1547 4412 1653 4461 circiter
1672 4410 1735 4461 dua·

415 4497 473 4535 rum
492 4486 518 4534 et
528 4484 629 4546 viginti,
648 4484 675 4533 in
691 4481 755 4538 bei
766 4485 884 4549 septem,
904 4485 929 4533 iu
941 4497 958 4547 g
970 4482 1127 4543 duodecim,
1146 4484 1172 4532 iu
1189 4482 1197 4534 l
1214 4482 1332 4534 sedecim
1344 4483 1498 4536 litterarum.
1522 4487 1550 4536 ln
1569 4485 1610 4550 dg
1626 4498 1734 4536 versum
1761 4505 1765 4512 ¹

415 4558 512 4610 claudit
532 4556 594 4609 illud
616 4557 744 4619 verbum,
770 4570 887 4623 sequens
909 4561 998 4608 autem
1022 4556 1111 4608 initiali
1129 4560 1171 4608 est
1187 4560 1317 4608 oruaium.
1344 4561 1373 4609 ln
1391 4562 1507 4624 margine
1525 4561 1632 4612 Palatini
1650 4562 1735 4624 quarti

414 4633 524 4698 legitur:
551 4632 705 4684 «Deficiunt
721 4632 790 4684 duae
807 4633 935 4684 dictiones
951 4633 993 4684 vel
1010 4647 1089 4684 una.»
1115 4659 1143 4668 -
1169 4634 1209 4684 46.
1227 4647 1284 4685 eum
1298 4635 1381 4686 oiocm
1396 4636 1421 4686 k.
1441 4663 1469 4673 —
1496 4638 1537 4687 46.
1554 4638 1595 4701 fas
1610 4637 1736 4699 respirare

415 4712 476 4773 lom.
495 4709 540 4774 est)
557 4711 582 4760 k.
603 4737 630 4746 -
650 4712 689 4761 47.
706 4712 813 4774 pepedi]
828 4714 920 4774 reperit
937 4723 990 4773 mg.
1009 4708 1036 4764 2.
1056 4737 1083 4746 -
1106 4709 1145 4773 ea]
1162 4715 1186 4760 et
1202 4724 1226 4760 e.
1244 4734 1268 4749 -·
1293 4710 1333 4761 46.
1350 4724 1404 4772 spes
1419 4718 1455 4761 est
1470 4710 1535 4761 bunc
1551 4714 1664 4763 Iuntina:
1682 4723 1736 4773 spes

414 4792 448 4836 ea
464 4790 487 4835 et
502 4786 566 4834 branc
583 4797 645 4835 cum
661 4784 798 4836 codicibus
816 4787 883 4837 notis
900 4783 1019 4844 4660,
1036 4797 1090 4847 spes
1107 4790 1141 4834 est
1157 4785 1233 4835 etiam
1248 4786 1313 4834 banc
1329 4788 1406 4836 tacite
1418 4785 1532 4838 Klotzius
1547 4787 1598 4849 (ed.
1612 4786 1675 4849 alti.
1694 4785 1732 4837 Cf.

414 4861 499 4925 Reisig
516 4862 571 4911 Lat.
589 4861 719 4923 spracbw.
739 4876 764 4927 p.
779 4862 834 4912 430.
856 4890 881 4899 -
906 4862 946 4912 49.
971 4860 1078 4925 medem]
1104 4866 1187 4911 tamen
1204 4860 1259 4914 ci.
1280 4887 1308 4898 -
1331 4862 1372 4912 2⁰.
1390 4864 1413 4912 ci
1429 4876 1481 4913 om.
1500 4866 1531 4913 Α.
1550 4889 1579 4900 -
1598 4861 1679 4911 libebit
1694 4862 1733 4924 id,

415 4933 844 4999 quodllGabcdefghiln:
871 4937 953 4986 libebit
969 4938 1102 4999 quodiam
1121 4937 1278 4992 644460.
1298 4964 1326 4974 -
1345 4939 1386 4988 26,
1405 4939 1510 5002 matus]
1528 4937 1656 4989 Posthac
1673 4951 1735 4988 ver-

414 5010 478 5061 bum
497 5008 589 5060 lacuna
609 5012 649 5060 est
667 5012 697 5060 46
709 5012 786 5062 -68,
806 5012 896 5062 litteris
914 5013 1072 5076 recipiendis
1089 5013 1185 5063 idonea
1203 5015 1229 5063 in
1246 5013 1370 5064 abodf
1380 5027 1396 5077 g
1407 5015 1423 5064 b
1436 5016 1472 5064 iu
1496 5015 1523 5064 et
1545 5013 1570 5061 in
1588 5011 1666 5062 codd.
1685 5015 1735 5063 Pa-

414 5084 498 5138 latinis
524 5083 630 5149 aliquot.
652 5113 679 5120 —
706 5088 812 5137 inveniri
836 5089 979 5137 calamitate
999 5088 1157 5140 Lambinus:
1184 5090 1289 5139 inveniri
1311 5091 1337 5139 ic
1358 5090 1499 5138 calamitate
1521 5100 1583 5137 cum
1600 5086 1734 5138 codicibus

414 5160 499 5215 Aio
520 5189 548 5199 -
572 5161 612 5211 2³.
631 5162 759 5213 deturbari
776 5165 817 5214 ek
839 5177 900 5215 cum
918 5166 1044 5227 quattuor
1061 5164 1269 5216 oxoniensibus:
1296 5164 1428 5215 cucurbari
1449 5162 1563 5216 4660.
1591 5162 1629 5212 Cf.
1649 5162 1673 5225 S.
1691 5161 1733 5213 47.

415 5235 439 5300 s.
456 5235 496 5287 86.
517 5263 544 5272 -
568 5237 682 5288 macrias
703 5239 798 5290 iniuria
813 5240 844 5291 k:
866 5241 980 5290 mucias
1000 5243 1035 5289 est
1055 5240 1151 5290 iniuria
1168 5254 1230 5292 cum
1247 5242 1342 5293 ceteris
1359 5238 1494 5293 codicibus
1510 5236 1626 5298 4460.
1645 5262 1672 5276 -
1691 5241 1732 5294 to.

413 5310 475 5376 farti
488 5312 543 5362 circ
559 5317 634 5377 masc
649 5314 748 5366 bouestc
763 5315 789 5367 k.
810 5342 837 5353 -
855 5315 896 5366 26.
915 5316 941 5365 ia
958 5327 1012 5370 om.
1029 5311 1083 5368 66.
