4367 6109
651 550 720 616 nu.
742 549 794 614 ιν.
825 547 898 614 cn.
920 508 1239 616 xxxv-'xxxvi
1264 546 1322 634 ss.
1342 545 1490 616 75-80.
1662 547 1725 618 aaa

406 720 563 785 sociorum
584 728 709 803 praetor
730 719 871 784 eiusdem
893 721 1001 806 populi
1022 722 1218 807 turpissimus
1240 727 1333 805 atque
1356 721 1582 805 inpurissimus
1597 722 1731 809 eosdem

406 814 477 878 illos
509 814 586 877 deos
617 814 739 878 nefario
771 814 890 879 scelere
919 814 1088 879 adferebat
1134 815 1217 891 Quid
1238 814 1298 879 boc
1318 823 1382 881 tota
1403 815 1511 879 Sicilia
1531 824 1580 879 est
1600 816 1725 892 clarius,

406 926 501 992 quam
531 928 641 973 omues
672 909 819 992 Segestae
840 917 996 975 matronas
1018 919 1050 973 et
1069 911 1206 993 virgines
1228 911 1429 985 convenisse,
1459 931 1528 973 cum
1549 910 1650 974 Iliana
1671 931 1727 975 ex·

406 1009 583 1085 portaretur
604 1023 646 1066 ex
666 1003 807 1087 oppido?
829 1005 958 1067 unxisse
979 1006 1173 1087 unguentis?
1195 1003 1368 1086 complesse
1391 1005 1513 1067 coronis
1529 1013 1560 1068 et
1576 1005 1726 1070 boribus?

406 1102 493 1171 ture,
520 1097 670 1161 odoribus
691 1098 826 1161 incensis
848 1118 948 1181 usque
970 1097 1010 1158 ad
1032 1099 1098 1179 agri
1123 1095 1202 1160 fines
1223 1106 1403 1180 prosecutas
1425 1101 1521 1162 esse?
1565 1097 1615 1162 78.
1637 1101 1751 1164 Hanci

406 1198 440 1253 tu
460 1199 576 1255 tantm
598 1191 783 1274 religionem
805 1191 832 1255 si
854 1198 920 1257 tum
942 1192 975 1254 in
995 1192 1128 1273 imperio
1149 1191 1490 1274 proptercupiditatem
1512 1201 1609 1278 atque
1630 1195 1728 1258 auda·

406 1285 485 1348 ciam
507 1305 572 1349 uon
593 1286 852 1369 pertimescebas,
874 1306 915 1349 ne
937 1306 1020 1348 nunc
1041 1284 1167 1368 quidem
1189 1285 1223 1346 in
1245 1292 1330 1348 tanto
1345 1293 1398 1348 tuo
1412 1285 1644 1371 liberorumque
1658 1294 1728 1352 tuo·

405 1399 473 1442 rum
494 1380 634 1463 periculo
655 1380 889 1465 perhorrescis?
930 1380 1032 1456 Quem
1062 1380 1118 1441 tibi
1140 1385 1194 1442 aut
1219 1378 1377 1442 hominem
1404 1380 1511 1444 invitis
1533 1383 1580 1445 dis
1602 1383 1728 1445 immor·

404 1472 519 1537 talibus
540 1482 595 1537 aut
616 1494 691 1538 vero
714 1474 807 1538 deum
828 1475 922 1538 tantis
944 1493 1051 1536 corum
1074 1472 1277 1554 religionibus
1299 1473 1422 1536 violatis
1451 1475 1569 1539 auxilio
1588 1475 1728 1540 futurum

405 1570 521 1650 putas?
554 1569 623 1632 Tibi
645 1569 700 1632 illa
720 1569 822 1632 Diana
842 1570 874 1631 in
896 1588 974 1652 pace
996 1573 1091 1650 atque
1113 1567 1148 1628 in
1169 1567 1231 1630 ctio
1253 1565 1437 1649 religionem
1458 1569 1576 1633 unllam
1598 1570 1766 1634 attulit?⁴o

406 1681 490 1746 quae
512 1684 584 1727 cum
605 1664 683 1727 duas
705 1663 817 1736 urbes,
839 1663 871 1724 in
895 1662 1009 1746 quibus
1031 1660 1131 1724 locata
1152 1660 1271 1735 fuerat,
1293 1669 1397 1743 captas
1411 1660 1620 1746 incensasque
1633 1663 1729 1728 vidis-

405 1764 470 1832 set,
492 1757 540 1820 bis
563 1778 604 1820 ex
625 1757 757 1820 duorum
778 1755 934 1819 bellorum
956 1756 1080 1819 llamma
1100 1754 1247 1839 ferroque
1269 1762 1392 1818 servata
1413 1762 1478 1830 est;
1501 1777 1582 1840 quae
1597 1759 1729 1822 liertba·

406 1850 597 1932 giniensium
618 1850 748 1914 victoria
769 1849 838 1912 loco
860 1858 979 1913 mutato
1000 1850 1184 1932 religionem
1203 1856 1306 1912 umen
1321 1869 1385 1911 non
1399 1849 1520 1923 amisit,
1543 1852 1576 1914 Ρ.
1590 1851 1729 1916 Africani

406 1944 517 2008 virtute
538 1944 723 2027 religionem
744 1943 837 2006 simul
860 1963 929 2007 cum
951 1943 1021 2006 loco
1042 1943 1250 2026 recuperavit.
1293 1942 1364 2019 Quo
1387 1942 1516 2026 quidem
1529 1945 1647 2009 scelere
1661 1967 1731 2011 sus·

407 2045 496 2122 cepto
524 2059 593 2101 cum
621 2039 722 2101 inanis
751 2045 834 2101 esset
860 2037 946 2100 basis
976 2043 1008 2100 ct
1034 2038 1068 2100 in
1090 2057 1128 2100 ca
1149 2038 1183 2100 P.
1204 2037 1343 2100 Africani
1364 2056 1480 2100 nomen
1501 2039 1651 2116 incisum,
1679 2047 1768 2104 resto

406 2131 534 2214 indigna
555 2137 650 2215 atque
672 2130 869 2194 intoleranda
889 2131 1053 2194 videbatur
1074 2132 1238 2206 omnibns,
1260 2150 1324 2194 non
1346 2130 1446 2195 solum
1468 2131 1638 2216 religiones
1660 2152 1731 2198 esse

405 2225 552 2301 violatas,
579 2246 688 2290 verum
716 2225 808 2289 etiam
837 2227 870 2289 P.
892 2225 1045 2300 Africani,
1073 2225 1133 2288 viri
1154 2223 1329 2300 tortissimi,
1358 2245 1462 2289 rerum
1483 2234 1643 2310 gestarum
1662 2226 1731 2311 glo·

405 2319 500 2395 nam,
531 2320 715 2383 memoriam
747 2321 887 2395 virtutis,
920 2325 1123 2382 monumenta
1155 2318 1306 2382 victoriae
1335 2317 1368 2383 C.
1394 2321 1525 2384 Verrem
1555 2319 1730 2384 s'ustulisee.

404 2409 456 2475 79.
479 2412 574 2490 Quod
596 2434 667 2477 cum
688 2414 741 2477 isti
761 2413 992 2476 renuntiaretur
1014 2411 1053 2476 de
1074 2412 1143 2476 basi
1163 2431 1201 2475 ao
1221 2412 1350 2488 litteris,
1375 2415 1565 2480 existimarit
1584 2414 1730 2479 homines

406 2509 438 2570 in
460 2508 649 2572 oblivionem
671 2508 766 2572 totius
787 2508 905 2590 negotii
928 2526 997 2571 esse
1018 2513 1186 2581 venturos,
1214 2505 1241 2570 si
1264 2506 1358 2569 etiam
1378 2507 1480 2572 basim
1501 2516 1662 2593 tamquam
1682 2509 1769 2572 iu-ru

405 2602 506 2666 dicem
537 2602 586 2666 sui
614 2602 743 2666 sceleris
765 2602 951 2666 sustulisset
994 2602 1105 2685 ltaque
1130 2600 1302 2663 tollendam
1327 2601 1417 2665 istius
1446 2602 1579 2686 imperio
1608 2602 1731 2668 locave-

406 2705 492 2772 runt,
515 2716 597 2781 quae
617 2697 706 2761 vobis
729 2697 842 2760 locatio
865 2716 906 2759 ex
926 2695 1057 2779 publicis
1083 2694 1193 2758 litteris
1216 2693 1458 2777 Segestanorum
1481 2697 1585 2779 priore
1607 2698 1730 2762 acdona

404 2792 533 2854 recitata
566 2798 623 2855 est
673 2791 819 2854 XXXVI.
848 2793 893 2854 Te
927 2810 1027 2863 nunc,
1059 2789 1092 2851 Ρ.
1116 2788 1235 2872 Scipio,
1268 2796 1316 2864 te,
1348 2791 1492 2873 inquam,
1526 2792 1730 2855 lectissimum

406 2885 700 2969 ornatissimumque
728 2885 959 2950 adolescentem
986 2883 1129 2968 appello:
1157 2882 1213 2945 abs
1242 2891 1273 2946 te
1300 2879 1436 2946 officium
1456 2891 1562 2961 mum,
1590 2884 1730 2948 debitum

405 2980 512 3061 generi
540 2985 572 3042 et
600 2979 736 3053 nomini,
769 2981 896 3063 requiro
919 2987 950 3042 et
972 2979 1088 3060 flagito.
1135 2975 1197 3039 Cur
1217 2996 1275 3059 pro
1295 2977 1374 3052 isto,
1405 2977 1461 3061 qui
1482 2977 1607 3042 laudem
1628 2978 1768 3042 bono-ro

405 3093 535 3157 remque
563 3073 700 3137 familiae
728 3083 850 3137 vestrae
877 3072 1080 3156 depeculatus
1111 3079 1172 3144 est,
1200 3074 1349 3153 pugnas?
1381 3091 1436 3133 cur
1465 3092 1536 3135 eum
1565 3071 1730 3136 defensum

406 3187 476 3232 csse
497 3170 566 3232 vis?
589 3187 643 3231 cur
664 3187 721 3250 ego
744 3177 814 3232 tuas
835 3175 940 3252 partes
962 3166 1124 3248 suscipio?
1146 3184 1203 3227 cur
1223 3172 1311 3228 tuum
1333 3184 1449 3228 munus
1471 3166 1634 3230 sustineo?
1669 3165 1731 3230 Cur

406 3264 447 3326 bl.
468 3261 591 3325 Tullius
617 3262 651 3324 P.
670 3262 809 3325 Africani
832 3267 1034 3325 monumenta
1057 3258 1210 3343 requirit,
1231 3259 1265 3320 P.
1286 3258 1392 3341 Scipio
1415 3278 1504 3334 eum,
1526 3259 1582 3344 qui
1603 3259 1658 3322 illa
1678 3279 1731 3323 su·

405 3356 506 3431 stulit,
543 3355 707 3419 defendit?
750 3355 827 3420 Cum
858 3377 926 3420 mos
958 3375 977 3419 a
1010 3353 1181 3417 maioribus
1213 3352 1344 3416 traditus
1374 3354 1433 3427 sit,
1465 3362 1501 3417 ut
1527 3361 1730 3418 monumenta

404 3452 557 3515 maiorum
584 3450 626 3514 ita
658 3469 787 3513 suorum
814 3451 949 3533 quisque
975 3445 1141 3520 defendat,
1173 3455 1209 3510 ut
1236 3465 1275 3509 ea
1305 3466 1346 3509 ne
1378 3447 1481 3511 ornari
1510 3447 1640 3533 quidem
1672 3464 1766 3514 nott

404 3545 488 3607 mine
516 3544 650 3608 aliorum
676 3545 778 3607 sinat:
808 3554 842 3607 tu
870 3545 923 3607 isti
950 3543 1072 3615 aderis,
1103 3542 1158 3625 qui
1188 3560 1253 3603 non
1274 3540 1430 3604 obstruxit
1451 3540 1557 3625 aliqua
1579 3561 1620 3604 ex
1640 3549 1729 3625 parte

404 3645 606 3702 monumento
627 3639 661 3700 P.
685 3638 859 3720 Scipionis,
881 3636 937 3701 sed
959 3636 991 3700 id
1013 3634 1155 3700 fundibus
1178 3634 1294 3698 delevit
1315 3654 1351 3697 ao
1374 3634 1522 3698 sustulit?
1562 3633 1614 3699 80.
1636 3636 1730 3713 Quis·

403 3750 476 3796 uam
497 3733 608 3815 igitur,
630 3751 687 3816 per
708 3733 785 3796 deos
806 3731 1015 3796 immortales?
1050 3729 1188 3793 tuebitur
1208 3730 1242 3792 P.
1265 3728 1423 3811 Scipionis
1444 3730 1626 3794 memoriam
1648 3750 1731 3794 mor·

403 3828 476 3891 tui?
512 3826 584 3913 quis
613 3833 817 3891 monumenta
848 3832 944 3910 atque
975 3824 1093 3889 indicia
1124 3822 1262 3898 virtutis,
1287 3821 1315 3885 si
1348 3830 1383 3885 tu
1413 3842 1452 3888 aa
1482 3822 1645 3908 relinques
1676 3830 1731 3888 aut

487 4163 512 4213 4.
529 4159 643 4227 ww]
663 4126 689 4211 ἶ).
707 4127 735 4212 ᾗ.
754 4162 784 4213 14.
804 4185 831 4196 -
848 4159 936 4224 populi
951 4162 1021 4212 nom.
1040 4156 1105 4210 dett.
1124 4157 1158 4218 0;
1174 4168 1233 4221 pop.
1246 4154 1405 4217 ramosam
1418 4153 1582 4219 prodorbd.
1597 4182 1625 4194 -
1642 4157 1728 4221 teor.

404 4235 434 4290 a.
454 4264 483 4278 -
500 4237 525 4290 3.
544 4237 690 4302 &monos
706 4235 770 4286 dett.
789 4235 818 4287 0.
840 4263 867 4274 -
885 4236 909 4288 6.
928 4235 1044 4286 44443444
1059 4230 1170 4286 Β3λΕε
1188 4231 1351 4294 meusque
1367 4230 1432 4281 6444.
1451 4231 1481 4282 0.
1501 4255 1529 4268 -
1545 4233 1728 4293 precamen.

407 4338 435 4350 -
454 4314 479 4365 6.
497 4312 630 4363 mollem
646 4312 677 4363 R.
697 4338 724 4349 -
742 4311 767 4361 7.
786 4309 927 4361 4404444344
942 4312 1021 4375 lagg.
1042 4337 1070 4347 -
1088 4315 1237 4370 tuomque
1251 4307 1388 4358 3434444444
1404 4305 1441 4357 63
1459 4307 1520 4370 (uon
1531 4308 1552 4359 44
1564 4306 1606 4370 li),
1632 4306 1666 4359 cl.
1685 4307 1727 4358 lll.

405 4386 429 4451 8.
447 4389 488 4439 94.
510 4415 537 4426 -
556 4388 580 4439 8.
595 4385 791 4448 pcborcealcie
806 4386 835 4436 44.
850 4413 877 4422 -
896 4386 937 4436 44.
955 4385 1026 4451 duos]
1043 4386 1132 4436 6444444
1146 4385 1180 4443 Ι4;
1198 4397 1258 4434 ruas
1273 4381 1298 4434 λ.
1313 4409 1342 4421 -
1361 4383 1402 4433 42.
1419 4381 1562 4446 4444844444.
1580 4407 1607 4416 -
1626 4381 1667 4431 49.
1685 4381 1731 4432 iste

404 4461 434 4511 n.
449 4487 477 4499 -
495 4461 615 4512 4434444443
634 4461 654 4511 44
670 4474 697 4525 p.
709 4473 756 4521 m..
775 4461 897 4511 4444444444
913 4461 969 4511 442.
983 4474 1030 4522 m,
1050 4462 1086 4511 62
1104 4460 1165 4518 Ld.;
1184 4459 1314 4509 4443444443
1330 4459 1376 4508 64.
1391 4484 1418 4493 -
1437 4457 1479 4507 20.
1497 4457 1519 4506 st
1534 4454 1619 4520 434444]
1636 4456 1731 4507 eodm

403 4535 433 4586 ll.
455 4562 483 4573 -
502 4534 573 4586 34444
589 4534 667 4598 igne.
688 4561 715 4572 -
733 4535 773 4584 22.
793 4534 839 4584 liu.
857 4535 914 4599 Sep.
932 4535 969 4585 443
981 4534 1066 4597 ι823ε
1089 4535 1147 4598 seg.
1165 4533 1212 4583 4434.
1231 4533 1296 4584 dett.
1315 4534 1344 4583 0.
1364 4559 1392 4569 -
1410 4530 1451 4582 23.
1470 4531 1649 4582 &sumentem
1665 4533 1686 4583 ll
1703 4532 1731 4582 44

403 4608 479 4659 iutro.
501 4636 529 4647 -
546 4610 588 4660 26.
606 4610 771 4672 bonorem
785 4614 855 4659 4444444
870 4609 1033 4672 familiaeque
1049 4610 1080 4658 64
1097 4609 1122 4659 2.
1136 4634 1164 4645 -·
1181 4608 1224 4657 26.
1241 4613 1338 4659 44444444
1348 4608 1382 4667 44,
1399 4608 1494 4670 lagg:
1513 4611 1571 4656 44444
1586 4603 1651 4657 loa
1668 4605 1729 4656 cod.

403 4684 460 4735 Urs.
480 4683 514 4735 cl.
532 4683 619 4736 lladv.
638 4685 685 4750 Op.
697 4687 717 4735 l.
735 4698 761 4749 p.
775 4685 832 4736 364.
853 4710 880 4721 -
899 4684 940 4734 23.
957 4683 1003 4749 cir]
1020 4682 1079 4734 44434
1095 4683 1173 4747 lagg.
1192 4680 1257 4732 dett.
1277 4709 1305 4720 -
1323 4686 1380 4731 44444
1392 4681 1476 4743 portis
1491 4682 1521 4731 44.
1542 4705 1569 4715 -
1587 4693 1679 4730 mmor
1692 4679 1730 4731 443

403 4757 472 4820 3823
485 4758 527 4823 (ct.
540 4759 564 4824 S.
577 4759 641 4823 64.4;
660 4773 722 4809 ocur
732 4758 797 4809 dett.
811 4760 873 4809 0.-
885 4771 932 4808 cur
947 4761 1009 4809 aute
1020 4758 1056 4808 44.
1070 4770 1124 4808 om.
1138 4756 1203 4807 dett.
1212 4783 1240 4792 -
1253 4756 1295 4808 23.
1307 4760 1476 4806 monmto.
1494 4756 1520 4805 P.
1532 4755 1639 4818 44844444
1654 4755 1731 4818 scipta

405 4833 434 4882 ll.
446 4859 474 4870 -
488 4833 528 4884 30.
546 4847 578 4884 eo
593 4834 626 4884 ll:
645 4846 699 4885 om.
713 4834 758 4885 63.
770 4861 798 4872 -
815 4834 856 4885 34.
874 4833 983 4884 dunen
998 4832 1067 4884 4463
1079 4831 1161 4895 [823ε
1179 4832 1261 4884 elimo
1276 4830 1342 4883 dett.
1354 4830 1389 4891 0;
1407 4830 1547 4882 4444444444
1563 4831 1632 4882 com.
1651 4831 1730 4881 Oai.

1472 4924 1486 4953 θ

408 4990 436 5002 -
454 4965 645 5029 commi,
664 4963 807 5029 6438234
826 4962 1000 5017 4343446440
1017 4962 1201 5014 amuco.
1223 4990 1249 5002 -
1268 4964 1309 5016 32.
1329 4969 1487 5016 summac
1505 4964 1560 5030 (sic)
1579 4965 1615 5014 ll:
1639 4974 1732 5012 mosu-

406 5042 490 5092 monto
506 5040 555 5102 63;
576 5047 735 5092 meamea
751 5041 816 5092 dett.
835 5040 868 5094 cl.
886 5039 973 5091 lladv.
992 5041 1039 5104 Op.
1058 5041 1077 5089 1.
1096 5052 1123 5104 p.
1142 5037 1199 5090 364.
1219 5065 1247 5074 -
1273 5039 1316 5090 aad
1330 5039 1357 5088 id
1373 5040 1424 5091 us:
1447 5039 1475 5089 344
1495 5051 1549 5090 om.
1567 5037 1633 5088 dett.
1651 5037 1681 5087 0.
1700 5063 1729 5075 -

407 5115 478 5178 Μ.
496 5117 631 5168 4444444444
647 5122 707 5168 aaut.
725 5116 774 5178 443,
792 5116 873 5181 4823ι
889 5116 910 5179 Ι.
927 5119 987 5166 rust.
1005 5126 1036 5164 oe
1052 5113 1139 5164 delevit
1155 5113 1220 5164 dett.
1240 5114 1297 5176 (sed
1314 5114 1487 5178 6444643464,
1508 5113 1545 5164 62
1562 5110 1680 5175 43434434.)
1699 5137 1728 5148 -

408 5187 708 5254 tenemusne:
730 5192 940 5256 remoti,
967 5191 1046 5255 lagg.
1064 5201 1169 5242 omues.
1190 5189 1460 5244 -444444444444434
1485 5187 1730 5252 semlant,

407 5265 594 5319 4444444440.

450 5355 621 5409 umora
1477 5356 1520 5429 23
