4367 6109
432 577 511 644 <692
832 581 873 643 ΙΝ
896 580 931 643 L.
955 578 1177 644 CATILINAM
1197 579 1318 643 LIBER
1339 580 1393 642 111.

448 759 544 835 atque
580 746 770 832 deprehensi
806 750 1019 832 impudentia,
1056 770 1120 834 qua
1156 750 1326 832 superabat
1361 770 1491 822 omnes,
1528 747 1786 831 improbitasque

448 845 577 910 defecit.
622 838 673 907 44.
700 843 880 907 Volturcius
904 865 978 907 vero
1003 844 1105 905 subito
1128 843 1247 906 litteras
1269 843 1402 927 proferri
1424 850 1522 925 atque
1544 842 1664 925 aperiri
1687 842 1786 914 iubet,

449 961 529 1026 quas
551 938 611 1001 sibi
633 957 652 999 a
673 936 807 999 Lentulo
829 937 869 999 ad
893 937 1061 1001 Catilinam
1090 938 1179 999 datas
1202 957 1272 999 esse
1295 936 1429 999 dicebat.
1479 938 1584 1022 Atque
1613 937 1660 1000 ibi
1688 936 1786 999 rebe·

448 1033 643 1100 mentissimc
678 1031 877 1113 perturbatus
910 1031 1063 1093 Lentulus
1095 1040 1199 1093 mmen
1232 1039 1264 1094 et
1296 1032 1420 1113 signum
1459 1039 1491 1094 et
1528 1051 1657 1094 manum
1694 1050 1784 1095 suam

425 1126 604 1211 4443444444.
652 1131 751 1193 Erant
780 1130 885 1187 autem
916 1120 1074 1207 [scriptae]
1107 1126 1175 1187 sinc
1204 1127 1350 1200 nomine,
1384 1127 1439 1188 sed
1468 1127 1531 1188 ita:
1576 1125 1683 1200 «Quis
1713 1127 1784 1198 sim,

449 1224 528 1285 scies
558 1243 599 1285 ex
626 1243 684 1297 eo,
713 1217 874 1303 quemad
903 1225 934 1280 te
964 1218 1044 1281 misi.
1098 1219 1178 1282 Cure
1208 1228 1242 1281 ut
1270 1221 1319 1282 vir
1340 1220 1382 1281 sis
1412 1228 1443 1282 et
1472 1221 1594 1303 cogita,
1623 1242 1722 1304 quem
1751 1221 1783 1282 iu

449 1314 554 1377 locum
583 1316 626 1380 sis
656 1333 856 1400 progressus3
889 1311 978 1385 vide,
1012 1313 1127 1396 ecquid
1156 1312 1212 1375 tibi
1243 1314 1305 1375 iam
1332 1314 1374 1374 sit
1401 1334 1547 1388 necesse,
1583 1321 1615 1377 et
1644 1334 1722 1377 cura
1749 1322 1784 1376 ut

335 1442 338 1448 ι
449 1409 590 1470 omnium
613 1410 670 1472 tibi
692 1406 810 1471 auxilia
838 1404 1007 1488 adiungas,
1037 1407 1131 1468 etiam
1161 1407 1370 1470 intimorum.»
1417 1407 1571 1471 Gabinius
1594 1407 1714 1471 deinde
1736 1409 1784 1470 iu·

448 1500 628 1578 troductus,
662 1524 732 1566 cum
761 1500 862 1583 primo
890 1499 1090 1581 impudenter
1117 1496 1311 1581 respondere
1334 1503 1510 1584 coepisset,
1542 1501 1583 1563 ad
1606 1510 1781 1563 extremum

410 1594 530 1657 tenibil
552 1614 592 1657 ex
617 1598 672 1672 iis,
703 1614 785 1677 quae
814 1592 895 1657 Galli
924 1592 1165 1667 insimulabant,
1194 1594 1332 1676 negavit.
1376 1589 1427 1655 43.
1457 1597 1501 1657 Ac
1531 1594 1607 1658 mibi
1639 1594 1782 1678 quidem,

450 1687 606 1764 Quirites,
629 1711 699 1753 cum
721 1688 777 1752 illa
799 1686 973 1749 certissima
993 1688 1061 1750 visa
1082 1694 1158 1749 sunt
1179 1696 1363 1769 argumenta
1384 1695 1482 1769 atque
1503 1689 1621 1751 indicia
1642 1689 1782 1762 sceleris,

447 1781 600 1857 tabellae,
627 1785 735 1866 signe,
764 1800 893 1854 manns,
922 1781 1059 1864 denique
1087 1780 1181 1843 nnius
1213 1781 1366 1864 cuiusque
1388 1781 1564 1856 consessio,
1592 1791 1661 1845 tum
1682 1784 1783 1846 multo

448 1876 583 1939 certiora
604 1876 676 1951 illa,
705 1876 809 1950 color,
838 1874 940 1947 oculi,
962 1875 1084 1948 vultus,
1107 1874 1314 1938 taciturnitas.
1359 1876 1411 1938 Sic
1434 1875 1519 1938 enim
1541 1877 1783 1961 obstupuerant,

447 1969 492 2030 sic
513 1976 626 2033 terram
648 1970 867 2041 intuebantur,
889 1968 935 2031 sic
956 1967 1064 2031 furtim
1086 1989 1151 2031 non
1173 1988 1345 2051 numquam
1368 1970 1451 2032 inter
1467 1990 1538 2032 sese
1553 1970 1782 2054 adspiciebant,

410 2070 484 2129 44444
505 2082 570 2126 non
591 2065 653 2127 iam
676 2064 715 2126 ab
738 2062 808 2125 aliis
830 2061 977 2134 indicari,
1000 2061 1055 2123 sed
1079 2061 1219 2124 indicare
1241 2082 1275 2124 se
1297 2063 1358 2144 ipsi
1380 2062 1574 2127 viderentur.

531 2156 582 2222 Vl.
615 2157 745 2222 indiciis
768 2154 922 2237 expositis
944 2163 1038 2238 atque
1062 2155 1154 2218 editis
1184 2163 1326 2218 senatum
1349 2157 1509 2232 consului,
1539 2158 1579 2221 de
1602 2179 1727 2223 summa
1748 2181 1782 2224 re

448 2250 574 2333 publica
596 2250 673 2335 quid
695 2246 764 2313 fieri
786 2249 934 2333 placeret.
978 2248 1088 2311 Dictae
1111 2257 1224 2311 sunta
1246 2250 1441 2332 principibus
1463 2254 1635 2315 acerrimae
1658 2273 1696 2317 ac
1718 2253 1782 2317 for-

445 2345 584 2409 tissimae
615 2344 806 2418 sententiae,
837 2363 917 2426 quas
946 2350 1072 2404 senatus
1102 2343 1170 2405 sine
1199 2343 1265 2405 nlla
1294 2346 1445 2408 varietate
1475 2354 1523 2410 est
1552 2355 1693 2411 secutus.
1741 2350 1783 2411 Et

447 2438 595 2520 quoniam
617 2437 759 2501 nondum
783 2446 831 2501 est
852 2438 1059 2520 perscriptum
1082 2445 1210 2500 senatus
1233 2439 1430 2514 consultum,
1453 2460 1494 2503 ex
1512 2443 1666 2506 memoria
1679 2443 1782 2517 vobis,

409 2531 602 2606 chuirites,
633 2531 709 2615 qnid
740 2538 868 2595 senatus
898 2531 1070 2604 censuerit,
1101 2550 1268 2613 exponam.
1313 2527 1364 2594 ll.
1392 2534 1530 2597 Primum
1553 2536 1630 2599 mibi
1661 2538 1781 2620 gratiae

446 2624 550 2688 verbis
572 2625 773 2708 amplissimis
796 2632 945 2707 aguntur,
975 2624 1060 2707 quod
1083 2625 1211 2699 virtute,
1243 2625 1389 2701 consilio,
1414 2627 1612 2709 providentia
1633 2651 1707 2694 mea
1729 2652 1780 2695 res

446 2719 572 2800 publica
593 2720 737 2783 maximis
760 2718 909 2803 periculis
932 2718 974 2781 sit
996 2717 1141 2793 liberata;
1169 2717 1286 2782 deinde
1308 2721 1343 2782 L.
1366 2720 1494 2785 Flaccus
1526 2730 1557 2786 et
1579 2723 1613 2785 C.
1636 2725 1780 2809 Pompti-

446 2832 506 2875 nus
528 2820 704 2895 praetores,
727 2814 812 2897 quod
835 2832 944 2875 eorum
967 2832 1062 2895 opere
1082 2809 1157 2873 lorti
1179 2807 1329 2896 fidelique
1350 2835 1428 2878 usus
1451 2837 1571 2893 essem,
1603 2820 1720 2883 merito
1742 2840 1779 2884 ac

512 3170 536 3218 4.
555 3168 637 3230 44444]
655 3173 678 3218 44
694 3169 744 3219 bs.
765 3196 792 3204 -
811 3169 970 3230 tupmdsntto
986 3170 1022 3221 44.
1042 3195 1068 3202 -
1089 3167 1215 3229 superabit
1231 3181 1254 3216 4.
1271 3195 1297 3201 -
1316 3169 1340 3216 4.
1358 3170 1468 3231 profem
1484 3171 1580 3223 litteras
1594 3176 1642 3237 Lg.
1657 3176 1681 3225 4.
1695 3177 1721 3227 8.
1733 3176 1774 3238 2l,

448 3244 504 3293 40.
525 3270 551 3278 -
570 3244 636 3294 44644
651 3244 807 3304 Bebcsz,
826 3245 841 3292 6
859 3242 901 3293 alii
918 3246 1011 3308 4433.;
1033 3244 1103 3293 444444
1120 3244 1178 3293 440.
1199 3270 1227 3280 -
1246 3242 1270 3294 4.
1285 3249 1351 3306 pert.
1370 3251 1405 3294 444
1422 3247 1539 3298 Lentulus
1554 3253 1578 3298 ct
1594 3254 1682 3300 444444
1698 3251 1725 3300 d.
1747 3279 1773 3287 -

447 3325 530 3369 444444
545 3317 577 3382 44]
594 3323 618 3368 ct
634 3331 687 3370 om.
707 3332 725 3382 q
742 3321 769 3369 et
784 3318 800 3368 8
818 3318 881 3368 dett.
901 3320 978 3382 4433.
993 3345 1019 3353 -
1032 3320 1132 3382 4434444
1149 3332 1222 3367 44444
1237 3323 1261 3368 44
1276 3332 1379 3368 monem
1396 3333 1467 3384 4434.
1486 3321 1657 3387 lmquwx,
1676 3325 1776 3390 aliquot

448 3392 489 3442 alii
507 3394 599 3456 4433,
618 3393 693 3443 0.-
709 3395 734 3443 6.
753 3395 855 3457 4344444
871 3392 916 3455 43.
935 3392 974 3443 43.
992 3419 1018 3428 -
1030 3399 1103 3443 44444
1119 3395 1211 3456 autem]
1229 3399 1252 3444 44
1269 3400 1341 3444 cram
1358 3409 1386 3454 c;
1406 3403 1490 3447 444444
1506 3411 1560 3448 om.
1580 3401 1610 3451 C.
1624 3427 1653 3437 ·-
1666 3404 1776 3467 scriptae

448 3482 501 3519 om.
520 3466 621 3527 absc,
641 3469 686 3531 43.
705 3468 746 3519 40.
765 3468 805 3517 53.
824 3468 865 3519 57.
884 3469 967 3531 (44444
982 3469 1089 3531 temptas
1105 3473 1189 3518 444444
1204 3470 1251 3531 43.
1271 3470 1311 3518 46.
1329 3468 1380 3530 43.)
1394 3491 1421 3506 —
1441 3473 1774 3543 quiseblpqrr,1.g.9.

447 3544 488 3593 40.
507 3544 547 3593 44.
566 3540 607 3593 46.
626 3542 667 3592 tt.
686 3542 733 3602 66,
760 3544 789 3592 ut
810 3542 891 3592 voluit
913 3542 1040 3606 Reisigius
1064 3545 1090 3594 ln
1112 3544 1206 3593 Schelle
1222 3545 1251 3593 dc
1267 3544 1425 3608 linquebat.
1444 3560 1470 3611 p.
1490 3547 1550 3597 ⁴93:
1577 3551 1621 3610 444
1637 3553 1725 3603 4440.
1746 3582 1771 3591 -

448 3618 472 3667 6.
490 3619 550 3667 setes
566 3630 599 3667 44
614 3618 659 3668 boc
676 3616 729 3676 bs;
748 3632 781 3669 44
797 3632 825 3668 44
842 3621 902 3669 scies
918 3633 943 3677 r;
962 3620 1022 3669 44444
1038 3633 1091 3670 om.
1111 3621 1126 3668 7
1144 3622 1222 3683 4433.
1242 3618 1306 3669 dett.
1326 3622 1352 3668 ot
1369 3624 1471 3684 ponunt
1486 3637 1616 3688 4434444444
1631 3633 1694 3691 post
1708 3631 1773 3681 44444.

448 3692 477 3740 ln
494 3692 542 3741 LO
560 3692 601 3741 est
616 3692 677 3742 44444
693 3695 754 3757 post
770 3693 835 3741 44444.
863 3721 889 3728 -
913 3693 1034 3756 4434440
1056 3697 1117 3759 post
1134 3707 1281 3759 4443444444
1297 3693 1379 3745 habet
1395 3699 1487 3747 contra
1505 3698 1583 3749 codd.
1610 3727 1637 3736 -
1659 3703 1687 3752 44
1703 3718 1774 3766 quern

447 3765 528 3815 444444
544 3768 572 3816 B.
594 3794 620 3803 -
640 3768 665 3817 7.
682 3768 738 3817 cide
754 3769 841 3829 ecquid
858 3768 965 3831 scripsi:
983 3769 1038 3819 4444
1055 3774 1078 3819 et
1095 3770 1155 3831 quid
1171 3768 1260 3829 abis,
1279 3771 1324 3833 43.
1343 3771 1383 3822 40.
1402 3772 1433 3820 57
1452 3772 1509 3835 (sed
1526 3787 1541 3823 a
1558 3777 1623 3840 qum
1642 3780 1699 3829 etde
1715 3782 1774 3842 quta

447 3839 492 3901 43.
512 3841 552 3890 46.
571 3841 612 3890 40.
630 3839 678 3901 43;
704 3843 798 3892 cecide
815 3844 874 3904 4444
891 3843 980 3893 4440.
996 3870 1021 3878 -
1042 3844 1085 3893 tibi
1102 3846 1154 3893 4444
1171 3846 1219 3904 ai,
1239 3845 1283 3906 43.
1302 3843 1343 3894 40.
1362 3844 1402 3895 43.
1422 3847 1467 3896 50.
1481 3848 1531 3897 bl:
1554 3850 1608 3900 4444
1624 3852 1670 3902 tibi
1685 3855 1770 3905 4440.

449 3941 476 3949 -
495 3928 547 3965 uec.
566 3916 597 3965 444
613 3915 655 3966 dl.
676 3944 702 3952 —
723 3923 746 3968 44
762 3932 826 3967 cura
841 3917 1132 3978 BCabcdilrstu,
1156 3918 1231 3969 lalii
1248 3921 1341 3982 4433.;
1365 3925 1389 3969 44
1404 3933 1458 3971 om.
1477 3938 1494 3983 ς
1510 3924 1598 3975 4440.
1617 3952 1645 3962 -
1665 3928 1690 3980 8.
1708 3943 1771 3980 4444.

446 3987 489 4036 4444
505 3991 642 4053 4444444344
659 3990 684 4040 d.
711 4019 738 4029 -
763 3993 920 4056 4444444444
936 3992 998 4058 lqu
1017 3995 1065 4057 (pr.
1079 3993 1126 4055 m.)
1144 4007 1170 4053 z,
1194 3993 1210 4043 e
1227 3992 1269 4042 alii
1286 3995 1364 4058 4433.
1385 4022 1411 4030 -
1435 3997 1529 4063 4444444]
1552 4004 1637 4051 444444
1654 4001 1681 4052 d.
1700 4030 1728 4039 -
1740 4003 1771 4054 e.

442 4062 555 4122 44444444
571 4066 590 4113 t.
613 4089 640 4099 -
663 4068 697 4116 44
714 4074 868 4129 postrenum
884 4070 910 4121 44.
935 4098 960 4104 -
987 4070 1026 4119 40.
1050 4082 1083 4119 ec
1105 4068 1143 4117 444
1164 4067 1213 4131 (vel
1236 4068 1290 4124 44444
1313 4070 1382 4128 mei;
1409 4084 1494 4121 444444
1520 4075 1640 4129 Donatus
1662 4078 1697 4129 444
1713 4081 1771 4130 Ter.

446 4135 553 4187 Phorm.
571 4139 603 4187 11.
623 4140 653 4199 3,
678 4140 718 4189 44.
740 4169 767 4177 -
785 4142 820 4191 Ac
836 4143 904 4206 44444]
923 4144 1009 4193 444444
1025 4157 1049 4207 3.
1071 4169 1097 4177 -
1117 4143 1157 4192 44.
1177 4142 1248 4205 0444.
1267 4155 1321 4192 om.
1340 4157 1368 4203 s,
1387 4144 1402 4192 3
1420 4145 1498 4209 4433.
1519 4174 1547 4183 -
1564 4156 1623 4202 oms
1637 4154 1694 4205 4444
1710 4153 1772 4206 Cdl

444 4213 598 4273 qrtnrrx,
617 4211 690 4263 64144
708 4215 801 4278 4433,
821 4215 921 4264 40.-
942 4218 982 4265 44.
1000 4217 1100 4267 4444444
1116 4229 1142 4277 r,
1161 4217 1175 4265 3
1193 4219 1271 4281 4433.
1286 4245 1312 4253 -
1333 4219 1377 4266 itte
1392 4220 1470 4269 444444
1487 4224 1597 4276 certium
1612 4230 1659 4293 43.
1672 4231 1713 4281 ott.
1727 4231 1770 4290 o'l;

441 4284 487 4334 4444
504 4298 557 4335 om.
575 4297 633 4346 rrz;
651 4288 729 4338 mutto
745 4290 791 4339 4444
806 4291 916 4339 certiora
933 4292 981 4339 LO
999 4295 1090 4342 contre
1110 4292 1189 4343 codd.
1203 4320 1230 4328 -
1243 4294 1282 4345 43.
1297 4296 1361 4343 ocuti
1379 4296 1448 4344 color
1459 4295 1519 4346 edd.
1534 4301 1670 4362 quaedem
1682 4307 1771 4355 contra

442 4358 536 4417 codd.;
554 4359 623 4408 color
639 4374 693 4413 om.
712 4378 748 4422 w;
767 4367 835 4415 color
851 4366 917 4415 44444
932 4366 999 4415 visus
1015 4382 1038 4429 3.
1060 4394 1086 4402 -
1108 4368 1284 4432 obstreperet-tent
1301 4369 1498 4433 Cbirsth,
1516 4375 1563 4438 bg.
1583 4378 1608 4427 7.
1626 4379 1652 4429 9.
1671 4378 1712 4431 46.
1731 4377 1770 4428 444.

441 4433 563 4495 (formam
580 4432 685 4497 44444444
702 4438 802 4490 habeut
818 4439 898 4503 bsx,
917 4442 961 4504 43.
977 4441 1016 4492 46.
1030 4442 1071 4493 46.
1085 4442 1136 4504 65.)
1150 4470 1176 4478 -
1193 4443 1232 4495 44.
1246 4446 1311 4495 iuter
1321 4460 1347 4495 44
1358 4447 1377 4496 C
1388 4446 1460 4498 Vbs
1475 4450 1497 4509 t,
1516 4447 1617 4514 aliquot
1633 4451 1677 4503 alii
1692 4454 1770 4517 4433.

440 4507 517 4569 dett,
530 4510 587 4557 40.
603 4536 630 4545 -
643 4512 978 4578 444444444444444444444
990 4516 1015 4565 d.
1030 4517 1109 4565 -45,
1122 4516 1184 4578 lom]
1196 4522 1249 4568 4444
1261 4520 1324 4569 44.-
1336 4520 1368 4568 44
1380 4522 1770 4592 4444444344,641444433.-

439 4582 552 4633 44444444
567 4596 593 4634 44
608 4586 656 4647 ipsi
671 4588 722 4638 4444.
741 4591 908 4654 444444ς,
930 4594 975 4655 43.
994 4592 1009 4640 4
1027 4593 1053 4641 44
1070 4590 1128 4641 elii:
1153 4593 1201 4654 44444·
1217 4606 1242 4643 se
1258 4594 1310 4642 4444.
1328 4594 1379 4642 oid.
1397 4595 1460 4654 Vl.;
1487 4598 1535 4659 44444·
1549 4601 1601 4651 vid.
1620 4614 1646 4652 44
1662 4602 1773 4653 tndem

440 4657 474 4708 dl
492 4657 550 4721 (sed
567 4658 584 4709 d
601 4673 626 4711 44
641 4662 718 4726 444),
741 4666 790 4727 lpse·
811 4682 828 4717 4
844 4682 869 4718 44
884 4669 1028 4718 viderentur
1046 4669 1108 4728 (om.
1127 4668 1247 4732 44444444)
1266 4670 1476 4732 Cmqrtuwx
1493 4673 1537 4735 43.
1557 4674 1614 4736 53.;
1637 4689 1656 4726 4
1677 4690 1702 4729 re
1721 4677 1770 4726 4444.

437 4734 486 4794 ipsi
502 4748 534 4799 p,
552 4736 582 4784 444
597 4735 710 4787 videtur.
727 4767 754 4776 -
768 4743 808 4792 46.
827 4743 897 4792 4444444
914 4757 952 4793 44
970 4744 1013 4806 43.
1033 4744 1074 4793 46.
1093 4741 1134 4794 ta.
1152 4743 1193 4794 46.
1213 4745 1259 4795 65:
1278 4745 1349 4794 4444444
1367 4747 1474 4808 Quirites
1490 4748 1577 4799 4440.
1598 4750 1656 4814 (sed
1673 4754 1682 4802 i
1700 4753 1770 4817 04444.

439 4810 542 4859 tentum
558 4810 585 4859 in
602 4823 686 4876 marg.
705 4815 805 4875 habet.)
821 4843 848 4853 -
862 4818 891 4866 44
907 4831 1006 4867 4444444
1022 4830 1092 4881 rep.
1115 4817 1214 4871 abis:
1232 4821 1262 4871 44
1278 4834 1376 4871 4444444
1392 4822 1429 4872 rei
1442 4835 1470 4883 ρ.
1489 4822 1569 4873 seluto
1579 4825 1609 4875 44.
1624 4851 1652 4861 -
1666 4828 1707 4878 47.
1717 4829 1773 4891 pte

437 4881 510 4945 cerat]
528 4881 611 4934 liceret
626 4899 740 4950 quun,
760 4888 829 4940 lolii
841 4891 919 4955 4433.
932 4918 958 4926 -
969 4898 1026 4943 4444
1043 4900 1127 4944 cotem
1144 4910 1161 4945 4
1177 4893 1220 4945 dl.
1233 4921 1260 4930 -
1279 4909 1297 4945 4
1309 4895 1419 4957 prr-incip.
1433 4908 1447 4944 r
1463 4898 1524 4946 ante
1536 4899 1672 4951 4444444444
1682 4900 1771 4953 babet.

440 4980 466 4989 -
487 4955 527 5005 48.
544 4957 604 5022 4444]
623 4962 715 5024 absque
731 4977 794 5014 mn.
815 4991 841 5000 —
860 4967 990 5034 4444444444
1007 4982 1081 5020 moro
1097 4971 1128 5020 V.
1144 4976 1280 5022 -4444444
1296 4976 1331 5022 ert
1347 4983 1389 5030 m;
1407 4975 1642 5033 cosmatum
1661 4979 1773 5025 4444444-

436 5035 532 5080 semem
547 5034 593 5084 Vc
611 5036 647 5098 43
663 5038 705 5089 40.
724 5039 771 5099 44,
790 5039 820 5090 0.
842 5068 868 5077 —
887 5046 910 5091 44
932 5044 1059 5107 quonium]
1081 5057 1115 5094 44
1131 5058 1180 5106 quo
1197 5059 1219 5095 r.
1240 5072 1267 5081 -
1287 5048 1327 5096 49.
1341 5059 1438 5108 persor.
1457 5048 1567 5098 44444444
1583 5053 1621 5099 cst
1635 5062 1661 5112 3.
1683 5077 1711 5086 -
1729 5050 1770 5101 40.

437 5118 593 5167 seponamus
608 5109 658 5161 bs.
672 5139 699 5149 -
716 5115 819 5177 3444444
834 5116 894 5164 44444
911 5115 937 5164 d.
950 5141 976 5150 -
991 5117 1032 5167 44.
1050 5131 1121 5168 mee.
1138 5120 1257 5181 44444444
1272 5122 1303 5171 444
1319 5121 1539 5186 Babcdirsx,
1558 5125 1575 5177 8
1591 5122 1634 5175 444
1645 5124 1772 5177 meliores

437 5181 533 5245 44334
547 5185 627 5245 peric.
645 5187 677 5235 444
692 5190 814 5241 44444444
829 5191 844 5240 a
862 5192 939 5254 4433.
959 5189 1040 5254 dett,
1059 5194 1122 5252 40;
1143 5196 1222 5257 perte.
1240 5197 1361 5248 44444444
1376 5198 1408 5247 rit
1424 5199 1444 5249 R
1462 5199 1552 5263 (etiem
1568 5200 1599 5265 t).
1613 5224 1640 5235 -
1660 5201 1772 5267 Pompti-

437 5256 493 5322 444]
511 5258 593 5312 sich.
611 5258 629 5311 1.
648 5260 800 5330 abpng.
819 5265 844 5316 4.
865 5290 892 5301 -
911 5264 1143 5329 4444444444.
1162 5269 1318 5332 44444444.
1338 5298 1365 5311 -
1384 5272 1500 5331 444444
1515 5275 1652 5332 44444444
1669 5275 1697 5329 d.
