4367 6109
791 582 866 649 aa».
889 582 1034 647 xxxvi.
1063 579 1120 667 ss.
1142 576 1330 647 toa-ios.
1658 575 1720 644 eia

395 752 472 815 dum
493 750 548 825 sit,
577 750 700 815 habetis
721 750 883 814 hominem
906 752 1057 836 singulari
1079 751 1217 837 pudore,
1244 753 1359 816 virtute
1381 752 1506 834 cognita
1528 758 1560 814 et
1580 758 1720 835 spectata

394 844 472 920 iide,
502 845 696 928 amplissimo
724 845 821 910 totius
843 846 987 909 Etruriae
1018 847 1164 922 nomine,
1193 847 1228 909 in
1256 854 1390 929 utraque
1411 845 1537 909 fortuna
1559 844 1720 928 cognitum

394 938 501 1002 multis
523 938 622 1022 signis
644 947 676 1002 et
696 938 823 1003 virtutis
845 946 877 1002 et
897 938 1112 1003 humanitatis.
1157 940 1189 1003 Si
1217 940 1294 1024 quid
1325 940 1358 1002 in
1386 941 1541 1002 contraria
1567 946 1657 1021 parte
1687 937 1720 999 in

393 1032 523 1096 homine
544 1032 768 1096 offendendum
791 1032 848 1106 sit,
878 1032 1000 1095 hahetis
1022 1053 1112 1106 eum,
1144 1041 1180 1094 ut
1201 1033 1281 1095 nihil
1305 1032 1407 1095 dicam
1429 1033 1579 1116 amplius,
1608 1031 1664 1115 qui
1686 1051 1720 1093 se

393 1126 540 1189 homines
561 1125 701 1208 coegisse
722 1125 868 1189 fateatur.
912 1126 967 1188 Sin
991 1125 1177 1188 hominibus
1207 1127 1337 1190 remotis
1367 1125 1407 1188 de
1435 1146 1531 1189 causa
1560 1126 1745 1209 quaeritis,a

394 1241 466 1283 cum
487 1219 640 1282 iudicium
669 1218 709 1282 de
736 1219 767 1282 vi
791 1220 848 1294 sit,
878 1219 923 1294 is,
953 1219 1010 1304 qui
1038 1219 1195 1302 arguitur,
1223 1220 1288 1283 vim
1317 1239 1351 1283 se
1378 1219 1561 1283 hominibus
1593 1219 1721 1283 armatis

394 1314 507 1378 fecisse
529 1313 677 1389 fateatur,
699 1313 796 1376 verbo
819 1334 873 1388 se,
894 1333 959 1375 non
980 1312 1142 1397 aequitate
1164 1312 1334 1376 defendere
1357 1320 1506 1389 conetur,
1535 1314 1569 1378 id
1592 1332 1721 1399 quoque

395 1409 424 1472 ei
445 1409 576 1472 verbum
597 1409 702 1492 ipsum
732 1417 873 1491 ereptum
897 1426 966 1472 esse
987 1406 1141 1480 videatis,
1171 1407 1391 1471 auctoritatem
1413 1406 1721 1490 sapientissimorum

394 1503 557 1565 hominnm
578 1500 684 1565 iacere
705 1501 889 1579 nobiscum
919 1503 952 1566 in
974 1499 1127 1565 iudicium
1155 1519 1220 1563 non
1247 1500 1373 1576 venire,
1401 1507 1507 1563 utrum
1527 1500 1565 1563 Δ.
1588 1498 1723 1562 Caecina

394 1594 575 1679 possederit
600 1614 717 1671 necne,
747 1602 853 1658 tamen
879 1595 987 1658 doceri
1014 1593 1211 1679 possedisse3
1234 1592 1333 1657 mulio
1355 1593 1450 1657 etiam
1474 1593 1577 1657 minus
1600 1591 1759 1678 quaerito

396 1690 433 1751 A.
450 1688 603 1750 Caecinae
624 1687 742 1751 fundus
763 1688 805 1752 sit
826 1708 937 1763 neone,
958 1706 1009 1751 me
1030 1694 1136 1751 tamen
1157 1686 1190 1751 id
1206 1687 1311 1770 ipsum
1325 1686 1481 1761 docuisse,
1502 1685 1636 1750 fundum
1651 1704 1722 1750 esse

398 1781 567 1846 Caecinae:
590 1780 762 1845 cumliaco
783 1781 828 1844 ita
849 1782 928 1858 sint,
951 1781 1090 1857 statuite,
1109 1780 1186 1867 quid
1204 1801 1262 1845 vos
1283 1787 1425 1865 tempora
1446 1778 1660 1861 reipublicae
1682 1778 1722 1842 de

396 1876 524 1937 armatis
551 1874 752 1950 hominibus,
781 1875 857 1958 quid
880 1874 965 1939 iliius
987 1873 1147 1939 confessio
1170 1874 1209 1938 de
1231 1876 1280 1950 vi,
1310 1872 1388 1959 quid
1410 1880 1518 1936 nostra
1540 1871 1660 1936 decisio
1683 1869 1722 1934 de

397 1969 567 2052 aequitate,
589 1968 666 2054 quid
686 1969 768 2032 ratio
788 1969 947 2033 interdicti
969 1968 1010 2033 de
1030 1969 1100 2034 iuro
1120 1967 1291 2035 admoneat
1311 1975 1349 2035 ut
1368 1966 1527 2031 iudicetis.

461 2240 486 2290 Ξ.
505 2238 657 2303 amatissimo
673 2239 747 2289 totius
766 2238 888 2289 Etmrioe
902 2239 1001 2289 nomine
1017 2239 1174 2290 Garatonins
1193 2238 1247 2302 (iit
1270 2236 1416 2301 omniomi
1431 2236 1507 2288 totius
1521 2248 1547 2286 se
1564 2234 1616 2286 cmi
1632 2247 1661 2286 re
1675 2248 1724 2286 no-

397 2314 462 2364 mine
473 2315 501 2372 Τ;
520 2313 666 2377 ampliorari
676 2327 701 2365 sc
711 2313 890 2365 latirenomins
902 2316 981 2365 wotos
988 2314 1019 2376 V;
1031 2314 1199 2377 amplissimos
1206 2314 1327 2364 Etrurine
1336 2313 1435 2364 nonnas
1444 2313 1519 2364 totius
1529 2313 1554 2372 t;
1566 2311 1726 2375 nomiminis

396 2389 516 2439 Etmrioe
531 2389 630 2438 oomim
645 2389 720 2439 totius
736 2390 799 2448 aa3
817 2390 1010 2463 aarum,
1026 2389 1162 2440 iisiruios
1176 2388 1275 2440 nom
1290 2389 1365 2439 totius
1380 2401 1443 2440 com
1459 2386 1552 2438 Aldine
1568 2385 1601 2448 ἔς
1618 2386 1725 2448 omlis·

396 2465 487 2514 simam
507 2465 593 2513 cinam
607 2463 728 2514 Etrurine
743 2464 817 2514 totino
834 2466 866 2524 L;
888 2463 1046 2526 omniomnis
1064 2463 1126 2513 ciris
1141 2462 1262 2514 Edonios
1282 2464 1357 2513 incisu
1374 2475 1437 2514 cum
1454 2461 1574 2513 Ernesiio
1592 2459 1646 2524 (qui
1661 2460 1725 2510 ciris

398 2537 499 2588 addidit
515 2550 548 2587 ea
564 2550 618 2588 ono
630 2538 826 2601 oxoniensium,
846 2537 907 2590 edd.
919 2539 1028 2589 Venetis
1044 2536 1129 2589 tribus
1139 2538 1167 2587 et
1182 2537 1292 2600 iuniinai
1302 2538 1363 2589 0.-
1376 2536 1401 2589 i.
1414 2537 1586 2600 omnam
1595 2534 1636 2600 sii]
1647 2536 1723 2598 offse-

399 2612 478 2662 derint
493 2611 515 2661 si
530 2612 565 2671 ‘i';
592 2613 763 2675 offenderam
778 2618 814 2663 est
830 2612 956 2664 iiaimius.
982 2640 1009 2650 -
1033 2614 1058 2664 8.
1076 2617 1188 2676 ersom
1203 2626 1224 2662 α
1240 2614 1268 2663 et
1283 2609 1373 2666 1220:
1395 2611 1524 2674 ὼνῳωιιι
1539 2609 1575 2670 V;
1600 2609 1724 2671 &spiren

400 2688 459 2738 BA.
480 2714 507 2722 -
532 2701 582 2737 esre
596 2689 712 2751 omacio,
737 2690 841 2738 videatis
862 2687 1036 2739 anctoritatem
1051 2687 1179 2740 iieiierus.
1201 2714 1228 2725 -
1251 2686 1275 2738 9.
1292 2686 1376 2750 loom
1392 2698 1447 2737 om.
1465 2687 1495 2736 Τ.
1520 2712 1548 2722 -
1568 2683 1598 2736 Α.
1617 2683 1724 2735 Coccina

400 2762 433 2811 T:
458 2773 511 2811 om.
530 2774 693 2826 praenomen
710 2761 852 2816 nauso.
880 2761 919 2813 ei.
937 2762 961 2827 g.
980 2763 1020 2814 93.
1041 2788 1068 2799 -
1089 2763 1129 2813 iii.
1147 2768 1231 2813 tornea
1246 2763 1333 2813 dom
1348 2756 1628 2826 'ivdflbmpqiii
1644 2761 1672 2810 ei
1685 2760 1722 2818 Ας

399 2842 483 2889 tomen
499 2839 652 2899 deonacum
670 2852 728 2888 mim
743 2839 840 2890 doceret
851 2852 875 2889 c.
890 2866 918 2876 -
935 2838 1085 2890 etiamnum
1096 2836 1188 2888 Aldina
1207 2835 1295 2890 iio:
1313 2834 1439 2890 innidi-
1452 2862 1480 2873 -
1499 2832 1632 2898 martiii
1649 2846 1725 2899 prae·

401 2914 442 2961 ior
457 2912 483 2962 k.
504 2939 532 2951 -
551 2914 591 2964 ii.
608 2914 638 2964 Α.
655 2913 762 2965 Coccina
776 2914 870 2977 [amaus
884 2914 916 2964 sit
931 2925 1020 2971 axae.
1037 2938 1078 2950 ··
1092 2912 1198 2975 lundam
1219 2924 1269 2963 eree
1288 2911 1424 2963 θωοίιακ
1441 2908 1476 2960 de
1492 2909 1625 2961 Bucanani
1642 2921 1722 2974 prava

401 2989 553 3039 coniectura
568 2988 597 3039 L.
616 3013 644 3023 -
664 2987 704 3039 ii.
722 2988 809 3038 indicii
823 2989 858 3049 T,
874 2989 902 3038 in
917 2988 977 3039 dicti
992 2987 1023 3038 V.
1043 3010 1071 3024 ··
1089 2987 1223 3038 admei
1237 2986 1355 3039 aveir:
1373 2985 1525 3037 mm
1540 2981 1683 3036 ninid.
