4367 6109
450 576 513 644 602
827 583 881 646 DE
902 580 1007 647 LEGE
1028 579 1205 646 AGRARIA
1226 581 1389 646 LIBERI.

447 752 572 815 dicetur
592 752 766 815 communis
788 771 844 815 ora
863 752 1030 836 Lyciorum
1051 758 1147 835 atque
1164 750 1311 815 Cilicum:
1333 751 1434 835 Mysia
1456 758 1489 815 et
1509 751 1660 837 Phrygia
1684 752 1787 816 eidem

448 845 628 909 condicioni
652 844 777 929 legique
798 846 963 928 parebunt.

532 939 556 1000 Ι.
578 933 608 1000 l.
632 968 648 1000 a
664 967 680 999 a
703 938 864 1014 Quaeres
886 947 992 1024 aperte
1014 940 1196 1023 petebatur,
1226 959 1265 1003 ea
1285 959 1369 1002 nunc
1391 939 1514 1003 occulte
1539 940 1707 1005 cuniculis
1730 962 1787 1026 op·

447 1038 614 1115 pugnatur.
651 1032 764 1096 Dicent
786 1034 870 1096 enim
893 1033 1080 1109 decemviri,
1103 1033 1134 1096 id
1158 1032 1243 1115 quod
1265 1039 1296 1095 et
1318 1033 1431 1095 dicitur
1452 1052 1472 1095 a
1493 1033 1607 1097 multis
1632 1042 1668 1098 et
1689 1053 1785 1118 saepe

424 1124 565 1188 edictum
597 1133 661 1200 est,
692 1134 764 1210 post
794 1127 922 1190 eosdem
951 1127 1097 1191 consules
1127 1127 1209 1209 regis
1231 1126 1401 1190 Alexandri
1429 1134 1626 1192 testamento
1650 1148 1785 1212 regnum

446 1218 526 1281 illud
547 1219 658 1301 populi
679 1220 811 1304 Romani
833 1240 903 1284 esse
930 1219 1058 1285 factum.
1098 1220 1221 1284 Dabitis
1250 1221 1348 1302 igitur
1368 1220 1598 1284 Alexandriam
1623 1222 1710 1286 clam
1730 1242 1785 1307 pe-

447 1311 585 1375 tentibus
608 1314 663 1388 iis,
685 1314 801 1398 quibus
822 1315 1020 1397 apertissime
1042 1314 1255 1398 pugnantibus
1277 1315 1443 1377 restitistis.
1482 1314 1588 1389 Haec,
1620 1337 1684 1400 per
1705 1315 1784 1380 deos

447 1406 659 1470 immortalesl
681 1416 785 1470 utrum
807 1428 876 1471 esse
898 1409 988 1472 vobis
1011 1408 1144 1471 consilia
1165 1408 1320 1471 siccorum
1335 1427 1374 1470 an
1389 1407 1630 1473 vinolentorum
1646 1411 1784 1485 somnia,

448 1507 480 1563 et
501 1508 606 1564 utrum
628 1502 763 1584 cogitata
784 1502 974 1585 sapientium
996 1522 1036 1565 an
1060 1508 1168 1586 optata
1189 1500 1378 1564 furiosorum
1401 1500 1572 1565 ndenturt
1609 1501 1642 1567 2.
1666 1504 1784 1568 Videte

410 1610 534 1656 ionnnc
556 1595 702 1678 proximo
725 1597 845 1678 capite,
868 1603 903 1659 ut
923 1596 1067 1678 impurus
1088 1594 1186 1658 belno
1209 1594 1313 1658 turbet
1334 1613 1401 1656 rem
1423 1594 1603 1677 publicam,
1628 1603 1667 1660 ut
1681 1616 1702 1660 a
1717 1617 1784 1661 ma·

448 1688 569 1752 ionibus
597 1691 714 1752 nostris
743 1689 961 1773 possessiones
989 1690 1113 1753 relictas
1142 1689 1303 1771 disperdat
1332 1708 1367 1751 ac
1396 1689 1547 1773 dissipet,
1574 1698 1613 1754 ut
1644 1692 1688 1755 sit
1718 1711 1784 1756 non

449 1781 553 1846 minus
583 1783 615 1846 in
644 1782 753 1866 populi
774 1782 906 1847 Romani
936 1783 1129 1866 patrimonio
1151 1801 1251 1865 nepos
1273 1802 1367 1866 quam
1390 1782 1422 1845 in
1445 1803 1513 1845 suo.
1550 1784 1731 1849 Perscribit
1751 1785 1784 1849 in

449 1897 506 1939 sua
528 1877 597 1960 lege
618 1878 803 1961 vectigalia,
825 1898 906 1961 quae
929 1876 1097 1940 decemviri
1120 1875 1274 1949 vendant,
1296 1875 1357 1938 boc
1380 1884 1443 1949 est,
1465 1877 1643 1959 proscribit
1659 1878 1784 1943 auctio-

449 1991 521 2034 nem
543 1971 740 2055 publicorum
762 1972 928 2036 bonorum.
958 1973 1059 2052 Agros
1081 1969 1143 2032 emi
1165 1968 1253 2044 vult,
1276 1970 1333 2053 qui
1347 1968 1546 2033 dividantur:
1570 1974 1708 2055 quaerit
1729 1994 1784 2057 pe·

412 2066 583 2128 asenniam.
623 2065 777 2129 Videlicet
805 2064 994 2149 excogitabit
1022 2063 1145 2146 aliquid
1174 2072 1269 2146 atque
1291 2064 1410 2126 afferet.
1452 2066 1531 2127 Nam
1554 2068 1784 2148 superioribus

450 2157 605 2241 capitibus
627 2159 764 2241 dignitas
786 2159 898 2242 populi
920 2158 1051 2220 Romani
1068 2156 1262 2231 violabatur,
1285 2177 1399 2220 nomen
1418 2159 1542 2242 imperii
1557 2160 1592 2221 in
1610 2180 1784 2226 commune

449 2251 558 2314 odium
581 2252 665 2315 orbis
687 2258 788 2316 terrae
810 2252 995 2325 vocabatur,
1018 2251 1112 2313 urbes
1134 2256 1281 2333 pacatae,
1303 2252 1369 2332 agri
1388 2251 1564 2327 sociorum,
1586 2273 1706 2337 regum
1723 2266 1784 2320 sta·

449 2353 499 2410 tus
527 2345 713 2409 decemviris
743 2346 959 2409 donabantur:
993 2364 1076 2407 nunc
1107 2363 1275 2426 praesens,
1308 2351 1393 2407 certa
1422 2346 1559 2427 pecunia
1587 2342 1782 2433 [numerate]

450 2440 622 2522 quaeritur.
656 2436 686 2503 3.
708 2441 882 2523 Exspecto,
905 2438 984 2523 quid
1001 2437 1147 2501 tribunus
1167 2436 1269 2521 plebis
1284 2437 1417 2519 vigilans
1433 2446 1464 2501 et
1478 2446 1591 2501 acutus
1608 2442 1783 2524 excogitet.

410 2533 586 2608 aoVeneat,
615 2534 736 2617 inquit,
768 2534 847 2596 silva
876 2532 1012 2595 Scantia.
1057 2532 1168 2594 Utrum
1197 2532 1324 2595 tandem
1351 2531 1435 2594 banc
1462 2531 1576 2595 silvam
1598 2532 1637 2596 in
1660 2534 1784 2599 relictis

448 2626 703 2710 possessionibus
725 2648 764 2690 an
788 2628 821 2691 in
843 2647 1011 2690 censorum
1033 2626 1160 2708 pascuis
1181 2626 1353 2688 invenisti?
1383 2626 1508 2709 Siquid
1524 2632 1591 2700 est,
1616 2627 1710 2711 quod
1733 2629 1782 2691 in-

449 2720 594 2803 dagaris,
622 2721 798 2795 inveneris,
828 2741 868 2784 ex
893 2720 1032 2785 tenebris
1057 2719 1194 2793 erueris,
1217 2739 1407 2802 quamquam
1434 2718 1577 2803 iniquum
1606 2726 1677 2796 est,
1708 2742 1784 2786 con·

448 2833 536 2877 sume
558 2833 644 2889 sane,
666 2814 752 2898 qnod
775 2814 973 2878 commodum
997 2821 1062 2887 est,
1084 2815 1236 2896 quoniam
1258 2812 1388 2895 quidem
1409 2819 1444 2874 tu
1466 2812 1615 2876 attulisti.
1661 2815 1784 2882 Silvam

448 2927 523 2971 vero
546 2914 581 2971 tu
603 2906 759 2970 Scantiam
782 2908 900 2970 vendas
921 2907 1016 2970 nobis
1038 2907 1222 2970 consulibus
1244 2913 1340 2990 atque
1367 2906 1429 2970 boc
1450 2910 1585 2970 senatui
1618 2916 1655 2972 tn
1677 2910 1782 2975 ullum

410 3001 582 3084 asvectigal
603 3000 763 3083 attingas?
786 3008 819 3064 tu
841 3002 962 3084 populo
984 3003 1126 3065 Romano
1149 3001 1294 3064 subsidia
1314 3000 1408 3075 belli,
1430 3007 1464 3064 tu
1479 3009 1672 3066 ornamenta
1693 3007 1784 3089 pacis

449 3096 588 3179 eripias?
610 3096 690 3157 Tum
712 3114 787 3157 vero
809 3095 872 3158 boc
893 3114 943 3158 me
965 3094 1148 3158 inertiorem
1170 3094 1331 3157 consulem
1346 3094 1493 3158 indicabo
1508 3114 1607 3179 mam
1626 3093 1705 3162 illos
1719 3097 1784 3164 ior·

448 3191 585 3255 tissimos
606 3188 709 3262 viros,
731 3189 785 3270 qui
807 3188 892 3271 apud
914 3188 1050 3251 maiores
1069 3195 1194 3250 nostros
1210 3186 1354 3263 suerunt,
1377 3188 1483 3271 quod,
1506 3209 1589 3273 quae
1605 3193 1784 3277 vectigalia

447 3283 511 3347 illis
533 3282 715 3346 consulibus
744 3282 864 3365 populo
892 3284 1034 3346 Romano
1057 3288 1146 3365 parta
1168 3288 1259 3355 sunt,
1290 3301 1327 3344 ea
1349 3301 1399 3344 me
1421 3282 1554 3345 consule
1576 3303 1621 3347 ne
1647 3287 1783 3351 retineri

447 3377 576 3462 quidem
597 3378 738 3459 potuisse
760 3377 992 3440 iudicabuntur.
1036 3379 1077 3439 11.
1096 3373 1125 3437 l.
1146 3375 1263 3437 Vendit
1285 3376 1395 3439 ltaliae
1416 3375 1643 3459 possessiones
1666 3399 1711 3442 ex
1734 3401 1784 3444 or·

411 3471 523 3534 sodine
546 3490 665 3533 omnes.
703 3472 785 3534 Sane
808 3479 856 3533 est
876 3471 908 3532 in
932 3490 970 3533 eo
987 3470 1139 3554 diligens:
1163 3469 1281 3531 nullam
1304 3470 1387 3532 enim
1409 3469 1646 3552 praetermittit.
1669 3474 1783 3539 Perse·

449 3566 557 3649 quitur
589 3565 622 3627 in
652 3565 767 3627 tabulis
796 3564 948 3627 censoriis
977 3571 1073 3626 totam
1105 3564 1260 3626 Siciliam:
1294 3563 1415 3626 nullum
1436 3560 1640 3641 aedilicium,
1673 3568 1783 3633 nullos

450 3679 543 3742 agros
564 3659 724 3740 relinquit.
758 3658 896 3722 Audistis
919 3659 1099 3721 auctionem
1114 3657 1225 3741 populi
1241 3657 1373 3719 Romani
1389 3658 1600 3740 proscriptam
1616 3679 1637 3723 a
1652 3662 1782 3727 tribuno

450 3752 567 3836 plebis,
590 3753 791 3816 constitutam
813 3753 846 3814 in
869 3773 1010 3816 mensem
1024 3752 1219 3826 Ianuarium,
1242 3758 1290 3826 et,
1314 3751 1425 3825 credo,
1450 3770 1514 3813 non
1530 3752 1685 3819 dubitatis
1703 3758 1782 3841 quin

513 4015 537 4063 l.
556 4012 698 4077 cmnmunis]
716 4012 809 4062 colonis
825 4010 948 4071 Orcllius;
967 4014 1092 4064 continens
1104 4013 1230 4065 Halmius.
1250 4012 1337 4063 Malim
1350 4014 1437 4063 omnis.
1449 4039 1476 4048 -
1494 4014 1606 4078 Μαίη
1616 4018 1699 4069 worn
1712 4019 1782 4073 orel·

446 4086 509 4137 lius:
527 4087 644 4150 Plirppia.
665 4087 747 4137 Veniet
758 4088 887 4148 Propontis
902 4092 976 4149 atpaie
986 4089 1167 4150 Hellespontus,
1184 4089 1249 4139 idem
1260 4086 1362 4150 Aquilo.
1381 4113 1407 4121 -
1427 4087 1451 4136 3.
1469 4087 1550 4137 Huius
1566 4093 1697 4143 orationis
1711 4097 1782 4158 pris-

445 4161 538 4222 cipium
554 4161 585 4209 de
603 4161 655 4224 laps
670 4161 782 4225 Agraria
798 4167 887 4211 contra
903 4164 929 4212 P.
948 4164 1047 4212 Rullum
1062 4178 1113 4213 non
1129 4168 1207 4212 atat.
1234 4164 1290 4213 Duc
1307 4163 1372 4211 naim
1387 4161 1449 4225 solia
1465 4164 1681 4218 masinissam
1699 4171 1781 4220 codiee

445 4236 542 4285 abscisa
564 4235 638 4297 fuisse
662 4237 760 4286 librarii
786 4238 940 4287 admonitum
963 4239 1117 4301 reliquerunt
1138 4240 1165 4289 in
1186 4237 1342 4302 marginibus
1360 4237 1583 4289 oetminstmonnn
1603 4245 1781 4307 mopiam

446 4323 510 4373 puae
529 4311 556 4359 in
572 4310 774 4361 consultationem
791 4312 864 4361 tutus
878 4318 980 4362 nostrae
996 4314 1109 4363 editionis
1119 4313 1275 4362 adnuimus
1285 4316 1315 4363 A.
1330 4339 1357 4348 -
1375 4313 1511 4377 Aeppptus,
1530 4325 1598 4374 puae
1616 4323 1678 4369 unte
1694 4324 1780 4383 aperis

446 4386 644 4437 Mommsenius.
659 4411 686 4421 -
705 4387 730 4436 ὓ.
742 4387 881 4437 dunanda-i
891 4390 911 4438 E
921 4390 938 4437 F
948 4390 967 4438 G
977 4391 1010 4438 l’:
1029 4389 1195 4439 Atecondrini
1206 4391 1226 4438 A
1236 4389 1255 4437 l.
1264 4386 1295 4446 ἒς
1313 4388 1407 4437 armas
1418 4385 1532 4439 Klotzius
1543 4388 1570 4438 in
1582 4390 1725 4444 Prooemio
1737 4392 1777 4445 ed.

445 4459 490 4510 alt.
509 4472 535 4523 p.
547 4460 634 4510 Xlllll.
653 4459 711 4510 coll.
729 4462 760 4513 ll.
779 4462 803 4525 ἓ.
817 4462 859 4514 tt.
872 4490 899 4499 —
919 4464 943 4514 8.
961 4465 1171 4514 uininolcntorum
1188 4465 1221 4520 E;
1239 4464 1423 4513 uinulnttoraen
1439 4464 1466 4513 F.
1482 4487 1509 4499 -
1528 4463 1553 4513 9.
1571 4467 1730 4528 supinam
1744 4471 1777 4522 E:

444 4533 625 4584 somnianciurn
641 4535 659 4583 F
673 4549 678 4594 ;
704 4538 843 4599 sapientum
859 4538 972 4593 ΑΗΘ.
993 4565 1020 4574 -
1040 4540 1079 4589 to,
1098 4538 1179 4600 belno]
1194 4539 1279 4588 bellico
1296 4540 1322 4588 F.
1344 4566 1371 4574 —
1390 4538 1503 4588 turbetur
1518 4542 1548 4589 Ρ.
1568 4567 1596 4577 -
1619 4543 1661 4593 lt.
1679 4545 1780 4595 mistas

442 4611 605 4672 possessiones
621 4623 674 4674 mg.
694 4609 719 4663 t.
739 4639 766 4648 —
793 4626 824 4662 ac
841 4614 928 4665 EFP:
957 4620 979 4664 et
999 4614 1116 4669 Ante.
1136 4640 1163 4648 —
1189 4615 1228 4664 tt.
1247 4613 1329 4677 nepos]
1347 4614 1415 4664 lieres
1431 4613 1487 4663 EF.
1507 4639 1535 4648 —
1555 4616 1698 4677 perscribit
1714 4620 1776 4671 EA:

442 4683 576 4747 proscribit
592 4683 700 4736 ΜΟ.
717 4714 744 4723 -
763 4687 803 4737 43.
819 4689 949 4749 persentit
966 4685 1051 4739 EFA.
1071 4688 1229 4740 Emendat-’it
1240 4689 1384 4751 Naugerius
1403 4689 1428 4737 ln
1441 4686 1484 4737 ed.
1495 4686 1634 4738 Aldina-
1655 4694 1698 4744 lb.
1711 4695 1777 4746 side

444 4761 500 4809 licet
516 4772 570 4809 orn.
584 4759 612 4809 E.
627 4784 654 4796 -
675 4760 715 4810 l8.
734 4762 940 4813 condonabantur
956 4766 1097 4814 Puteanus.
1112 4789 1139 4798 —
1159 4769 1293 4813 nunnrato
1309 4764 1334 4812 in
1347 4764 1366 4812 E
1380 4763 1592 4826 superscriptum
1604 4769 1658 4817 est.
1676 4769 1777 4821 Vocem

445 4834 616 4884 aWundero
634 4834 668 4899 (p.
686 4835 829 4885 Lxxxvln
847 4839 918 4900 sqq.)
938 4841 1115 4902 oppugnatam
1134 4837 1253 4887 delendit
1269 4836 1405 4887 Gebhardt
1422 4837 1559 4888 Obscuatt.
1577 4841 1649 4893 ann.
1666 4843 1696 4893 in
1711 4844 1778 4896 Gee-

445 4910 515 4958 ronis
532 4913 607 4959 matt.
626 4911 655 4960 de
671 4910 722 4973 laps
739 4924 796 4974 apr.
816 4913 834 4960 l.
852 4926 879 4976 p.
898 4911 913 4962 l
930 4926 990 4976 sqq.
1010 4940 1039 4949 -
1057 4914 1098 4963 tt).
1117 4913 1202 4962 ueniat
1219 4914 1245 4962 F.
1262 4940 1287 4949 -
1308 4913 1347 4961 it.
1367 4926 1483 4962 consume
1498 4912 1566 4977 sane]
1584 4927 1706 4970 aonam
1721 4930 1778 4970 m

444 4988 529 5034 tamen
545 4985 580 5044 E3
599 4988 683 5035 tamen
699 4998 814 5035 consume
825 4985 877 5039 Fit.
893 5013 920 5022 -
938 4987 979 5036 23.
998 4989 1064 5050 quod
1075 4986 1199 5038 0rcllius:
1218 5001 1275 5037 cum
1287 4986 1451 5045 Wunderns3
1470 4988 1592 5050 quoniam
1603 4990 1625 5040 E
1635 4992 1653 5042 F
1663 4994 1684 5042 A
1694 4991 1775 5048 nto.

445 5058 568 5118 (consume
593 5072 654 5109 sans
678 5064 789 5120 tantum,
817 5066 937 5123 wantum
959 5075 981 5111 c.
1001 5061 1139 5123 Halmius.)
1159 5089 1185 5096 -
1211 5063 1329 5123 paconium
1351 5063 1458 5123 quidem]
1475 5063 1683 5125 quandoquidem
1698 5070 1730 5119 A.
1748 5091 1775 5106 -

445 5130 486 5181 il.
504 5132 561 5181 liuic
576 5135 673 5183 senatun
690 5136 719 5185 E.
734 5161 761 5171 —
780 5136 821 5185 25.
836 5136 922 5198 populi
934 5138 1039 5187 Ammoi
1056 5135 1168 5189 ΕΔΗ.
1181 5165 1207 5173 -
1227 5139 1267 5188 ²6.
1287 5144 1314 5186 tu
1329 5151 1388 5187 cero
1399 5139 1571 5189 --iudicabis
1581 5141 1611 5191 Τ.
1628 5166 1657 5180 -
1678 5144 1721 5196 29.
1735 5159 1778 5209 pa·

445 5207 526 5271 tunsa]
542 5209 624 5269 potius
640 5224 666 5260 se
682 5211 736 5260 FP.
751 5237 778 5246 —
798 5210 839 5261 30.
853 5213 1013 5276 persequitur
1028 5215 1093 5265 enim
1110 5214 1136 5264 in
1147 5215 1179 5274 F;
1194 5214 1353 5278 persequitur
1367 5219 1395 5263 ut
1411 5215 1439 5264 in
1456 5216 1599 5267 Puteanus.
1616 5241 1645 5255 -
1666 5220 1709 5272 31.
1722 5233 1776 5272 aas·

445 5282 508 5332 soris
523 5283 552 5337 E.
566 5308 594 5319 -
613 5283 654 5337 32.
670 5285 771 5350 maist
787 5286 815 5339 F.
