4367 6109
459 565 522 635 528
777 568 928 634 ouavlo
950 571 1004 635 DE
1025 571 1194 638 IMPERIO
1217 571 1278 636 CN.
1299 572 1466 639 bonvau

370 797 372 803 ,
458 747 507 802 tos
530 758 641 802 cursus
663 734 818 802 conficere
839 740 960 822 potuit,
983 759 1076 823 quam
1100 740 1245 805 celeriter
1268 741 1323 806 Cn.
1337 744 1490 826 Pompeio
1513 741 1594 806 duee
1615 741 1700 806 tanti
1713 739 1797 805 belli

456 833 590 916 impetus
612 833 795 915 navigavit?
818 833 873 917 qui
896 833 1038 897 nondum
1058 835 1248 918 tempestivo
1264 834 1306 898 ad
1320 837 1534 919 navigandum
1549 839 1627 902 mari
1645 836 1798 900 Siciliam

456 927 550 1001 adiit,
570 927 709 990 Africam
730 927 921 1010 exploravit,
944 928 1018 992 inde
1041 928 1220 992 Sardiniam
1243 950 1315 992 cum
1337 931 1438 995 classe
1462 933 1564 1008 venit,
1587 939 1687 1016 atque
1709 930 1796 993 baec

455 1023 515 1084 tria
536 1020 739 1084 frumentaria
760 1021 903 1086 subsidia
924 1023 969 1085 rei
992 1021 1138 1104 publicae
1161 1019 1350 1087 firmissimis
1376 1025 1544 1107 praesidiis
1567 1025 1794 1106 classibusque

431 1113 598 1189 emunivit
641 1111 692 1176 35.
715 1115 792 1178 lnde
820 1136 890 1179 cum
918 1136 952 1179 se
980 1117 1012 1179 iu
1045 1115 1166 1179 ltaliam
1198 1119 1385 1199 recepisset,
1420 1117 1540 1182 duabus
1568 1119 1738 1202 Hispaniis
1761 1124 1794 1180 et

456 1205 559 1270 Gallia
580 1208 788 1291 Transalpina
808 1208 976 1292 praesidiis
999 1230 1035 1273 ac
1055 1210 1190 1273 navibus
1215 1207 1415 1287 confirmata,
1437 1213 1541 1276 missis
1556 1213 1631 1277 item
1647 1215 1682 1276 in
1697 1231 1792 1275 oram

454 1299 573 1388 lllyrici
602 1303 697 1366 maris
724 1309 757 1366 et
785 1303 818 1365 in
847 1303 998 1366 Achaiam
1025 1323 1217 1388 omnemque
1248 1305 1412 1367 Graeciam
1434 1307 1567 1369 navibus
1589 1307 1698 1371 ltaliae
1722 1307 1790 1368 duo

454 1397 554 1460 maria
575 1398 720 1461 maximis
743 1397 896 1461 classibus
918 1394 1172 1481 firmissimisque
1187 1397 1352 1480 praesidiis
1374 1400 1556 1475 edomavit,
1578 1403 1647 1484 ipse
1666 1410 1790 1476 antem,

453 1500 491 1556 ut
511 1490 680 1556 Brundisio
701 1489 860 1575 proiectus
883 1500 946 1566 est,
974 1491 1325 1575 undequinquagesimo
1348 1493 1399 1556 die
1433 1502 1529 1557 totam
1551 1494 1592 1558 ad
1612 1496 1790 1579 imperium

417 1585 567 1670 repopuli
588 1586 721 1648 Romani
745 1583 886 1647 Ciliciam
908 1585 1076 1647 adiunxit:
1099 1605 1226 1661 omnes,
1248 1586 1304 1669 qui
1318 1587 1437 1668 ubique
1451 1590 1629 1671 praedones
1640 1589 1790 1664 suerunt,

454 1682 568 1766 partim
591 1680 673 1764 capti
695 1676 915 1761 interfectique
937 1686 1031 1752 sunt,
1054 1679 1166 1761 partim
1189 1679 1284 1742 unius
1304 1680 1399 1744 huius
1421 1702 1456 1745 se
1478 1684 1611 1765 imperio
1633 1703 1670 1747 ac
1691 1691 1791 1768 pote-

454 1776 528 1840 stati
549 1772 751 1838 dediderunt
795 1771 883 1835 ldem
906 1771 1124 1846 Cretensibus,
1148 1772 1280 1835 eumad
1303 1794 1376 1837 eum
1398 1795 1500 1860 usque
1516 1778 1549 1839 in
1565 1777 1790 1862 Pamphyliam

453 1869 575 1953 legatos
597 1869 881 1952 deprecatoresque
903 1867 1079 1940 misissent,
1108 1886 1195 1948 spem
1218 1867 1391 1932 deditionis
1413 1890 1478 1933 non
1499 1872 1617 1934 ademit
1637 1871 1790 1935 obsides-

454 1982 518 2047 que
540 1963 715 2046 imperavit
757 1962 804 2024 lta
826 1968 946 2024 tantum
969 1959 1105 2035 bellum,
1134 1968 1198 2023 tem
1222 1960 1421 2038 diuturnum,
1452 1973 1515 2027 tam
1539 1965 1632 2049 longe
1653 1965 1789 2050 lateque

417 2058 648 2141 redispersum,
671 2075 734 2139 quo
756 2054 841 2118 bello
864 2073 974 2117 omnes
996 2061 1107 2136 gentes
1130 2073 1166 2117 ac
1189 2055 1335 2119 nationes
1353 2059 1593 2140 premebantur,
1617 2059 1672 2124 Cn.
1688 2061 1789 2123 Pom-

452 2152 546 2235 peius
576 2159 716 2214 extrema
742 2149 848 2213 hieme
877 2148 1057 2232 apparavit,
1087 2148 1217 2212 ineunte
1244 2168 1318 2213 vere
1344 2152 1499 2235 suscepit,
1531 2153 1637 2217 media
1658 2161 1787 2218 aestate

454 2245 602 2310 coniecit.

536 2340 622 2402 xssl.
644 2334 696 2400 36.
717 2337 776 2400 Est
795 2336 873 2400 baec
895 2336 1001 2398 divina
1014 2344 1111 2418 atque
1126 2336 1323 2401 incredibilis
1337 2338 1440 2402 virtus
1455 2339 1663 2424 imperatoris.
1694 2339 1786 2417 Quid

452 2442 594 2508 ceterae,
616 2451 696 2517 quas
718 2430 815 2513 paulo
837 2437 911 2493 ante
933 2448 1177 2493 commemorare
1200 2450 1382 2513 coeperam,
1405 2443 1543 2516 quantae
1566 2445 1663 2519 atque
1683 2454 1787 2520 quam

414 2529 572 2600 „multae
594 2526 686 2591 suntl
707 2527 787 2612 ¹Non
810 2525 895 2587 enim
915 2522 1055 2586 bellandi
1079 2523 1181 2586 virtus
1203 2523 1307 2588 solum
1328 2526 1362 2588 in
1377 2546 1500 2590 summo
1515 2547 1552 2591 ac
1565 2528 1706 2611 perlecto
1722 2529 1787 2590 im-

452 2632 598 2707 peratore
620 2619 803 2706 quaerenda
825 2624 887 2692 est,
917 2616 972 2681 sed
995 2617 1111 2680 multae
1133 2626 1206 2680 sunt
1230 2627 1314 2682 artes
1336 2621 1489 2696 eximiae,
1518 2622 1613 2685 huius
1642 2621 1786 2686 admini-

451 2727 534 2783 strae
557 2716 751 2796 comitesque
772 2712 908 2775 virtutis.
941 2711 986 2772 ac
1008 2713 1144 2792 primum
1166 2721 1285 2795 quanta
1308 2713 1489 2778 innocentia
1504 2715 1621 2779 debent
1634 2736 1705 2780 esse
1720 2717 1785 2779 im-

450 2810 631 2897 peratores!
666 2814 785 2892 quanta
815 2804 929 2868 deinde
957 2805 990 2866 in
1019 2804 1166 2867 omnibus
1194 2807 1289 2869 rebus
1313 2809 1535 2889 temperentia!
1567 2817 1685 2894 quanta
1707 2806 1783 2884 lide,

453 2914 572 2991 quanta
598 2903 761 2974 facilitate,
794 2908 914 2983 quanto
945 2899 1090 2981 ingenio,
1125 2907 1243 2980 quanta
1272 2900 1487 2965 humanitatel
1521 2903 1611 2978 Quae
1640 2903 1784 2967 breviter

412 3001 558 3085 nequalia
588 2999 652 3062 sint
679 2997 711 3059 in
739 2995 795 3058 Cn.
817 2994 986 3076 Pompeio,
1014 2992 1262 3056 consideremus.
1300 2996 1428 3057 Summa
1455 2996 1540 3059 enim
1563 2996 1668 3059 omnia
1691 3003 1781 3070 sunt,

450 3093 608 3171 Quirites,
638 3091 692 3156 sed
715 3109 753 3154 ea
775 3088 873 3171 magis
896 3107 937 3151 ex
957 3087 1091 3150 aliorum
1115 3087 1317 3150 contentione
1340 3108 1435 3170 qnam
1457 3090 1531 3171 ipsa
1552 3111 1610 3173 per
1630 3109 1701 3154 sese
1722 3109 1783 3153 co·

450 3186 559 3272 gnosci
591 3193 686 3269 atque
719 3183 854 3265 intelligi
884 3189 1028 3264 possunt.
1082 3177 1133 3243 37.
1164 3180 1267 3256 Quem
1295 3182 1379 3243 enim
1410 3182 1633 3265 imperatorem
1647 3191 1780 3267 'possu-

450 3302 521 3346 mus
542 3280 610 3344 ullo
627 3279 659 3342 in
682 3297 814 3341 numero
836 3283 964 3359 putare,
985 3274 1077 3339 cuius
1098 3275 1131 3337 in
1153 3275 1294 3337 exercitu
1309 3275 1504 3339 centuriatus
1519 3285 1778 3362 veneantatque

449 3374 631 3440 venierint?
662 3370 738 3456 quid
759 3371 844 3434 hunc
865 3370 1025 3433 hominem
1048 3388 1195 3451 magnum
1217 3375 1272 3430 ant
1293 3369 1434 3451 amplum
1457 3369 1496 3433 de
1518 3390 1552 3434 re
1574 3370 1701 3454 publica
1723 3390 1781 3432 co·

413 3471 565 3553 agitare,
587 3466 643 3551 qui
665 3465 832 3548 pecuniam
855 3484 896 3526 ex
917 3463 1038 3526 aerario
1060 3462 1279 3545 depromptam
1301 3462 1342 3525 ad
1358 3464 1476 3527 bellum
1490 3464 1781 3529 administrandum

450 3570 506 3627 sut
530 3568 661 3644 propter
687 3559 889 3641 cupiditatem
917 3557 1100 3639 provinciae
1130 3556 1363 3637 magistratibus
1394 3557 1540 3621 diviserit
1561 3567 1615 3622 aut
1645 3566 1780 3642 propter

450 3655 612 3721 avaritiam
632 3655 750 3717 Romae
772 3652 804 3714 in
827 3658 960 3736 quaestu
975 3649 1164 3734 reliquerit?
1195 3651 1306 3713 Vestra
1319 3649 1567 3714 admurmuratio
1582 3652 1671 3726 iacit,
1695 3651 1780 3727 Qui·

449 3751 542 3825 rites,
563 3755 599 3812 ut
618 3765 791 3831 agnoscere
812 3743 999 3817 videamini,
1021 3742 1077 3826 qui
1099 3743 1177 3807 haec
1197 3743 1349 3806 iecerint:
1372 3763 1432 3826 ego
1453 3753 1558 3808 autem
1572 3745 1703 3809 nomino
1719 3763 1780 3810 ne-

450 3845 582 3920 minem3
611 3861 710 3927 qnare
737 3839 830 3904 irasci
859 3837 937 3901 mibi
966 3856 1061 3901 nemo
1087 3838 1221 3920 poterit,
1250 3838 1311 3901 nisi
1341 3839 1396 3922 qui
1424 3846 1497 3901 ante
1519 3837 1558 3901 de
1580 3858 1615 3902 se
1636 3838 1779 3902 voluerit

515 4080 540 4131 t.
558 4078 622 4130 molt
637 4073 792 4134 WCnEV,
810 4086 863 4138 mg.
883 4072 916 4127 2:
935 4086 988 4124 om.
1007 4070 1151 4125 RALEO.
1172 4099 1200 4109 -
1218 4074 1243 4124 2.
1261 4073 1779 4128 nondum··meeth.l.hebentwcb

450 4150 543 4208 EVO:
562 4156 623 4218 post
638 4165 682 4202 vv.
699 4151 776 4201 cluam
791 4149 858 4200 osolt
874 4147 1105 4215 ponuntllALt.
1132 4175 1159 4184 -
1183 4150 1207 4198 t.
1226 4162 1282 4198 men
1298 4161 1323 4199 se
1339 4148 1404 4198 EV:
1431 4161 1529 4199 secam
1546 4149 1687 4205 anteo.
1707 4150 1780 4215 (men

449 4224 693 4289 baltcliomsell.)
713 4252 740 4263 -
758 4224 789 4290 et]
807 4225 910 4274 ecee.
932 4250 959 4259 -
979 4224 1004 4274 t.
1023 4223 1325 4286 lromclploechV:
1350 4223 1635 4286 Cbebtenltnbsso.
1663 4229 1779 4276 Garato-

447 4306 509 4358 nius
525 4309 666 4367 utramque
683 4313 777 4352 rocem
795 4299 829 4350 ab
847 4300 990 4376 interprete
1008 4312 1132 4351 manasse
1150 4301 1231 4365 putet.
1248 4325 1275 4334 -
1294 4299 1447 4363 mmet&
1458 4300 1487 4350 C.
1502 4326 1530 4336 -
1549 4300 1573 4350 7.
1586 4301 1670 4350 illirici
1681 4302 1701 4352 Ε
1713 4302 1778 4366 (Fr.)

449 4380 480 4431 V.
499 4404 527 4416 -
546 4380 570 4431 9.
588 4376 674 4428 utBr.
693 4374 852 4426 WCbEV:
870 4373 991 4424 stelit.
1010 4371 1155 4426 lisbio.
1175 4398 1203 4408 -
1222 4372 1440 4423 drundrutoVA.
1462 4400 1488 4409 -
1508 4374 1652 4438 lupercali
1668 4374 1779 4425 Ronscnl

448 4453 569 4519 Otltclcm
586 4467 610 4504 r.
626 4465 653 4515 p.
670 4450 783 4502 Siciliam
800 4451 827 4499 F.
847 4473 874 4484 —
893 4462 1023 4511 omnaque
1039 4450 1083 4512 qul
1099 4449 1133 4498 ibt
1145 4450 1284 4510 praedones
1299 4446 1331 4510 il.
1352 4475 1378 4484 -
1398 4450 1438 4499 tt.
1457 4449 1530 4497 butes
1544 4451 1779 4500 se--decteenmt

448 4529 483 4581 E:
500 4526 792 4580 tasum-cederent
808 4523 843 4583 V;
861 4523 1151 4573 saiw-sesemet
1168 4523 1228 4583 FB;
1252 4523 1703 4581 ausm--ocsctsenesanssor
1727 4525 1778 4575 bo-

448 4605 606 4655 moene
621 4602 766 4653 dedidemot
782 4599 810 4649 b.
825 4623 852 4634 -
872 4599 912 4649 li.
930 4599 988 4649 item
1004 4599 1033 4648 Β.
1049 4625 1076 4634 -
1095 4598 1122 4646 io
1138 4609 1192 4646 om.
1206 4598 1235 4648 C.
1251 4625 1277 4634 -
1298 4598 1338 4649 tl.
1357 4599 1442 4659 umes
1458 4599 1592 4649 contami.
1607 4625 1634 4635 -
1655 4599 1778 4662 lenpa-

447 4679 500 4730 rvtt
516 4680 639 4729 omem
656 4676 723 4726 Β·
743 4672 783 4724 49.
803 4678 911 4735 qusotm
927 4684 1052 4734 quamque
1069 4672 1130 4734 (non
1147 4676 1231 4734 wem)
1247 4673 1341 4723 mutes
1356 4670 1393 4734 lli
1412 4676 1777 4737 emmerammenses-

448 4748 953 4816 mammaemammal.
973 4774 1001 4784 -
1020 4746 1060 4796 ao,
1079 4747 1159 4796 aalma
1175 4745 1282 4797 bellom
1296 4748 1377 4797 virtus
1394 4760 1455 4797 cum
1473 4746 1516 4796 ed.
1535 4746 1625 4798 Aldina
1644 4747 1726 4801 bit).
1743 4777 1774 4787 -

448 4827 558 4891 espect.
572 4826 637 4878 Ee:
655 4825 811 4887 acprosecto
828 4824 859 4883 ἒς
877 4821 1026 4886 etqueperl.
1040 4820 1128 4880 nam
1143 4822 1322 4885 perfectcoea.
1336 4847 1364 4857 -
1382 4821 1463 4872 tlte
1479 4822 1591 4872 omubm
1607 4823 1671 4873 EV:
1690 4824 1776 4872 onmi-

448 4901 494 4953 baa
509 4903 536 4952 to
552 4898 695 4954 anteo.
714 4927 742 4937 -
760 4897 944 4961 meantia?
964 4911 989 4960 q.
1005 4894 1146 4960 lemmate?
1161 4910 1186 4960 q.
1203 4896 1323 4947 confido?
1338 4908 1363 4958 q.
1382 4895 1500 4960 tagenio?
1515 4910 1539 4959 q.
1555 4897 1623 4962 ttae?
1640 4912 1663 4961 q.
1680 4899 1776 4949 bsona-

448 4977 544 5030 sttetei
566 4990 619 5042 mg.
636 4975 664 5032 t.
685 5002 712 5013 -
730 4974 771 5026 al.
788 4975 917 5041 [mittete]
934 4974 1051 5038 fatuitate
1067 4973 1087 5023 Ε
1105 4973 1164 5036 (Fr.)
1181 4971 1231 5022 Vl
1249 4973 1283 5035 (in
1300 4972 1375 5022 cuius
1391 4971 1510 5035 margine
1527 4977 1568 5023 est
1583 4974 1720 5038 feditate).
1741 4998 1771 5009 -

448 5053 490 5104 bd.
508 5051 603 5118 gadis]
620 5054 716 5113 noenu
732 5046 769 5112 dl,
789 5061 841 5113 mg.
859 5045 890 5104 ts
918 5049 1070 5111 gesaleci..
1100 5073 1127 5084 -
1154 5048 1193 5098 26.
1214 5048 1356 5110 maleel.
1377 5074 1404 5084 -
1428 5047 1468 5097 27,
1487 5047 1773 5112 totppessaenesEV,

449 5126 698 5191 beheimensibus
713 5126 773 5188 top.
792 5122 966 5178 RAL80.-
985 5120 1251 5185 atetochssvtnz
1270 5123 1355 5185 etiem
1372 5120 1545 5175 Babba·
1564 5121 1800 5176 ascensentur·

448 5216 503 5254 oss.
522 5201 825 5256 eumeneticam
840 5197 1026 5254 llam.-
1043 5196 1483 5262 mmmmmntssv.—
1502 5198 1624 5264 294qu
1642 5193 1770 5261 psaltim

449 5276 854 5345 gael.-3a.eeatrauov.
875 5273 1145 5340 quittassent
1166 5272 1610 5327 -aamsesneomvselso
