4367 6109
697 557 765 620 nu.
787 555 843 619 m.
873 553 948 618 cu.
970 546 1236 616 cxiv-axvi.
1268 547 1302 633 3.
1324 544 1514 612 iss-ror.
1708 542 1771 611 aso

447 723 646 809 defenderels
668 744 776 788 verum
798 730 835 786 ut
855 723 899 786 ita
921 723 972 796 sit,
995 729 1101 786 tamen
1121 740 1185 786 non
1206 728 1297 804 potes
1318 719 1379 783 hoc
1394 717 1485 803 qnasi
1508 718 1703 802 praeclarum
1717 715 1775 781 ali·

448 819 524 904 quid
546 821 744 903 praedicare,
767 838 881 900 magno
903 825 935 880 te
957 818 1106 881 decumas
1127 815 1425 889 vendidisse‚·onm
1446 814 1543 877 fnisse
1565 814 1697 886 fateare,
1719 808 1774 894 qui

448 912 546 978 multo
568 913 668 995 pluris
689 913 826 976 voluerit
848 931 963 975 emere.

533 1006 628 1068 LXV.
652 1002 722 1068 452.
746 1009 885 1071 Tenetur
906 1006 1002 1089 igitur
1019 1007 1091 1079 iam,
1114 1005 1246 1079 iudices,
1268 1012 1301 1067 et
1315 1003 1483 1065 manifesto
1499 1009 1622 1065 tenetur
1636 999 1777 1072 avaritia,

450 1100 607 1185 cupiditas
629 1101 782 1176 bominis,
816 1101 937 1175 scelus,
965 1100 1167 1185 improbitas,
1196 1100 1336 1162 audacia.
1381 1097 1490 1173 Quid?
1523 1097 1549 1159 si
1570 1095 1666 1169 haec,
1696 1112 1803 1177 quaes

449 1194 531 1270 dico,
554 1193 656 1277 ipsius
670 1194 763 1257 amici
779 1194 1027 1278 defensoresque
1042 1194 1233 1267 indicarunt,
1254 1193 1330 1277 quid
1346 1191 1441 1254 vultis
1455 1190 1609 1273 amplins‘i
1635 1189 1780 1252 Adventu

449 1289 485 1350 L.
502 1288 621 1351 Metelli
643 1288 807 1372 praetoris,
831 1309 903 1351 cum
925 1307 1035 1351 omncs
1058 1288 1128 1350 eius
1145 1288 1277 1350 comites
1292 1287 1354 1348 iste
1369 1284 1429 1348 sibi
1445 1304 1503 1346 suo
1517 1283 1573 1346 illo
1590 1282 1780 1366 panchresto

450 1381 682 1446 medicamento
710 1382 831 1445 amicos
859 1379 1063 1456 reddidisset,
1094 1381 1215 1444 aditum
1238 1378 1348 1443 estad
1370 1377 1552 1440 Metellum:
1580 1377 1712 1440 eductus
1733 1382 1783 1440 est

449 1474 624 1559 Apronius:
647 1475 757 1538 eduxit
776 1474 826 1537 vir
846 1473 1026 1558 primarius,
1048 1473 1082 1538 C.
1105 1473 1215 1537 Gallus
1238 1480 1382 1537 senator:
1404 1471 1576 1554 postulavit
1597 1471 1637 1534 ab
1651 1473 1694 1534 .L.
1716 1471 1783 1535 Me-

451 1568 538 1642 tello,
560 1575 597 1631 ut
618 1588 659 1632 ex
680 1569 784 1633 edicto
807 1589 866 1632 suo
888 1567 1040 1632 iudicium
1060 1568 1152 1632 daret
1172 1568 1205 1630 in
1227 1567 1420 1651 Apronium,
1447 1565 1538 1642 Qvon
1559 1586 1622 1631 ens
1641 1586 1699 1630 rur
1721 1584 1819 1632 serso

451 1682 562 1727 srnrvsr
594 1681 818 1739 ansrvsrssnr,
856 1683 950 1748 quam
982 1662 1152 1726 formulam
1186 1660 1389 1725 Octavianam
1421 1668 1455 1724 et
1484 1661 1604 1725 Romae
1637 1660 1783 1724 Metellus

450 1758 604 1822 habuerat
632 1765 664 1822 et
692 1758 830 1822 habebat
857 1759 890 1821 in
912 1757 1084 1841 provincia.
1127 1758 1200 1819 Non
1225 1757 1386 1839 impetrat,
1415 1775 1489 1819 cum
1516 1756 1577 1819 hoo
1604 1755 1725 1819 diceret
1753 1754 1783 1818 ei

451 1851 614 1925 Metellus,
637 1852 868 1935 praeiudicium
890 1872 909 1915 a
930 1873 964 1916 se
987 1853 1027 1915 dc
1050 1852 1153 1935 capite
1177 1852 1211 1915 C.
1233 1850 1342 1913 Verris
1363 1870 1422 1934 per
1442 1850 1502 1913 hoe
1525 1849 1678 1914 iudicium
1699 1847 1784 1912 nolle

451 1945 531 2009 lieri.
583 1949 664 2010 Tota
693 1947 813 2011 Metelli
849 1946 963 2011 cohors
993 1946 1157 2009 hominum
1187 1963 1251 2009 non
1278 1944 1473 2028 ingratorum
1499 1943 1610 2007 aderat
1634 1943 1785 2028 Apronio.

453 2041 486 2104 C.
510 2039 629 2113 Gallus,
651 2040 747 2104 homo
769 2040 869 2103 nostri
892 2039 1022 2113 ordinis,
1045 2057 1063 2101 a
1085 2059 1143 2102 suo
1163 2039 1411 2102 familiarissimo
1433 2039 1468 2100 L.
1484 2037 1613 2102 Metello
1633 2038 1825 2101 indiciumto

453 2154 493 2198 ex
516 2134 618 2199 edicto
640 2155 707 2198 non
721 2141 827 2218 potest
840 2135 1018 2216 impetrare.
1052 2128 1124 2194 153.
1147 2136 1217 2197 Non
1231 2132 1430 2216 reprehendo
1445 2132 1625 2196 Metellum:
1646 2132 1788 2217 pepercit

452 2228 575 2293 homini
596 2229 699 2292 amico
722 2234 769 2301 et,
792 2248 888 2311 quem
902 2228 942 2290 ad
959 2225 1089 2290 modum
1111 2227 1215 2309 ipsum
1232 2227 1338 2290 dicere
1353 2227 1471 2301 andivi,
1493 2226 1687 2291 necessario:
1721 2246 1788 2290 non

456 2323 665 2407 reprehendo,
687 2322 828 2406 inquam,
850 2321 1024 2395 Metellum,
1046 2322 1103 2383 sed
1117 2321 1179 2384 boc
1196 2321 1303 2394 miror,
1325 2340 1388 2405 quo
1403 2321 1508 2396 modo,
1523 2321 1563 2384 de
1579 2341 1645 2406 quo
1658 2318 1788 2385 bomine

455 2417 686 2501 praeiudicium
714 2415 855 2478 noluerit
882 2415 952 2478 lieri
979 2434 1036 2499 per
1057 2422 1311 2499 recuperatores,
1340 2414 1381 2478 de
1408 2415 1470 2479 hoc
1499 2417 1568 2501 ipse
1599 2435 1663 2478 non
1692 2413 1787 2478 modo

455 2510 695 2593 praeiudicarit,
721 2530 831 2574 vorum
861 2509 1046 2592 gravissime
1075 2530 1113 2572 ac
1143 2508 1420 2574 vehementissime
1447 2509 1605 2573 iudicarit.
1648 2508 1825 2576 Primumso

455 2605 549 2679 onim,
571 2605 598 2668 si
613 2603 786 2689 Apronium
808 2602 988 2666 absolutum
1010 2603 1050 2664 iri
1072 2604 1213 2686 putabat,
1236 2600 1317 2667 nihil
1340 2612 1416 2680 erat,
1439 2604 1525 2688 quod
1546 2602 1647 2667 ullum
1664 2602 1788 2687 praein-

454 2695 573 2760 dioium
603 2705 779 2761 sereretur:
812 2697 945 2771 deinde,
976 2697 1004 2759 si
1032 2697 1241 2761 condemnato
1262 2698 1404 2780 Apronio
1434 2700 1633 2762 coniunctam
1656 2718 1726 2761 cnm
1749 2716 1787 2760 eo

454 2790 560 2853 Verris
582 2809 708 2854 causam
731 2810 841 2854 omnes
865 2800 954 2854 erant
975 2792 1197 2867 existimaturi,
1220 2790 1368 2855 Metellus
1391 2791 1519 2876 quidem
1542 2800 1626 2856 certe
1648 2793 1710 2854 iam
1726 2790 1788 2855 hoc

454 2883 621 2959 iudicabat,
643 2904 754 2949 eornm
775 2905 841 2948 rem
864 2905 1055 2969 causamque
1077 2905 1147 2949 esse
1170 2885 1379 2959 coniunctam,
1401 2886 1457 2969 qui
1480 2893 1632 2950 statueret
1645 2886 1788 2969 Apronio

456 2977 665 3042 condemnato
687 2979 727 3043 de
750 2980 811 3042 isto
833 2979 1062 3062 praeiudicium
1085 2981 1240 3044 futurum:
1269 2987 1301 3042 et
1321 2979 1415 3043 simul
1436 2999 1501 3043 una
1522 2999 1572 3042 res
1593 2980 1720 3065 utrique
1742 2979 1825 3045 reiss

456 3078 504 3135 cst
525 3080 723 3156 argumento,
746 3080 778 3137 et
799 3081 938 3137 aratores
960 3075 991 3138 ri
1013 3081 1046 3137 et
1066 3081 1154 3137 metu
1177 3082 1301 3138 coactos
1316 3074 1455 3156 Apronio
1474 3072 1572 3136 multo
1587 3073 1669 3158 plns,
1692 3093 1787 3158 quam

455 3165 640 3241 debuerint,
670 3166 798 3230 dedisse
823 3176 855 3232 et
876 3169 1051 3252 Apronium
1072 3168 1165 3231 istius
1187 3189 1254 3231 rem
1277 3185 1334 3231 sno
1356 3167 1486 3230 nomine
1508 3166 1627 3248 egisse,
1658 3187 1729 3231 oum
1751 3167 1787 3230 L.

453 3258 601 3324 Metellus
623 3261 767 3324 statuerit
788 3281 853 3325 non
873 3282 969 3345 posse
984 3261 1157 3346 Apronium
1179 3260 1394 3335 condemnari,
1416 3260 1496 3345 quin
1517 3259 1612 3323 simul
1634 3257 1674 3323 de
1694 3260 1787 3325 istius

456 3353 575 3418 scelere
597 3361 693 3438 atque
715 3355 913 3439 improbitate
935 3355 1139 3419 iudicaretur.
1762 3416 1766 3424 ,

540 3448 652 3513 LXVI.
686 3442 758 3511 154.
792 3450 895 3514 Venio
918 3470 1003 3513 nunc
1025 3449 1066 3512 ad
1088 3449 1253 3534 epistolam
1276 3449 1485 3524 Timarchidi,
1513 3448 1620 3512 liberti
1640 3448 1734 3512 istius
1755 3455 1824 3517 4444

458 3541 582 3606 accensi
589 3536 669 3618 ,de
691 3561 755 3633 qna
783 3563 854 3607 cum
884 3542 1012 3619 dixero,
1041 3551 1143 3608 totum
1170 3543 1232 3607 hoc
1254 3542 1373 3608 crimen
1395 3543 1605 3607 decumanum
1626 3560 1787 3625 peroraro.

522 3833 547 3885 2.
562 3832 709 3897 praedicere
725 3831 804 3885 codd.
818 3832 953 3899 plerique;
968 3839 1101 3897 prosatore
1111 3833 1195 3898 Lgi23
1214 3835 1295 3885 dicem
1305 3834 1390 3898 1344ς
1404 3833 1557 3896 praedicere
1573 3836 1615 3885 est
1631 3834 1741 3897 444443.
1757 3856 1785 3870 ·-

458 3910 481 3962 ³.
498 3909 605 3961 coluerit
621 3906 705 3974 13414
727 3909 851 3961 4444444444
868 3913 913 3960 cit.
932 3911 962 3960 0.
984 3937 1010 3947 —
1038 3910 1062 3962 4.
1081 3915 1178 3962 4444444
1197 3910 1422 3974 ipitornoidetis
1444 3914 1473 3959 ot
1494 3909 1518 3973 5.
1539 3909 1595 3960 tsi.
1613 3921 1639 3958 v.
1659 3908 1683 3959 6.
1706 3908 1788 3960 habet

457 3984 489 4035 V.
510 4011 538 4021 -
555 3982 644 4049 lpitesr]
660 3995 721 4049 erpo
736 3984 799 4035 N0.
820 4013 847 4022 -
866 3987 891 4036 4.
911 3985 954 4048 poi
970 3986 991 4035 si
1007 3985 1086 4051 1344.
1108 4013 1135 4022 -
1154 3984 1178 4035 6.
1196 3986 1306 4048 emptius
1321 3984 1396 4035 uoltis
1411 3984 1450 4044 V;
1468 3984 1553 4033 mattis
1568 3984 1645 4046 osopi.
1664 3982 1743 4048 1344.
1758 4010 1785 4021 -

458 4061 482 4113 8.
493 4059 639 4112 reddidisset
648 4057 718 4123 1311
729 4060 796 4111 VM:
814 4062 956 4112 redemisset
967 4063 1012 4113 ott.
1028 4090 1056 4099 -
1074 4061 1159 4110 oditsss
1174 4064 1210 4110 est
1219 4059 1331 4110 Meteilus
1341 4057 1401 4110 cod.
1415 4060 1471 4112 Urs.
1487 4086 1514 4095 -
1528 4058 1552 4109 9.
1570 4059 1650 4109 edicit
1664 4058 1742 4124 1341.
1757 4088 1785 4099 -

458 4136 546 4188 Gades
556 4133 572 4186 1
583 4136 611 4186 44
622 4133 656 4184 V:
676 4134 848 4186 (1444444444.
862 4137 882 4186 0
895 4139 922 4186 et
938 4136 977 4188 sic
989 4135 1096 4186 inira—
1113 4134 1250 4197 postolavit
1260 4148 1314 4185 om.
1328 4132 1393 4185 dett.
1406 4160 1433 4171 -
1452 4132 1485 4183 ob
1497 4132 1565 4197 1344
1578 4134 1641 4183 FV:
1660 4149 1678 4185 4
1689 4133 1785 4189 44110.

460 4236 487 4250 -
499 4211 539 4262 it).
552 4207 709 4261 4444444444
720 4207 817 4272 inscie,
830 4210 863 4261 cl.
876 4223 901 4260 v.
911 4211 974 4273 2⁶·l·
987 4224 1017 4260 cc
1028 4215 1121 4261 metron
1133 4207 1224 4259 bamb.
1238 4211 1272 4259 At
1283 4207 1317 4260 cl.
1327 4207 1383 4274 Uip.
1397 4208 1627 4272 04331444.-
1641 4211 1682 4262 44.
1695 4213 1787 4276 apsens.

457 4287 520 4338 4.-
533 4285 575 4337 ti.
588 4285 683 4336 stante
693 4284 799 4336 babebat
809 4300 863 4337 om.
876 4285 986 4351 1341-
1000 4287 1056 4338 eiV
1067 4284 1137 4348 ibri:
1150 4298 1204 4335 om.
1218 4283 1296 4334 codd.
1309 4283 1366 4335 rell.
1380 4286 1407 4334 et
1418 4283 1512 4334 edd-
1526 4283 1566 4333 ts.
1577 4296 1595 4332 4
1605 4297 1632 4335 se
1642 4284 1751 4349 1341444
1763 4300 1789 4339 se

457 4360 514 4413 rell.
528 4360 618 4424 (etlam
628 4359 652 4410 V
663 4361 731 4411 teste
743 4362 797 4421 br..
817 4365 844 4413 et
854 4365 928 4415 recte
940 4361 1068 4428 quidem.)
1082 4388 1110 4397 —
1126 4373 1174 4423 per
1189 4360 1235 4409 boe
1251 4361 1348 4425 iapisen
1357 4360 1421 4408 V.-
1438 4357 1479 4409 44.
1491 4358 1619 4410 bonnam
1634 4374 1685 4411 oon
1695 4363 1791 4427 ipsein·

456 4450 515 4487 4444
531 4436 554 4486 V
570 4433 635 4500 (iir.)
654 4461 682 4470 -
702 4437 742 4486 iii.
760 4439 839 4488 nostri
855 4436 956 4502 134444
974 4437 1015 4502 (cl.
1034 4436 1091 4487 Lib.
1104 4438 1124 4497 1,
1143 4436 1168 4500 5.
1180 4435 1221 4487 2³.
1240 4436 1283 4496 441,
1302 4434 1326 4499 5.
1339 4435 1420 4497 moi:
1437 4435 1515 4485 vestri
1525 4435 1557 4495 V,
1574 4433 1631 4486 rell.
1651 4435 1683 4486 cl.
1702 4437 1788 4488 bisin.

457 4513 482 4577 5.
494 4510 535 4563 7³.
554 4508 671 4574 14418.
686 4512 710 4561 4.
736 4512 766 4563 in
782 4516 912 4578 perpetua
929 4513 1026 4564 borum
1044 4512 1232 4577 pronominum
1249 4510 1456 4560 commutatione
1467 4508 1534 4559 utb.
1548 4507 1577 4572 1.,
1595 4511 1634 4560 sic
1651 4509 1707 4562 aliis
1724 4509 1792 4561 mni·

457 4589 490 4640 tis
506 4588 597 4638 utrum
614 4581 695 4649 411344
711 4599 766 4639 non
783 4587 896 4639 mulium
914 4589 1032 4639 interest.
1059 4585 1127 4638 Alibi
1144 4590 1234 4638 tamen
1245 4584 1394 4636 certissima
1406 4587 1468 4636 sunt
1478 4583 1612 4635 indicandi
1623 4582 1789 4649 eligendiqne

457 4663 603 4715 momenta.
624 4687 652 4698 -
672 4659 711 4711 49.
730 4662 839 4714 notuerit
861 4662 944 4714 babet
959 4663 995 4728 V,
1020 4675 1072 4712 non
1088 4661 1182 4722 444444,
1209 4664 1238 4711 ut
1254 4661 1290 4710 sit
1313 4661 1405 4712 Maius.
1425 4687 1453 4696 -
1471 4658 1609 4723 spargis
1627 4674 1664 4721 φ,
1688 4660 1791 4712 item'V

458 4731 536 4804 llir.):
560 4739 614 4802 ipso
629 4734 687 4787 rell.
706 4736 735 4788 0.
756 4766 784 4776 -
803 4739 844 4790 2⁰.
862 4739 986 4789 iudicaret
1001 4738 1025 4786 V
1046 4736 1103 4800 [sed
1120 4738 1198 4788 antea
1211 4737 1407 4799 prodadieosit,
1426 4748 1479 4786 non
1492 4735 1692 4798 4444444444,
1709 4738 1740 4786 nt
1755 4735 1792 4786 ait

457 4814 560 4877 Malus).
582 4837 609 4851 -
624 4811 721 4875 prium,
739 4812 829 4864 addita
844 4827 871 4864 os
887 4827 947 4879 sup.
965 4813 1010 4864 lin.
1029 4813 1053 4861 V
1069 4811 1131 4876 (Br.)
1151 4836 1179 4847 -
1198 4811 1240 4862 2⁴.
1259 4811 1373 4861 44444444
1388 4811 1420 4860 V.
1436 4837 1464 4847 -
1479 4810 1588 4874 putabat
1603 4810 1701 4861 Maius:
1716 4813 1793 4874 pasto·

458 4889 518 4941 boot
533 4890 571 4951 V;
588 4891 690 4954 34444444
706 4886 763 4939 rell.
782 4891 812 4941 0.
833 4917 860 4928 -
879 4891 946 4952 qood
961 4886 1132 4952 4444441344;
1151 4888 1196 4949 qai
1211 4886 1345 4945 iliasubit,
1364 4899 1413 4949 osso
1428 4885 1603 4948 4444441433.
1622 4882 1679 4935 reli.
1702 4911 1730 4922 -
1747 4884 1790 4935 11.

458 4966 592 5017 4444444444
607 4964 630 5013 4
647 4961 708 5025 (br.)
728 4989 756 5000 -
773 4964 815 5015 13.
836 4962 1002 5028 44441344.
1023 4990 1050 4999 -
1069 4963 1247 5012 abiunctae-i
1263 4963 1286 5011 V
1303 4961 1364 5024 (144.)
1384 4988 1411 4997 -
1430 4960 1471 5012 tt.
1490 4965 1610 5011 statueret
1631 4959 1716 5023 13414
1738 4964 1793 5010 sto·

459 5045 543 5094 werdt
557 5039 595 5103 V;
613 5036 730 5092 swtssedi
745 5037 802 5090 rell.
821 5039 849 5090 0.
870 5067 898 5077 -
916 5039 958 5090 si.
973 5036 1131 5101 produdics'o
1147 5036 1170 5086 V
1188 5039 1215 5087 et
1230 5034 1312 5101 1344;
1331 5037 1451 5087 iodieiren
1468 5037 1483 5086 6
1500 5037 1579 5100 1433.
1598 5034 1663 5086 dett.
1678 5060 1705 5072 -
1717 5035 1795 5085 444444-

460 5125 508 5175 pue
523 5114 602 5179 igis.
622 5143 650 5153 -
669 5113 898 5178 344444414444
919 5113 1001 5164 etsie
1019 5110 1156 5175 deinceps.
1177 5137 1206 5149 -
1226 5111 1387 5164 Tiororciidis
1409 5111 1489 5164 codd.
1511 5114 1618 5177 praeter
1634 5126 1671 5173 φ,
1695 5111 1723 5161 in
1739 5122 1793 5175 qno

461 5191 503 5241 est
520 5190 678 5244 4444444444.
699 5218 728 5230 -
746 5188 787 5242 ai.
806 5187 932 5241 4444444444
953 5187 976 5237 4
999 5185 1059 5251 (iis.)
1080 5211 1107 5222 -
1128 5199 1254 5251 peroraro
1278 5185 1347 5250 1342
1362 5188 1398 5238 N:
1417 5185 1543 5250 perorabo
1559 5186 1595 5249 V,
1618 5184 1723 5237 44110.
1752 5182 1792 5236 ci.

460 5276 487 5328 p.
507 5264 615 5325 44444444.ι
630 5265 655 5332 4.
667 5268 709 5323 46.

502 5355 673 5412 cuman
1544 5353 1585 5421 49
