4367 6109
782 580 1068 648 cmix-exn
1095 574 1361 666 screa-tro.
1668 568 1725 640 444

416 752 484 816 eins
503 748 708 827 familiarem,
728 751 946 834 intercepisse,
967 750 1085 815 bibisse
1107 751 1277 836 statimque
1298 769 1369 816 esse
1383 754 1551 814 mortuum.
1582 748 1651 813 Hoc
1672 769 1731 831 eqo

415 846 442 908 si
469 845 515 909 sic
542 864 683 927 agerem,
715 852 876 928 tamquam
903 845 982 909 mibi
1009 845 1127 910 odmen
1156 853 1240 910 esset
1260 842 1462 918 diluendum,
1492 841 1571 906 baec
1590 845 1731 927 pluribus

414 939 518 1003 verbis
538 937 694 1014 dicerem,
717 958 800 1023 quae
822 958 907 1003 nunc
928 940 1036 1022 paucis
1058 941 1214 1024 percurrit
1235 939 1428 1003 oratiomea.
1463 931 1534 998 467.
1557 937 1641 1014 Quid
1662 961 1731 1003 um·

414 1052 508 1116 quam
530 1031 663 1097 Habitus
684 1034 717 1096 in
739 1053 774 1096 se
795 1031 938 1108 admisit,
961 1040 997 1097 ut
1015 1034 1076 1097 boc
1097 1042 1219 1097 tantum
1240 1033 1280 1097 ab
1295 1053 1333 1095 eo
1351 1030 1473 1095 lacinus
1487 1050 1551 1095 non
1564 1033 1732 1099 abhorrere

413 1128 581 1191 rideatur?
602 1128 681 1209 quid
703 1134 808 1192 autem
830 1146 943 1210 magno
965 1146 1061 1210 opere
1084 1125 1293 1209 Oppianicum
1314 1125 1487 1199 metuebat,
1508 1146 1580 1190 cum
1594 1128 1649 1192 ille
1663 1145 1755 1192 ver-n

412 1219 488 1283 bum
509 1219 637 1283 omnino
658 1221 693 1284 in
713 1221 773 1284 hac
794 1221 863 1305 ipsa
884 1239 980 1285 causa
1000 1219 1124 1283 nullum
1136 1219 1241 1282 iacere
1260 1221 1414 1303 potnerit,
1433 1220 1508 1283 buic
1521 1229 1627 1285 autem
1641 1242 1733 1288 eccu-

413 1323 533 1379 satores
554 1315 626 1378 vira
647 1323 746 1378 matre
767 1314 879 1379 deesse
900 1333 965 1376 non
987 1314 1132 1395 possintt
1155 1312 1188 1375 id
1211 1313 1299 1396 quod
1320 1314 1382 1377 iam
1404 1314 1598 1397 intelligetis.
1627 1319 1676 1380 An
1697 1325 1733 1381 ut

413 1406 454 1472 de
475 1427 570 1472 causa
590 1408 662 1472 eius
683 1407 817 1491 periculi
839 1406 919 1470 nibil
940 1406 1125 1481 decederet,
1156 1405 1198 1470 ad
1219 1425 1345 1470 cansam
1366 1426 1481 1471 novum
1504 1409 1622 1473 crimen
1643 1428 1733 1475 acce·

413 1503 526 1567 deret?
557 1501 651 1578 Quod
671 1508 776 1567 autem
796 1508 924 1583 tempus
946 1500 1061 1565 veneni
1083 1499 1180 1564 dandi
1201 1499 1258 1563 illo
1279 1499 1354 1563 diet
1375 1500 1430 1563 illa
1449 1499 1654 1584 frequentia?
1676 1524 1734 1587 per

414 1616 509 1681 quem
536 1615 632 1679 porro
654 1595 785 1659 dammi
815 1596 901 1660 unde
927 1598 1112 1678 sumptum?
1144 1612 1227 1678 qnae
1252 1593 1368 1658 deinde
1392 1594 1579 1679 interceptio
1603 1598 1770 1683 peculii-u

414 1709 471 1753 cnr
492 1709 556 1752 non
576 1689 617 1752 de
637 1690 761 1771 integro
785 1683 914 1772 [autem]
937 1689 1067 1752 datumi
1087 1687 1188 1752 blulta
1208 1695 1297 1762 sunt,
1319 1705 1402 1770 quae
1423 1685 1485 1750 dici
1505 1698 1653 1769 possunt,
1677 1693 1732 1757 sed

413 1804 478 1848 non
499 1784 701 1859 committam,
721 1791 757 1847 ut
771 1781 879 1846 ridear
899 1801 964 1846 non
978 1781 1114 1846 dicendo
1129 1780 1269 1845 voluisse
1284 1779 1408 1854 dicere3
1430 1798 1480 1844 res
1502 1782 1586 1849 enim
1608 1806 1643 1851 se
1663 1787 1734 1870 ipsa

414 1877 566 1941 defendit
613 1873 685 1940 468.
712 1878 801 1959 Nego
833 1874 922 1940 illum
949 1876 1201 1949 adolescentem,
1233 1893 1330 1958 quem
1357 1873 1462 1937 statim
1490 1885 1584 1958 epoto
1617 1880 1733 1961 poculo

414 1978 572 2036 mortuum
593 1990 663 2037 esse
684 1969 821 2045 dixistis,
843 1970 972 2033 omnino
994 1969 1049 2034 illo
1072 1968 1125 2033 die
1145 1988 1217 2033 esse
1238 1973 1409 2032 mortuum.
1442 1968 1590 2051 blaqnum
1612 1973 1732 2035 emman

414 2072 447 2129 et
472 2066 639 2147 impudens
666 2064 883 2128 mendacinml
917 2063 1088 2148 Perspicite
1117 2069 1232 2127 cetera.
1267 2061 1346 2125 Dico
1368 2061 1475 2137 illum,
1502 2082 1573 2126 cum
1594 2064 1634 2127 ad
1655 2065 1732 2129 illud
1743 2082 1771 2129 44

414 2158 582 2243 prandium
603 2157 733 2222 crudior
745 2157 886 2222 uenisset
905 2166 954 2233 et,
975 2165 1011 2222 nt
1027 2165 1113 2221 aetas
1126 2156 1182 2221 illa
1195 2156 1272 2231 lert,
1294 2155 1355 2220 sibi
1369 2163 1437 2219 tom
1449 2174 1516 2219 non
1530 2157 1734 2238 pepercisset,

413 2252 536 2336 aliquot
562 2252 633 2317 dies
660 2258 841 2334 aegrotasse
870 2252 967 2317 etita
988 2270 1058 2317 esse
1079 2258 1249 2315 mortuum.
1286 2248 1367 2325 Quis
1387 2247 1462 2312 huie
1482 2249 1529 2312 rei
1549 2252 1639 2316 testis
1660 2256 1734 2317 esti

413 2346 520 2421 ldem,
541 2346 597 2429 qui
617 2345 666 2408 sui
687 2344 809 2420 luctus,
829 2353 934 2430 pater:
960 2351 1064 2430 pater,
1091 2344 1239 2429 inquam,
1269 2343 1354 2408 illius
1375 2342 1606 2408 adolescentis:
1638 2366 1734 2429 444444

412 2449 541 2524 propter
565 2438 663 2503 ammi
691 2437 833 2503 dolorem
859 2439 1020 2522 pertenuis
1043 2438 1183 2523 suspicio
1210 2439 1367 2520 potuisset
1387 2457 1429 2499 ex
1449 2435 1506 2500 illo
1527 2437 1599 2501 loco
1621 2445 1734 2505 testem

414 2533 448 2596 in
468 2534 505 2595 Δ.
522 2529 700 2596 Cluentium
720 2533 930 2608 constituere,
953 2533 982 2597 is
1002 2531 1088 2596 bunc
1110 2553 1168 2596 suo
1189 2531 1372 2595 testimonio
1393 2530 1555 2606 subleuat,
1576 2533 1663 2616 quod
1684 2552 1772 2600 44-44

414 2627 485 2691 cita.
520 2627 568 2690 Tu
589 2634 713 2700 autem,
734 2625 797 2689 nisi
818 2626 986 2691 molestum
1007 2634 1072 2701 est,
1093 2626 1256 2710 paulisper
1276 2643 1430 2708 exsurge:
1451 2624 1557 2707 perier
1575 2626 1660 2693 bunc
1677 2629 1735 2694 do·

416 2720 513 2784 lorem
542 2718 850 2784 commemorationis
877 2720 1090 2794 necessariae,
1118 2719 1151 2783 in
1179 2738 1241 2800 qua
1268 2737 1328 2800 eqo
1349 2717 1469 2782 diutins
1489 2737 1556 2783 non
1577 2722 1734 2799 morabor,

416 2814 567 2897 quoniam
587 2812 675 2895 quod
695 2812 758 2876 luit
776 2812 837 2877 riri
858 2814 968 2896 optimi
989 2813 1110 2888 iecisti,
1140 2820 1177 2877 ut
1196 2833 1237 2876 ne
1258 2813 1310 2876 cui
1332 2813 1495 2877 innocenti
1516 2831 1641 2878 maeror
1661 2823 1734 2882 tuus

415 2908 623 2972 calamitatem
645 2915 676 2972 et
694 2906 811 2971 laisum
831 2908 951 2971 crimen
971 2908 1107 2971 afferret·

497 3001 579 3083 LXI.
594 2995 667 3063 too.
688 3000 789 3064 Unum
804 3002 899 3066 etiam
916 3001 995 3065 mibi
1015 3002 1175 3085 reliquum
1188 3001 1258 3066 eius
1272 2999 1360 3064 modi
1379 3000 1499 3065 crimen
1515 3009 1581 3077 est,
1602 3001 1772 3080 indicente

415 3113 456 3157 ex
477 3115 541 3177 quo
562 3094 641 3159 illud
662 3095 841 3178 perspicere
862 3095 1010 3179 possitis,
1031 3096 1119 3180 quod
1138 3114 1223 3160 ame
1244 3094 1335 3158 initio
1350 3094 1501 3159 orationis
1513 3115 1603 3160 meae
1617 3097 1734 3161 dictam

414 3196 480 3252 est:
508 3187 665 3273 quidquid
686 3188 761 3252 mali
782 3209 839 3272 per
858 3189 955 3254 bosce
975 3208 1076 3256 annos
1096 3192 1134 3254 Δ.
1156 3189 1321 3254 Cluentius
1341 3188 1472 3264 viderit,
1493 3188 1651 3273 quidquid
1672 3190 1735 3255 boc

414 3289 556 3364 tempore
569 3281 685 3346 baben
704 3282 929 3347 sollicitudinis
950 3303 988 3349 ac
1007 3284 1146 3368 negotii,
1166 3283 1200 3348 id
1214 3303 1308 3350 omne
1322 3305 1341 3349 a
1355 3290 1454 3348 matre
1470 3302 1540 3347 esse
1554 3286 1734 3350 contlatum.
1867 3286 1869 3291 '

414 3375 626 3458 Oppianicum
638 3396 762 3441 veneno
777 3385 924 3441 necatum
937 3397 1026 3454 esse,
1048 3377 1136 3462 quod
1149 3379 1180 3443 ei
1194 3378 1301 3444 datum
1316 3378 1359 3443 sit
1376 3379 1410 3442 in
1423 3397 1505 3462 pane
1519 3397 1577 3461 per
1589 3379 1632 3443 bl.
1644 3380 1735 3444 Asel-

414 3468 489 3532 lium
505 3469 682 3552 quendam,
701 3468 889 3533 familiarem
903 3468 1001 3547 illius,
1022 3471 1121 3555 idque
1134 3470 1239 3536 Habiti
1255 3471 1390 3536 oonsilio
1403 3469 1520 3534 iactum
1533 3491 1605 3536 esse
1619 3472 1772 3537 dicitisao

413 3561 450 3625 lu
472 3582 535 3645 quo
558 3564 694 3646 primum
715 3563 798 3627 illud
819 3582 956 3647 quaero,
986 3584 1068 3646 quae
1089 3584 1185 3629 causa
1205 3564 1321 3629 Habito
1341 3563 1453 3638 luerit,
1483 3583 1539 3627 cur
1558 3563 1735 3631 interlicere

415 3655 624 3740 Oppianicum
651 3657 756 3721 vellet
799 3657 983 3723 Inimicitias
1004 3659 1088 3723 enim
1119 3655 1214 3742 [inter
1233 3652 1334 3740 ipsos]
1355 3655 1455 3721 luisse
1476 3653 1648 3734 confiteor,
1677 3658 1734 3724 sod

413 3747 560 3813 homines
585 3749 731 3813 inimicos
758 3769 836 3815 snos
861 3758 963 3815 morte
988 3747 1072 3815 allici
1093 3751 1221 3827 volunt,
1247 3759 1305 3817 aut
1323 3748 1412 3835 quod
1433 3769 1489 3815 eos
1509 3757 1656 3817 metuunt
1680 3760 1736 3818 aut

414 3841 501 3924 quod
523 3843 668 3906 oderunt.
711 3837 783 3905 t70.
805 3842 876 3919 Quo
904 3842 1032 3907 tandem
1060 3845 1157 3929 igitur
1176 3844 1309 3909 Habitus
1330 3849 1416 3906 metu
1437 3842 1593 3908 adductus
1614 3850 1735 3909 tantum

413 3936 447 3998 in
476 3956 511 4000 se
536 3936 660 4000 lacinus
688 3935 850 4019 suscipere
878 3943 1009 4003 conatis
1038 3941 1113 4001 esti
1146 3937 1224 4022 quid
1246 3936 1504 4021 eratquod-iam
1526 3936 1773 4023 Oppianicumas

413 4048 517 4113 poena
536 4031 683 4095 affectasm
709 4050 768 4114 pro
789 4027 951 4095 maleficiis
973 4037 1006 4096 et
1032 4031 1167 4096 eiectum
1189 4048 1207 4094 o
1228 4031 1356 4096 ciulate
1391 4031 1561 4116 quisquam
1589 4032 1734 4096 timeret?

478 4311 503 4360 4.
520 4309 572 4361 Hoc
586 4323 632 4376 cpe
642 4310 802 4374 --plaetbas
819 4312 882 4375 tom.
898 4310 988 4374 corbis)
1005 4311 1112 4365 4444444444
1127 4307 1300 4371 Quintilianus
1316 4309 1360 4362 11.
1371 4310 1403 4372 4,
1415 4308 1458 4362 ta.
1470 4333 1501 4349 -
1517 4309 1732 4376 4444144444.-

413 4382 437 4433 3.
456 4383 782 4449 44444]ρ44·444448’4’.-
801 4377 1735 4450 4.44444444444444441.0.-7.4444444444·444.4.44444444481“;4444444

411 4459 472 4509 civo
488 4459 513 4508 d.
529 4458 828 4522 44444444444444440.
848 4486 875 4498 ·-
898 4461 1029 4512 idSTb:
1052 4472 1107 4512 om.
1125 4457 1242 4513 atto.
1262 4484 1290 4497 -
1312 4459 1337 4510 9.
1356 4459 1734 4522 ceccaum-cetmon-

412 4532 485 4584 tsm?
505 4533 676 4594 Qumtiliams
692 4536 734 4587 11.
752 4537 781 4597 3,
798 4536 840 4587 34.
859 4562 887 4573 -
911 4535 956 4587 itte
974 4536 1035 4588 ST:
1056 4536 1085 4586 44
1105 4535 1152 4585 ills
1167 4532 1310 4588 niceo.
1338 4534 1378 4587 cl.
1396 4531 1507 4597 delego
1524 4545 1580 4597 aar.
1598 4533 1630 4583 Π.
1648 4545 1672 4584 4.
1690 4534 1732 4584 at.

413 4606 438 4669 5.
456 4608 499 4657 ee.
517 4632 545 4644 -
565 4610 604 4659 40.
622 4609 716 4675 4444444]
729 4623 810 4673 porro
826 4608 1005 4671 Quintilianus.
1021 4636 1048 4647 -
1066 4610 1108 4660 44.
1125 4613 1209 4660 444444
1224 4606 1296 4660 delet
1311 4607 1554 4660 noemenias.-
1574 4607 1615 4658 44.
1632 4619 1657 4657 44
1672 4608 1732 4657 ST:

412 4680 664 4736 44444444ιὲ0.
681 4711 708 4723 -
727 4683 768 4735 ta
786 4684 1024 4748 444444484444
1042 4683 1158 4747 4444444444
1173 4681 1238 4744 bl&
1256 4682 1658 4748 dclndaecanar.Stepbsno
1675 4681 1732 4733 bt).

416 4783 443 4792 -
462 4756 503 4808 44.
520 4759 614 4809 eiam
630 4760 688 4811 ST:
709 4771 764 4810 om.
781 4757 923 4813 natae.
943 4785 970 4799 -
991 4759 1031 4809 444.
1046 4770 1130 4821 m.
1147 4763 1270 4810 etesterc
1285 4760 1348 4811 444.
1369 4782 1397 4794 -
1417 4758 1458 4809 te.
1475 4757 1537 4823 44444]
1554 4762 1639 4807 taceae
1654 4755 1734 4807 editio

414 4832 625 4894 n.rsrs.,o.-
643 4831 941 4897 stemma·
959 4832 1334 4899 coluisse-tam]
1351 4833 1541 4897 44444444,
1558 4830 1736 4885 mansas

413 4910 576 4972 expunctum
592 4911 642 4960 ast.
655 4933 683 4944 -
702 4907 743 4959 44.
758 4908 811 4975 illo]
826 4906 1011 4961 4444444444ιί44.
1024 4933 1053 4945 -
1071 4908 1199 4975 2⁰.th
1214 4922 1282 4960 m
1296 4909 1389 4962 81³.—
1407 4909 1499 4961 mitet
1513 4909 1540 4958 S.
1553 4932 1582 4944 -
1599 4905 1736 4970 44444444

414 4983 563 5034 S'lFblA:
580 4988 605 5035 44
617 4983 702 5046 perse·
717 4981 803 5038 bio.
818 5011 847 5022 -
863 4982 905 5034 2³.
921 4985 960 5034 4444
974 4996 1006 5035 ee
1022 4984 1114 5036 140.
1127 5008 1156 5020 -
1173 4982 1215 5037 tl.
1233 4985 1334 5047 41444444
1350 4985 1383 5043 4.;
1400 4981 1562 5034 4444444445
1578 4980 1677 5044 (ηιμ.
1695 4991 1732 5030 m.

413 5057 534 5121 44444444).
552 5059 615 5110 Post
629 5059 682 5109 hoc
695 5072 721 5109 v.
733 5058 836 5111 addunt
851 5058 1071 5111 resrfflomt'u
1086 5056 1233 5111 llfflll'lll
1246 5058 1357 5109 Parere
1366 5054 1413 5111 Li
1429 5061 1458 5109 et
1472 5055 1575 5108 undnia
1590 5053 1691 5106 inclusa
1702 5055 1733 5104 0.

416 5157 443 5166 -
462 5133 503 5182 27.
520 5132 591 5183 444444
606 5133 694 5184 8sz
712 5129 885 5187 teneto.
907 5159 935 5171 -
952 5134 994 5187 28.
1010 5132 1170 5194 naemu
1187 5131 1441 5184 Millonius.
1461 5158 1490 5169 -
1506 5128 1546 5194 444]
1563 5142 1599 5179 aa
1614 5128 1647 5187 Τς
1665 5133 1689 5178 et
1704 5128 1733 5179 1..

416 5231 444 5241 -
462 5206 805 5272 30.444444]44444441.0.-
823 5206 1438 5273 32.tntsrtpscsomsr.-s'psos]ecslt—
1456 5202 1688 5256 anstsl'ist:
1706 5207 1735 5252 444

414 5279 453 5341 bl;
469 5275 639 5334 celbia—
658 5282 796 5336 cessit:
815 5277 1033 5336 omnnio.—
1052 5278 1175 5336 4444444ε
1193 5276 1357 5334 sente·
1375 5279 1517 5334 44444844
1534 5273 1732 5332 emunito.
