4367 6109
454 541 518 615 sos

452 714 557 777 mandi,
577 726 690 780 qirorum
707 711 816 777 quidem
833 712 933 763 incerta
950 725 982 763 ac
998 709 1079 763 dubia
1096 713 1138 762 est
1153 710 1221 763 tides
1231 713 1260 764 et
1274 712 1425 764 auctoritas.
1455 711 1487 763 lli
1504 710 1611 765 codices
1627 711 1663 764 ita
1681 710 1780 764 dietam

452 803 468 841 a
485 789 652 853 melioribus,
676 791 705 840 ut
727 801 788 841 cum
806 789 837 840 iis
853 787 924 839 nullo
941 787 1021 838 modo
1039 788 1092 839 siut
1108 786 1294 852 comparandi3
1321 786 1499 852 quamobrem
1521 800 1615 839 eorum
1632 788 1778 853 scripturas

451 878 506 917 non
522 865 681 931 singillatim,
700 864 750 915 sed
766 865 911 928 generatim
927 862 1084 927 plerumque
1102 861 1246 915 attulimus.

516 947 557 992 cst.
574 960 602 986 =
619 941 702 993 ceteri
725 939 831 991 codices
851 940 907 990 noti
930 940 957 990 et
979 936 1118 1001 diligenter
1138 936 1236 1000 collati,
1262 939 1289 990 in
1312 952 1426 1003 quorum
1445 952 1558 990 numero
1579 940 1641 990 sunt
1660 938 1776 990 maxime

451 1015 566 1067 habendi
578 1018 607 1067 6.
621 1018 644 1066 4.
657 1017 682 1067 4.
695 1015 916 1079 Lagomarsinieni
928 1027 1030 1075 omnes,
1049 1014 1080 1064 ll.
1099 1015 1177 1065 blein.
1194 1020 1231 1077 ψ.

517 1091 663 1143 Editionem
686 1091 801 1142 Lambini
826 1091 899 1141 4806.
923 1090 1127 1153 significavimus
1148 1091 1181 1151 L,
1208 1090 1341 1141 Garatomi
1364 1102 1442 1141 curus
1465 1089 1610 1150 secundas,
1635 1089 1776 1140 Ravennae

450 1169 599 1218 asservatas
621 1169 649 1217 et
670 1180 686 1217 a
703 1166 951 1229 monumnenta
971 1177 1079 1215 mecum
1104 1165 1311 1217 communicatas
1328 1165 1419 1216 Garat.
1435 1165 1483 1228 IL,
1507 1164 1653 1217 editionem
1669 1163 1778 1215 Oreitio·

449 1255 510 1292 nam
526 1242 644 1307 priorem
660 1242 694 1304 O,
713 1241 857 1293 editionem
872 1238 965 1292 Klotsii
980 1238 1193 1291 Teubnerianam
1210 1251 1235 1291 a.
1248 1239 1321 1291 4834.
1338 1240 1378 1291 44.

1012 1429 1219 1444 m

534 1599 558 1660 1.
582 1593 611 1661 l.
634 1599 668 1663 Si
691 1599 764 1682 quis
784 1603 941 1674 vestrum,
962 1598 1102 1683 iudices,
1124 1606 1180 1662 aut
1200 1617 1310 1663 eomm
1333 1597 1390 1681 qui
1407 1596 1524 1660 adsunt
1543 1595 1626 1660 forte
1642 1596 1777 1661 miratur

450 1714 519 1769 me,
552 1694 608 1779 qui
636 1701 685 1758 tot
712 1714 813 1758 annos
843 1694 877 1757 in
899 1694 1004 1757 causis
1026 1695 1218 1779 iudiciisque
1241 1692 1377 1775 publicis
1398 1690 1442 1754 ita
1465 1692 1524 1753 sim
1546 1699 1708 1769 versatus,
1739 1699 1778 1755 ut

451 1788 645 1852 defenderim
667 1789 801 1865 multos,
823 1789 970 1853 laeserim
991 1790 1167 1864 neminem,
1190 1787 1296 1851 subito
1317 1805 1403 1849 nuno
1420 1792 1540 1848 mutata
1554 1786 1720 1851 voluntate
1734 1785 1776 1850 ad

449 1885 662 1949 accusandum
685 1885 894 1950 descendere:
916 1886 960 1960 is,
983 1885 1010 1947 si
1032 1885 1095 1948 mei
1117 1883 1243 1947 consilii
1266 1900 1393 1945 causam
1414 1882 1634 1965 rationemque
1657 1901 1777 1965 cogno·

425 1979 546 2054 tuerit,
567 2000 631 2043 una
653 1987 685 2044 et
705 1980 740 2042 id
761 1980 849 2065 quod
870 1979 952 2044 facio
975 1979 1138 2063 probabit,
1161 1987 1193 2043 et
1214 1979 1248 2041 in
1268 1976 1329 2041 hac
1344 1996 1438 2042 causa
1456 1974 1599 2059 profecto
1614 1975 1774 2038 neminem

449 2073 710 2157 praeponendum
737 2074 816 2138 mihi
843 2094 913 2138 esse
943 2083 1081 2138 actorem
1103 2072 1238 2157 putabit.
1280 2068 1311 2135 2.
1335 2072 1413 2135 Cum
1435 2077 1587 2155 quaestor
1607 2070 1642 2132 in
1665 2068 1775 2132 Sicilia

448 2166 597 2242 fuissem,
619 2167 755 2244 iudices,
777 2169 886 2253 itaque
909 2189 949 2232 ex
971 2189 1009 2233 ea
1030 2169 1195 2252 provincia
1218 2166 1441 2241 decessissem,
1473 2172 1509 2229 ut
1532 2165 1649 2229 Siculis
1673 2164 1775 2229 omni·

449 2261 510 2324 bus
531 2261 703 2326 iucundam
726 2262 973 2347 diuturnamque
996 2264 1181 2327 memoriam
1204 2270 1393 2347 quaesturae
1415 2260 1619 2345 nominisque
1641 2262 1705 2325 mei
1726 2281 1775 2324 re·

449 2353 642 2439 linquerem:
671 2355 791 2419 factum
813 2365 876 2434 est,
906 2358 953 2420 uti
981 2379 1053 2420 cum
1075 2378 1233 2421 summum
1255 2357 1288 2419 in
1309 2355 1468 2421 veteribus
1490 2354 1634 2439 patronis
1656 2353 1775 2429 multis,

413 2454 516 2512 totum
537 2449 727 2515 nonnullum
756 2452 852 2517 etiam
881 2453 915 2515 in
937 2472 987 2515 me
1012 2452 1207 2535 praesidium
1229 2452 1295 2515 suis
1316 2452 1452 2515 fortunis
1474 2452 1682 2514 constitutum
1704 2467 1774 2512 esse

449 2544 686 2609 arbitrarentur.
720 2546 784 2623 Qui
817 2567 902 2611 nunc
930 2546 1075 2631 populati
1108 2553 1203 2630 atque
1233 2548 1340 2611 vexati
1368 2546 1475 2612 cuncti
1506 2544 1545 2609 ad
1574 2564 1625 2608 me
1646 2543 1775 2626 publice

449 2657 546 2722 saepe
567 2631 741 2716 venerunt,
762 2647 800 2704 ut
820 2662 948 2705 suarum
970 2639 1168 2704 fortunarum
1191 2640 1333 2704 omnium
1348 2631 1480 2705 causam
1490 2638 1774 2721 defensionemque

449 2733 661 2816 susciperem:
683 2756 734 2798 me
750 2755 846 2819 saepe
862 2757 932 2801 esse
946 2736 1139 2819 pollicitum,
1155 2754 1251 2817 saepe
1265 2734 1443 2799 ostendisse
1458 2733 1622 2808 dicebant,
1644 2733 1672 2795 si
1688 2730 1775 2815 quod

449 2834 574 2910 tempus
595 2828 773 2904 accidisset,
795 2850 859 2914 quo
882 2838 1025 2913 tempore
1047 2828 1169 2913 aliquid
1188 2849 1206 2892 a
1228 2849 1277 2891 me
1292 2830 1508 2914 requirerent,
1530 2826 1707 2891 commodis
1722 2844 1776 2889 eo-

411 2932 440 2981 44
448 2943 519 2986 mm
540 2942 591 2986 me
613 2941 676 2986 non
700 2922 892 2987 defuturum.
936 2920 966 2986 3.
988 2924 1123 2987 Venisse
1144 2931 1269 3006 tempus
1292 2925 1434 2999 aiebant,
1461 2943 1527 2986 non
1547 2924 1609 3009 iam
1630 2929 1668 2984 ut
1689 2940 1774 2984 com·

448 3017 544 3081 moda
565 3037 637 3092 sua,
659 3017 716 3081 sed
737 3024 775 3081 ut
794 3018 891 3082 vitam
914 3018 1112 3101 salutemque
1134 3018 1232 3082 totius
1252 3020 1436 3102 provinciae
1458 3017 1681 3082 defenderem:
1704 3034 1773 3080 sese

448 3112 511 3175 iam
533 3132 574 3175 ne
597 3112 674 3175 deos
690 3111 819 3196 quidem
834 3113 868 3176 in
883 3113 949 3175 suis
963 3112 1110 3187 urbibus,
1132 3111 1172 3174 ad
1188 3134 1269 3197 quos
1285 3114 1505 3197 confugerent,
1528 3113 1663 3187 habere,
1685 3108 1773 3197 quod

448 3226 560 3272 eorum
581 3207 750 3271 simulacra
772 3207 970 3273 sanctissima
994 3207 1026 3271 C.
1041 3208 1156 3271 Verres
1178 3226 1222 3269 exv
1240 3205 1379 3271 delubris
1399 3207 1647 3291 religiosissimis
1669 3212 1774 3270 sustu·

447 3300 547 3366 iisset.
585 3301 671 3378 Quas
693 3323 745 3366 res
766 3302 909 3366 luxuries
931 3303 965 3365 in
986 3302 1128 3386 flagitiis,
1152 3300 1321 3366 crudelitas
1336 3303 1370 3386 ip
1385 3303 1570 3387 suppliciis,
1592 3300 1728 3366 avaritia
1740 3299 1774 3362 in

410 3397 582 3480 nrapinis,
611 3398 760 3480 superbia
781 3397 816 3460 in
838 3397 1039 3462 contumeliis
1062 3393 1187 3461 efficere
1208 3397 1383 3480 potuisset,
1412 3418 1466 3462 eas
1488 3417 1599 3461 omnes
1621 3416 1692 3461 sese
1713 3393 1774 3458 hoc

448 3510 513 3555 uno
535 3497 681 3573 praetore
703 3510 761 3574 per
781 3492 954 3556 triennium
976 3490 1168 3575 pertulisse;
1190 3509 1302 3572 rogare
1324 3497 1357 3554 et
1377 3512 1484 3567 orare,
1505 3511 1546 3555 ne
1564 3488 1638 3553 illos
1654 3486 1775 3572 suppli·

448 3604 501 3647 ces
524 3602 725 3666 aspernarer,
749 3603 831 3668 quos
846 3605 897 3649 me
918 3583 1071 3649 incolumi
1086 3582 1207 3647 nemini
1222 3584 1383 3667 supplices
1398 3606 1468 3650 esse
1484 3590 1656 3669 oporteret
1688 3584 1729 3645 11.
1742 3577 1773 3643 4.

448 3677 522 3742 Tuli
543 3678 680 3759 graviter
701 3686 734 3741 et
754 3679 883 3754 acerbe,
911 3679 1053 3753 indices,
1075 3678 1111 3740 in
1132 3697 1205 3741 eum
1226 3697 1278 3741 me
1299 3679 1405 3743 locum
1426 3679 1561 3755 adduci,
1582 3685 1621 3742 ut
1640 3684 1697 3770 aut
1718 3695 1773 3742 eos

447 3772 593 3837 homines
615 3793 688 3857 spes
710 3771 847 3849 falleret,
870 3775 927 3858 qui
948 3794 1042 3858 opem
1064 3794 1148 3838 ame
1160 3781 1256 3860 atque
1270 3775 1425 3840 auxilium
1439 3776 1611 3860 petissent,
1633 3775 1689 3837 aut
1702 3789 1774 3856 ego,

410 3867 506 3952 sequi
526 3887 577 3931 me
599 3867 639 3932 ad
662 3866 880 3931 defendendos
901 3868 1046 3933 homines
1068 3869 1109 3933 ab
1127 3871 1257 3934 ineunte
1273 3871 1489 3936 adolescentia
1504 3869 1673 3945 dedissem,
1696 3874 1774 3932 tem

447 3968 644 4045 pereatque
667 3957 773 4024 officio
796 3967 924 4023 coactus
946 3962 987 4024 ad
1008 3964 1222 4027 accusandum
1244 3964 1437 4031 traducerer.
1467 3964 1618 4029 Dicebam
1639 3983 1695 4027 eos
1716 3962 1773 4026 ba·

447 4056 522 4120 bere
554 4064 694 4121 actorem
723 4055 762 4132 Q.
785 4055 974 4133 Caecilium,
1007 4058 1064 4142 qui
1091 4060 1278 4141 praesertim
1299 4060 1506 4146 quaestoria
1528 4078 1587 4123 sua
1607 4056 1773 4144 prouincia

512 4299 537 4347 4.
554 4309 642 4349 comm
658 4291 739 4349 codd
755 4300 785 4350 Α.
797 4298 918 4352 Diomed.
937 4300 968 4350 il.
985 4313 1013 4365 p.
1025 4298 1082 4353 404.
1102 4302 1130 4351 P.
1144 4303 1225 4354 Prisc.
1243 4303 1274 4353 44.
1292 4317 1319 4369 p.
1333 4303 1389 4356 443.
1408 4302 1469 4354 lta:
1488 4303 1577 4355 donem
1594 4301 1662 4354 conl.
1675 4300 1772 4353 Osann

446 4374 481 4426 ad
497 4374 561 4439 Rep.
579 4388 606 4440 p.
621 4374 668 4426 487
683 4388 723 4440 sq.
745 4402 772 4411 -
790 4377 901 4426 mirator
917 4378 949 4426 Gt
964 4376 1042 4441 4344.
1069 4377 1191 4429 Diomed.
1209 4377 1226 4430 l.
1244 4378 1262 4430 l.
1281 4380 1362 4431 Prisc.
1380 4380 1412 4430 11.
1430 4393 1457 4446 p.
1477 4378 1532 4430 443.
1552 4380 1628 4432 434.τ
1644 4378 1774 4429 mbanae

445 4448 638 4513 berlangas
654 4463 681 4514 p.
700 4462 736 4500 m.
755 4452 847 4516 Pomp.
869 4451 940 4517 apud
963 4453 1087 4517 lleusing.
1106 4452 1140 4504 ad
1157 4453 1204 4505 Oti.
1223 4455 1243 4505 1.
1261 4454 1302 4516 44,
1322 4456 1362 4507 40.
1382 4484 1410 4494 -
1433 4457 1458 4507 4.
1479 4469 1525 4519 per
1541 4459 1577 4508 tot
1592 4468 1672 4507 annos
1688 4450 1773 4508 stud

445 4525 533 4587 cuns.
551 4525 593 4575 iv.
612 4526 636 4587 s,
655 4524 695 4576 te.
716 4552 744 4562 -
766 4525 791 4576 a.
810 4526 962 4591 annnam
978 4529 1086 4593 nugae.
1107 4557 1133 4567 -
1160 4529 1185 4582 4.
1204 4530 1347 4583 aenaea
1362 4531 1465 4597 gegis.
1483 4530 1537 4584 eal.
1556 4532 1580 4586 r.
1600 4529 1711 4584 as.·n1n
1728 4543 1771 4597 ap.

444 4602 505 4651 Asc.
518 4598 594 4665 prob.
608 4598 694 4651 Madv.
710 4598 743 4650 de
760 4601 819 4651 Asc.
838 4614 866 4666 p.
880 4604 943 4652 40οε
963 4603 1127 4655 descenderim
1144 4605 1189 4667 63,
1207 4604 1286 4656 codd.
1300 4606 1356 4668 Lbi,
1374 4607 1428 4659 Pal.
1441 4608 1466 4659 4.
1484 4610 1515 4659 Α.
1534 4606 1569 4660 ci.
1582 4608 1669 4669 Quint.
1682 4607 1725 4658 Ν.
1746 4607 1772 4669 l,
1855 4660 1857 4665 ,

444 4674 485 4727 ie.
507 4699 534 4711 -
554 4676 578 4726 6.
596 4674 657 4724 mibi
673 4687 723 4725 esse
740 4674 934 4740 staninges
950 4678 1071 4730 Diomed.
1089 4693 1117 4745 p.
1130 4680 1196 4732 ido:
1215 4694 1265 4732 esse
1280 4682 1341 4732 mibi
1357 4698 1373 4746 ς
1389 4683 1418 4733 0.
1433 4683 1504 4733 -.7.
1524 4698 1538 4734 ο
1554 4678 1773 4733 4044340183-

442 4752 544 4802 veriun.
562 4763 588 4815 p.
607 4747 665 4800 443.
685 4748 766 4814 Cupp.
787 4776 814 4784 —-
834 4751 991 4802 discessissem
1007 4754 1078 4814 633.
1097 4782 1125 4791 -·
1144 4755 1168 4806 8.
1185 4755 1318 4807 memdam
1329 4756 1361 4807 (44
1378 4760 1406 4808 et
1421 4757 1460 4809 sic
1471 4769 1593 4823 semper;
1608 4755 1773 4821 praeclaram

443 4824 491 4878 Ld.
506 4851 533 4863 -
554 4826 594 4875 44.
608 4823 659 4888 qus]
678 4836 757 4885 pacare
768 4825 844 4876 644).
859 4853 886 4861 -
906 4828 945 4878 44.
963 4828 1022 4891 fort.
1035 4831 1195 4881 annonas.
1210 4858 1238 4868 -
1252 4828 1292 4882 44.
1305 4832 1479 4895 anmaiiqaid
1495 4833 1540 4884 64.
1556 4859 1584 4867 -
1601 4832 1643 4885 44.
1656 4829 1720 4898 titos]
1732 4842 1774 4882 eos

442 4901 508 4952 Non.
528 4914 554 4966 p.
573 4900 631 4951 360.
650 4898 707 4948 383.
726 4898 807 4950 llere.
828 4927 854 4935 -
874 4901 915 4951 44.
933 4902 990 4967 esse]
1008 4905 1055 4955 isse
1070 4920 1095 4968 ς.
1111 4933 1137 4942 -
1157 4907 1197 4957 43.
1220 4907 1416 4959 tali--iodices
1432 4909 1498 4960 Non.
1516 4921 1544 4974 p.
1556 4905 1614 4958 404.
1635 4933 1663 4942 -
1681 4905 1774 4957 adduci

442 4974 577 5027 Gdiilsz
602 4974 738 5025 adductam
754 4974 802 5024 dit.
818 5002 846 5011 -
864 4975 903 5027 44.
920 4978 1037 5040 petissent
1053 4980 1142 5031 codd:
1161 4986 1342 5044 asportassent
1358 4983 1394 5033 st.
1405 4982 1434 5033 L.
1455 5010 1482 5020 -
1500 4983 1542 5035 444.
1561 4983 1605 5043 qai
1620 4988 1773 5034 atenim·

441 5049 545 5102 docerer
567 5051 644 5101 Arus.
662 5049 696 5103 ll.
714 5061 741 5113 p.
759 5049 817 5100 464.
835 5051 864 5101 L.
886 5075 913 5087 -
940 5052 1107 5104 adamantio
1122 5057 1190 5120 4340
1208 5059 1235 5109 et
1253 5058 1291 5109 sic
1308 5071 1426 5124 semper.
1447 5084 1473 5097 -
1493 5058 1638 5110 dedidissem
1653 5058 1771 5112 lialmius

441 5121 476 5172 ed
492 5138 531 5177 or.
549 5138 576 5191 p.
595 5126 672 5177 liosc.
690 5127 749 5176 Am.
768 5123 792 5188 5.
811 5124 851 5175 48.
872 5151 899 5160 -
925 5126 966 5178 46.
984 5127 1073 5180 babere
1097 5142 1137 5181 ees
1152 5130 1200 5182 dtt.
1219 5132 1306 5195 Quint.
1323 5132 1365 5185 ill.
1384 5134 1408 5196 4,
1427 5133 1468 5185 50.
1487 5134 1516 5186 0.
1537 5160 1565 5171 -
1587 5134 1631 5187 47.
1650 5142 1767 5199 mereator

440 5208 494 5249 om.
514 5201 546 5251 64
558 5200 583 5252 4.
604 5226 632 5239 -
649 5212 697 5251 sna
713 5195 822 5251 GdDi:
841 5201 926 5252 eodem
939 5199 987 5253 dtt.
1001 5204 1029 5253 0.
1045 5229 1072 5239 -
1086 5206 1220 5268 provincia
1236 5209 1321 5262 san:
1335 5208 1469 5273 nnana
1481 5213 1539 5275 post
1554 5220 1594 5267 me
1609 5215 1768 5278 numam

439 5269 490 5325 dtt.
507 5274 537 5327 0.
554 5274 632 5343 prob.
651 5274 746 5330 Kahat.
766 5276 857 5343 Prosr.
876 5276 979 5332 cuens.
997 5276 1070 5332 4834.
1087 5290 1116 5347 p.
1133 5281 1159 5334 d.
