4367 6109
860 590 934 659 cn.
955 592 1080 659 1-m.
1107 589 1299 678 sps-e.
1680 591 1742 659 ses

411 760 538 826 fnisset.
582 762 655 839 Quo
677 781 737 846 epe
758 761 942 827 adiumento
964 763 1130 847 sperabam
1156 763 1238 829 hane
1259 783 1280 827 a
1299 783 1351 827 me
1371 782 1467 847 pesse
1489 764 1666 828 molestiam
1688 764 1743 829 de-

413 859 555 933 moveri,
584 857 618 920 id
646 857 725 921 mihi
752 866 820 921 erat
844 858 1059 923 adversarium
1085 859 1230 922 maxime.
1280 859 1359 922 Nam
1389 858 1436 921 illi
1457 859 1558 924 multo
1580 860 1659 923 mibi
1679 859 1742 924 hoc

414 952 542 1017 facilius
563 953 775 1028 remisissent,
797 954 824 1018 si
845 953 941 1017 istum
963 973 1028 1016 non
1049 959 1181 1016 nossent
1202 959 1259 1016 aut
1278 953 1305 1016 si
1327 954 1387 1017 iste
1408 955 1494 1038 apud
1516 975 1572 1019 ees
1593 961 1743 1039 quaestor

415 1067 483 1109 nen
505 1045 629 1111 fuisset.
661 1045 692 1108 5.
707 1047 873 1111 Adductus
887 1068 976 1122 sum,
998 1047 1136 1121 iudices,
1160 1044 1282 1122 officie,
1304 1045 1382 1124 fide,
1404 1050 1640 1126 misericordia,
1661 1049 1743 1112 mul·

416 1149 524 1205 terum
546 1143 704 1205 bonerum
725 1142 889 1227 exemplo,
910 1150 1016 1205 vetere
1038 1140 1271 1205 consuetudine
1286 1142 1497 1227 institutoque
1512 1145 1683 1220 maiorum,
1706 1151 1780 1207 uto

417 1255 500 1300 onus
520 1228 619 1301 huius
639 1235 759 1299 laboris
780 1243 878 1320 atque
900 1235 997 1299 oflicii
1019 1255 1086 1299 non
1108 1256 1149 1299 ex
1170 1256 1259 1312 meo,
1288 1236 1344 1300 sed
1371 1258 1411 1300 ex
1432 1258 1575 1302 meorum
1597 1257 1743 1304 necessa·

417 1332 539 1398 riorum
561 1340 704 1416 tempore
725 1331 803 1394 mihi
825 1328 1065 1414 suscipiendum
1087 1339 1242 1412 putarem.
1280 1330 1352 1407 Quo
1374 1332 1408 1394 in
1422 1334 1551 1415 negotio
1566 1340 1671 1398 tamen
1687 1333 1743 1397 illa

418 1447 468 1491 me
489 1447 558 1502 res,
579 1426 717 1502 indices,
740 1426 938 1500 consolatur,
960 1423 1048 1508 quod
1068 1425 1149 1489 haec
1170 1444 1253 1509 quae
1267 1425 1393 1488 videtur
1413 1445 1483 1489 esse
1496 1429 1656 1492 accusatio
1671 1446 1742 1491 mea

418 1541 484 1585 non
505 1521 614 1605 petius
635 1521 796 1585 accusatio
818 1542 913 1605 quam
928 1519 1072 1583 defensio
1088 1527 1137 1583 est
1150 1518 1371 1583 existimanda.
1403 1519 1546 1585 Defende
1561 1524 1645 1586 enim
1659 1521 1743 1586 mul-

418 1623 467 1680 tos
489 1615 656 1691 mortales,
677 1615 795 1679 multas
817 1616 977 1690 civitates,
999 1612 1196 1696 provinciam
1212 1612 1351 1676 Siciliam
1373 1621 1483 1678 totam.
1519 1615 1741 1691 Quamobrem,
1751 1633 1779 1679 se

419 1711 496 1794 quia
516 1709 598 1774 mibi
619 1731 704 1775 unus
725 1718 774 1774 est
794 1710 1011 1784 accusandus,
1039 1708 1272 1792 propemodum
1297 1728 1425 1773 manere
1447 1710 1482 1771 in
1503 1709 1647 1774 instituto
1670 1730 1741 1773 meo

417 1804 530 1870 videor
552 1812 586 1870 et
605 1826 672 1870 non
686 1805 816 1869 omnino
831 1825 851 1868 a
865 1804 1071 1868 defendendis
1087 1802 1270 1866 hominibus
1285 1802 1554 1887 sublevandisque
1569 1804 1742 1869 discedere.

418 1897 448 1962 e.
471 1899 568 1976 Quod
591 1900 618 1965 si
639 1901 723 1965 banc
746 1920 874 1965 cansam
895 1907 958 1963 tam
980 1898 1145 1972 idoneam,
1167 1904 1231 1960 tam
1250 1896 1421 1973 illustrem,
1444 1904 1508 1961 tam
1528 1917 1655 1981 gravem
1677 1918 1742 1961 non

415 1994 586 2071 baberem3
618 1995 646 2059 si
678 2004 734 2059 aut
760 1994 822 2059 hoc
850 2014 869 2056 a
899 2014 950 2056 me
972 1991 1072 2056 Siculi
1095 2011 1159 2054 nen
1182 1992 1336 2074 petissent
1357 2000 1413 2056 aut
1432 1993 1510 2056 mibi
1532 2014 1604 2056 cum
1626 1994 1742 2056 Siculis

417 2107 515 2152 causa
541 2095 649 2153 tantm
677 2088 922 2153 necessitudinis
951 2107 1016 2150 non
1044 2083 1254 2148 intercederet
1275 2094 1307 2148 et
1326 2087 1389 2149 hoe
1411 2087 1498 2171 qnod
1519 2087 1602 2151 facio
1623 2109 1674 2151 me
1696 2087 1780 2151 reiro

415 2183 566 2265 publicae
589 2203 684 2248 causa
706 2183 810 2247 facere
831 2178 1011 2264 profiterer,
1036 2188 1073 2243 ut
1093 2180 1190 2242 homo
1213 2180 1366 2263 singulari
1387 2181 1577 2264 eupiditate,
1598 2180 1742 2256 audacia,

416 2276 538 2342 scelere
559 2277 745 2362 praeditus,
767 2276 859 2341 cuius
879 2274 964 2340 furta
985 2281 1082 2358 atque
1104 2274 1222 2356 flagitia
1243 2294 1309 2337 nen
1323 2275 1357 2337 in
1374 2275 1483 2338 Sicilia
1496 2275 1615 2350 solum,
1638 2275 1743 2338 sedin

415 2371 557 2447 Achaia,
577 2373 671 2447 Asia,
695 2372 823 2447 Cilicia,
844 2370 1043 2454 Pamphylia,
1071 2370 1189 2432 Romae
1212 2368 1352 2452 denique
1374 2375 1447 2433 ante
1469 2370 1580 2433 oculos
1602 2370 1742 2432 omnium

416 2465 559 2529 maxima
591 2465 842 2549 turpissimaque
873 2483 1057 2537 nossemus,
1090 2484 1141 2526 me
1167 2470 1279 2545 agente
1308 2463 1342 2524 in
1374 2463 1527 2528 iudicium
1555 2473 1741 2528 vocaretur:

419 2558 492 2643 quis
514 2559 643 2623 tandem
665 2567 764 2635 esset,
787 2559 843 2644 qui
862 2577 966 2621 meum
981 2556 1100 2622 factum
1114 2566 1170 2622 aut
1182 2556 1350 2620 eonsilium
1364 2565 1474 2640 posset
1487 2558 1780 2641 reprehenderelao

416 2653 470 2716 lll.
493 2649 524 2715 7.
548 2652 635 2729 Quid
657 2661 720 2729 est,
749 2672 809 2736 pro
832 2651 925 2714 deum
952 2650 1183 2734 hominumque
1205 2647 1316 2714 lideml
1346 2653 1380 2715 in
1402 2673 1467 2738 quo
1490 2674 1549 2736 ege
1570 2654 1617 2716 rei
1638 2654 1743 2736 publi·

417 2766 472 2810 cae
494 2747 569 2830 plus
590 2746 652 2810 hec
674 2754 818 2829 tempore
840 2745 993 2828 prodesse
1014 2745 1157 2828 possim?
1180 2746 1257 2830 quid
1279 2751 1344 2822 est,
1367 2748 1453 2832 quod
1475 2756 1531 2811 aut
1544 2749 1665 2832 populo
1680 2749 1743 2811 llo·

418 2860 512 2905 mano
534 2841 656 2923 gratius
678 2861 750 2904 esse
771 2841 885 2903 debeat
906 2847 963 2903 aut
983 2839 1080 2902 sociis
1102 2840 1284 2923 exterisque
1306 2842 1488 2905 nationibus
1510 2843 1650 2925 optatius
1672 2862 1741 2906 esse

417 2934 522 3017 possit
542 2942 599 2997 aut
619 2934 713 2998 saluti
735 2934 935 3018 fortunisque
958 2930 1100 2996 omnium
1121 2933 1221 3016 magis
1243 2936 1517 3000 accommodatum
1538 2936 1604 2999 sitl
1638 2938 1742 3020 Popu-

418 3029 514 3104 lntae,
534 3036 685 3104 vexatae,
706 3028 850 3092 funditus
872 3048 1000 3092 eversae
1022 3026 1225 3110 provinciae:
1247 3029 1326 3092 socii
1343 3030 1607 3114 stipendiariique
1628 3030 1778 3114 populis

418 3121 553 3186 Romani
574 3121 701 3198 afflicti,
723 3124 847 3197 miseri,
869 3123 932 3186 iam
954 3141 1020 3184 non
1041 3119 1153 3183 salutis
1175 3141 1274 3203 spem,
1295 3124 1352 3187 sed
1371 3124 1519 3188 solatium
1537 3125 1627 3188 exitii
1644 3144 1742 3209 quae-

418 3225 501 3281 runt.
534 3214 566 3279 8.
589 3216 654 3293 Qui
667 3217 787 3281 iudicia
801 3236 929 3280 manere
946 3215 1031 3298 apud
1046 3214 1190 3278 ordinem
1205 3218 1399 3281 senatorium
1412 3219 1540 3295 volunt,
1563 3226 1743 3303 queruntur

418 3317 620 3375 accusatores
649 3331 684 3374 se
709 3312 843 3375 idoneos
871 3330 936 3372 non
956 3308 1093 3384 habere;
1122 3310 1177 3392 qui
1198 3331 1347 3376 accusare
1368 3319 1519 3397 possunt,
1548 3314 1740 3378 iudiciorum

418 3405 619 3470 severitatem
643 3406 833 3470 desiderant
869 3404 1009 3487 Populus
1024 3404 1186 3467 Romanus
1199 3404 1335 3481 interea,
1357 3406 1483 3469 mmeui
1498 3406 1605 3471 multis
1619 3408 1741 3472 incom-

417 3499 523 3564 modis
553 3497 855 3583 difficultatibusque
883 3501 1015 3562 allectus
1044 3505 1109 3572 est,
1137 3505 1244 3561 tamen
1270 3497 1352 3561 nihil
1377 3518 1480 3583 aeque
1501 3500 1535 3562 in
1556 3521 1591 3565 re
1612 3503 1777 3584 publicane

417 3603 514 3679 atque
537 3593 624 3657 illam
645 3602 784 3659 veterem
806 3593 997 3657 iudiciorum
1019 3592 1083 3654 vim
1104 3592 1356 3677 gravitatemque
1376 3593 1520 3676 requirit.
1546 3594 1741 3660 Indicierum

418 3689 579 3754 desiderio
600 3689 768 3753 tribunicia
789 3695 930 3772 potestas
944 3686 1115 3769 efflagitata
1129 3692 1196 3750 est:
1218 3685 1409 3748 iudiciorum
1423 3686 1551 3751 levitate
1566 3688 1645 3753 ordo
1661 3711 1742 3775 que·

419 3805 483 3870 qne
504 3785 588 3849 alins
610 3782 724 3848 adres
751 3782 939 3846 iudicandas
966 3780 1161 3863 postulatur:
1188 3780 1330 3843 iudicum
1352 3780 1561 3867 culpantque
1584 3785 1741 3850 dedecore

418 3878 515 3942 etiam
537 3877 717 3949 censorium
737 3896 871 3951 nomen,
893 3875 980 3959 quod
1001 3874 1145 3956 asperius
1166 3881 1259 3937 antea
1280 3875 1400 3958 populo
1421 3875 1524 3940 videri
1545 3878 1685 3955 solebat,
1707 3880 1741 3943 id

419 3992 505 4036 nnnc
526 3974 684 4055 poscitur,
707 3972 740 4035 id
761 3972 824 4035 iam
845 3970 999 4054 populare
1021 3975 1054 4032 et
1066 3968 1236 4050 plausibile
1250 3969 1368 4033 factum
1382 3976 1440 4033 est.
1476 3969 1506 4034 9.
1528 3973 1566 4034 In
1585 3973 1646 4037 hac
1667 3974 1779 4039 libi-ao

419 4066 493 4129 dine
512 4065 679 4130 hominum
699 4065 1012 4137 nocentissimorum,
1033 4062 1068 4125 in
1089 4063 1201 4146 populi
1214 4064 1348 4128 Romani
1370 4064 1557 4148 quotidiana
1579 4068 1740 4150 querimo-

419 4152 486 4227 nia,
516 4151 708 4214 iudiciorum
734 4150 879 4225 infamia,
906 4150 1003 4214 totius
1031 4148 1154 4211 ordinis
1183 4150 1358 4212 offensione
1391 4168 1462 4211 cum
1483 4149 1545 4212 hoc
1566 4172 1667 4216 unum
1688 4152 1739 4216 bis

420 4252 466 4308 tot
486 4244 697 4308 incommodis
718 4244 892 4307 remedium
912 4262 982 4306 essa
1002 4242 1187 4317 arbitrarer,
1215 4251 1252 4306 ut
1272 4244 1418 4307 homines
1439 4242 1549 4307 idonei
1571 4251 1667 4330 atque
1689 4247 1739 4311 in·

418 4340 498 4424 teqri
529 4359 657 4404 causam
688 4339 735 4404 rei
767 4338 913 4422 publicae
950 4338 1121 4421 legumque
1153 4337 1369 4421 susciperent:
1406 4336 1510 4402 fateor
1541 4358 1592 4402 me
1625 4340 1737 4404 salutis

482 4563 507 4616 l.
525 4576 595 4628 posse
609 4562 668 4614 mol.
687 4563 719 4614 Gt
733 4563 811 4614 bsh:
829 4561 888 4612 mel.
903 4573 976 4624 pesse
991 4561 1040 4613 dtt.
1059 4561 1088 4612 0.
1109 4586 1135 4599 -
1154 4561 1276 4611 mocon
1293 4560 1308 4611 6
1324 4561 1386 4624 bgg.
1404 4561 1442 4612 h:
1460 4563 1580 4615 &monesi
1596 4566 1628 4614 Gt
1640 4566 1665 4626 h,
1683 4566 1738 4615 tres

418 4636 491 4704 ιω,
509 4639 544 4698 0;
563 4639 672 4688 moecari
689 4636 736 4688 Ld.
751 4664 779 4673 -
797 4638 822 4688 2.
840 4637 905 4686 idem
920 4637 946 4686 43
961 4636 1022 4687 mhi
1038 4633 1107 4686 Gli.
1123 4661 1150 4671 -
1169 4637 1193 4686 5.
1210 4640 1291 4685 vetere
1306 4637 1370 4687 As:
1387 4641 1473 4687 odoro
1488 4639 1538 4698 (εἰς
1555 4640 1633 4689 oeten
1648 4638 1737 4689 etto.

417 4719 451 4767 ss
465 4715 500 4768 ot.
519 4715 544 4779 s.
557 4713 598 4766 aa.
616 4716 672 4765 ast.
683 4716 702 4764 1.
722 4713 746 4778 a.
759 4715 784 4763 s.
802 4712 859 4763 nn.
871 4713 891 4763 1.
910 4712 934 4775 s.
948 4712 1003 4762 us.
1021 4711 1063 4760 111.
1082 4710 1107 4773 a.
1121 4711 1160 4761 se.
1174 4711 1214 4760 es.
1232 4712 1274 4761 lv.
1287 4710 1312 4774 g.
1326 4711 1350 4760 4.
1368 4711 1399 4762 ν.
1411 4711 1436 4775 5.
1449 4711 1490 4763 le.
1504 4712 1560 4764 sss.
1578 4712 1637 4764 con.
1656 4712 1737 4763 ense.

417 4793 436 4843 1.
454 4805 482 4856 p.
501 4791 559 4843 333.
577 4788 662 4841 llalm.
679 4786 714 4839 ad
730 4790 796 4838 orat.
814 4787 848 4837 de
865 4786 929 4850 imp.
949 4788 1039 4849 Pomp.
1057 4797 1084 4849 p.
1099 4782 1156 4836 444.
1169 4811 1199 4822 -
1217 4787 1381 4849 tmtuuttsqus
1396 4787 1442 4837 Gt.
1456 4814 1484 4824 -
1503 4788 1527 4839 6.
1544 4789 1617 4837 Mus
1632 4789 1664 4838 Gt
1677 4787 1738 4838 ab:

417 4866 460 4918 soc
476 4865 566 4918 oue.
587 4891 615 4903 —-
632 4866 657 4917 8.
675 4876 769 4914 resme
786 4863 855 4913 Glh.
871 4888 899 4898 -
917 4861 957 4913 44.
976 4859 1311 4923 cmmemores:
1335 4864 1551 4926 qutauausms'hi
1567 4865 1621 4923 Gl;
1641 4860 1739 4912 sims'hi

417 4955 481 4993 usus
499 4940 548 4992 dtt.
567 4940 596 4992 0.
611 4963 639 4976 -
655 4940 696 4991 ⁴2.
707 4939 793 4989 videor
809 4938 841 4988 Gt
863 4936 914 4988 al:
937 4937 1007 4986 uideo
1022 4948 1062 4986 me
1078 4935 1204 4999 Ganga.
1224 4965 1252 4975 -
1270 4939 1312 4990 20.
1330 4939 1459 4989 emelim
1475 4945 1520 4990 out
1534 4939 1629 5004 suctus
1645 4938 1736 4989 Frena.

417 5018 488 5067 Pars.
507 5013 615 5067 bellem.
633 5016 665 5065 nt
682 5013 715 5064 et.
733 5014 775 5064 111.
794 5012 819 5077 5.
836 5012 894 5063 242.
912 5011 969 5064 243.
987 5008 1072 5061 llalm.
1090 5010 1126 5061 nd
1142 5015 1210 5065 sest.
1228 5027 1254 5078 p.
1268 5012 1325 5065 446.
1345 5041 1373 5051 -
1390 5017 1433 5066 25.
1449 5021 1557 5066 emtus
1572 5014 1634 5075 AS,
1657 5010 1736 5065 codd.

416 5091 607 5154 praetereas,
624 5087 764 5153 inquibus
781 5089 998 5149 estecoeatoequc.
1018 5113 1046 5122 -
1064 5087 1106 5138 36.
1124 5089 1240 5140 semim
1255 5090 1328 5140 aba
1342 5088 1452 5142 thl:
1470 5090 1541 5141 mitit
1556 5088 1672 5139 solatium
1688 5088 1736 5140 dtt

418 5166 446 5215 0.
467 5192 495 5203 -
513 5165 555 5216 34.
574 5163 760 5228 quinceium
774 5166 842 5214 Non.
859 5177 887 5228 p.
905 5161 961 5214 349.
982 5188 1010 5198 -
1027 5168 1171 5214 ”newsum
1186 5166 1232 5216 Gt.
1252 5191 1280 5202 -
1298 5164 1339 5214 34.
1356 5171 1404 5216 ost.
1422 5166 1473 5216 oss
1487 5179 1560 5229 pron
1578 5163 1684 5225 repulsit
1699 5164 1738 5214 to·

416 5239 547 5290 damas.
574 5239 661 5304 lupo
675 5239 795 5291 desueto
811 5240 856 5290 Gt.
876 5264 905 5277 -
923 5237 963 5288 ³2.
982 5238 1081 5289 lenttote
1097 5239 1168 5291 Gen.
1182 5266 1211 5276 -
1228 5239 1269 5290 344.
1287 5240 1359 5303 seps.
1373 5237 1593 5304 cammada:
1611 5237 1733 5304 apnepl.

417 5313 1402 5382 an03uqusaosps.es.-ae.soeosasoosassoossmpsr.-
1420 5314 1733 5370 admonemus
