4367 6109
832 559 1090 628 cau-vu
1118 557 1345 645 sata-tc.
1689 558 1750 628 ess

430 729 645 817 praemissam.
688 726 739 795 44.
766 731 803 794 In
831 730 979 794 exsilium
1008 731 1189 806 eiiciebam,
1223 752 1318 817 quem
1339 733 1402 798 iam
1422 733 1599 816 ingressum
1624 753 1694 798 esse
1715 735 1749 798 in

429 825 548 890 bellum
577 824 744 889 videbam‘l
783 823 927 900 Etenim,
960 825 1070 899 credo,
1100 826 1235 889 Manlius
1265 827 1325 891 iste
1348 827 1504 901 centurio,
1539 826 1651 910 quiin
1674 846 1749 910 agro

428 918 603 985 Faesulano
627 926 730 983 castra
749 920 870 1002 posuit,
893 918 1012 982 bellum
1034 919 1151 1003 populo
1172 921 1313 984 Romano
1336 941 1393 984 suo
1415 919 1541 983 nomine
1564 921 1694 996 indixit,
1718 928 1750 983 et

427 1011 484 1077 illa
504 1018 605 1076 castra
625 1032 709 1075 nunc
730 1032 795 1075 non
817 1012 982 1076 Catilinam
1005 1014 1117 1077 ducem
1140 1022 1338 1095 exspectant,
1367 1020 1398 1076 et
1419 1013 1472 1076 ille
1497 1011 1616 1077 eiectus
1637 1015 1672 1076 in
1694 1035 1749 1077 ex·

428 1104 531 1170 silium
553 1123 587 1167 re
608 1105 798 1181 Massiliam,
820 1114 856 1170 ut
877 1107 977 1181 aiunt,
998 1126 1062 1169 non
1084 1106 1117 1167 in
1139 1105 1217 1169 haec
1239 1115 1341 1170 castra
1355 1105 1505 1170 conseret.
1549 1107 1616 1169 Vll.
1632 1105 1659 1169 0
1675 1116 1772 1171 con-5

428 1197 581 1260 ditionem
602 1197 747 1263 miseram
768 1219 831 1263 non
855 1199 947 1262 modo
970 1198 1254 1274 administrandae,
1275 1220 1384 1263 verum
1407 1200 1499 1263 etiam
1515 1199 1749 1264 conservandae

427 1291 474 1355 rei
495 1290 657 1375 publicae!
692 1295 780 1357 Nunc
803 1294 830 1356 si
851 1293 887 1357 L.
903 1292 1035 1356 Catilina
1058 1291 1212 1367 consiliis,
1235 1292 1412 1368 laboribus,
1433 1293 1582 1375 periculis
1596 1294 1675 1357 meis
1690 1295 1750 1357 cir-

427 1384 605 1449 cumclusus
625 1406 662 1449 ac
685 1387 863 1451 debilitatus
886 1386 990 1448 subito
1012 1385 1227 1468 pertimuerit,
1250 1387 1438 1449 sententiam
1452 1389 1637 1462 mutaverit,
1659 1388 1749 1452 dese·

427 1477 526 1543 ruerit
547 1498 639 1553 suos,
668 1479 833 1544 consilium
855 1479 931 1543 belli
951 1477 1088 1541 faciendi
1111 1477 1277 1554 abiecerit,
1303 1499 1345 1543 ex
1365 1479 1427 1543 boc
1449 1501 1541 1544 cursu
1563 1481 1690 1546 sceleris
1711 1501 1748 1545 ac

425 1571 502 1635 belli
523 1571 584 1635 iter
605 1572 645 1636 ad
667 1573 771 1657 fugam
795 1583 891 1658 atque
913 1575 945 1637 iu
968 1573 1116 1636 exsilium
1131 1573 1335 1636 converterit:
1357 1593 1421 1636 non
1443 1575 1497 1637 ille
1520 1595 1538 1638 a
1559 1597 1610 1638 me
1632 1574 1785 1657 spolia-to

426 1673 476 1728 tus
498 1665 594 1728 armis
615 1666 786 1742 audaciae,
807 1688 873 1731 non
895 1665 1132 1750 obstupefactus
1147 1686 1183 1729 ac
1197 1668 1382 1750 perterritus
1398 1688 1467 1732 mea
1482 1668 1661 1751 diligentia,
1683 1689 1747 1731 non

427 1759 466 1822 de
480 1778 537 1842 spe
553 1767 732 1844 conatuque
748 1760 916 1844 depulsus,
939 1761 994 1824 sed
1010 1760 1225 1836 indemnatus,
1248 1762 1400 1825 innocens
1415 1763 1449 1824 in
1464 1762 1612 1825 exsilium
1628 1761 1747 1826 eiectus

426 1852 595 1917 aconsule
616 1852 647 1916 ri
676 1861 708 1918 et
735 1856 830 1920 minis
853 1875 922 1919 esse
945 1854 1082 1931 dicetur3
1115 1862 1147 1918 et
1169 1863 1261 1919 erunt
1283 1856 1339 1939 qui
1361 1856 1465 1931 illum,
1495 1857 1523 1919 si
1544 1855 1605 1919 boc
1625 1854 1747 1930 lecerit,

426 1965 489 2010 non
517 1946 709 2028 improbum,
740 1948 798 2012 sed
827 1950 991 2024 miserum,
1020 1970 1070 2013 mc
1093 1970 1157 2013 non
1180 1950 1454 2033 diligentissimum
1477 1950 1658 2024 consulem,
1690 1947 1746 2012 sed

426 2037 676 2103 crudelissimum
698 2050 863 2126 tyrannum
886 2043 1057 2107 existimari
1080 2042 1186 2106 velint.
1230 2037 1281 2104 l5.
1298 2043 1355 2105 Est
1376 2043 1454 2106 mibi
1476 2044 1572 2117 mnti,
1594 2041 1746 2118 Quirites,
1757 2052 1785 2100 44

423 2133 516 2196 buius
545 2132 682 2198 invidiae
707 2135 806 2199 falsae
835 2144 930 2219 atque
961 2137 1088 2220 iniquae
1116 2143 1333 2218 tempestatem
1362 2136 1486 2211 subire,
1516 2136 1590 2199 dum
1612 2135 1747 2199 modoa

424 2225 513 2289 vobis
534 2226 631 2291 buius
651 2228 811 2294 horribilis
830 2231 907 2293 belli
929 2250 965 2294 ac
987 2229 1098 2293 nefarii
1119 2229 1293 2312 periculum
1308 2229 1494 2314 depellatur.
1527 2229 1657 2292 Dicatur
1670 2247 1746 2293 sane

424 2325 542 2388 eiectus
565 2341 633 2385 esse
655 2342 675 2386 a
696 2343 762 2397 me,
785 2324 859 2387 dum
882 2324 974 2387 modo
998 2331 1049 2387 eat
1069 2326 1102 2386 iu
1125 2324 1283 2388 exsilium.
1328 2323 1391 2387 Sed
1413 2325 1490 2389 mibi
1513 2323 1647 2398 credite,
1680 2342 1745 2388 non

424 2425 471 2482 est
491 2416 601 2481 iturus.
637 2418 816 2501 Numquam
839 2437 897 2501 ego
919 2437 938 2481 a
960 2418 1009 2481 dis
1032 2417 1260 2489 immortalibus
1276 2419 1408 2501 optabo,
1431 2418 1587 2495 Quirites,
1608 2417 1745 2484 invidiae

423 2533 511 2581 meae
531 2511 686 2578 levandae
708 2532 818 2587 causa,
849 2520 885 2576 ut
909 2514 945 2575 L.
968 2512 1131 2576 Catilinam
1154 2511 1268 2575 ducere
1294 2514 1466 2579 exercitum
1487 2512 1629 2576 bostium
1650 2519 1783 2597 atqueeo

422 2611 457 2674 in
484 2607 579 2674 armis
600 2608 730 2672 volitare
759 2606 911 2682 audiatis,
941 2606 997 2670 sed
1020 2604 1126 2669 triduo
1148 2614 1254 2669 tamen
1276 2606 1431 2684 audietis;
1459 2606 1622 2692 multoque
1643 2607 1745 2690 magis

422 2704 500 2768 illud
523 2703 630 2777 timeo,
651 2722 692 2764 ne
714 2699 791 2764 mibi
815 2701 858 2765 sit
879 2699 1071 2765 invidiosum
1092 2699 1276 2785 aliquando,
1299 2700 1384 2784 quod
1405 2700 1495 2763 illum
1510 2700 1667 2766 emiserim
1688 2723 1745 2785 po-

423 2801 484 2862 tius
507 2817 601 2883 quam
623 2796 709 2880 quod
731 2795 888 2861 eiecerim.
923 2796 985 2859 Sed
1009 2815 1080 2858 cum
1103 2795 1167 2858 sint
1185 2794 1348 2869 homiues,
1370 2795 1425 2879 qui
1447 2795 1558 2870 illum,
1580 2816 1651 2858 cum
1672 2816 1744 2880 pro·

422 2893 523 2957 lectus
539 2891 598 2967 sit,
620 2890 756 2954 eiectum
771 2910 841 2955 esse
856 2890 979 2964 dicant,
1000 2889 1101 2964 ldem,
1122 2891 1150 2954 si
1163 2887 1349 2953 interfectus
1364 2896 1465 2963 esset,
1488 2887 1568 2973 quid
1583 2888 1744 2955 dicerent?

424 2983 473 3050 46.
497 2986 697 3070 Quamquam
718 2984 788 3059 isti,
810 2985 865 3067 qui
887 2983 1054 3048 Catilinam
1070 2983 1239 3047 Massiliam
1261 2982 1309 3046 ire
1331 2983 1491 3060 dictitant,
1512 3003 1578 3048 non
1598 2992 1662 3051 mm
1682 2984 1782 3050 boort

423 3088 598 3166 queruntur
619 3099 713 3164 quam
734 3086 892 3143 verentur.
928 3080 1028 3141 Nemo
1051 3083 1101 3144 est
1120 3077 1253 3144 istorum
1273 3085 1336 3142 tarn
1357 3077 1553 3155 misericors,
1573 3079 1631 3162 qui
1652 3079 1744 3144 illum

484 3470 906 3538 speciosorumque·
932 3471 1151 3533 6414444444.-
1177 3471 1506 3536 munimentorum
1528 3472 1744 3537 ineptinbeiieen

418 3557 499 3607 erasti
516 3554 594 3615 lagg.
615 3549 698 3610 dett,
725 3548 753 3598 io
769 3547 823 3598 beli.
841 3547 907 3611 iupr.
926 3561 976 3598 esse
993 3560 1022 3605 c;
1047 3559 1172 3612 epreerum
1189 3561 1239 3599 erse
1254 3549 1281 3598 io
1297 3548 1320 3597 b.
1340 3561 1356 3598 o
1380 3547 1529 3611 (iepram
1543 3547 1597 3597 iam
1612 3548 1640 3597 iu
1655 3547 1745 3600 64444444

419 3626 563 3683 Diomedes
579 3637 607 3690 p.
625 3622 673 3674 466
691 3623 734 3674 ed.
753 3623 792 3685 P.)
812 3649 840 3660 -
858 3623 883 3673 2.
901 3624 1010 3674 44644444
1025 3637 1054 3684 ςς
1075 3622 1218 3674 scieber
1242 3623 1336 3685 (6444444
1352 3621 1468 3673 44646444
1482 3622 1578 3686 Diem.)
1597 3647 1625 3659 -
1643 3624 1745 3675 44444444

419 3719 442 3758 rr
458 3705 485 3756 el
502 3703 517 3753 7
534 3700 600 3752 dett.
613 3700 693 3763 Legg.
711 3698 766 3762 (ute
776 3697 887 3749 Montius
903 3698 941 3760 r);
959 3698 1071 3750 ltaaliur
1086 3709 1150 3748 eum
1166 3710 1220 3749 uno
1238 3697 1298 3749 cod.
1311 3698 1406 3749 liureti
1419 3695 1517 3748 delevit
1527 3698 1554 3747 l..
1568 3723 1597 3735 -
1611 3697 1663 3762 qui]
1680 3711 1746 3760 quus

418 3793 441 3830 r.
461 3803 488 3814 -
506 3776 531 3826 3.
549 3774 687 3827 ausuum
704 3786 734 3824 c:
751 3773 865 3837 seruim
886 3773 977 3837 lebam
994 3774 1051 3836 to)
1067 3770 1111 3824 vel
1131 3772 1256 3836 [4444444440
1272 3771 1350 3822 codd.
1368 3768 1498 3836 plerique.
1519 3798 1545 3808 -
1564 3770 1653 3822 moon
1667 3773 1698 3823 li.
1714 3774 1742 3824 Ρ.

418 3852 622 3918 rnpopulurll.
641 3847 775 3899 beilomb.
797 3875 825 3886 -
844 3847 1103 3907 summosam
1122 3861 1257 3899 ammom.
1275 3849 1471 3906 Bc;oooom.
1489 3843 1743 3911 uz‚lalii1.egg.;

417 3943 468 3981 sos
483 3927 642 3994 postam
653 3922 777 3974 umere.
789 3949 816 3959 -
830 3924 857 3973 iu
873 3924 977 3974 mitum
986 3925 1076 3975 dectus
1087 3937 1113 3974 o.
1128 3949 1155 3959 -
1174 3925 1198 3974 o.
1210 3936 1237 3975 re
1254 3935 1307 3973 om.
1320 3935 1355 3986 q;
1370 3923 1432 3986 post
1447 3926 1532 3972 castro
1547 3920 1649 3973 babent
1663 3923 1693 3972 B.
1713 3948 1739 3959 -

417 3996 989 4063 44444ααί444444041903444,644444.433.
1011 4025 1037 4033 -
1055 3997 1115 4063 uon]
1135 4003 1225 4049 4444044
1241 3997 1267 4049 d.
1287 4024 1313 4033 —
1333 3997 1393 4047 boec
1409 4007 1463 4047 om.
1480 3995 1582 4059 4346.
1602 4022 1629 4031 -
1648 3997 1744 4059 corson

418 4076 465 4129 bd
480 4077 583 4140 ι3.60;
601 4073 724 4136 mmet
740 4085 791 4123 ou.
807 4099 833 4108 -
848 4073 1006 4136 tpmeuo
1021 4086 1088 4124 cour.
1111 4072 1191 4124 tabor.
1210 4072 1236 4123 d.
1256 4098 1283 4108 -
1302 4071 1649 4134 8.pmmstcoeritcvqr,
1667 4072 1683 4121 6
1700 4069 1743 4122 alii

419 4155 498 4216 begs.
518 4176 546 4188 ·-
564 4151 590 4201 9.
607 4161 664 4199 suos
679 4147 814 4198 demerit
838 4146 900 4198 edd.
920 4147 1052 4212 quaedam
1069 4150 1161 4198 contra
1178 4147 1257 4199 codd.
1277 4174 1304 4183 —
1321 4146 1429 4209 [44444464
1444 4143 1742 4209 Babdeiloqrstu

417 4241 480 4289 vx,
497 4226 514 4279 8
531 4223 574 4276 alii
590 4225 683 4288 lagga
705 4223 819 4287 sumundi
835 4224 893 4274 lto.
915 4250 942 4261 -
960 4222 1001 4288 eo]
1019 4228 1042 4274 et
1057 4219 1621 4288 cecdelopqtuzr,tlalii1.agg.-
1639 4234 1671 4272 cc
1686 4220 1742 4272 beiti

416 4302 601 4368 Bapzcbg.
619 4301 660 4350 20.
678 4297 719 4349 46.
738 4299 784 4349 43ι
803 4296 1737 4361 elbediltLO.-l⁰.inom.liacdzLudit—stupefactus.-

416 4377 663 4434 taruannensi,
681 4374 941 4439 iodampoottsglm
959 4372 1374 4437 ammorrhaeum-ta.
1391 4371 1566 4437 caesariem]
1583 4371 1741 4422 ocomiotu

416 4466 448 4513 a;
471 4450 775 4511 emacuiiroicvlz,
801 4449 971 4516 baliibagg.
990 4476 1019 4488 -
1038 4464 1158 4502 auom.
1176 4450 1227 4501 bs.
1247 4476 1274 4486 -
1294 4449 1334 4500 44.
1351 4447 1478 4513 momen]
1495 4447 1609 4498 tiroidurrr
1624 4444 1739 4497 Vbcei

415 4539 499 4587 sarx,
521 4522 597 4575 tlalii
614 4525 691 4588 4433.
712 4524 841 4588 (moenem
856 4526 944 4576 tlrmat
963 4527 1112 4577 Priscianus
1127 4527 1159 4576 11.
1183 4539 1210 4591 p.
1229 4525 1351 4587 tillir.)
1372 4552 1399 4561 -
1424 4524 1465 4574 444.
1487 4529 1523 4575 est
1542 4523 1608 4574 erin
1628 4522 1692 4572 tanti
1707 4535 1735 4580 s;

414 4599 476 4650 stilti
492 4611 545 4649 orn.
563 4597 597 4660 b,
614 4602 645 4650 ul
661 4602 744 4651 estin
761 4614 800 4652 or.
818 4603 838 4652 l.
856 4601 934 4666 §.22
952 4602 1073 4666 (4444444444
1088 4601 1154 4650 torti
1170 4598 1266 4663 schol.)
1286 4627 1312 4636 -
1331 4600 1372 4651 46.
1389 4599 1528 4650 huiuamodi
1543 4598 1653 4649 incidiae
1668 4611 1733 4647 r.-

415 4673 623 4728 taeeoouo
643 4677 893 4727 -eiecturdieotur
912 4691 973 4727 seue
993 4690 1015 4728 s.
1036 4704 1062 4714 -
1083 4677 1192 4728 494444
1214 4675 1344 4727 amaad.
1364 4670 1734 4736 -eussssseboupta,

414 4763 465 4800 erse
480 4763 498 4799 c
513 4762 552 4800 mo
569 4749 677 4801 Cotiiism
693 4763 720 4814 q.
735 4777 762 4786 —
776 4750 816 4801 49.
834 4751 867 4801 ‹ri›
883 4752 930 4801 diis
946 4766 978 4816 p,
1000 4753 1028 4801 ut
1044 4748 1202 4816 plerumque
1220 4751 1274 4802 Cic.
1292 4748 1373 4808 solet3
1396 4762 1423 4800 v.
1440 4748 1475 4799 ad
1492 4759 1531 4797 or.
1549 4745 1732 4810 Pompilii.

416 4851 443 4862 -
462 4825 503 4876 20.
525 4824 968 4892 releuandoeliahcdlpugbg.
987 4827 1026 4875 46.
1045 4825 1086 4877 43.
1105 4825 1145 4875 440.
1164 4826 1204 4876 st.
1222 4826 1254 4875 66
1277 4824 1335 4889 (sed
1352 4824 1383 4874 46
1400 4822 1488 4874 elli:
1514 4819 1661 4871 relevandae
1680 4820 1731 4873 ino.

413 4898 505 4962 »καεὶς
531 4899 651 4952 essedae
672 4899 759 4951 tlrmat
781 4900 879 4952 lemma
901 4899 987 4950 Schol.
1007 4927 1034 4935 -
1053 4913 1131 4950 ceusu
1151 4900 1271 4951 boonaco
1286 4900 1337 4963 36.
1357 4926 1385 4935 -
1406 4897 1520 4958 mian]
1541 4908 1615 4946 sumu
1629 4892 1682 4947 lla.
1703 4923 1730 4933 -

413 4975 456 5025 94.
474 4978 571 5024 tantm
588 4975 630 5037 gh
648 4975 739 5038 (turm
755 4977 836 5025 Prisc.
854 4977 884 5025 11.
904 4987 931 5039 p.
950 4974 1016 5034 att.)
1036 5000 1063 5009 -
1082 4975 1160 5025 muita
1176 4976 1305 5039 mopisque
1320 4989 1346 5025 o.
1360 5001 1387 5011 -
1400 4974 1441 5024 22.
1460 4973 1532 5022 tineo
1547 4969 1610 5020 iilud
1624 4983 1653 5030 r;
1670 4971 1732 5023 iliud

415 5061 468 5100 om.
486 5060 509 5098 s.
524 5074 550 5083 -
570 5049 647 5101 incid.
665 5049 696 5097 sit
712 5061 735 5098 s.
749 5074 776 5084 —
790 5050 861 5098 illum
877 5062 930 5099 om.
949 5048 1027 5099 codd.
1045 5049 1124 5112 lagg.
1143 5053 1250 5114 praeter
1265 5051 1373 5110 Bacx,
1397 5048 1422 5099 9.
1439 5049 1480 5098 49.
1498 5047 1539 5097 54.
1554 5045 1635 5097 -23,
1654 5061 1731 5110 pisum

415 5125 490 5188 quod]
506 5137 583 5187 quam
599 5136 652 5174 om.
671 5137 706 5181 w;
726 5125 792 5185 quod
807 5137 860 5174 orn.
879 5124 933 5187 gh,
952 5123 967 5173 3
984 5125 1060 5188 lagg.
1081 5151 1109 5158 -
1127 5124 1339 5175 Sed-wiceton
1354 5135 1407 5173 om.
1426 5124 1485 5172 t.-
1500 5119 1542 5172 24.
1560 5121 1645 5171 64444444
1660 5135 1684 5172 z.
1699 5150 1727 5159 —

412 5204 478 5255 idern
493 5201 525 5251 40
541 5201 595 5252 mei
612 5203 640 5251 et
655 5199 775 5266 plerique
798 5201 891 5264 lagga
916 5200 991 5251 iidem
1010 5200 1097 5250 RLO.
1118 5226 1145 5233 -
1167 5199 1208 5249 25.
1228 5198 1376 5251 Marcion
1391 5196 1413 5257 l;
1438 5197 1466 5246 is
1485 5196 1625 5249 Humidum
1644 5197 1727 5264 Vbls,

411 5274 1224 5343 tutnagg.-usesemuo;uoeom.b;causnsoeu.
