4367 6109
468 573 530 644 648
833 584 886 648 DE
907 583 1013 648 LEGE
1035 583 1213 649 AGRARIA
1233 583 1352 648 LIBER
1372 583 1412 646 Π.

468 773 541 818 men
562 773 621 816 nos
642 751 674 814 id
697 753 875 834 querimur,
896 772 966 816 esse
988 752 1069 815 banc
1091 752 1289 815 tribunorum
1310 751 1413 835 plebis
1434 758 1640 834 potestatem
1667 759 1788 815 tantum

469 846 580 920 modo,
602 846 629 909 si
651 846 723 930 quis
745 867 784 910 ea
803 854 958 928 potestate
979 854 1098 910 temere
1120 853 1168 908 est
1188 865 1281 919 usus,
1304 846 1517 909 existimamus
1526 842 1544 925 :l
1570 844 1623 908 hic
1644 845 1788 909 tribunus

468 941 571 1023 plebis
591 942 662 1023 lege
683 941 818 1016 curiata,
841 960 935 1023 wem
956 946 1083 1022 praetor
1103 939 1199 1012 ferat,
1223 940 1333 1002 adimit
1353 938 1569 1003 intercedendi
1589 948 1787 1022 potestatem.

467 1037 572 1118 Atque
599 1035 661 1098 boc
688 1054 759 1098 cunr
788 1036 822 1098 in
843 1055 882 1098 eo
903 1032 1198 1117 reprehendendum
1222 1041 1284 1107 est,
1314 1033 1401 1116 quod
1423 1054 1482 1116 per
1501 1033 1664 1096 tribunum
1685 1033 1788 1115 plebis

444 1128 635 1193 etribunicia
657 1135 796 1213 potestas
818 1128 984 1202 minuitur,
1018 1136 1084 1191 tum
1105 1125 1140 1189 in
1161 1146 1200 1189 eo
1223 1126 1446 1202 deridendum,
1479 1127 1566 1212 quod
1588 1127 1727 1201 consuli,
1761 1128 1787 1190 si

466 1221 568 1304 legem
591 1225 740 1288 curiatam
762 1223 958 1296 nonhabet,
980 1221 1134 1303 attingere
1156 1240 1223 1282 rem
1245 1221 1414 1284 militarem
1429 1221 1605 1292 nonlicet:
1625 1222 1716 1295 huic,
1738 1222 1788 1283 cui

466 1324 550 1378 vetat
571 1317 740 1393 intercedi,
763 1324 965 1401 potestatem,
987 1316 1081 1378 etiarn
1104 1315 1130 1377 si
1146 1315 1351 1377 intercessum
1366 1315 1422 1390 sit,
1444 1323 1550 1379 tamen
1564 1316 1697 1381 eandem
1712 1335 1789 1378 con·

466 1409 586 1485 stituit,
610 1431 705 1496 quam
728 1412 755 1474 si
777 1412 840 1475 lata
862 1419 945 1474 esset
966 1409 1036 1484 lex,
1066 1417 1103 1472 ut
1124 1428 1188 1471 non
1209 1408 1401 1490 intelligam,
1434 1430 1532 1494 quare
1553 1417 1608 1473 aut
1628 1409 1681 1472 hic
1703 1416 1791 1472 vetet
1834 1483 1840 1495 ι

465 1503 659 1568 intercedere
688 1515 743 1570 aut
770 1525 960 1592 quemquam
982 1505 1227 1567 intercessurum
1249 1509 1354 1583 putet,
1384 1524 1455 1566 cum
1477 1503 1662 1568 intercessio
1684 1502 1791 1565 stulti·

429 1595 540 1664 tetiam
562 1597 780 1665 intercessoris
802 1598 1014 1684 significatura
1034 1599 1088 1672 sit,
1111 1617 1176 1660 non
1198 1615 1264 1658 rem
1285 1596 1483 1679 impeditura.

528 1685 580 1755 3t.
595 1693 665 1756 Sint
678 1694 774 1776 igitur
788 1695 958 1758 decemviri
973 1713 1077 1778 neque
1092 1692 1175 1755 veris
1191 1691 1336 1764 comitiis,
1349 1690 1410 1754 boc
1425 1699 1482 1765 est,
1497 1692 1607 1776 populi
1621 1688 1790 1770 suffragiis,

465 1802 569 1867 neque
590 1784 655 1848 illis
676 1786 716 1850 ad
738 1791 877 1872 speciem
898 1797 996 1871 atque
1017 1788 1056 1850 ad
1072 1785 1311 1868 usurpationem
1325 1789 1491 1850 vetustatis
1509 1806 1567 1870 per
1580 1806 1647 1849 xxx
1661 1784 1790 1846 lictores

465 1877 677 1961 auspiciorum
700 1901 795 1945 causa
816 1882 1008 1946 adumbratis
1030 1878 1203 1944 constituti.
1240 1879 1353 1942 Videte
1375 1901 1459 1944 nunc
1481 1901 1549 1954 eos,
1579 1880 1636 1963 qui
1656 1897 1677 1940 a
1698 1876 1790 1939 vobis

464 1968 545 2032 nihil
567 1975 732 2054 potestatis
754 1979 948 2061 acceperint,
978 1983 1097 2060 quanto
1126 1973 1295 2035 maioribus
1317 1977 1510 2039 ornamentis
1530 1972 1664 2046 alliciat,
1691 1989 1789 2052 quarn

428 2082 579 2137 seomnes,
607 2086 665 2129 nos
696 2070 800 2132 affecti
829 2091 951 2143 sumus,
985 2069 1100 2153 quibus
1127 2087 1185 2130 vos
1211 2065 1421 2148 amplissimas
1449 2075 1621 2151 potestates
1644 2062 1788 2128 dedistis.

464 2155 556 2219 lubet
578 2154 742 2244 [auspicia]
764 2164 958 2226 coloniarum
976 2160 1232 2225 deducendarum
1253 2179 1347 2222 causa
1362 2160 1557 2225 decemviros
1578 2160 1695 2224 babere
1716 2157 1790 2240 pul·

464 2248 569 2313 lanios.
610 2254 725 2319 Eonsu
755 2277 844 2331 runs,
874 2257 995 2339 inquit,
1025 2273 1086 2328 ovo
1116 2273 1302 2316 nnnmnvur
1324 2274 1467 2317 rursusi
1489 2275 1572 2318 nnus
1593 2255 1788 2317 Ssurnorun.

464 2347 570 2410 Audes
594 2351 697 2424 etiam,
719 2352 821 2426 Rullo,
844 2352 1037 2415 mentionem
1057 2347 1162 2410 facere
1184 2346 1264 2429 legis
1280 2347 1506 2430 Semproniae?
1529 2369 1588 2412 nec
1610 2354 1695 2410 toea
1715 2347 1789 2428 ipsa

463 2439 518 2503 lex
545 2453 740 2519 commonet,
771 2447 921 2510 tresviros
949 2445 1021 2508 illos
1043 2462 1130 2505 xxxv
1151 2441 1290 2504 tribuum
1310 2442 1460 2525 suffragio
1483 2449 1604 2506 creatos
1626 2444 1718 2506 essei
1747 2442 1790 2503 Et

426 2555 536 2602 iocum
566 2543 600 2600 tu
626 2557 645 2600 a
667 2540 713 2602 Ti.
737 2539 868 2603 Gracchi
897 2543 1055 2623 aequitate
1077 2557 1114 2603 ao
1135 2536 1256 2620 pudore
1279 2536 1461 2618 longissime
1482 2545 1622 2601 remotus
1644 2538 1704 2612 sis,
1733 2538 1788 2612 id,

463 2630 549 2715 quod
578 2632 787 2697 dissimillima
807 2633 928 2696 ratione
956 2632 1073 2696 iactum
1096 2642 1160 2706 est,
1189 2631 1302 2694 eodem
1322 2632 1391 2694 iure
1413 2638 1513 2715 putas
1527 2653 1597 2696 esse
1618 2637 1788 2716 oporteret

463 2726 548 2791 Xlll.
571 2723 623 2790 32.
644 2727 706 2790 Dat
731 2734 895 2809 praeterea
923 2734 1111 2810 potestatem
1141 2726 1236 2789 verbo
1264 2726 1469 2808 praetoriam,
1498 2747 1533 2790 re
1554 2747 1630 2790 vera
1649 2726 1787 2809 reginm3

464 2817 574 2884 delinit
593 2821 627 2883 in
649 2821 919 2905 quinquennium,
945 2821 1020 2884 lacit
1041 2822 1279 2905 sempiternam:
1308 2819 1403 2883 tantis
1425 2821 1510 2883 eninr
1533 2817 1696 2884 confirmat
1716 2821 1788 2902 opi·

463 2915 522 2978 bus
545 2925 576 2980 et
597 2917 715 3001 copiis,
744 2924 780 2980 ut
801 2917 908 2981 invitis
931 2917 1009 3001 eripi
1032 2914 1236 2978 nullomodo
1257 2913 1369 2996 possit.
1404 2913 1526 2977 Deinde
1549 2921 1640 2977 ornat
1660 2915 1787 2996 appari-

426 3009 602 3085 tetoribus,
635 3009 745 3073 scribis
773 3009 925 3085 librariis,
947 3007 1177 3093 praeconibus,
1198 3006 1394 3082 architectis,
1422 3015 1585 3090 praeterea
1606 3007 1717 3082 mulis,
1739 3015 1787 3070 ta-

462 3102 656 3176 bernaculis,
687 3100 891 3188 [centuriis,]
915 3103 1120 3189 supellectili3
1143 3110 1301 3184 sumptum
1323 3101 1430 3165 haurit
1450 3122 1491 3165 ex
1507 3103 1646 3178 aerario,
1668 3121 1787 3186 suppe-

463 3195 587 3260 ditata
615 3198 727 3272 sociis3
760 3194 900 3262 linitores
931 3219 972 3262 ex
1003 3198 1140 3281 equestri
1174 3195 1243 3257 loco
1273 3197 1424 3259 ducentos
1452 3197 1488 3259 in
1513 3216 1613 3259 annos
1643 3196 1785 3278 singulos

463 3291 629 3372 stipatores
651 3291 793 3373 corporis
816 3293 995 3366 constitnit,
1017 3291 1146 3354 cosdem
1167 3291 1328 3352 ministros
1350 3297 1382 3352 et
1403 3290 1555 3353 satellites
1576 3290 1753 3372 potestatis.

547 3385 690 3447 Formam
719 3385 822 3448 adhuc
849 3385 988 3459 habetis,
1022 3384 1180 3460 Quirites,
1213 3391 1244 3445 et
1269 3384 1406 3466 speciem
1431 3385 1533 3467 ipsam
1562 3392 1786 3466 tyrannorum

407 3499 413 3536 5
426 3477 599 3560 soinsignia
620 3477 734 3541 videtis
756 3479 938 3561 potestatis,
961 3481 1103 3543 nondum
1125 3479 1227 3560 ipsam
1248 3485 1446 3561 potestatem.
1483 3478 1607 3541 Dixerit
1624 3479 1707 3541 enim
1722 3478 1787 3540 ior-

463 3579 546 3634 tasse
561 3573 734 3655 quispiam:
761 3573 863 3649 «Quid
879 3591 929 3635 me
944 3574 1004 3636 isia
1018 3572 1163 3646 laedunt,
1186 3572 1298 3645 scriba,
1321 3571 1421 3645 lictor,
1442 3592 1569 3654 praeco,
1590 3572 1785 3657 pullariustn

464 3664 577 3728 Omnia
603 3674 677 3730 sunt
704 3667 783 3730 baec
811 3667 906 3730 buius
935 3667 1038 3741 modi,
1067 3666 1224 3742 Quirites,
1250 3675 1287 3729 ut
1308 3686 1346 3728 ea
1367 3667 1422 3750 qui
1443 3665 1559 3729 babeat
1580 3667 1649 3730 sine
1671 3667 1787 3729 vestris

463 3759 635 3842 suffragiis,
668 3768 723 3823 aut
754 3780 811 3824 rex
841 3780 906 3824 non
940 3760 1087 3824 serendus
1116 3767 1171 3822 aut
1197 3760 1339 3842 privatus
1366 3760 1505 3824 furiosus
1533 3781 1603 3825 esse
1631 3760 1785 3825 videatur.

527 4091 553 4139 2.
570 4092 747 4139 eccestucrnin
762 4087 952 4152 Pantagathus3
976 4088 1136 4151 menemus
1156 4085 1282 4137 Halmius.
1303 4110 1330 4122 -
1355 4086 1378 4137 3.
1396 4087 1445 4151 topi
1465 4087 1580 4138 metae
1601 4099 1663 4137 cnm
1681 4089 1709 4137 P.
1728 4088 1786 4138 lin-

462 4166 534 4216 nutio
552 4166 579 4214 l..
601 4188 628 4200 -
645 4164 814 4226 praecedet.
834 4163 867 4222 Ἐς
887 4165 922 4212 .Ρ.
941 4164 969 4212 ii.
988 4163 1049 4222 EP3
1070 4162 1163 4224 Populo
1179 4163 1223 4211 ito.
1241 4163 1272 4212 A.
1292 4189 1319 4199 -
1338 4160 1363 4212 i.
1381 4161 1446 4227 curn]
1462 4167 1515 4211 tum
1531 4162 1560 4212 E.
1581 4190 1608 4199 -
1627 4165 1652 4214 5.
1670 4164 1786 4214 neesr-

462 4243 522 4290 dum
537 4245 572 4290 cet
587 4241 654 4300 qued
670 4240 698 4290 E.
714 4265 741 4275 -
759 4239 781 4288 si
798 4251 850 4288 om.
869 4238 952 4289 EFP.
966 4263 994 4272 -
1014 4236 1037 4286 6.
1056 4236 1127 4297 buic,
1144 4238 1185 4286 cui
1200 4241 1267 4286 vetet
1282 4236 1400 4287 intercedi
1415 4236 1569 4288 Turnebus:
1580 4237 1645 4302 ¹iaic
1660 4238 1702 4288 cui
1716 4243 1787 4288 uetat

461 4316 625 4367 intercedendi
641 4314 726 4376 EF&
753 4315 792 4364 bic
807 4314 848 4363 cui
863 4317 930 4363 uetat
945 4312 1110 4362 intercedendi
1120 4315 1156 4370 A3
1173 4313 1226 4372 bic,
1244 4313 1288 4373 qui
1302 4318 1370 4362 uetat
1385 4313 1534 4362 intercedere
1550 4323 1612 4362 cum
1628 4314 1656 4362 P.
1669 4313 1786 4364 neuntio

463 4391 495 4450 1.;
521 4389 592 4450 buic,
611 4389 654 4452 qui
669 4393 736 4439 cetat
751 4388 901 4438 intercedere
919 4388 947 4437 0.
972 4412 999 4421 -
1026 4389 1066 4437 it.
1084 4387 1149 4437 Sunt
1171 4388 1225 4436 EF.
1250 4410 1278 4422 -
1307 4388 1347 4437 to.
1372 4387 1485 4450 auspicio
1505 4387 1655 4445 Essem
1681 4389 1788 4450 otupicii

461 4478 523 4516 cum
547 4463 588 4514 ed.
611 4462 703 4513 Aldina
722 4461 775 4514 bt.
801 4463 878 4527 (iubet
894 4462 1008 4524 numine
1023 4477 1045 4512 c.
1060 4462 1083 4511 d.
1098 4476 1119 4510 c.
1135 4462 1240 4512 labne:
1257 4463 1429 4513 PVLLAAIOS
1443 4463 1563 4513 EODEM
1576 4463 1786 4527 Mommsenins.]

463 4568 489 4577 -
510 4541 549 4591 47.
567 4540 696 4590 habuerim
713 4540 740 4588 E.
762 4566 789 4575 -
807 4539 896 4588 treuiri
911 4539 940 4589 E.
961 4562 988 4574 -
1014 4539 1053 4588 is.
1071 4537 1129 4598 ipse
1144 4537 1186 4587 ten
1201 4537 1234 4587 E:
1259 4538 1301 4587 tec
1316 4539 1372 4600 ipsa
1388 4536 1530 4590 ΜΗΘ.
1544 4560 1572 4572 -
1592 4538 1632 4588 49.
1650 4544 1788 4590 conunouet

460 4617 521 4666 tates
537 4616 604 4680 (telis
615 4615 672 4677 ΡΑ)
684 4614 754 4663 uiros
765 4614 784 4664 E
794 4615 812 4664 F
820 4615 877 4663 PA.
899 4612 1055 4663 Emendavit
1068 4613 1214 4674 Naugerius
1230 4613 1257 4663 in
1270 4612 1313 4662 ed.
1327 4614 1483 4663 Victoriana.
1498 4638 1527 4649 -
1545 4619 1642 4663 mentm
1656 4626 1707 4664 esse
1723 4614 1785 4664 EF:

460 4704 511 4742 esse
526 4695 623 4740 creatos
639 4687 714 4741 Abi.l
725 4690 753 4738 0.
776 4715 802 4725 -
820 4689 861 4738 20.
876 4688 922 4753 Ti}
940 4693 958 4737 t.
977 4688 1032 4737 EF.
1045 4713 1072 4721 -
1091 4688 1132 4737 ii.
1144 4688 1286 4750 factumest
1297 4700 1360 4738 nos:
1377 4688 1471 4750 facturr
1481 4688 1513 4736 sit
1525 4689 1615 4737 ceteri.
1631 4712 1658 4723 -
1676 4688 1719 4738 26.
1732 4702 1788 4739 cen-

460 4765 541 4830 turiis]
555 4764 667 4815 tentoriis
677 4763 831 4823 Turnebus3
849 4764 981 4814 cantheriis
997 4763 1187 4824 Pantagathus;
1208 4764 1359 4814 centunculis
1374 4762 1488 4812 Klotzins
1506 4762 1549 4812 cd.
1562 4761 1621 4822 alt.;
1639 4769 1722 4815 cetero
1738 4766 1789 4818 Us-

461 4843 518 4904 sing
544 4840 638 4905 (praei.
658 4852 684 4902 p.
703 4839 774 4901 Vi.);
800 4840 933 4890 centuriati
950 4839 1152 4893 biomnrsenius;
1177 4838 1309 4888 Corinthiis
1326 4837 1461 4888 Gebhardt
1477 4839 1518 4888 ill.
1543 4850 1570 4902 p.
1589 4836 1604 4887 3
1622 4851 1681 4902 sqq.
1708 4842 1739 4889 C.
1759 4843 1786 4891 F.

460 4918 654 4975 Hermennum‚
683 4917 727 4978 qui
749 4915 873 4967 codicum
896 4914 1037 4965 lectionem
1061 4914 1231 4977 inscriptione
1253 4913 1369 4977 quadem
1392 4913 1535 4963 defendere
1558 4916 1668 4963 conetur
1692 4916 1787 4976 (Philet.

460 4991 610 5042 Schneidew.
628 4990 670 5040 Vl.
688 5004 715 5055 p.
728 4993 808 5054 biiii,
827 5005 878 5055 qua
897 4993 980 5055 impp.
994 4988 1147 5039 Valerianus
1164 4993 1191 5040 et
1208 4988 1339 5040 Gallienus
1357 4987 1457 5037 cohorti
1473 4989 1527 5038 vu.
1546 4990 1679 5038 centurias
1696 5001 1712 5037 a
1730 4988 1789 5038 solo

461 5067 608 5117 restituisse
625 5065 761 5128 dicuntur,
780 5069 837 5131 ipsa
854 5065 934 5116 verbo
953 5080 971 5114 a
987 5065 1037 5114 soto
1054 5064 1153 5114 erroris
1170 5067 1291 5127 arguunt.
1306 5092 1333 5100 -
1352 5065 1393 5113 ii.
1409 5065 1521 5127 finitores
1536 5066 1597 5114 Ant.
1609 5064 1787 5126 Augustinus:

460 5142 579 5191 mutieres
595 5141 733 5194 senii.
762 5143 800 5194 ci.
820 5143 843 5206 ἕ,
863 5142 903 5193 34.
921 5141 962 5191 io.
975 5141 1015 5191 53.
1037 5166 1064 5174 -
1082 5139 1237 5202 singuiomm
1254 5140 1283 5189 E.
1301 5138 1440 5202 (ducentes,
1457 5139 1555 5188 vicenos
1569 5139 1726 5202 unpdmum
1741 5139 1790 5187 sti-

459 5221 560 5279 peteres
576 5217 785 5279 Mommsenins.)
805 5243 831 5253 -
849 5217 890 5266 29.
909 5214 1023 5279 Quirites]
1045 5216 1105 5277 quin
1122 5216 1149 5265 i'.
1173 5241 1201 5249 —
1224 5215 1265 5265 30.
1283 5215 1392 5279 insignia
1409 5215 1498 5264 oeteis
1516 5214 1644 5276 potestatis
1660 5225 1724 5262 cnm
1742 5212 1787 5263 ed.

461 5291 626 5357 ticrvagiane
638 5289 669 5352 t;
686 5291 796 5361 insignio
811 5292 897 5343 videtu
911 5291 1000 5342 ueteris
1006 5291 1136 5353 poustetis
1145 5291 1174 5341 1..
1189 5315 1216 5325 —
1231 5289 1272 5340 3⁴.
1282 5302 1374 5353 praeco
1385 5301 1439 5340 om.
1452 5289 1482 5341 E.
1496 5314 1523 5324 -
1537 5287 1578 5339 33.
1589 5288 1712 5351 secudu
1728 5288 1787 5339 EF.
