4367 6109
655 555 723 620 aa.
745 557 783 621 v.
812 556 885 623 cn.
906 556 1116 623 44.-444.
1141 553 1197 641 ss.
1220 551 1406 622 ios-lsi.
1644 556 1706 624 444

393 724 563 799 simorum,
599 726 804 810 omniumque
835 722 1047 808 llbeginornm
1078 728 1266 792 testimoniis
1299 729 1531 813 multorumque
1562 731 1706 814 equitum

392 819 614 894 Romanorum,
635 820 690 903 qui
711 840 785 883 casu
806 827 873 882 tum
894 821 1059 885 Messanae
1078 820 1217 896 fuerunt,
1240 821 1314 886 dedi
1328 831 1450 888 tantum
1464 824 1569 909 priora
1582 825 1706 890 actione

391 911 533 986 testium,
554 931 605 975 res
626 921 663 976 ut
683 915 802 979 nemini
823 915 919 977 dubia
940 935 1009 978 esso
1030 924 1148 999 posset.
1191 912 1262 981 l59.
1286 917 1369 994 Quid
1391 938 1475 982 nuac
1495 923 1605 1001 434444
1635 941 1707 984 oum

391 1006 453 1070 iam
474 1013 524 1070 tot
542 1006 637 1070 boras
659 1005 698 1069 de
719 1028 783 1070 uno
805 1027 919 1091 genera
940 1027 977 1071 ac
998 1007 1038 1071 de
1059 1009 1150 1072 istius
1171 1011 1290 1074 nefaria
1304 1011 1488 1076 crudelitate
1503 1011 1613 1088 dicam,
1635 1035 1706 1078 cum

390 1119 489 1183 propa
509 1118 635 1162 omnam
656 1102 719 1163 vim
740 1101 907 1165 verborum
928 1101 997 1164 eius
1018 1104 1121 1176 modi,
1151 1124 1232 1187 quae
1260 1106 1379 1169 scelera
1401 1106 1493 1170 istius
1515 1105 1610 1188 digna
1632 1107 1730 1181 sintt

389 1195 458 1257 aliis
479 1193 513 1256 in
531 1194 627 1258 rebus
649 1195 897 1278 consumpserim
912 1210 1016 1278 neque
1033 1195 1093 1257 boc
1108 1196 1307 1278 providerim,
1327 1206 1363 1262 ut
1376 1200 1526 1264 varietate
1541 1201 1707 1265 criminum

389 1307 447 1350 vos
474 1295 611 1352 attentos
638 1296 797 1350 tenerem:
827 1287 1135 1371 quemadmodum
1162 1291 1202 1353 de
1231 1300 1318 1355 tanta
1345 1312 1379 1355 re
1408 1293 1531 1356 dicaml
1574 1294 1706 1377 Opinor,

389 1401 471 1444 unus
500 1381 614 1444 modus
640 1389 735 1465 atque
755 1401 818 1444 una
839 1381 921 1445 ratio
942 1388 1006 1445 est:
1036 1401 1103 1444 rem
1123 1383 1156 1444 in
1186 1385 1291 1447 madio
1312 1404 1445 1468 ponam,
1476 1405 1557 1470 quae
1585 1395 1706 1451 tautum

388 1473 485 1539 babet
504 1477 573 1560 ipsa
594 1475 771 1557 gravitatis,
800 1483 836 1538 ut
857 1490 961 1559 neque
984 1495 1069 1549 mea,
1095 1496 1177 1559 quae
1199 1478 1287 1542 nulla
1308 1488 1370 1553 est,
1391 1500 1496 1563 neque
1518 1481 1706 1565 cuiusquam

390 1567 430 1632 ad
452 1567 695 1634 inflammandos
715 1577 838 1632 vestros
860 1569 981 1631 animos
1004 1569 1187 1652 eloquentia
1201 1573 1387 1655 requiratur.
1420 1567 1491 1635 460.
1514 1573 1631 1637 Gavius
1644 1575 1743 1649 hiato

390 1682 485 1746 quem
506 1663 593 1739 dico,
623 1662 800 1737 Consanus,
828 1683 899 1725 oum
920 1663 954 1725 in
974 1662 1030 1726 illo
1058 1683 1191 1727 numero
1212 1665 1330 1728 civium
1349 1667 1562 1729 aomanorum
1583 1668 1623 1730 ab
1644 1669 1705 1732 isto

389 1756 422 1818 in
443 1756 550 1819 rinola
570 1755 732 1819 coniectus
754 1762 838 1818 esset
859 1763 892 1818 et
912 1757 1019 1820 neaoio
1042 1776 1105 1839 qua
1126 1758 1248 1822 ratione
1274 1760 1356 1822 clam
1378 1759 1578 1840 e·=lautumiis
1598 1761 1707 1843 protu-

389 1849 487 1931 gisset
514 1851 753 1931 Messanamque
782 1849 934 1924 venisset,
969 1851 1024 1933 qui
1051 1858 1115 1913 tam
1144 1871 1243 1934 prope
1275 1853 1338 1916 iarn
1373 1852 1495 1916 ltaliam
1523 1860 1555 1916 ot
1582 1856 1707 1918 moenia

387 1941 603 2026 Rheginomm
622 1941 744 2004 rideret
764 1949 796 2004 et
817 1941 933 2004 exilio
955 1950 1039 2006 metu
1061 1946 1170 2008 mortis
1191 1965 1228 2009 ac
1249 1945 1398 2021 tenebris,
1420 1947 1509 2029 qnasi
1525 1946 1595 2008 luce
1610 1947 1707 2010 liber·

389 2035 462 2098 tatis
484 2042 517 2099 et
537 2034 635 2099 odora
656 2033 763 2117 aliquo
778 2034 883 2117 legum
898 2044 1067 2110 recreatus,
1087 2037 1265 2111 revixisset,
1287 2038 1376 2122 loqui
1390 2041 1554 2103 Messanae
1569 2047 1601 2103 et
1614 2041 1743 2125 querito

388 2129 494 2212 coepit
523 2148 557 2193 sa
584 2129 683 2192 civem
713 2128 888 2190 Romanum
921 2127 955 2191 in
983 2129 1086 2192 vincla
1118 2130 1311 2206 coniectum,
1347 2132 1407 2195 sibi
1436 2140 1521 2197 recta
1548 2134 1609 2198 iter
1635 2156 1705 2200 esse

386 2222 536 2299 Romam,
565 2223 655 2285 Verri
681 2241 716 2285 44
745 2227 871 2304 praesto
898 2220 1079 2285 advenienti
1099 2222 1249 2286 futurum.
1291 2225 1387 2287 LXII.
1414 2227 1485 2289 Non
1511 2227 1706 2313 intelligebat

388 2315 483 2379 miser
503 2315 583 2379 nibil
603 2316 774 2389 interesse,
796 2323 902 2378 utrum
922 2315 1002 2379 baec
1022 2317 1186 2380 Messanae
1208 2337 1248 2381 an
1270 2316 1355 2400 apud
1375 2318 1471 2383 istum
1491 2321 1525 2384 in
1545 2324 1704 2406 praetorio

387 2407 578 2492 loqueretur.
621 2411 717 2484 Nam,
745 2415 782 2472 ut
802 2416 896 2472 antea
917 2429 973 2472 vos
995 2409 1109 2486 docui,
1137 2409 1220 2474 banc
1241 2411 1303 2475 sibi
1323 2412 1384 2475 iste
1404 2413 1515 2478 urbem
1536 2414 1705 2499 delegerat,

387 2520 483 2585 quam
510 2501 642 2566 baberet
668 2504 854 2567 adiutricem
881 2503 1051 2579 scelerum,
1082 2503 1239 2568 furtorum
1266 2506 1484 2588 receptricem,
1513 2509 1742 2592 flagitiorumao

388 2596 528 2658 omnium
550 2597 717 2660 consciam.
750 2598 859 2680 Itaque
882 2596 921 2660 ad
943 2599 1157 2680 magistratum
1171 2599 1390 2661 Mamertinum
1412 2601 1516 2663 statim
1537 2601 1705 2667 deducitur

387 2688 505 2753 Gavius
526 2709 630 2774 eoque
651 2691 721 2773 ipso
742 2690 794 2754 die
816 2710 891 2753 casu
905 2691 1080 2753 Messanam
1102 2692 1215 2754 Verres
1236 2693 1332 2755 venit.
1364 2694 1425 2757 lies
1446 2695 1486 2757 ad
1508 2715 1581 2759 eum
1602 2696 1705 2760 deter-

387 2787 455 2844 tur:
477 2801 547 2845 essa
569 2783 668 2847 civem
685 2785 870 2858 Romanum,
892 2784 948 2867 qui
970 2804 1004 2847 se
1018 2785 1184 2867 Syracusis
1204 2785 1238 2847 in
1259 2786 1420 2850 lautumiis
1440 2787 1539 2852 fuisse
1556 2810 1703 2875 querere-

386 2880 454 2951 tur;
477 2896 582 2959 quem,
602 2877 666 2940 iam
689 2877 916 2960 ingredientem
937 2878 971 2941 in
993 2894 1105 2942 navem
1127 2887 1157 2943 et
1171 2880 1260 2943 Verri
1283 2879 1377 2942 nimis
1398 2880 1547 2946 atrociter
1559 2884 1704 2946 minitan-

386 2977 466 3044 tem,
487 2989 507 3032 a
527 2991 563 3034 se
583 2978 752 3035 retractum
776 2990 847 3034 esse
868 2978 901 3033 et
920 2980 1130 3046 asservatum,
1152 2979 1188 3035 ut
1207 2973 1276 3055 ipse
1296 2973 1331 3035 in
1352 2993 1424 3037 eum
1445 2982 1596 3040 statueret
1615 2978 1740 3060 quadan

384 3063 552 3127 videretur
588 3058 660 3128 464.
681 3066 755 3149 Agit
775 3064 956 3128 bominibus
977 3066 1094 3148 gratias
1116 3074 1279 3130 eteorum
1299 3067 1551 3131 benevolentiam
1572 3089 1646 3152 erga
1667 3092 1702 3135 se

385 3157 644 3242 diligentiamque
673 3157 845 3222 collaudat:
873 3159 941 3241 ipse
971 3159 1181 3222 inflammatus
1209 3160 1328 3224 scelere
1357 3168 1390 3224 et
1416 3159 1522 3227 lurore
1544 3165 1576 3227 in
1597 3164 1702 3229 forum

384 3253 481 3315 venit.
523 3251 685 3316 Ardebant
706 3250 807 3315 oculi:
838 3259 906 3315 toto
928 3272 968 3315 ex
989 3273 1044 3316 ore
1070 3251 1241 3316 crudelitas
1263 3254 1429 3317 eminebat.
1470 3255 1703 3339 Exspectabant

385 3364 506 3421 omnes,
529 3364 593 3429 quo
616 3345 742 3409 taudem
757 3365 981 3428 progressurus
996 3355 1050 3410 aut
1064 3345 1216 3428 quidnam
1230 3356 1357 3411 acturus
1371 3356 1465 3424 esset,
1486 3369 1557 3414 cum
1571 3359 1702 3435 repente

383 3435 545 3503 bominem
566 3439 687 3522 proripi
708 3446 805 3522 atque
827 3439 859 3501 in
880 3438 949 3503 foro
971 3438 1077 3503 medio
1099 3439 1211 3503 nudari
1231 3460 1269 3504 ac
1290 3439 1420 3524 deligari
1442 3445 1590 3528 stringas
1605 3463 1741 3529 expe-oo

384 3529 446 3594 diri
470 3533 566 3596 iubet.
611 3532 772 3596 Clamabat
798 3532 851 3596 ille
881 3534 976 3596 miser
1002 3553 1036 3597 se
1065 3531 1167 3596 civem
1195 3553 1265 3597 essa
1293 3535 1483 3612 Romanum,
1511 3539 1701 3622 municipem

385 3621 578 3688 Consanum:
600 3627 753 3690 meruisse
775 3646 845 3689 cum
867 3627 902 3690 L.
923 3627 1042 3701 Precio,
1064 3625 1320 3710 splendidissimo
1341 3630 1447 3712 equite
1467 3631 1625 3707 Romano,
1647 3632 1701 3716 qui

433 3830 459 3881 4.
476 3831 672 3895 commeasti.
686 3831 828 3882 testimoniis
838 3829 875 3883 443
886 3831 955 3896 4349
966 3845 972 3881 :
985 3830 1335 3894 ustimooibmnsiomqaeil.
1348 3830 1413 3883 dett.
1426 3833 1456 3884 0.
1469 3832 1507 3884 ci.
1520 3834 1607 3886 liadv.
1620 3848 1647 3900 p.
1659 3837 1700 3888 48.

382 3899 743 3968 44434444444444444444444.)
764 3905 1267 3971 -4.444444444.444444444444444.
1288 3935 1315 3945 -
1334 3906 1572 3959 emitti:
1594 3911 1704 3962 44444444-

381 3976 454 4027 44444
470 3977 535 4030 dett.
554 4006 583 4017 -
601 3979 741 4042 4444444444
757 3981 777 4030 44
795 3979 827 4030 64
848 3980 957 4043 43449ς
976 3994 1030 4031 om.
1049 3982 1086 4032 64
1103 3981 1150 4032 Ld.
1170 4008 1198 4018 -
1217 3983 1242 4033 4.
1259 3983 1309 4033 rint
1324 3983 1360 4034 443
1377 3981 1394 4034 λ
1410 3984 1491 4049 ngas:
1515 3988 1573 4034 4444
1588 3984 1653 4037 dett.
1672 4012 1700 4022 -

383 4050 407 4102 6.
426 4050 779 4119 44444444444444444414.
799 4080 826 4090 -
845 4053 890 4104 boc
912 4055 1061 4119 om.1.g29.
1082 4083 1109 4092 —
1128 4056 1329 4109 4434444444.
1348 4058 1701 4124 -8.eoatsaoltpr.m.;

383 4131 506 4188 94444444
521 4129 577 4180 444.
588 4143 625 4181 m.
637 4132 665 4181 et
676 4129 721 4180 63.
736 4155 763 4164 -
783 4129 823 4179 44.
836 4129 892 4179 dico
903 4129 1039 4195 64444444]
1056 4131 1241 4191 cessassem
1260 4131 1498 4191 dioecesanae&
1516 4133 1705 4186 4440444444

382 4201 430 4251 64.
449 4201 570 4266 (domm
586 4205 664 4270 4349,
682 4204 804 4256 64444444
820 4203 886 4266 rell.)
900 4230 927 4240 -
946 4204 973 4254 44
989 4204 1031 4254 illo
1047 4201 1158 4256 lllGi:
1176 4205 1218 4255 4444
1234 4206 1261 4255 is
1276 4204 1358 4269 4345ς
1376 4207 1404 4255 is
1419 4217 1474 4256 om.
1491 4204 1548 4258 rell.
1568 4235 1596 4246 -
1615 4210 1705 4260 444444-

380 4289 474 4328 noram
489 4291 544 4331 om.
556 4278 622 4332 dett.
637 4306 664 4317 -
684 4279 724 4330 44.
741 4276 941 4338 4444444464,
960 4279 1079 4343 64433.;
1097 4279 1198 4330 4444444
1214 4281 1251 4330 64
1267 4281 1336 4344 4349
1348 4278 1379 4331 44
1396 4281 1494 4331 0.-4
1510 4293 1563 4332 om.
1581 4283 1702 4347 4349.-

380 4351 484 4415 iusim
498 4353 580 4407 idem.
594 4380 622 4390 -
643 4354 682 4406 43.
701 4359 754 4404 tom
769 4366 824 4404 om.
842 4352 906 4404 dett.
925 4354 954 4403 0.
970 4379 997 4389 -
1010 4354 1063 4402 4444
1079 4366 1133 4404 om.
1151 4355 1188 4404 64
1204 4354 1251 4405 444.
1266 4381 1294 4392 -
1307 4352 1347 4405 44.
1364 4355 1515 4419 Regium
1530 4358 1608 4420 4433.
1627 4371 1704 4422 pras·

382 4427 425 4477 ter
443 4425 490 4489 l2;
515 4443 651 4494 4434444444
671 4430 763 4480 4444444
782 4441 945 4480 ceconomo
966 4427 1037 4492 (nam
1058 4428 1084 4477 in
1106 4430 1126 4479 44
1148 4441 1256 4493 semper
1278 4429 1364 4493 4443444
1385 4428 1532 4493 scribitur);
1557 4432 1704 4496 4444444444

382 4498 523 4564 (uuam
539 4504 583 4568 64)
601 4504 692 4555 4444444
708 4504 778 4555 Rom.
797 4503 843 4554 63.
857 4530 883 4541 -
898 4508 921 4554 44
937 4502 978 4567 aa]
996 4507 1020 4554 44
1035 4515 1089 4554 om.
1108 4502 1154 4553 443.
1169 4530 1196 4541 -
1210 4505 1251 4554 ib.
1269 4505 1391 4568 4444444444
1407 4507 1439 4565 44;
1457 4505 1596 4570 4444444444
1612 4507 1658 4559 63.
1671 4533 1699 4544 -

381 4576 462 4639 eoepit
480 4583 505 4629 44
524 4580 595 4642 quoi
618 4578 683 4631 dett.
701 4580 730 4630 0.
751 4604 779 4614 -
804 4577 845 4628 io.
862 4578 940 4628 444444
960 4578 1003 4628 lio.
1027 4588 1081 4626 om.
1100 4577 1179 4641 4433.
1203 4579 1310 4642 praeter
1330 4577 1371 4628 44.
1396 4604 1421 4617 -
1448 4580 1476 4629 is
1490 4580 1573 4630 444444
1588 4582 1622 4643 44,
1645 4579 1700 4633 alii:

380 4649 410 4700 44
425 4651 527 4704 meato
540 4655 611 4719 4349
622 4655 651 4705 0.
665 4654 841 4704 -4444444444
857 4652 922 4704 4438
939 4653 1043 4714 44433.
1061 4650 1190 4715 (coimus
1201 4652 1244 4713 lii:
1262 4663 1312 4701 4444
1327 4652 1391 4702 cosi.
1409 4653 1479 4717 4349
1489 4652 1518 4703 0.
1532 4681 1561 4693 -
1574 4655 1615 4705 id.
1627 4656 1702 4707 4444444

382 4724 420 4776 443
437 4727 520 4792 4349;
537 4729 620 4792 4344444
636 4729 700 4781 dett.
719 4730 749 4780 0.
769 4755 797 4766 -
815 4726 856 4779 44.
874 4731 932 4777 uoto
948 4726 1012 4778 dett.
1031 4726 1060 4776 0.
1076 4751 1104 4763 ·-
1121 4727 1163 4778 40.
1179 4726 1324 4790 (marom
1339 4727 1369 4777 44.
1383 4753 1411 4764 -
1423 4728 1465 4778 44.
1482 4728 1607 4779 consciam
1622 4727 1698 4780 nat:

381 4799 477 4851 444444
492 4801 557 4855 aec.
575 4805 605 4856 o.
626 4832 653 4842 -
671 4802 763 4867 44444]
780 4807 855 4866 upa
871 4801 949 4865 4344.
968 4826 997 4838 -
1015 4801 1056 4852 aa.
1076 4779 1178 4866 44444]
1194 4801 1299 4865 paveo
1313 4802 1343 4852 4.
1357 4826 1385 4838 -
1401 4802 1469 4852 osne
1485 4802 1573 4853 rma
1587 4802 1655 4867 agia
1671 4806 1699 4857 4

382 4874 456 4925 Serv.
469 4875 503 4928 ad
513 4880 580 4930 Aen.
597 4881 617 4930 1.
635 4880 700 4930 4.-
712 4878 822 4941 refertur
837 4877 915 4940 lagg.
929 4901 956 4912 -
970 4876 1011 4927 43.
1029 4889 1055 4927 aa
1067 4875 1158 4937 84444.
1175 4876 1203 4926 io
1218 4875 1444 4938 malamina
1459 4877 1505 4928 443.
1524 4878 1660 4941 (4444444444
1673 4893 1700 4930 as

382 4947 438 5013 63.)
458 4977 487 4990 ·-
504 4951 546 5005 44.
563 4955 696 5005 44444444
712 4952 763 5005 aa:
781 4949 955 5012 444444444ς
972 4964 1061 5003 ucoca
1077 4949 1142 5002 dett
1160 4951 1230 5001 0.-
1248 4951 1290 5002 44.
1307 4951 1458 5003 adram.
1476 4952 1523 5004 443.
1549 4953 1615 5004 llinc
1631 4953 1700 5004 4444

380 5028 443 5075 retr.
462 5029 529 5080 coni.
553 5027 639 5081 Halm.
659 5056 687 5066 -
706 5029 804 5080 444444.
822 5029 852 5080 44.
872 5053 899 5066 ·-
918 5027 960 5078 46.
978 5031 1001 5076 st
1015 5027 1100 5090 soram
1115 5027 1144 5076 44.
1164 5052 1192 5061 -
1210 5039 1273 5091 4434
1288 5038 1314 5077 as
1329 5025 1383 5077 444.
1401 5025 1466 5077 (4444.
1484 5026 1514 5080 0.
1534 5054 1562 5065 -
1579 5028 1620 5079 44.
1637 5042 1699 5079 444-

380 5099 471 5153 4444444
485 5104 515 5156 44.
530 5130 558 5140 -
570 5118 601 5156 ac
615 5105 703 5170 [444444
718 5103 796 5168 4349.
811 5129 840 5139 -
851 5103 892 5154 44.
912 5100 1033 5152 4444444444
1049 5098 1139 5162 eodo..
1157 5101 1245 5161 Quint.
1262 5101 1306 5153 lL
1317 5101 1343 5163 4,
1354 5099 1396 5152 40.
1414 5099 1478 5153 Gall.
1494 5102 1526 5154 Χ.
1544 5102 1568 5153 a.
1587 5115 1621 5155 ex
1631 5105 1698 5169 opit.

380 5173 475 5228 codd:
496 5177 619 5230 4444444444
634 5180 666 5231 4.
684 5206 712 5216 -
730 5178 771 5228 49.
788 5177 897 5228 44444444
913 5175 958 5228 63.
977 5201 1006 5213 -
1025 5175 1084 5240 ouo]
1105 5175 1149 5239 qai
1164 5175 1241 5240 4349.
1261 5203 1289 5214 -
1307 5175 1348 5227 30.
1365 5175 1489 5226 (44444444
1507 5175 1587 5227 idem.
1608 5203 1635 5212 -
1654 5177 1696 5229 34.

379 5250 539 5306 mmor
552 5255 632 5321 4433.
649 5253 757 5322 praeter
771 5252 814 5317 49,
832 5253 863 5305 0.
877 5275 905 5290 -
917 5251 1002 5304 ereio
1017 5250 1102 5316 Lgti:
1118 5251 1186 5303 mio
1201 5251 1266 5303 ltili
1280 5251 1311 5314 4;
1327 5251 1403 5304 rectio
1420 5251 1470 5310 64;
1485 5249 1567 5302 noo
1583 5249 1648 5303 dett.
1665 5251 1696 5304 0.

422 5341 594 5395 amona
1439 5338 1484 5415 28
