4367 6109
459 584 523 651 bOO
853 582 1005 650 oacrio
1026 585 1106 652 PllO
1128 584 1166 651 Δ.
1189 584 1390 653 caussato

459 761 522 824 lius
543 756 650 822 Habiti
670 754 782 818 merito
803 753 895 830 iecit,
920 774 1026 840 neque
1046 755 1100 819 bic
1120 757 1154 820 iu
1176 762 1365 821 mancuso
1384 689 1541 820 acinco
1563 746 1744 823 meat-it,
1762 747 1803 812 id·

460 874 524 937 que
551 856 773 915 testamentum
802 849 841 912 ab
869 850 965 914 buius
992 851 1121 915 inimico
1143 850 1320 935 Oppianico
1341 858 1391 915 cst
1410 849 1643 934 obsianam·
1682 842 1802 909 «Florio

460 947 598 1031 legatum
619 963 661 1007 ex
680 951 871 1008 testamento
893 940 1060 1008 infitiatum
1081 963 1182 1008 csse.»
1216 946 1287 1007 Non
1308 951 1358 1008 est
1377 946 1438 1020 ita;
1460 943 1521 1007 sed
1545 960 1629 1005 cum
1654 936 1722 1003 HS
1743 956 1801 1001 m

460 1040 574 1122 scripta
595 1046 702 1101 esseut
720 1056 779 1122 pro
801 1038 862 1103 HS
884 1056 958 1114 ccc,
979 1057 1083 1122 neque
1105 1038 1135 1101 ei
1158 1044 1283 1101 cautum
1302 1037 1378 1101 setis
1392 1037 1581 1111 videretur,
1607 1030 1721 1098 voluit
1735 1050 1799 1095 eun

436 1131 579 1216 saliquid
607 1139 772 1215 occeptum
797 1132 914 1197 referre
941 1132 1119 1196 liberalitati
1149 1150 1236 1196 suae.
1272 1133 1374 1195 Primo
1396 1131 1515 1197 debere
1539 1126 1703 1212 negavit:
1732 1132 1800 1208 pest

459 1230 529 1293 sine
555 1226 770 1290 controversia
796 1226 900 1290 solvit.
937 1226 1023 1290 «Ceii
1051 1227 1217 1291 cuiusdam
1245 1225 1394 1290 Samnitis
1415 1245 1554 1290 uxorem
1577 1227 1661 1308 post
1681 1218 1798 1283 bellun

457 1324 499 1387 ab
519 1322 580 1385 boc
601 1338 673 1383 esse
692 1320 889 1402 repetitam.»
931 1320 1096 1385 Mulierem
1117 1340 1190 1383 eum
1211 1321 1341 1385 emisset
1361 1341 1380 1385 a
1401 1320 1604 1394 sectoribus,
1628 1334 1702 1398 quo
1723 1323 1798 1379 ten-

458 1432 628 1500 perseam
650 1413 785 1495 primum
807 1412 939 1476 liberam
961 1433 1031 1477 esse
1052 1412 1176 1478 audivit
1197 1414 1267 1478 sine
1288 1413 1406 1477 iudicio
1428 1413 1572 1478 reddidit
1597 1409 1696 1474 Ceio.
1728 1403 1797 1471 isa

459 1509 615 1573 «Ennium
643 1524 714 1570 csse
742 1507 915 1591 quendem,
947 1507 1039 1572 cuius
1065 1509 1151 1571 bone
1177 1514 1285 1571 teneat
1311 1508 1474 1572 flacitus.»
1507 1509 1569 1571 Est
1589 1505 1653 1570 bic
1674 1504 1797 1568 Enniam

419 1620 554 1687 megene
575 1600 705 1686 quidam
732 1599 955 1675 calumniator,
979 1603 1216 1665 mercennarius
1238 1601 1422 1685 Oppianici,
1452 1602 1509 1686 qui
1532 1596 1724 1685 permultos
1742 1614 1798 1661 an-

456 1716 516 1761 nos
544 1694 683 1779 quieuitr
711 1692 828 1757 deinde
853 1694 1027 1779 aliquando
1054 1716 1126 1760 cum
1148 1696 1247 1760 servis
1267 1694 1376 1759 llabiti
1396 1695 1473 1760 furti
1493 1695 1579 1778 egit:
1617 1710 1732 1774 nuper
1758 1689 1797 1753 ab

456 1792 526 1875 ipso
548 1789 665 1853 llabito
687 1794 797 1871 patere
817 1788 933 1870 coepit.
966 1788 1025 1851 llic
1046 1789 1103 1852 illo
1124 1790 1246 1872 privato
1269 1790 1404 1866 iudicio,
1433 1789 1511 1854 mibi
1530 1788 1682 1862 credite,
1704 1783 1796 1849 vob'u

455 1885 558 1950 isdem
578 1883 713 1946 famame
732 1881 896 1964 patronis,
918 1881 1108 1946 calumniam
1129 1902 1195 1945 non
1209 1883 1348 1966 effugiet.
1379 1885 1485 1968 Atque
1499 1883 1622 1956 eiiam,
1644 1886 1684 1945 ut
1700 1878 1796 1943 nobis

455 1979 669 2049 renuntiatio,
696 1974 856 2038 bominem
882 1975 1054 2039 multorum
1075 1975 1251 2060 hospitem,
1279 1977 1457 2041 Ambivium
1479 1975 1668 2061 quendam,
1698 1992 1796 2059 copo·

417 2085 529 2137 renem
557 2070 598 2135 de
626 2070 677 2133 via
704 2068 833 2143 Latina,
860 2069 1057 2145 sabomatis,
1087 2070 1144 2154 qui
1171 2070 1231 2132 sibi
1257 2090 1277 2134 a
1299 2070 1445 2135 Cluentio
1466 2070 1641 2154 servisque
1664 2069 1741 2134 eius
1761 2068 1793 2131 ia

455 2167 585 2231 taberna
606 2182 663 2227 sua
684 2180 796 2226 manus
818 2162 928 2226 allatas
949 2182 1019 2226 esse
1041 2163 1135 2227 dicat.
1172 2164 1243 2239 Quo
1266 2163 1307 2228 de
1327 2164 1455 2229 bomine
1476 2164 1558 2228 nibil
1576 2163 1684 2227 ctiam
1708 2178 1793 2225 nunc

454 2260 561 2325 dicere
590 2258 681 2322 uobis
711 2263 761 2320 est
787 2276 927 2321 necesse.
971 2258 1005 2320 Si
1027 2256 1225 2332 invitaverit,
1255 2258 1289 2321 id
1311 2258 1397 2342 quod
1420 2258 1521 2333 solet,
1549 2257 1599 2321 sic
1620 2256 1792 2321 hminem

453 2355 659 2439 accipiemus,
679 2358 717 2416 ut
737 2351 870 2416 moleste
891 2350 973 2415 terat
992 2369 1026 2414 se
1048 2350 1088 2411 de
1103 2350 1156 2414 rie
1170 2351 1355 2415 decessisse.
1389 2348 1461 2414 tol.
1476 2350 1631 2426 Habetis,
1654 2349 1792 2424 iudices,

454 2469 536 2534 quae
560 2450 594 2512 iu
614 2455 712 2512 totam
728 2466 855 2511 causam
870 2444 911 2509 de
930 2445 1072 2509 moribus
1086 2446 1123 2508 A.
1139 2444 1293 2521 Cluentii,
1313 2465 1410 2529 quem
1430 2445 1478 2508 illi
1498 2444 1705 2509 invidiosum
1721 2461 1790 2507 carc

416 2558 543 2609 sorsum
564 2543 694 2617 volunt,
723 2561 824 2605 annos
850 2547 921 2604 octo
942 2538 1086 2603 meditati
1107 2546 1306 2603 accusatores
1328 2538 1532 2621 collegerunt.
1568 2538 1682 2614 Quem
1705 2537 1790 2602 levia

453 2656 570 2721 genere
598 2636 688 2720 ipsol
717 2654 812 2721 quem
838 2633 919 2699 salsa
947 2633 1000 2696 rel
1034 2651 1131 2717 qoam
1157 2633 1265 2696 brevia
1287 2632 1461 2715 responsul
1496 2632 1565 2696 Lx,
1588 2631 1787 2716 Cognoscite

452 2730 612 2806 nuncid,
643 2731 728 2814 quod
757 2729 797 2792 ad
826 2737 966 2792 vestrum
995 2726 1235 2790 iusiurandum
1256 2726 1407 2809 pertinet,
1440 2724 1526 2810 quod
1549 2727 1653 2791 vestm
1674 2722 1785 2791 iudicii

452 2834 517 2900 est,
540 2823 626 2910 quod
648 2825 738 2889 robis
758 2823 865 2886 oneris
886 2822 1035 2907 imposuit
1055 2841 1093 2885 ea
1114 2821 1184 2896 lex,
1210 2839 1273 2905 qus
1293 2820 1394 2884 coacti
1414 2820 1477 2883 buc
1497 2818 1724 2893 convenistis,
1745 2816 1784 2883 de

451 2919 635 2984 criminibus
656 2917 791 2981 veneni:
811 2923 848 2980 ut
868 2935 979 2979 omnes
1000 2916 1195 3000 intelligant,
1218 2932 1315 2998 quam
1336 2915 1449 2997 paucis
1465 2915 1570 2978 verbis
1585 2914 1671 2979 baec
1685 2933 1783 2979 caasa

414 3013 591 3097 asperorum
611 3012 752 3096 potuerit
772 3018 805 3075 et
826 3028 921 3094 quam
943 3010 1040 3074 multa
1059 3029 1080 3073 e
1100 3004 1151 3072 me
1173 3009 1257 3072 dicta
1280 3009 1358 3083 sint,
1381 3028 1463 3094 quae
1484 3009 1524 3073 ed
1546 3009 1646 3074 buius
1668 3008 1783 3074 vola!-

451 3114 547 3171 tatem
568 3105 722 3180 maxime,
744 3102 945 3167 silvestrum
968 3103 1119 3166 iudicium
1144 3103 1274 3166 minime
1296 3103 1500 3185 pertinerent.

536 3195 607 3261 ⁴65.
630 3198 796 3262 Obiectum
818 3205 880 3272 est,
903 3197 938 3259 C.
958 3197 1084 3261 Vibium
1107 3196 1260 3280 Capacem
1281 3196 1321 3260 ab
1341 3196 1404 3260 boc
1424 3197 1460 3259 Α.
1470 3195 1627 3260 'Cluentio
1650 3214 1778 3261 veneno

451 3314 522 3357 esse
543 3292 713 3356 sublatum.
748 3290 936 3374 Opportune
956 3290 1047 3354 adest
1066 3291 1161 3354 bomo
1183 3310 1306 3354 summa
1326 3286 1388 3353 lide
1402 3296 1434 3353 et
1448 3289 1534 3353 omui
1549 3290 1667 3353 virtute
1690 3308 1781 3373 pree·

452 3387 553 3460 ditus,
582 3387 617 3448 L.
640 3385 830 3458 Plaetorius,
858 3392 1001 3458 senator,
1030 3385 1087 3467 qui
1113 3384 1199 3448 illius
1220 3384 1304 3448 Vibii
1325 3384 1442 3467 hospes
1462 3382 1524 3447 luit
1544 3390 1578 3447 ct
1597 3382 1780 3449 faniliuis.

413 3480 544 3563 eodpud
564 3479 651 3544 bunc
671 3479 727 3542 ille
748 3481 865 3542 Itomae
885 3477 1053 3551 habitavit,
1074 3479 1159 3561 apud
1179 3477 1263 3542 bunc
1284 3477 1469 3561 aegrotarit,
1498 3477 1595 3540 buius
1618 3477 1713 3541 domi
1733 3485 1781 3541 est

450 3580 602 3637 morosus.
637 3570 711 3660 [ebt
730 3573 823 3636 beree
845 3579 894 3636 est
908 3568 1114 3653 Cluentium]
1148 3572 1333 3636 latestatum
1347 3571 1418 3634 dico
1439 3589 1510 3634 esse
1523 3576 1689 3635 norman
1704 3590 1781 3654 pos·

449 3667 689 3750 sessionemque
711 3667 780 3730 eius
801 3667 957 3730 bonorum
978 3685 1019 3728 ex
1042 3665 1144 3730 edicto
1164 3667 1317 3749 praetoris
1337 3665 1427 3739 buic,
1448 3664 1535 3728 illios
1557 3664 1680 3729 sororis
1703 3662 1780 3741 filio,

449 3758 642 3824 adolescenti
670 3759 904 3842 pudentissimo
934 3766 967 3823 et
993 3759 1028 3821 in
1056 3761 1166 3842 primis
1186 3759 1338 3837 honesto,
1365 3760 1464 3845 equiti
1492 3760 1636 3825 Romano
1657 3758 1779 3839 (letam

447 3854 599 3918 Numerio
622 3853 785 3929 Cluentio,
806 3874 901 3937 quem
922 3852 1048 3917 videtis.

410 3966 439 4012 ss
533 3944 604 4011 ldb.
625 3946 769 4010 Alterum
788 3944 933 4012 veneficii
947 3948 1082 4022 cumen,
1106 3945 1281 4032 Oppianico
1295 3947 1370 4011 huic
1384 3947 1593 4022 adolescenti,
1615 3968 1693 4013 cun
1708 3949 1777 4013 cies

447 4041 481 4104 in
501 4041 619 4125 nuptiis
640 4060 729 4104 more
750 4041 946 4104 Larinatium
967 4039 1137 4104 multitudo
1152 4041 1317 4106 bominum
1331 4040 1513 4125 pranderet,
1533 4060 1698 4105 venenum
1711 4043 1779 4107 lla·

445 4134 504 4197 biti
531 4134 664 4198 consilio
693 4143 852 4217 paratum:
882 4133 915 4197 id
941 4154 1013 4198 cum
1040 4134 1168 4199 daretur
1197 4135 1230 4198 in
1251 4135 1371 4209 mulso,
1399 4134 1576 4199 Balbutium
1598 4136 1777 4219 quendam,

510 4385 740 4436 2.FlcroST.-
759 4383 1147 4449 l.CCClXXXll.-caaiam
1162 4385 1684 4441 masmscascaaimnsbto-
1703 4389 1777 4440 tili-

444 4460 664 4512 semmam·
683 4458 868 4514 accussat:
887 4459 1106 4520 cuminam
1125 4460 1324 4511 debcrcssbe·
1343 4461 1493 4511 Occisi:
1512 4461 1775 4525 aestimentiam

444 4533 1165 4594 cedat;cmla0.-7.assc:aensio.-
1188 4535 1546 4587 arcadas-ceiam:
1572 4535 1776 4596 Ceiolhwa

443 4610 506 4669 Al.;
525 4608 605 4660 Coelio
621 4607 655 4669 Ως
677 4609 760 4660 Oaciio
775 4611 804 4661 0.
825 4635 853 4647 -
873 4611 913 4661 ⁴0.
931 4612 1117 4661 merccawius
1132 4612 1160 4673 S,
1177 4624 1241 4662 uc.
1259 4612 1285 4662 in
1302 4624 1355 4674 mg.
1374 4609 1405 4664 i:
1423 4611 1593 4662 mmm
1608 4612 1704 4664 ceteri.
1731 4614 1773 4665 ct.

443 4683 706 4751 processionali&
721 4710 748 4719 -
767 4686 897 4735 llaemis
913 4687 970 4736 ST:
988 4681 1211 4736 mollitio.
1226 4712 1253 4722 -
1270 4686 1367 4750 wiron
1384 4688 1438 4738 ST.
1454 4712 1481 4724 -
1502 4686 1543 4737 ii.
1560 4685 1629 4736 cobis
1644 4687 1770 4740 STFH:

441 4755 677 4812 masania·
696 4757 1089 4823 ltiorpieeasrzmspmm
1105 4757 1315 4812 fulcio·
1334 4761 1473 4811 Ambivium
1489 4759 1772 4821 Ttddlivirsassffl

441 4834 471 4886 Δ.
489 4834 603 4885 Brivium
618 4833 679 4892 rm
697 4832 855 4884 dliiaaiam
871 4832 954 4885 cio.
974 4859 1001 4872 -
1019 4848 1158 4898 cauponem
1174 4836 1202 4886 L.
1223 4860 1250 4871 -
1270 4834 1310 4885 49.
1328 4848 1432 4886 caraem
1448 4836 1506 4885 ST:
1523 4834 1602 4885 citata
1617 4833 1772 4890 uasto.

445 4935 472 4947 -
491 4906 1774 4973 commulnem.—amrmnmlasas'rtrermceimamcltlbio.-fli.rs·

441 4996 530 5047 sponso
545 4985 604 5043 S‘l';
620 4985 837 5046 responsam-
855 4986 897 5035 27.
916 4985 942 5035 C.
956 4986 1075 5035 0m‚ST.
1091 5011 1119 5021 -
1138 4985 1310 5047 Cappadocem
1325 4985 1383 5044 sm
1402 4985 1544 5047 Campam
1559 4985 1632 5034 Α.-
1650 4984 1695 5035 20.
1711 4998 1773 5048 pre·

442 5058 598 5118 wriasST3
620 5058 785 5110 sauma.
806 5085 832 5095 -
855 5059 917 5110 Vibii
936 5059 1082 5124 (aibi)S'l':
1106 5059 1200 5122 Capaci
1222 5059 1284 5118 Fon
1307 5059 1482 5122 eneconem
1505 5055 1718 5122 escambio.
1739 5086 1769 5098 -·

442 5131 483 5182 3⁴.
501 5132 590 5183 Verba
610 5133 686 5184 uncis
702 5131 803 5184 inclusa
818 5145 873 5184 om.
891 5134 1002 5184 sm.
1021 5157 1049 5171 -
1072 5134 1104 5184 dt
1121 5147 1184 5186 cum
1202 5134 1262 5185 Car.
1279 5135 1413 5199 Stephano
1436 5136 1498 5185 LO:
1521 5139 1566 5185 ersi
1586 5134 1625 5194 im
1651 5134 1725 5186 iared
1740 5131 1768 5188 i.

444 5232 473 5243 -
495 5205 893 5271 32.casctlictopracios¹isST:
917 5208 1043 5269 praetoris
1058 5209 1215 5273 edicto(0m.
1232 5210 1274 5272 aa)
1291 5207 1433 5265 lisbio.
1454 5234 1483 5248 -
1508 5209 1636 5261 baisam.
1655 5208 1716 5261 Fe.
1736 5233 1766 5247 ·-

443 5280 689 5346 dementissimae
705 5281 732 5336 8.
752 5309 780 5321 -
798 5282 839 5335 ³7.
856 5280 1000 5336 Baiaiiirm
1015 5284 1075 5346 εἲς
1091 5283 1245 5337 balbuttire!
1260 5285 1295 5338 ld.
