4367 6109
665 519 795 635 nan
826 568 900 635 co.
920 566 1127 634 arx-sxa
1153 564 1211 653 ss.
1233 561 1421 631 trs-rso.
1637 561 1694 635 aar

375 746 521 803 senatum
542 737 699 815 adienrnt,
719 739 814 805 toties
834 737 894 802 hac
916 739 1082 805 memoria:
1103 745 1210 803 tamen
1231 738 1362 803 huiusce
1383 736 1458 800 novi
1479 736 1627 821 postulati
1648 761 1702 824 ge·

375 853 436 898 nus
457 841 552 916 atque
575 835 763 918 principium
784 841 839 897 tua
858 843 1004 918 praetura
1025 833 1139 897 attulit.
1183 829 1255 895 447.
1285 832 1370 908 Quid
1393 833 1477 896 enim
1499 841 1563 896 tam
1584 854 1701 899 novum

374 948 441 993 non
463 927 565 992 solnm
587 950 638 1004 re,
666 928 722 993 sed
744 949 859 1012 genere
881 929 951 1013 ipso
972 921 1177 1011 po'stulandii
1219 929 1298 990 Nam
1320 934 1443 1003 cetera,
1470 947 1550 1011 quae
1573 938 1647 992 sunt
1667 931 1700 995 in

374 1011 477 1087 isdem
498 1024 664 1108 postulatis
686 1021 725 1086 de
747 1024 872 1087 iniuriis
893 1022 976 1096 tuis,
998 1030 1072 1085 sunt
1092 1042 1191 1098 nova,
1213 1018 1270 1085 sed
1291 1029 1397 1085 tamen
1418 1041 1482 1084 non
1503 1042 1586 1088 novo
1607 1023 1700 1089 modo

375 1116 583 1202 postulantur.
625 1118 749 1200 Rogant
771 1125 803 1181 et
824 1123 914 1181 orant
936 1116 1033 1179 Siculi
1061 1123 1167 1199 patres
1195 1115 1403 1200 conscriptos,
1425 1123 1461 1179 ut
1481 1120 1580 1182 nostri
1601 1122 1724 1203 magi-t

376 1220 491 1276 stratus
517 1211 647 1296 posthac
674 1210 822 1275 decumas
848 1211 919 1294 lege
944 1210 1114 1274 Hieronica
1141 1208 1297 1284 vendant:
1319 1217 1416 1272 -tu
1443 1211 1561 1294 primns
1591 1221 1699 1278 contra

375 1305 581 1372 vendideras:
611 1305 722 1382 audio:
743 1339 786 1353 —
806 1327 847 1370 ne
869 1309 902 1370 in
930 1304 1041 1369 cellam
1070 1303 1156 1388 quod
1177 1304 1350 1386 imperatur
1370 1304 1553 1382 aestiment:
1575 1305 1699 1373 -hoc

376 1421 504 1487 qnoque
524 1408 653 1485 propter
673 1409 744 1465 tuos
767 1409 873 1465 ternos
896 1397 1042 1464 denarios
1063 1418 1148 1462 nunc
1168 1399 1304 1482 primum
1316 1397 1505 1480 postulatur:
1527 1399 1583 1464 sed
1599 1422 1698 1485 genus

376 1499 480 1581 ipsum
501 1493 679 1579 postulandi
700 1514 764 1558 non
786 1501 836 1558 est
855 1514 988 1569 novum:
1010 1526 1053 1541 -
1072 1514 1115 1557 ne
1137 1492 1276 1556 absentis
1304 1511 1420 1555 nomen
1449 1493 1633 1576 recipiatur:
1655 1527 1697 1544 -

377 1610 420 1654 ex
442 1589 565 1654 Sthenii
591 1588 767 1653 calamitate
789 1596 822 1652 et
842 1597 896 1652 tua
925 1595 1032 1652 natum
1063 1596 1113 1651 est
1140 1589 1267 1652 iniuria.
1313 1587 1423 1651 Cetera
1451 1607 1516 1652 non
1547 1590 1693 1676 colligam
1710 1610 1739 1661 4ο

377 1694 452 1750 eunt
472 1684 576 1749 omnia
598 1682 773 1746 Siculorum
793 1682 952 1766 postulata
972 1683 1039 1745 eius
1062 1681 1164 1756 modi,
1185 1688 1221 1745 ut
1242 1681 1372 1745 cumina
1393 1680 1524 1744 collecta
1546 1683 1579 1745 in
1601 1704 1698 1750 unum

377 1800 467 1844 reum
489 1784 520 1840 te
542 1796 613 1840 esse
635 1773 818 1850 videantur,
846 1795 927 1859 qnae
955 1782 1060 1840 tamen
1082 1778 1189 1840 omnia
1209 1795 1306 1840 novas
1328 1775 1459 1840 iniurias
1479 1775 1615 1854 habent,
1643 1779 1700 1843 sed

377 1870 624 1958 postulationum
644 1869 793 1935 formulas
814 1872 955 1934 usitatas.
992 1864 1064 1931 448.
1086 1868 1154 1933 Ηοο
1174 1870 1366 1954 postulatum
1389 1868 1429 1935 de
1451 1872 1561 1934 statuis
1583 1872 1700 1937 ridicu·

378 1967 445 2030 lum
467 1984 537 2028 esse
558 1963 704 2027 videatur
725 1965 771 2039 ei,
793 1965 936 2048 quirem
958 1964 1211 2048 sententiamque
1233 1985 1298 2029 non
1319 1965 1498 2048 perspiciat.
1540 1966 1705 2032 Postulant

380 2063 483 2134 enirn,
510 2079 591 2133 non,
619 2060 667 2122 uti
688 2080 729 2124 ne
752 2066 903 2142 cogantur
925 2066 1075 2123 statuere.
1120 2058 1204 2134 Quid
1234 2059 1350 2141 igitur?
1381 2066 1417 2123 ut
1438 2059 1515 2142 ipsis
1537 2080 1578 2124 ne
1600 2061 1743 2130 licentra

381 2153 467 2231 Quid
489 2163 538 2217 est
557 2152 637 2216 hoel
672 2154 758 2217 Petis
780 2173 799 2216 a
820 2174 881 2228 me,
903 2151 989 2235 quod
1011 2153 1044 2215 in
1065 2161 1120 2217 tua
1140 2161 1295 2238 potestate
1318 2161 1383 2227 est,
1409 2160 1446 2217 ut
1466 2153 1499 2216 id
1521 2155 1578 2219 tibi
1600 2155 1704 2221 facere

380 2269 421 2312 ne
443 2248 558 2311 licenti
590 2255 663 2333 pete
691 2249 812 2331 potius,
841 2268 881 2311 ne
911 2247 982 2331 quis
1012 2254 1044 2311 te
1066 2249 1199 2311 invitum
1228 2247 1372 2330 polliceri
1403 2255 1458 2311 aut
1478 2247 1582 2313 lacere
1605 2259 1706 2334 cogat.

380 2342 467 2406 Nihil
488 2360 597 2424 egero,
624 2342 745 2425 inquit:
774 2339 935 2423 negabunt
964 2343 1180 2405 enimomnes
1210 2361 1245 2404 se
1268 2343 1428 2424 coegisse:
1457 2343 1556 2405 sime
1587 2343 1707 2409 salvum

382 2457 455 2503 esse
474 2439 533 2513 ris,
555 2436 633 2501 milri
654 2437 781 2519 impone
803 2437 895 2500 istam
917 2436 991 2511 vim,
1013 2444 1048 2499 ut
1069 2436 1198 2499 omnino
1213 2435 1291 2498 mihi
1306 2455 1346 2498 ne
1361 2436 1456 2499 liceat
1468 2437 1621 2520 polliceri.
1657 2438 1707 2501 Ex

382 2539 436 2595 tua
456 2538 603 2617 praetura
622 2530 758 2613 primum
785 2528 864 2592 haec
892 2535 941 2592 est
968 2537 1042 2592 nata
1065 2527 1252 2612 postulatio:
1281 2548 1345 2612 qua
1375 2550 1444 2593 cum
1473 2536 1620 2606 utuntur,
1647 2531 1746 2602 hocne

381 2625 562 2709 significant
582 2633 678 2708 atque
700 2623 780 2687 adeo
802 2632 909 2709 aperte
932 2622 1121 2696 ostendunt,
1150 2642 1221 2685 sese
1244 2619 1284 2684 ad
1307 2629 1424 2686 statuas
1451 2630 1520 2687 tuas
1540 2627 1708 2706 pecuniam

380 2727 467 2782 metu
488 2740 526 2782 ac
550 2719 633 2783 malo
662 2727 785 2782 coactos
819 2718 1024 2783 invitissimos
1053 2716 1234 2780 contulisse.
1278 2712 1349 2778 449.
1379 2716 1483 2793 Quid:
1513 2719 1541 2781 si
1561 2718 1622 2783 hoc
1643 2739 1707 2785 non

381 2812 504 2889 dicant,
529 2813 587 2877 tibi
608 2833 672 2876 non
693 2833 825 2877 necesse
848 2814 888 2876 sit
909 2813 970 2895 ipsi
991 2812 1024 2876 id
1047 2812 1212 2884 confiteri?
1239 2810 1320 2874 Vide
1342 2819 1375 2875 et
1393 2812 1547 2895 perspice,
1569 2832 1632 2895 qua
1653 2812 1709 2877 de-
1750 2809 1753 2815 ’

380 2908 526 2973 fensione
549 2910 593 2972 sis
615 2928 746 2971 usurus:
771 2909 834 2972 iam
856 2907 1014 2990 intelliges
1035 2907 1096 2971 hoc
1117 2906 1174 2970 tihi
1197 2905 1237 2968 de
1259 2906 1370 2970 statuis
1391 2905 1604 2971 confitendum
1625 2928 1707 2972 esse.

381 3005 463 3068 Llll.
485 3003 564 3068 Mihi
586 3004 671 3066 enim
692 3004 891 3066 renuntiatur
911 3003 956 3065 ita
978 3001 1126 3074 constitui
1147 3021 1166 3063 a
1188 3001 1251 3063 tuis
1272 3001 1428 3083 patronis,
1456 2999 1637 3065 hominibus
1658 3001 1745 3072 insa

381 3101 531 3183 geniosis,
553 3116 679 3160 causam
700 3103 840 3168 tuamet
860 3116 915 3159 eos
937 3096 981 3158 ita
1002 3094 1058 3157 abs
1079 3101 1112 3157 te
1133 3094 1255 3157 institui
1276 3100 1309 3157 et
1323 3093 1443 3158 doceri:
1465 3094 1650 3177 utquisque
1664 3111 1706 3157 ex

381 3192 543 3278 provincia
563 3190 671 3253 Sicilia
692 3190 817 3273 gravior
836 3190 930 3253 homo
952 3198 1047 3272 atque
1067 3187 1232 3251 honestior
1251 3187 1465 3252 testimonium
1487 3188 1705 3255 vehementius

381 3286 516 3359 dixerit,
544 3285 638 3348 sicuti
661 3284 758 3347 Siculi
787 3283 877 3348 multi
902 3284 1043 3369 primarii
1063 3283 1123 3345 viri
1145 3281 1243 3346 multa
1264 3281 1428 3357 dixerunt,
1458 3289 1490 3345 te
1512 3284 1617 3346 statim
1644 3284 1706 3348 hoc

383 3382 453 3444 istis
475 3378 538 3442 tuis
560 3376 780 3441 defensoribus
803 3378 922 3441 dicere:
948 3377 1113 3439 «inimicus
1135 3382 1185 3438 est
1204 3383 1380 3459 propterea,
1402 3375 1486 3459 quod
1508 3384 1612 3441 arator
1626 3386 1704 3442 est.»

383 3475 492 3557 ltaque
513 3491 577 3536 uno
598 3491 730 3554 genere,
757 3473 884 3555 opinor,
913 3471 1168 3534 circumscribere
1199 3470 1323 3534 habetis
1344 3472 1378 3533 in
1399 3470 1504 3534 animo
1525 3491 1625 3556 genus
1645 3472 1744 3543 hoca

383 3576 557 3640 aratorum,
590 3563 674 3648 quod
703 3586 757 3629 eos
782 3565 907 3629 infenso
934 3566 1039 3629 animo
1061 3572 1155 3648 atque
1177 3565 1305 3628 inimico
1327 3564 1453 3629 venisse
1474 3564 1603 3642 dicatis,
1632 3570 1707 3650 quia

383 3661 478 3724 fuerit
507 3661 540 3723 in
569 3657 709 3723 decumis
737 3659 798 3723 iste
826 3658 1053 3723 vehementior.
1108 3660 1190 3743 Ergo
1219 3666 1358 3723 aratores
1393 3659 1512 3722 inimici
1539 3680 1649 3725 omnes
1676 3668 1709 3726 et

384 3753 557 3818 adversarii
577 3760 667 3816 sunt:
689 3772 783 3817 nemo
805 3771 913 3817 eorum
936 3761 994 3828 est,
1016 3754 1094 3836 quin
1116 3754 1236 3837 perisse
1258 3760 1289 3816 te
1312 3752 1427 3837 cupiat.
1460 3751 1598 3819 Omnino
1618 3776 1710 3842 prae·

385 3848 469 3912 clare
490 3856 522 3910 te
543 3846 660 3920 habes,
689 3867 759 3911 cum
781 3847 808 3910 is
831 3846 907 3911 ordo
930 3854 1024 3930 atque
1047 3846 1081 3909 id
1107 3847 1270 3911 hominum
1300 3866 1416 3929 genus,
1444 3846 1528 3930 quod
1557 3850 1709 3933 optimum

384 3951 479 4027 atque
500 3942 757 4007 honestissimum
781 3949 843 4018 cst,
871 3962 890 4005 a
911 3963 974 4025 quo
995 3962 1059 4005 nno
1081 3949 1114 4004 et
1143 3959 1263 4004 summa
1284 3961 1335 4004 res
1362 3939 1489 4023 publica
1510 3947 1543 4003 et
1562 3941 1617 4004 illa
1637 3962 1750 4027 pro-aa

384 4037 489 4099 vincia
511 4037 647 4100 maxime
670 4037 858 4110 continetur,
879 4037 937 4099 tibi
960 4043 1010 4099 est
1031 4035 1292 4098 inimicissimum.
1324 4029 1397 4096 450.
1411 4035 1529 4098 Verum
1542 4044 1625 4100 esto:
1647 4037 1710 4100 alio

384 4129 455 4194 loco
477 4130 517 4195 de
540 4137 698 4194 aratorum
720 4133 825 4194 animo
847 4138 879 4193 et
897 4130 1022 4193 iniuriis
1036 4128 1161 4193 videro:
1184 4149 1279 4205 nunc,
1301 4128 1386 4212 quod
1400 4127 1479 4192 mihi
1493 4128 1549 4191 ahs
1563 4136 1595 4192 te
1611 4128 1712 4204 datur,

385 4224 419 4286 id
440 4225 572 4309 accipio,
594 4244 649 4287 eos
670 4224 728 4287 tibi
743 4245 813 4288 esse
828 4224 1073 4287 inimicissimos.
1105 4225 1225 4308 Nempe
1240 4225 1285 4286 ita
1299 4222 1389 4297 dicis,
1411 4228 1540 4307 propter
1553 4220 1712 4285 decumas.

386 4316 543 4394 Concedo,
564 4338 629 4383 non
651 4339 778 4403 quaero,
800 4320 868 4383 iure
890 4339 931 4382 an
953 4318 1069 4381 iniuria
1090 4318 1154 4380 sint
1174 4317 1306 4382 inimici.
1349 4315 1434 4392 Quid
1458 4334 1533 4397 ergo
1554 4314 1629 4380 illae
1650 4315 1712 4380 sibi

452 4531 476 4585 4.
494 4545 545 4584 ooo
561 4545 615 4583 om.
634 4531 712 4582 codd.
731 4531 825 4597 pleriq.
851 4558 879 4567 —
900 4546 965 4582 οοοο
985 4545 1038 4582 om.
1062 4531 1141 4595 4342.
1165 4558 1193 4567 -
1220 4532 1245 4580 3.
1266 4529 1396 4592 portam
1419 4543 1458 4591 φ;
1477 4529 1614 4591 potatae:
1632 4529 1713 4581 :edri

387 4607 465 4673 4342.
482 4634 510 4646 -
529 4608 552 4659 9.
571 4609 652 4671 ipsam
669 4605 697 4657 t:
715 4606 782 4657 irtr'rd
798 4610 844 4657 stt.
864 4608 893 4657 0.
909 4635 937 4645 -
950 4609 989 4657 42.
1008 4620 1080 4657 raam
1096 4613 1120 4656 te
1135 4608 1198 4669 433.
1217 4618 1311 4656 omnes
1329 4605 1380 4655 ΑΒ
1393 4605 1427 4655 c:
1445 4610 1469 4654 te
1483 4616 1555 4653 rem
1571 4603 1619 4655 (444.
1638 4607 1667 4657 0.
1683 4634 1711 4644 -

387 4682 428 4734 44.
452 4682 475 4733 et
491 4695 545 4733 om.
564 4683 645 4733 Prisc.
664 4682 695 4732 11.
713 4694 740 4746 p.
760 4681 816 4733 444.
838 4709 865 4720 -
883 4683 1001 4745 rcaptctot
1021 4682 1104 4732 Prisc.
1124 4707 1151 4715 -
1176 4683 1217 4731 43.
1240 4682 1279 4730 ott
1295 4679 1363 4744 4342
1380 4681 1453 4730 Grot.
1474 4680 1514 4743 (ex
1533 4680 1598 4744 litt:
1620 4687 1648 4732 at
1664 4685 1711 4735 ctt.

386 4758 416 4808 0.
437 4785 464 4796 -
484 4758 525 4808 td.
542 4762 578 4808 ert
593 4758 646 4822 hcc]
664 4758 729 4807 :nrm
746 4755 814 4820 4342
831 4770 858 4823 p.
878 4769 915 4808 m.
935 4783 964 4794 -
984 4757 1023 4806 ⁴7.
1042 4769 1073 4806 ne
1089 4756 1163 4806 licent
1179 4755 1209 4807 l:
1227 4769 1278 4805 aon
1294 4754 1367 4804 uerat
1382 4752 1431 4802 dtt.
1451 4779 1479 4791 -
1497 4753 1538 4804 48.
1555 4767 1629 4818 equo
1644 4759 1713 4822 4329

387 4833 433 4885 ΑΒ
445 4833 505 4884 cod.
518 4834 585 4886 Ura:
603 4845 649 4896 eqo
659 4846 721 4897 rope
733 4831 802 4896 4342
812 4846 839 4897 p.
854 4846 902 4893 m.;
919 4845 983 4896 rogo
994 4832 1012 4882 l’
1023 4833 1058 4891 N:
1077 4844 1137 4895 erpo
1154 4830 1239 4881 dtt.-
1258 4833 1351 4894 mqoot
1361 4827 1442 4880 dtt-
1456 4829 1497 4878 rs.
1509 4829 1583 4881 ael:
1600 4846 1651 4882 oon
1662 4832 1712 4885 dtt.

389 4935 416 4944 -
426 4908 468 4959 20.
486 4913 549 4959 noto
564 4912 600 4958 ert
614 4907 675 4958 laec
691 4907 740 4958 dtt.
753 4909 816 4959 0.-
829 4908 871 4959 24.
890 4912 947 4957 tuor
963 4906 1031 4971 4342
1043 4921 1081 4969 φτ
1101 4920 1155 4958 om.
1173 4909 1253 4957 ett-
1265 4904 1306 4955 23.
1323 4905 1384 4968 tprt:
1399 4903 1481 4954 4444-
1493 4901 1535 4954 24.
1551 4904 1606 4955 tora
1622 4907 1712 4959 codd:

386 4992 448 5030 corn
464 4983 492 5033 L.
511 4981 583 5034 4334.
602 4983 631 5033 0.
647 5010 676 5018 -
694 4981 739 5032 :ot
755 4994 809 5033 om.
823 4980 892 5045 4342
909 4994 936 5045 p.
950 4995 987 5032 m.
998 5008 1025 5019 -
1042 4981 1085 5032 23.
1103 4983 1141 5032 44ο
1156 4995 1198 5033 eor
1213 4981 1261 5032 dtt.
1280 4980 1309 5031 0.
1324 5006 1352 5017 -
1363 4979 1405 5030 28.
1424 4979 1489 5029 dizit
1505 4978 1574 5042 4342
1590 4993 1617 5044 p.
1631 4995 1667 5033 m.
1683 5007 1711 5018 ·-

386 5057 465 5107 Strati
481 5070 534 5108 om.
548 5057 617 5122 4342
628 5072 653 5123 p.
668 5071 737 5109 m.-
755 5057 796 5108 32.
816 5065 839 5108 et
855 5059 912 5108 odo.
927 5062 984 5107 runt
995 5055 1063 5121 4342
1074 5070 1111 5118 φτ
1130 5062 1154 5108 et
1169 5057 1313 5108 adverth
1329 5055 1475 5119 mean:
1494 5053 1635 5104 mmm:
1652 5055 1712 5117 ort:

387 5131 483 5182 4444444
499 5146 590 5195 com,
607 5146 691 5184 onoc:
706 5133 847 5184 οάοοηαήί
863 5132 941 5184 codd.
960 5134 1033 5182 Parr.
1052 5131 1116 5184 Lall.
1129 5133 1158 5183 0.
1179 5132 1245 5184 tide
1262 5134 1366 5197 Zumpt.
1387 5158 1415 5168 —
1434 5129 1474 5181 33.
1496 5135 1532 5180 est
1547 5143 1634 5181 consa
1645 5129 1714 5196 4329

388 5209 417 5257 et
433 5206 508 5258 tort.
522 5232 552 5245 -
570 5207 803 5272 quemma-
817 5207 970 5259 3444440444.
983 5221 1009 5271 q.
1023 5206 1118 5258 codd:
1135 5209 1162 5257 a:
1176 5222 1202 5273 g.
1216 5208 1240 5258 44.
1254 5208 1283 5258 0.
1297 5208 1379 5258 -344
1397 5203 1711 5269 mpubttcalgiwl:

389 5279 551 5344 respucrem
566 5284 613 5334 ott.
631 5282 661 5335 0.
676 5307 704 5320 —
722 5282 763 5335 38.
781 5283 819 5335 tto
835 5280 905 5347 distr]
921 5282 948 5333 u
963 5282 1002 5333 ott
1017 5279 1086 5347 4342
1102 5292 1130 5347 p.
1148 5294 1186 5335 m.
1200 5307 1227 5321 -
1246 5280 1288 5334 39.
1304 5281 1366 5335 {aas
1380 5276 1615 5346 qartdrtttlgltp.
1627 5278 1712 5335 mli.
