4367 6109
705 601 824 671 ann
854 601 1156 671 cuna-xxa
1181 598 1406 686 esso-57.
1659 600 1723 671 ur

390 769 576 837 hominibus
594 770 631 839 ln
650 772 840 858 proverbio,
862 793 959 859 wem
980 773 1088 838 omnia
1108 772 1196 838 intus
1217 791 1330 837 muare
1352 770 1518 849 dicebant,
1540 771 1670 837 sustulit
1690 779 1724 839 et

390 868 424 931 iu
443 867 567 933 intimis
588 866 656 933 suis
676 866 810 933 aedibus
831 869 956 952 posuit,
977 876 1016 933 ut
1036 869 1131 932 etiam
1152 867 1243 932 illum
1264 866 1371 952 ipsum
1392 886 1451 932 suo
1470 864 1604 930 artificio
1627 886 1723 950 supe-

390 983 477 1028 rasse
498 963 657 1029 rideatur.
687 956 741 1025 54.
761 962 879 1046 Pergae
900 961 1011 1027 fanum
1030 961 1291 1046 antiquissimum
1306 968 1339 1024 et
1352 961 1587 1025 sanctissimum
1600 961 1722 1025 Dianam

390 1058 510 1123 seimus
530 1076 613 1121 esse.
648 1055 685 1120 ld
707 1074 837 1141 quoque
859 1076 879 1120 a
899 1064 931 1120 te
952 1055 1108 1119 nudatum
1130 1075 1167 1119 ac
1183 1054 1357 1137 spoliatum
1371 1075 1458 1130 essa,
1481 1075 1523 1118 ex
1537 1055 1608 1138 ipsa
1620 1056 1722 1120 Diana

390 1153 479 1238 quod
498 1151 639 1217 babebat
657 1149 729 1215 auri
750 1150 926 1215 deuactum
949 1157 1046 1233 atque
1068 1148 1210 1213 ablatum
1231 1168 1300 1213 esse
1324 1149 1406 1214 dico.
1450 1149 1558 1228 Quae,
1586 1150 1746 1215 malumla

390 1254 440 1313 cat
463 1247 528 1315 ista
552 1252 641 1311 uua
661 1244 797 1310 cumeis
817 1253 916 1328 atqua
938 1245 1100 1308 amentia?
1133 1264 1214 1326 quas
1237 1243 1323 1306 euim
1344 1245 1505 1308 sociorum
1526 1251 1623 1330 atqua
1645 1243 1724 1307 ami·

390 1361 502 1407 eorum
522 1340 619 1405 urbas
639 1338 736 1404 adisti
757 1338 928 1422 legationis
950 1338 1019 1402 iure
1041 1345 1074 1402 et
1095 1338 1242 1413 nomine,
1264 1338 1292 1401 si
1313 1337 1348 1401 iu
1369 1358 1424 1403 eas
1438 1338 1470 1403 vi
1492 1359 1566 1403 oum
1580 1338 1723 1402 exercitu

390 1435 592 1520 imperioque
612 1432 801 1508 invasisses,
830 1438 954 1507 tamen,
983 1432 1115 1517 opinor,
1136 1450 1220 1514 quae
1241 1431 1453 1516 signentque
1475 1439 1661 1497 ornamenta
1682 1451 1724 1496 ax

389 1529 430 1594 iia
450 1528 585 1594 urbibus
612 1526 815 1602 sustulisses,
843 1526 923 1590 haec
952 1547 1019 1591 non
1040 1526 1076 1589 in
1097 1532 1184 1588 tuam
1205 1525 1336 1588 domum
1356 1526 1520 1611 usquein
1541 1528 1723 1593 suburbana

390 1622 585 1697 amicorum,
613 1621 670 1686 sed
699 1621 832 1684 Romam
863 1621 896 1682 in
930 1620 1092 1704 publicum
1114 1618 1327 1701 deportasses.
1369 1621 1457 1683 xxl.
1478 1617 1530 1684 55.
1553 1622 1642 1698 Quid
1663 1642 1762 1706 agore

391 1719 432 1782 de
451 1718 495 1784 ld.
509 1714 661 1782 Marcello
674 1713 805 1798 loquar,
827 1714 884 1798 qui
899 1715 1090 1798 Syracusas,
1112 1713 1224 1776 urbem
1239 1715 1492 1791 amatissimam,
1514 1717 1622 1799 cepit?
1645 1716 1724 1801 quid

391 1812 433 1877 de
452 1812 490 1877 Ι..
512 1812 682 1894 Scipione,
704 1809 761 1894 qui
782 1808 903 1872 bellum
925 1808 959 1871 in
980 1808 1057 1872 Asia
1078 1807 1177 1889 gessit
1190 1807 1465 1893 Antiochumque,
1486 1829 1594 1892 regem
1611 1819 1725 1893 poten·

391 1906 570 1981 tissimum,
597 1903 697 1968 sicit?
728 1901 806 1987 quid
828 1902 868 1965 de
890 1902 1088 1977 Flaminino,
1111 1900 1168 1985 qui
1190 1920 1297 1984 regem
1319 1903 1503 1987 Philippum
1525 1911 1558 1966 et
1577 1904 1727 1970 Macedo·

392 2000 478 2065 uiam
499 1998 648 2083 subegit?
669 1997 748 2082 quid
769 1995 810 2060 de
831 1996 867 2061 L.
890 1996 1018 2071 Paullo,
1041 1996 1097 2079 qui
1120 2014 1228 2077 regem
1249 1995 1368 2059 Persen
1390 1997 1422 2060 vi
1443 2017 1481 2062 ac
1496 1998 1614 2063 virtute
1630 2019 1726 2083 supe-

391 2094 500 2160 raritl
529 2093 609 2179 quid
639 2092 679 2156 de
701 2092 738 2154 Ι..
759 2090 931 2165 llummio,
961 2091 1017 2174 qui
1038 2091 1150 2153 urbem
1172 2089 1419 2172 pulcherrimam
1441 2099 1539 2177 atqua
1561 2095 1764 2163 ornaturi-tt

392 2207 494 2264 mam,
510 2185 707 2261 Corinthum,
728 2184 948 2267 plenissimam
963 2204 1071 2248 rerum
1086 2183 1247 2258 omnium,
1269 2185 1399 2248 sustulit
1412 2186 1574 2271 urbesque
1587 2187 1727 2253 Achaiae

391 2280 610 2364 Boeotiaeque
630 2279 747 2344 multas
768 2277 829 2341 snb
850 2277 1020 2360 imparium
1048 2277 1160 2361 populi
1188 2277 1323 2342 Romani
1351 2277 1573 2366 ditionemque
1594 2282 1728 2347 subiun-

390 2375 465 2439 siat
494 2393 633 2459 quorum
663 2373 777 2438 domus
798 2392 870 2436 cum
891 2373 1015 2437 honora
1037 2393 1074 2438 ac
1095 2373 1213 2436 virtute
1235 2372 1403 2450 florerent,
1434 2375 1535 2458 signis
1557 2382 1590 2441 et
1610 2376 1728 2441 tabulis

391 2467 486 2552 pictis
509 2474 601 2531 erant
620 2486 749 2533 vacuae.
785 2468 827 2528 At
847 2485 923 2530 vero
939 2468 1049 2531 urbem
1063 2475 1165 2532 totam
1190 2467 1373 2551 templaque
1396 2467 1530 2533 deorum
1551 2489 1727 2555 omnesque

390 2563 503 2628 ltaliae
523 2569 631 2647 partes
653 2560 783 2625 illorum
804 2559 898 2624 donis
919 2580 957 2625 ac
979 2561 1195 2626 monumentis
1217 2570 1388 2627 exornatas
1405 2563 1562 2629 videmus.
1598 2563 1651 2628 50.
1667 2566 1766 2637 Voss

390 2675 466 2721 rsor
505 2675 547 2720 ne
577 2655 658 2719 haec
685 2653 768 2720 forte
799 2653 940 2737 cuipiam
967 2655 1061 2719 nimis
1083 2654 1217 2739 antiqua
1239 2663 1271 2720 et
1291 2656 1356 2719 iam
1378 2658 1524 2723 obsoleta
1544 2659 1728 2726 videantur:

391 2751 436 2814 ita
456 2751 543 2815 enim
564 2756 632 2815 ham
654 2749 865 2834 aequabiliter
885 2769 996 2812 omues
1023 2756 1114 2813 erant
1136 2748 1310 2824 eiusmodi,
1339 2757 1377 2814 ut
1396 2750 1476 2814 haec
1497 2750 1569 2816 laus
1590 2754 1729 2820 eximiae

391 2844 520 2909 vidulis
555 2853 588 2909 et
618 2844 821 2907 innocentiae
853 2862 919 2906 uon
953 2843 1057 2907 solum
1084 2843 1265 2919 hominum,
1299 2845 1527 2910 verumetiam
1548 2854 1729 2930 temporum

391 2939 521 3005 illorum
544 2959 615 3003 esse
636 2937 793 3003 videatur.
836 2939 870 3001 P.
890 2937 1060 3012 Servilius,
1083 2937 1132 3000 vir
1154 2937 1366 3015 clarissimus,
1387 2940 1536 3005 mulmis
1557 2943 1653 3007 rebus
1674 2965 1729 3026 ge»

391 3033 451 3098 stis
473 3033 565 3098 adest
583 3033 625 3098 de
647 3041 680 3097 te
702 3034 892 3098 sententiam
916 3033 1051 3096 laturus:
1083 3032 1255 3116 Olympum
1277 3033 1325 3107 vi,
1347 3033 1467 3115 copiis,
1489 3036 1642 3113 consilio,
1664 3038 1766 3106 vir-ss

391 3134 461 3191 tuta
482 3128 585 3212 cepit,
606 3127 717 3190 urbem
738 3127 903 3211 antiquam
925 3134 958 3190 et
987 3126 1137 3190 omuibus
1159 3125 1255 3188 rebus
1276 3134 1403 3190 auctam
1424 3134 1458 3191 et
1478 3136 1631 3194 ornatam.
1667 3132 1728 3194 Re·

392 3240 469 3285 oeus
491 3220 674 3306 exemplum
694 3219 860 3285 fortissimi
882 3220 942 3284 viri
964 3218 1103 3302 profero.
1139 3221 1220 3281 Nam
1241 3226 1356 3302 postea
1378 3219 1533 3284 Servilius
1554 3222 1729 3307 imperator

391 3314 505 3401 populi
533 3315 669 3380 Romani
695 3313 886 3400 Olympum,
919 3313 1030 3378 urbem
1054 3313 1212 3388 hostium,
1247 3315 1350 3395 cepit,
1383 3333 1479 3396 quam
1501 3320 1537 3378 tu
1564 3316 1598 3379 iu
1626 3318 1727 3382 isdem

391 3409 458 3476 illis
487 3409 569 3475 locis
598 3408 722 3492 legatus
750 3410 954 3493 quaestorius
975 3407 1096 3491 oppida
1117 3414 1230 3491 pacata
1250 3408 1413 3471 sociorum
1433 3414 1530 3492 atque
1552 3412 1728 3476 amicorum

391 3501 573 3586 diripienda
593 3521 632 3567 ac
652 3502 799 3567 vexanda
820 3503 950 3567 curasti.
994 3500 1046 3566 57.
1068 3504 1118 3564 Tu
1141 3520 1223 3585 quae
1246 3520 1288 3564 ex
1309 3501 1393 3564 lanis
1407 3502 1656 3584 religiosissimis
1670 3526 1767 3588 perso

391 3596 499 3661 scelus
521 3604 555 3660 et
574 3595 777 3660 latrocinium
798 3594 978 3672 abstulisti,
1000 3616 1038 3661 ea
1058 3616 1120 3660 nos
1140 3595 1249 3660 videre
1271 3595 1336 3659 nisi
1356 3596 1390 3658 in
1408 3595 1473 3659 tuis
1486 3597 1728 3682 amicorumque

391 3698 521 3757 morum
543 3690 636 3757 tectis
657 3712 724 3755 non
745 3711 937 3774 possumus:
959 3692 993 3754 P.
1008 3687 1181 3765 Servilius,
1203 3709 1287 3775 quae
1309 3690 1519 3775 signentque
1541 3700 1729 3756 ornamenta

391 3805 434 3851 ex
461 3785 541 3851 urba
571 3784 713 3849 hostium
740 3785 772 3851 vi
801 3792 834 3849 et
863 3784 980 3850 virtute
1004 3793 1098 3869 capta
1118 3783 1196 3847 helli
1217 3784 1288 3865 lege
1310 3790 1407 3867 atque
1428 3784 1636 3869 imperatorio
1658 3786 1728 3850 iura

392 3879 540 3955 sustulit,
562 3898 602 3943 ea
622 3879 744 3964 populo
765 3880 909 3943 Romano
925 3880 1124 3964 apportavit,
1146 3897 1204 3962 per
1218 3877 1415 3960 triumphum
1429 3879 1533 3956 vexit,
1555 3880 1589 3943 in
1604 3880 1729 3945 tabulam

392 3972 538 4057 publicas
559 3972 603 4036 ad
623 3973 782 4038 aerarium
796 3973 1023 4056 perscribenda
1037 3972 1169 4037 curavit.
1199 3970 1391 4053 cognoscite
1406 3992 1447 4036 ex
1460 3971 1575 4037 litteris
1590 3972 1728 4056 puhlicis
1737 3999 1768 4046 ss

392 4066 534 4131 hominia
555 4066 743 4151 amplissimi
766 4066 975 4150 diligentiam.
1012 4067 1131 4130 Recita.
1168 4066 1330 4129 Rumonns
1351 4085 1497 4130 nurse
1518 4067 1553 4131 P.
1575 4068 1729 4131 Ssnmnn.

392 4159 466 4224 lion
486 4158 594 4225 solum
613 4178 782 4224 numemm
804 4161 978 4244 signorum,
1001 4161 1056 4225 sed
1072 4158 1168 4224 etiam
1182 4160 1280 4224 unius
1295 4160 1452 4247 cuiusque
1467 4161 1729 4245 magnitudinem,

392 4249 816 4341 iguruu,stao1mlittcris
840 4251 965 4320 definiri
985 4254 1088 4319 vides.
1121 4254 1212 4318 Certe
1233 4252 1336 4318 maior
1357 4261 1406 4321 cst
1418 4255 1546 4320 virtutis
1559 4254 1730 4319 notoriae-

458 4498 483 4550 l.
501 4495 643 4550 mesum
659 4495 695 4548 63
704 4511 730 4560 ς.
751 4524 779 4535 -
804 4497 1050 4561 qaem--dicebont
1071 4498 1146 4548 Serv.
1165 4496 1200 4548 ad
1217 4497 1283 4547 Aoo.
1301 4497 1333 4547 V.
1352 4496 1411 4547 403.
1432 4523 1459 4533 -
1477 4497 1502 4547 2.
1521 4494 1624 4561 intimis]
1641 4495 1730 4548 04444444

393 4573 440 4627 64.
459 4572 639 4638 -ιιωαιίί,
658 4574 764 4636 otae:
787 4573 1033 4632 ort.saodtt.0.;
1056 4574 1221 4624 sacomh.
1242 4596 1270 4609 -
1289 4570 1465 4637 4444444444]
1489 4572 1728 4634 quaeadm,

393 4648 609 4715 mmm&
634 4647 849 4702 watonem.
869 4675 895 4684 —
915 4649 940 4700 8.
958 4648 1041 4714 atquo]
1059 4648 1257 4710 οιᾳιωο64ςς
1283 4648 1369 4698 atGl.
1395 4645 1479 4698 Ater,
1498 4645 1522 4711 5.
1541 4646 1583 4697 54.
1604 4646 1731 4696 -aoeila

393 4724 462 4777 ocul.
479 4724 599 4788 zumpa:
618 4735 651 4775 se
666 4723 720 4775 44444
736 4724 791 4783 64ς
815 4736 849 4774 ec
864 4723 902 4774 luis
918 4722 968 4773 ott.
986 4723 1016 4774 0.
1040 4747 1068 4759 -
1092 4722 1117 4772 9.
1135 4721 1410 4784 haoc--denortoasca
1424 4723 1503 4772 Aras.
1521 4721 1556 4771 ll.
1574 4733 1602 4785 p.
1619 4720 1677 4771 225.
1698 4744 1728 4758 -

392 4798 436 4851 43.
452 4798 484 4851 do
497 4797 623 4850 4644444440
635 4797 710 4849 multi
722 4798 802 4851 codd.
817 4825 844 4834 -
865 4797 905 4850 44.
922 4798 1002 4849 Paulo
1019 4797 1051 4848 64
1065 4796 1159 4860 sugas
1176 4795 1212 4847 al.
1227 4821 1255 4830 -
1275 4797 1316 4846 47.
1328 4795 1374 4846 areb
1388 4795 1728 4859 monumemtum.

391 4872 428 4926 lt.
443 4885 473 4941 p.
490 4872 551 4925 403.
571 4898 600 4910 -
619 4873 659 4925 48.
677 4873 783 4925 44444444.
802 4873 987 4937 642ς4349ε
1009 4872 1109 4924 stom.
1127 4870 1175 4923 dtt.
1194 4871 1224 4922 0.
1243 4867 1302 4921 coll.
1321 4869 1347 4935 s.
1365 4871 1407 4920 57.
1428 4896 1457 4906 -
1475 4868 1517 4921 49.
1534 4869 1676 4933 meaque
1692 4870 1725 4922 64

390 4946 532 5013 acme:
550 4947 643 5012 tamplo
659 4946 708 5000 dtt.
726 4948 757 5001 0.
777 4973 805 4986 ·-
824 4950 865 5001 at.
883 4950 948 5015 {orto
964 4961 1018 5001 om.
1037 4948 1084 5001 64.
1105 4974 1131 4986 -
1151 4946 1264 5010 copim
1280 4946 1313 4996 64
1330 4960 1348 5009 ς
1364 4945 1426 5009 ng.
1445 4956 1549 4996 omues.
1568 4945 1594 4996 S.
1613 4944 1695 4995 Prisc.
1706 4944 1728 4996 1.

391 5019 505 5090 pli&
523 5023 882 5089 minuomceqnamat.
903 5050 931 5063 -
951 5024 993 5076 44.
1011 5022 1214 5088 acqualitarGl.
1234 5016 1731 5082 -eiaanoditilchglihzosllas-

392 5096 1147 5164 moduasssssmoctud;ussuamootdtt.0.-
1165 5090 1731 5156 ao.taamotfscodd.1bi:tctms

392 5179 430 5227 att
454 5172 504 5227 (444.
521 5173 553 5227 0.
577 5197 606 5214 -
630 5173 764 5237 0404440044
784 5177 917 5229 Manutius
939 5187 972 5225 ex
991 5172 1068 5223 Aoo:
1103 5170 1237 5235 onumen
1259 5170 1340 5223 codd.
1363 5197 1392 5208 -
1417 5169 1459 5221 49.
1481 5167 1532 5220 illis
1553 5178 1608 5220 om.
1626 5167 1664 5219 Ga
1680 5165 1728 5221 lb.

394 5245 469 5301 4584.
488 5274 518 5288 -
535 5247 671 5315 anema
685 5249 775 5304 lotroe.
793 5251 925 5304 otto·
943 5247 985 5301 49.
1001 5248 1093 5299 aiom
1107 5249 1140 5300 64
1153 5248 1180 5301 2.
1198 5246 1322 5314 04400.
1338 5274 1366 5286 -
1384 5240 1727 5309 contomplatione.

395 5347 427 5390 .-
442 5321 485 5377 44.
500 5322 743 5382 roam-sesua
759 5339 814 5381 om.
832 5325 887 5389 64;
904 5321 1014 5380 mansu
1028 5323 1136 5393 Zumpt
