4367 6109
620 558 626 573 '
679 574 747 640 lna.
768 574 823 638 111.
854 572 932 639 Gar.
953 572 1241 637 lxxi-lxxa.
1271 569 1329 656 55.
1350 566 1542 637 466-469.
1710 570 1774 638 196

446 754 551 811 tamen
578 746 648 809 eius
676 742 858 807 testimonio
890 741 977 806 credi
1009 748 1181 826 oporteret.
1230 735 1302 804 467.
1336 739 1520 804 Admiratus
1545 747 1578 804 et
1603 747 1787 826 exspectat,

446 840 598 924 quidnam
628 839 750 901 Vettius
779 835 920 900 dicturus
947 838 997 901 sit
1048 834 1136 899 Nihil
1164 833 1249 898 dicet
1278 855 1319 898 ex
1348 842 1508 918 tempore,
1540 835 1620 899 nihil
1647 854 1688 898 ex
1718 854 1776 901 sua

445 934 619 1007 voluntate,
641 932 733 1006 nihil,
756 950 828 995 cun
849 931 1004 994 utrumvis
1026 930 1155 993 licuisse
1169 928 1326 993 videatur.
1348 930 1436 991 ttisit
1450 928 1571 992 litterae
1585 928 1618 990 in
1635 928 1776 995 Siciliam

445 1028 485 1090 ad
507 1026 738 1110 Carpinatium,
761 1044 830 1087 cum
853 1032 938 1086 esset
959 1023 1108 1106 magister
1129 1024 1303 1107 scripturae
1325 1031 1359 1088 et
1379 1044 1438 1087 sex
1458 1024 1674 1107 publicorum,
1696 1045 1776 1110 qaas

445 1138 503 1204 ego
527 1121 690 1203 Syracusis
712 1117 798 1201 apud
820 1118 1038 1200 Carpinatium
1066 1118 1100 1179 iu
1129 1118 1305 1181 litterarum
1329 1119 1498 1181 allatarum
1525 1117 1630 1192 libris,
1659 1120 1799 1184 domasa

444 1215 478 1277 in
502 1214 677 1277 litterarum
708 1212 873 1274 missarum
899 1210 982 1294 apud
1011 1211 1196 1292 magistrum
1218 1213 1254 1273 L.
1276 1212 1430 1286 Tullium,
1461 1209 1650 1275 familiarem
1675 1220 1776 1286 tuum,

444 1307 567 1372 inveni:
598 1305 715 1389 quibus
738 1325 779 1367 ex
801 1305 914 1368 litteris
935 1303 1165 1386 impudentiam
1185 1304 1391 1380 feneratoris,
1422 1324 1559 1390 quaeso,
1585 1305 1776 1387 cognoscite.

445 1405 608 1465 errsssu
647 1418 759 1463 scissas
794 1399 827 1461 Ρ.
857 1399 986 1470 Vsa-nr,
1021 1399 1056 1463 P.
1086 1397 1242 1471 Ssuvrun,
1280 1398 1315 1460 C.
1347 1403 1505 1473 Asrnru,
1541 1416 1776 1471 nonnosus.

444 1496 573 1558 Praesto
596 1496 641 1557 ait
661 1512 695 1556 se
723 1493 780 1555 tibi
810 1491 952 1555 futurum
974 1492 1100 1556 Vettius
1122 1498 1156 1553 et
1176 1492 1433 1566 observaturum,
1466 1492 1777 1575 quemadmodum

444 1591 585 1652 rationes
607 1588 647 1650 ad
669 1588 825 1649 aerarium
847 1585 982 1660 celeras,
1011 1593 1062 1660 ut,
1090 1586 1119 1647 si
1147 1584 1230 1648 banc
1260 1604 1301 1648 ex
1328 1584 1438 1649 fenore
1466 1587 1633 1669 pecuniam
1654 1587 1813 1670 populoso

444 1701 510 1744 non
532 1681 705 1752 rettuleris,
727 1680 841 1743 reddas
864 1681 1019 1744 societati.
1062 1674 1135 1742 468.
1157 1681 1328 1743 Possumus
1349 1679 1410 1742 hoc
1432 1687 1530 1754 teste,
1552 1701 1721 1763 possumus
1741 1683 1776 1747 Ρ.

445 1775 571 1838 Servilii
601 1783 633 1838 et
661 1775 694 1837 C.
722 1775 850 1837 Antistii
878 1775 1098 1857 magistrorum
1125 1774 1256 1848 litteris,
1289 1775 1461 1857 primorum
1490 1773 1654 1838 bominum
1681 1782 1777 1858 alque

443 1867 755 1941 honestissimorum,
785 1888 953 1952 possumus
980 1870 1167 1932 auctoritate
1190 1868 1367 1942 societatis,
1400 1870 1491 1932 cuius
1514 1869 1626 1932 litteris
1647 1868 1776 1943 utimur,

443 1963 529 2045 quod
552 1960 686 2025 dicimus
708 1962 874 2026 obtineret
896 1983 937 2025 an
959 1961 1068 2045 aliqua
1088 1958 1227 2025 firmiora
1248 1970 1304 2026 aut
1324 1963 1471 2045 graviore
1484 1959 1667 2046 quaerenda
1681 1963 1776 2023 suntl

445 2055 575 2117 Lxxli.
598 2055 731 2130 Vettius,
753 2064 826 2119 tuus
848 2055 1122 2129 familiarissimus,
1145 2055 1279 2130 Vettius,
1301 2064 1373 2119 tuus
1394 2053 1509 2130 affinis,
1531 2056 1623 2120 cuius
1636 2068 1814 2119 sororemto

442 2148 541 2212 babes
563 2149 597 2211 in
618 2149 838 2224 matrimonio,
870 2157 943 2213 tuae
964 2151 1074 2212 uxoris
1096 2149 1209 2224 frater,
1239 2151 1379 2223 Vettius,
1401 2149 1500 2213 frater
1522 2150 1569 2215 tui
1590 2149 1777 2236 quaestoria,

443 2250 577 2305 testatur
597 2241 712 2305 litteris
727 2251 816 2305 tuum
831 2243 1141 2325 impudentissimum
1156 2242 1274 2307 sudum
1291 2244 1567 2328 certissimumque
1580 2245 1776 2328 peculatum

443 2356 516 2400 nam
529 2355 593 2418 quo
608 2335 672 2398 alio
687 2336 817 2399 nomine
831 2338 986 2419 pecuniae
1002 2336 1146 2418 publicae
1160 2335 1315 2400 feneratio
1330 2343 1380 2400 est
1394 2337 1606 2420 appellanda?
1636 2336 1777 2401 Scribam

442 2439 531 2494 tuum
554 2430 648 2504 dicit,
677 2432 809 2504 Verres,
838 2430 934 2493 huius
955 2431 1198 2513 perscriptorem
1219 2430 1425 2494 fenerationis
1446 2430 1563 2494 luisse:
1596 2431 1625 2494 ei
1647 2451 1776 2515 quoque

442 2523 585 2605 magistri
608 2525 769 2586 minantur
788 2524 823 2587 in
842 2524 978 2598 litteris,
1008 2531 1041 2587 et
1062 2544 1138 2588 casu
1159 2525 1283 2589 scribae
1309 2532 1378 2588 lum
1391 2525 1464 2588 duo
1485 2526 1628 2608 magistri
1648 2524 1813 2591 suerunta)

442 2638 513 2680 cum
535 2618 651 2681 Vettio.
694 2617 790 2680 Binas
812 2618 1001 2681 centesimas
1023 2618 1062 2681 ab
1085 2638 1156 2681 sese
1177 2620 1298 2684 ablatas
1321 2619 1486 2682 ferendum
1507 2638 1571 2683 non
1593 2627 1722 2703 putant,
1744 2626 1777 2685 el

442 2719 528 2775 recte
549 2732 614 2775 non
636 2717 758 2794 pulani.
804 2710 883 2786 Quis
906 2712 990 2775 enirn
1011 2711 1073 2776 boc
1095 2712 1171 2776 fecit
1196 2716 1368 2796 umquam?
1390 2712 1463 2794 quis
1484 2710 1623 2796 denique
1644 2722 1776 2778 mustus

443 2814 491 2870 est
514 2807 620 2871 iacere
642 2811 698 2867 aut
717 2824 812 2888 posse
833 2801 902 2868 lieri
931 2806 1098 2887 cogitavit,
1126 2815 1178 2881 ut,
1208 2828 1280 2870 cum
1309 2815 1437 2870 senatus
1465 2826 1561 2871 usura
1590 2805 1776 2890 publicanos

442 2921 539 2983 saepe
568 2899 716 2972 iuvisset,
744 2899 946 2981 magistratus
973 2919 993 2963 s
1022 2901 1203 2982 publicanis
1233 2903 1404 2984 pecuniam
1431 2922 1489 2987 pro
1518 2921 1617 2965 usura
1644 2900 1776 2967 auderet

442 2995 589 3059 arderrel
634 2991 725 3056 Certe
745 2992 822 3056 buic
842 2993 965 3057 homini
987 3014 1060 3077 spes
1082 2994 1172 3059 nulla
1193 2994 1305 3059 salutis
1327 3002 1429 3070 esset,
1459 2997 1489 3061 ai
1510 2994 1687 3080 publicani,
1712 2994 1812 3069 bocat

442 3095 501 3161 est,
523 3088 551 3151 si
574 3088 699 3171 equites
720 3087 852 3151 Romani
876 3087 1064 3152 indicarent.
1099 3084 1172 3151 469.
1194 3090 1298 3155 llinor
1318 3109 1389 3153 esse
1412 3108 1508 3165 nunc,
1525 3088 1663 3164 iudices,
1684 3088 1774 3155 vobis

444 3181 696 3265 disceptantibus
717 3180 822 3256 debet,
844 3188 875 3245 et
891 3189 978 3246 tanto
999 3183 1113 3257 minor,
1135 3191 1254 3267 quanto
1275 3190 1324 3247 est
1342 3182 1509 3253 honestius
1524 3184 1637 3249 alienis
1649 3184 1775 3251 iniuriis

444 3296 538 3360 quarn
564 3296 602 3340 -re
631 3293 691 3339 sua
719 3277 919 3340 commoveri.
970 3276 1057 3353 Quid
1084 3276 1124 3341 ad
1152 3276 1233 3341 haec
1257 3275 1452 3360 respondere
1469 3277 1620 3360 cogitas?
1660 3277 1773 3343 Utrum

505 3549 531 3600 3.
548 3562 606 3598 cuca
622 3548 700 3600 codd.
720 3549 774 3600 noti
792 3552 898 3614 praeter
909 3554 939 3610 Α,
958 3563 991 3600 ex
1005 3563 1057 3614 quo
1070 3550 1133 3601 nibil
1145 3550 1306 3602 diversitatis
1317 3563 1333 3600 a
1344 3547 1449 3613 vulgata
1461 3554 1490 3600 ut
1500 3551 1532 3612 ei,
1550 3561 1620 3614 quae
1631 3563 1646 3601 e
1658 3550 1773 3602 victorio

440 3627 491 3682 est.
509 3626 645 3675 enotatum
663 3627 713 3677 est.
734 3650 761 3662 —
779 3625 877 3675 luterus
892 3625 919 3674 ic
936 3626 986 3676 Sic.
1005 3625 1074 3689 1341
1086 3640 1091 3674 :
1118 3627 1145 3675 in
1161 3626 1212 3676 Sic.
1230 3625 1278 3675 titt.
1299 3622 1357 3675 rell.
1377 3625 1406 3675 0.
1427 3652 1455 3662 -
1473 3623 1498 3676 4.
1519 3629 1544 3675 et
1558 3639 1604 3675 aec
1617 3625 1774 3688 publicem

441 3699 520 3750 codd.
539 3703 646 3765 praeter
662 3697 720 3749 cod.
740 3700 797 3752 lira.
816 3701 858 3763 (i),
883 3700 909 3749 in
931 3712 985 3763 quo
1009 3702 1061 3750 aas
1075 3701 1200 3750 romaicus
1212 3699 1407 3762 publicanorum
1422 3699 1504 3752 tuisse
1529 3700 1656 3751 traditur:
1682 3704 1706 3752 et
1722 3699 1775 3754 elur

440 3775 564 3824 coeuntis
576 3774 770 3837 publicanorum
785 3774 819 3830 0;
837 3779 860 3823 et
877 3774 1000 3824 meotis
1012 3775 1206 3837 publicanum
1221 3776 1250 3825 1.
1274 3773 1368 3839 [Abest
1388 3788 1434 3825 reu
1454 3788 1470 3825 a
1493 3774 1592 3838 Legil3
1615 3775 1774 3839 poeticum

440 3848 540 3900 babent
555 3862 666 3910 omnes,
684 3850 762 3912 lagg.
781 3851 888 3913 praeter
904 3861 987 3899 unum
998 3849 1034 3914 1.]
1051 3877 1076 3887 -
1095 3852 1120 3899 ii.
1139 3849 1278 3900 cliuum
1295 3850 1313 3900 t.
1331 3850 1361 3899 li.
1381 3849 1408 3898 ic
1424 3849 1568 3901 meracam
1584 3862 1638 3901 om.
1655 3848 1772 3915 1341444

439 3925 470 3975 li.
491 3951 519 3962 -
538 3924 562 3974 6.
580 3925 608 3974 1.
629 3924 735 3973 Tullium
751 3924 789 3973 li:
815 3925 844 3973 1..
861 3924 950 3974 Mum
972 3923 1053 3987 1341;
1080 3927 1109 3975 1.
1126 3925 1225 3975 Peliaco
1248 3939 1286 3987 φ;
1314 3924 1420 3975 ludim
1440 3923 1498 3976 rell.
1525 3952 1553 3963 -
1577 3925 1603 3976 1.
1624 3924 1775 3989 [malm

439 4000 501 4063 lgg.
514 4010 619 4052 omnes.
636 3999 729 4062 ΝΒψ
744 3999 775 4048 11.
795 3998 835 4060 (ex
856 3999 910 4049 AC
931 3997 994 4049 nihil
1019 4003 1156 4050 enotatum
1186 4000 1249 4062 esti:
1273 4000 1435 4062 [montonis
1457 4000 1491 4061 0,
1517 3999 1590 4064 quod
1612 4000 1634 4051 si
1656 3999 1773 4067 aliquam

439 4088 454 4124 a
471 4073 609 4125 codicibus
625 4073 737 4124 haberet
754 4075 949 4130 auctoritatem,
968 4077 1079 4138 propter
1096 4075 1121 4139 s.
1141 4075 1198 4126 468.
1218 4074 1274 4124 lib.
1293 4074 1468 4139 praeferrem.
1482 4102 1510 4112 ·-
1528 4075 1553 4126 ii.
1571 4074 1773 4128 imm·-
1823 4086 1835 4105 ⁶

437 4149 670 4201 ulciscebatur
686 4160 740 4198 om.
759 4149 842 4211 Lugii
861 4149 893 4198 19
910 4147 943 4200 41
958 4151 980 4199 Α
998 4149 1017 4198 Β
1035 4150 1069 4208 C,
1097 4147 1190 4199 relicto
1208 4151 1297 4199 tamen
1315 4148 1401 4212 spatio
1419 4161 1505 4199 uacuo
1522 4148 1548 4198 in
1564 4149 1633 4213 1311
1650 4150 1683 4200 19
1699 4151 1771 4212 eim

319 4212 325 4225 ‘
437 4223 557 4274 nassau
566 4223 658 4273 oms.
671 4249 698 4260 -
708 4225 737 4273 ι.
751 4222 825 4272 vesu
836 4221 900 4272 uest.
909 4223 971 4272 ο.-
981 4223 1009 4272 e.
1022 4223 1092 4273 saw.
1106 4223 1217 4288 zumpt:
1231 4225 1259 4274 1.
1270 4223 1341 4275 sco.
1355 4221 1467 4273 coca-
1480 4223 1580 4274 aucus
1591 4225 1711 4277 uatum:
1723 4226 1774 4277 uc

437 4296 646 4349 441411440661-
660 4298 685 4347 9.
698 4298 736 4347 uit
752 4310 777 4347 re
794 4297 838 4346 tibi
854 4297 936 4360 1341ε
954 4311 980 4348 aa
998 4297 1041 4347 tibi
1058 4299 1093 4348 ait
1106 4301 1151 4348 ott.
1165 4299 1226 4349 0.-
1241 4300 1282 4349 44).
1297 4311 1353 4360 pec.
1367 4298 1462 4360 populo
1474 4297 1559 4361 Lglbz
1573 4313 1635 4362 pop.
1645 4313 1700 4362 pec.
1713 4298 1770 4353 rell.

438 4374 467 4424 0.
488 4400 516 4410 -
536 4373 576 4423 44.
594 4374 621 4423 Ρ.
640 4372 710 4423 Serv.
729 4371 807 4422 codd.
827 4384 931 4422 omnes.
949 4399 974 4408 -
989 4373 1028 4422 41.
1046 4373 1137 4422 Antisti
1153 4373 1222 4436 1319
1234 4372 1284 4431 41;
1302 4372 1411 4424 autistiti
1426 4370 1484 4423 rell.
1500 4400 1527 4409 -
1542 4373 1582 4425 41.
1599 4375 1688 4426 litteris
1703 4374 1772 4441 1341

436 4448 473 4498 li:
492 4460 545 4498 osu.
565 4445 621 4498 rell.
642 4473 670 4484 -
689 4447 730 4498 44.
748 4447 802 4511 out]
819 4460 855 4496 ou
871 4447 887 4497 3
903 4447 979 4511 lagg
1001 4446 1066 4496 dett.
1088 4476 1116 4485 -
1136 4450 1176 4498 io.
1194 4461 1252 4497 curn
1271 4447 1369 4508 Vettius,
1387 4452 1407 4498 t.
1423 4447 1444 4511 l.
1459 4447 1556 4498 ¹Franc.
1574 4449 1625 4510 (est
1639 4450 1773 4514 scriptura

440 4522 530 4572 Vettius
546 4520 839 4586 414111341461-
859 4524 901 4573 46.
913 4536 959 4573 sc.
971 4523 1055 4586 frater
1064 4522 1151 4586 Lgl2:
1169 4524 1202 4585 fr.
1216 4536 1262 4572 un.
1274 4518 1332 4571 rell.
1346 4522 1375 4571 0.
1393 4520 1462 4584 [teus
1475 4523 1566 4573 acoris
1580 4524 1671 4590 fretu]
1688 4522 1769 4577 11.-

439 4597 531 4648 latiur
545 4598 627 4660 (rotor
643 4610 698 4647 orn.
716 4595 795 4661 1341.
811 4622 837 4634 —-
853 4598 892 4648 41.
912 4602 1017 4648 mutar
1032 4599 1122 4650 titteris
1133 4598 1201 4662 1341
1213 4612 1254 4660 φτ
1273 4597 1410 4649 testeturli
1423 4597 1459 4655 ος
1477 4599 1621 4660 utrumque
1637 4611 1698 4650 voc.
1716 4611 1770 4652 cm.

437 4674 484 4722 ott.
505 4699 532 4709 -
554 4677 627 4723 tuum
642 4673 702 4734 imp.
721 4671 790 4735 1341
803 4674 876 4733 Νφε
900 4675 962 4735 imp.
981 4678 998 4723 t.
1020 4673 1075 4724 rell.
1095 4673 1124 4724 0.
1145 4701 1173 4711 -
1191 4673 1232 4724 48.
1250 4671 1373 4734 Scribam
1391 4673 1477 4723 liecitc
1492 4673 1599 4734 reliqua.
1617 4673 1733 4727 &abaci
1750 4675 1771 4729 0

437 4758 500 4798 cum
522 4746 602 4797 codd.
627 4746 690 4797 dett.
720 4746 825 4798 Abeunt
844 4747 886 4799 illa
903 4748 986 4798 verba
1004 4748 1039 4799 ab
1056 4747 1222 4812 su,=1.gtt,
1241 4749 1305 4798 item
1322 4760 1337 4797 a
1355 4748 1387 4797 11
1405 4750 1433 4798 et
1448 4749 1495 4810 19,
1521 4747 1571 4800 sed
1587 4749 1624 4799 iia
1640 4749 1712 4801 utin
1729 4749 1771 4802 uls

437 4819 543 4872 duobus
566 4820 657 4873 lacuna
680 4824 723 4874 sit.
750 4850 777 4861 —
804 4825 845 4874 10.
870 4826 960 4875 aarum
979 4838 1041 4875 cuae
1065 4824 1158 4876 ecod.
1187 4822 1236 4886 (vel
1255 4823 1334 4884 coni.)
1355 4823 1461 4874 lictum.
1480 4824 1510 4874 0.
1535 4851 1562 4861 -
1583 4823 1716 4878 misso
1737 4838 1770 4876 ex

435 4896 549 4947 Ernestii
570 4899 735 4949 centussis
757 4897 870 4950 inclusit.
891 4926 919 4936 -
937 4901 1065 4962 offuermt
1087 4900 1148 4951 cod.
1169 4899 1274 4951 lictum.
1289 4925 1317 4935 -
1336 4898 1376 4949 14.
1396 4911 1446 4950 aesc
1469 4898 1556 4963 Lgli:
1582 4912 1608 4950 se
1624 4901 1670 4949 ctt.
1689 4899 1719 4951 0.
1740 4925 1765 4939 ·

435 4970 565 5034 [emadan
580 4973 629 5035 134
645 4971 694 5023 li:
712 4975 846 5038 semum
863 4971 919 5025 rell.
936 5002 962 5011 -
978 4977 1081 5037 pmouit
1091 4974 1170 5039 1341.
1186 5001 1212 5011 -
1232 4981 1255 5025 et
1270 4988 1293 5024 r.
1311 4989 1362 5024 oon
1376 4979 1430 5036 put.
1449 4988 1503 5025 om.
1525 4974 1605 5026 idem.
1620 5001 1648 5012 -
1669 4975 1711 5027 11.
1728 4976 1770 5028 al-

436 5058 484 5108 que
505 5051 609 5095 cunctus
629 5050 792 5098 crt--iersit
816 5049 840 5112 fi.
859 5047 908 5100 413
926 5052 992 5098 extr.
1011 5049 1093 5100 habel
1110 5050 1140 5099 V.
1161 5076 1188 5087 -
1215 5049 1256 5101 13.
1274 5062 1354 5100 usuro
1367 5050 1436 5113 publ.
1454 5049 1523 5114 1341
1540 5051 1579 5100 V:
1602 5049 1672 5112 publ.
1689 5064 1770 5104 urm

437 5119 494 5172 rell.
512 5122 543 5181 0;
564 5122 633 5185 pubi.
651 5137 756 5174 cerm
774 5125 843 5175 coni.
860 5125 884 5174 J.
904 5125 930 5174 l‘.
944 5126 1057 5174 Gronov.
1076 5124 1110 5176 ds
1129 5138 1188 5189 pec.
1206 5126 1260 5175 vei.
1273 5124 1321 5184 lv,
1340 5124 1364 5175 3.
1380 5151 1407 5161 -
1426 5123 1539 5188 11.ρνο]
1558 5124 1625 5188 ouri
1640 5124 1718 5190 egla
1737 5151 1766 5163 -

435 5209 517 5247 meru
533 5197 652 5262 igliv:
670 5201 754 5249 usmis
769 5202 815 5250 ott.
829 5201 858 5251 0.
872 5225 901 5236 -
920 5199 961 5253 16.
979 5201 1054 5253 iudic
1073 5200 1112 5252 sic
1129 5198 1267 5263 vilici·
1285 5211 1337 5251 esce
1351 5198 1501 5263 Lgliov:
1520 5213 1569 5252 ease
1584 5213 1650 5253 curs
1664 5196 1764 5255 rsu-

436 5269 479 5323 18.
496 5285 537 5324 rea
551 5286 600 5326 uto
615 5275 651 5336 V;
669 5288 717 5328 tuo
733 5288 786 5330 om.
804 5273 883 5344 1341.
