4367 6109
814 629 888 696 a».
909 630 1053 696 rv-v.
1082 629 1139 717 ss.
1162 628 1327 698 ie-ai.
1710 633 1731 696 a

407 801 564 876 Naevius,
585 790 746 865 bominem
768 801 876 865 multis
898 803 1002 865 verbis
1025 803 1179 877 deterret,
1202 823 1242 867 ne
1264 805 1480 869 auctionetur:
1504 826 1577 868 eum
1599 826 1664 869 non
1687 806 1732 870 ita

406 895 574 959 commode
596 917 691 979 posse
712 917 751 960 eo
773 905 932 981 tempore,
961 917 1043 982 quae
1064 899 1322 981 proscripsisset,
1344 899 1498 972 venderes
1528 901 1647 963 Romae
1670 901 1731 964 sibi

404 1009 608 1054 nummorum
630 991 812 1054 facultatem
834 1013 921 1065 csse,
950 1012 1062 1075 quam,
1092 992 1119 1054 si
1142 1000 1282 1074 saperet,
1312 1014 1511 1056 communem
1534 995 1732 1058 existimaret

403 1103 461 1169 pro
482 1082 621 1147 fraterna
643 1085 699 1149 illa
719 1087 955 1151 necessitudine
977 1095 1010 1149 et
1031 1106 1089 1169 pro
1113 1086 1214 1168 ipsius
1236 1085 1406 1150 affinitate:
1435 1108 1510 1151 nam
1530 1090 1564 1150 P.
1587 1087 1730 1165 Quinctii

403 1177 627 1243 consobrinam
648 1181 745 1244 habet
765 1181 799 1243 in
822 1180 1026 1245 matrimonio
1046 1179 1184 1244 Naevius
1206 1187 1239 1243 et
1252 1199 1294 1242 ex
1309 1200 1347 1242 ea
1361 1181 1488 1245 liberos.
1521 1182 1621 1257 Quia,
1643 1182 1731 1265 quod
1754 1191 1769 1237 ⁵

403 1275 508 1336 virum
522 1273 641 1337 bonum
655 1275 759 1338 facere
775 1273 957 1358 oportebat,
979 1274 1012 1337 id
1026 1273 1220 1358 loquebatur
1232 1274 1388 1349 Naevius,
1410 1277 1546 1340 credidit
1560 1274 1730 1352 Quinctius

404 1390 492 1442 eum,
515 1369 569 1452 qui
592 1371 770 1433 orationem
791 1370 950 1433 bonorum
970 1368 1166 1443 imitaretur,
1187 1366 1271 1432 iacta
1292 1389 1422 1453 quoque
1441 1371 1653 1433 imitaturum:
1675 1388 1732 1431 au-

403 1465 540 1526 ctionem
561 1462 643 1528 velle
664 1464 767 1528 facere
790 1464 931 1538 desistit,
953 1464 1086 1527 Romam
1102 1457 1330 1547 proficiscitur3
1353 1464 1480 1528 decedit
1496 1485 1536 1527 ex
1555 1464 1657 1528 Gallia
1669 1465 1732 1527 lto·

403 1578 486 1622 mam
507 1559 603 1622 simul
623 1558 771 1622 Naevius.
815 1554 866 1623 47.
896 1558 974 1622 Cura
1001 1559 1172 1642 pecuniam
1194 1556 1229 1623 C.
1252 1557 1422 1634 Quinctius
1443 1562 1477 1622 P.
1501 1559 1655 1643 Scapulae
1677 1559 1732 1621 de-

401 1654 538 1726 buisset,
560 1661 689 1736 perte,
719 1653 752 1717 C.
773 1652 901 1736 Aquili,
929 1652 1050 1717 decidit
1069 1652 1104 1715 P.
1126 1651 1313 1728 Quinctius,
1345 1653 1422 1736 quid
1444 1653 1553 1717 liberis
1575 1655 1644 1717 eius
1666 1654 1768 1716 dis-to

401 1748 549 1812 solveret.
581 1747 650 1810 lloo
671 1767 710 1810 co
732 1769 790 1831 per
811 1755 844 1811 te
864 1747 1033 1831 agebatur,
1054 1746 1145 1832 quod
1165 1753 1298 1831 propter
1318 1748 1472 1810 aerariam
1489 1748 1646 1811 rationem
1664 1767 1730 1810 non

400 1842 478 1905 satis
505 1848 573 1905 erat
599 1841 633 1904 in
664 1842 782 1905 tabulis
810 1840 1006 1925 inspexisse,
1034 1848 1190 1925 quantum
1219 1838 1409 1917 deberetur,
1437 1841 1499 1904 uisi
1528 1840 1569 1904 ad
1592 1840 1730 1905 Castoris

401 1937 599 2021 quaesisses,
630 1945 784 2020 quantum
806 1936 992 2001 solveretur.
1034 1934 1164 2000 lleoidis
1184 1935 1361 2019 statuisque
1384 1943 1418 1998 tu
1440 1942 1572 2019 propter
1591 1933 1731 1997 necessi-

400 2030 560 2105 tudinem,
585 2050 668 2113 quae
690 2030 747 2094 tibi
770 2050 842 2093 cum
865 2029 1011 2112 Scapulis
1033 2037 1099 2103 est,
1127 2029 1206 2113 quid
1227 2030 1268 2092 iis
1290 2030 1330 2092 ad
1353 2030 1520 2093 denarium
1542 2028 1729 2092 solveretur.

294 2141 302 2155 ·
399 2127 437 2189 V.
460 2118 510 2186 l8.
532 2124 619 2187 llaec
642 2125 750 2187 omnia
765 2125 935 2201 Quinctius
957 2123 1071 2207 agebm
1091 2132 1222 2188 auctore
1243 2132 1276 2188 et
1297 2144 1489 2188 consuasore
1504 2125 1634 2189 Naevio.
1663 2126 1766 2187 Neela

400 2221 531 2295 mirum,
560 2220 587 2283 si
610 2221 678 2283 eius
700 2220 848 2282 utebatur
869 2218 1021 2291 consilio,
1043 2219 1136 2281 auius
1158 2219 1316 2282 auxilium
1338 2219 1399 2281 sibi
1420 2226 1566 2302 paratum
1585 2218 1728 2302 putabat

398 2318 470 2379 Non
492 2316 588 2380 modo
611 2315 695 2377 enim
716 2314 879 2398 pollicitus
903 2321 969 2376 erat
984 2313 1019 2375 in
1033 2313 1147 2386 Gallia,
1170 2313 1226 2376 sed
1244 2315 1364 2376 liomae
1379 2313 1540 2397 quotidie,
1562 2311 1657 2376 simul
1680 2319 1728 2375 at-

399 2430 462 2498 que
485 2411 547 2474 sibi
569 2410 621 2474 hio
635 2410 815 2485 annuisset,
838 2417 1076 2472 numeraturum
1099 2429 1134 2473 se
1156 2410 1290 2473 dicebat.
1322 2409 1491 2485 Quinctius
1510 2426 1609 2492 porro
1630 2407 1728 2472 istim

398 2527 494 2593 posse
515 2506 620 2569 facere
642 2505 785 2580 videbat,
808 2505 924 2568 debere
939 2504 1152 2587 intelligebat;
1175 2503 1318 2577 mentiri,
1341 2502 1417 2587 quia
1432 2521 1545 2579 causa,
1567 2521 1625 2566 our
1638 2520 1728 2565 men·

398 2604 526 2675 tiretar,
549 2619 614 2663 nou
637 2606 718 2672 erat,
740 2618 806 2661 non
828 2600 969 2682 patabat.
1013 2600 1113 2674 Quasi
1137 2598 1222 2661 domi
1246 2617 1393 2661 nummos
1414 2596 1563 2673 haberet,
1583 2596 1630 2662 ita
1650 2615 1765 2663 con-ao

398 2697 502 2762 stituit
523 2693 668 2778 Scapulis
691 2713 725 2755 se
748 2694 904 2755 daturum.
947 2694 1103 2756 Naevium
1124 2693 1292 2756 certiorem
1313 2692 1407 2768 facit3
1436 2698 1544 2773 rogat,
1565 2698 1603 2755 ut
1623 2699 1726 2769 curet,

400 2793 486 2878 quod
510 2790 653 2853 dixisset.
697 2782 748 2850 49.
772 2790 851 2849 Turn
874 2788 933 2850 iste
955 2788 1004 2849 vir
1025 2787 1164 2869 optimus
1188 2785 1325 2868 (vereor,
1348 2807 1389 2849 ne
1410 2805 1444 2848 se
1466 2786 1604 2848 derideri
1626 2795 1727 2870 putet,

399 2887 485 2973 quod
509 2887 624 2948 iterum
646 2883 709 2946 iam
731 2882 820 2957 dico,
844 2880 1011 2963 optimus),
1039 2884 1095 2966 qui
1117 2883 1202 2946 huno
1224 2883 1257 2944 in
1280 2902 1418 2946 summas
1440 2881 1603 2964 angustias
1624 2882 1727 2945 addu-

398 2991 482 3048 ctum
505 2986 647 3063 putaret,
676 2983 712 3040 ut
740 2996 814 3038 eum
835 2977 902 3039 suis
924 2977 1166 3043 condicionibus
1188 2978 1222 3042 in
1244 2978 1315 3060 ipso
1337 2977 1472 3040 articulo
1495 2977 1648 3059 temporis
1670 2976 1726 3040 ad·

398 3077 582 3159 stringeret,
604 3091 707 3135 assem
730 3091 800 3134 sese
823 3079 917 3154 negat
939 3072 1103 3147 daturum,
1125 3070 1188 3137 nisi
1210 3073 1300 3155 prius
1314 3072 1354 3134 de
1371 3072 1467 3135 rebus
1481 3072 1762 3156 rationibusqueat

398 3170 558 3236 societatis
581 3167 728 3231 omnibus
750 3165 920 3230 decidisset
942 3174 973 3228 et
995 3169 1124 3242 scisset,
1146 3167 1207 3230 sibi
1230 3188 1302 3230 cum
1315 3167 1466 3244 Quinctio
1488 3167 1723 3230 controversiae

397 3265 477 3330 nibil
499 3264 651 3326 futurum.
695 3262 872 3336 Posterius,
894 3263 1013 3346 inquit,
1036 3262 1098 3325 ista
1118 3261 1313 3337 videbimus,
1337 3261 1524 3338 Quinctius:
1554 3281 1640 3324 nuno
1660 3260 1724 3324 lroo

398 3361 493 3425 uelim
508 3378 614 3432 cures,
633 3356 660 3420 si
673 3357 731 3420 tibi
748 3357 889 3430 videtur,
914 3357 1000 3440 quod
1016 3355 1137 3419 dixisti.
1166 3357 1267 3438 Negat
1283 3377 1317 3419 se
1333 3356 1395 3418 alia
1408 3355 1531 3419 ratione
1548 3355 1722 3432 facturum

399 3455 484 3541 quod
505 3453 723 3537 promisisset,
745 3472 811 3514 non
832 3452 905 3533 plus
927 3469 986 3513 sua
1006 3451 1141 3524 referre,
1166 3469 1261 3532 quarn
1284 3451 1327 3524 si,
1351 3469 1423 3512 cum
1445 3450 1626 3512 auctionem
1646 3470 1723 3513 ven-

398 3551 501 3622 deret,
525 3546 646 3609 dominl
661 3545 749 3609 iussu
765 3545 929 3629 quidpiam
944 3544 1153 3626 promisisset.
1184 3542 1236 3609 20.
1259 3545 1472 3607 Destitutioue
1487 3543 1542 3607 illa
1556 3544 1759 3628 perculsusao

398 3643 566 3721 Quinctius
588 3661 607 3704 a
628 3641 773 3725 Scapulis
795 3658 914 3723 paucos
938 3638 1006 3700 dies
1028 3637 1147 3714 ausert3
1170 3638 1203 3700 in
1224 3637 1358 3700 Galliam
1380 3637 1491 3712 mittit,
1513 3643 1550 3701 ut
1564 3658 1616 3712 ea,
1639 3658 1722 3722 quae

396 3736 640 3823 proscripserat,
662 3736 823 3810 venirent3
853 3733 1011 3796 deteriore
1034 3739 1176 3815 ternpore
1198 3733 1313 3795 absens
1333 3732 1552 3807 auctionatur;
1575 3732 1721 3816 Scapulis

397 3829 573 3895 difficiliore
595 3829 783 3894 condicione
806 3827 962 3891 dissolvit.
999 3829 1087 3888 Tunc
1109 3825 1250 3909 appellat
1269 3825 1354 3890 ultro
1375 3827 1544 3902 Naevium,
1566 3835 1616 3901 ut,
1641 3847 1721 3911 quo-

396 3927 481 3989 niam
509 3924 724 4006 suspicaretur
753 3923 862 4006 aliqua
890 3921 929 3982 de
958 3940 992 3982 re
1013 3919 1083 3982 fore
1105 3920 1371 3997 controversiam,
1397 3919 1534 3995 videret,
1566 3929 1603 3985 ut
1624 3941 1720 4005 mam

395 4020 532 4105 primum
555 4025 587 4081 et
609 4036 704 4102 quam
726 4017 856 4079 minima
879 4036 951 4079 cum
973 4014 1120 4078 molestia
1140 4021 1209 4082 tota
1228 4034 1280 4080 res
1301 4010 1537 4098 transigeretur.
1578 4012 1630 4078 2⁴.
1659 4017 1757 4079 Datss

396 4116 455 4179 iste
470 4114 607 4179 amicum
621 4114 663 4175 M.
679 4111 888 4184 Trebellium,
911 4129 970 4172 nos
989 4128 1188 4173 communem
1203 4110 1432 4185 neeessariam,
1456 4109 1512 4194 qui
1526 4110 1619 4174 istius
1633 4110 1721 4174 domi

460 4375 485 4425 4.
503 4386 560 4424 etms
575 4373 632 4423 eet.
645 4385 667 4422 c.
683 4370 762 4436 posse]
779 4384 871 4421 cuma.
884 4371 901 4420 i.
914 4384 938 4421 c.
952 4376 1068 4434 possete.
1084 4398 1112 4408 -
1131 4371 1156 4421 4.
1174 4370 1248 4437 quae]
1265 4382 1315 4435 qao
1331 4369 1718 4436 BGabodlghllrlmn.

395 4450 433 4502 cl.
452 4449 477 4514 5.
496 4449 538 4499 ao.
558 4474 586 4483 ·-
605 4445 629 4498 l.
649 4446 723 4498 eiort.
738 4460 787 4508 pro
803 4447 915 4507 ipsorum
930 4450 992 4511 apt»
1011 4459 1063 4510 mg.
1082 4446 1108 4500 8.
1130 4473 1157 4484 -
1176 4448 1201 4498 7.
1218 4447 1343 4499 mosea
1359 4450 1388 4498 Α.
1409 4474 1436 4483 -
1456 4448 1481 4498 8.
1498 4449 1582 4511 secere
1597 4448 1660 4498 aetio
1675 4449 1721 4498 de-

393 4526 454 4575 stitit
470 4525 495 4575 k.
516 4550 544 4562 -
563 4520 613 4573 sal.
630 4523 745 4573 4444444444·
763 4535 816 4585 mg.
830 4520 856 4574 4.
877 4547 904 4557 -
924 4524 954 4573 G.
972 4523 1047 4573 simut
1063 4524 1168 4573 ltoumm
1184 4536 1199 4572 e
1217 4522 1245 4573 et
1260 4523 1291 4574 Α.
1308 4547 1336 4557 -
1356 4522 1395 4571 tt.
1414 4522 1475 4584 quta
1491 4534 1553 4573 nos:
1575 4523 1641 4584 quod
1657 4534 1720 4572 oum

394 4599 532 4652 codicum
547 4598 617 4650 notis
633 4597 746 4651 4440.
773 4597 811 4649 (14.
831 4611 857 4648 v.
876 4597 916 4649 44.
938 4625 965 4635 -
992 4599 1032 4649 44.
1051 4598 1147 4649 deberet
1161 4598 1187 4647 k.
1209 4625 1236 4635 -
1255 4598 1289 4648 ad
1305 4596 1422 4661 castoris]
1439 4611 1456 4647 a
1472 4596 1643 4660 qumstortbus
1660 4608 1675 4646 e
1693 4598 1721 4647 et

393 4674 454 4730 Abi
475 4673 534 4739 (sal.
557 4675 591 4725 ad
607 4673 735 4726 caiora·
753 4686 806 4736 mg.
825 4672 863 4736 8),
890 4674 924 4722 ad
946 4678 1088 4736 quaestores
1109 4675 1139 4734 k,
1163 4673 1198 4723 ad
1220 4674 1357 4736 quaestoris
1372 4673 1489 4736 temptum
1506 4685 1536 4736 a,
1560 4673 1595 4723 ad
1611 4671 1730 4723 Castoris·

393 4750 511 4813 meatum
522 4751 555 4811 G,
573 4750 608 4799 ad
624 4748 725 4800 cabaa
741 4748 884 4799 Arusianus
901 4749 979 4800 Mese.
998 4762 1024 4812 p.
1038 4748 1094 4798 444.
1109 4748 1228 4799 Lindem.
1254 4748 1293 4799 Cl.
1306 4747 1426 4799 Niebuhr
1437 4749 1475 4798 ra.
1489 4749 1560 4800 Sabe.
1574 4762 1601 4813 p.
1612 4748 1661 4797 444
1676 4759 1717 4811 sq.

393 4827 465 4878 Raeti
480 4826 544 4876 Var.
562 4827 645 4875 Lectt.
664 4825 683 4874 4.
702 4837 728 4888 p.
749 4824 804 4875 454.
825 4850 853 4860 -
877 4824 918 4874 43.
937 4825 1071 4886 quaesisses
1086 4835 1149 4874 cum
1166 4823 1314 4874 llotomano
1330 4824 1489 4874 Anastasius:
1509 4823 1641 4887 quaesisset
1656 4833 1719 4871 cum

394 4901 530 4953 Ciceronis
546 4898 620 4951 libris
637 4899 751 4952 44440.
772 4926 799 4934 -
818 4900 917 4950 Deadts
929 4927 943 4937 -
954 4925 968 4936 -
979 4924 994 4935 ·
1006 4899 1142 4948 sotomtur
1158 4910 1211 4947 om.
1225 4898 1251 4946 k.
1271 4925 1299 4934 —
1318 4898 1358 4948 48.
1376 4899 1422 4948 titt
1438 4911 1492 4950 om.
1511 4899 1542 4958 113
1561 4898 1600 4947 tic
1616 4908 1669 4946 om.
1683 4897 1717 4957 G;

393 4976 438 5025 eu
453 4974 702 5034 tieem.1>atet.7.;
720 4980 795 5037 atque
810 4975 856 5025 sibi
871 4974 910 5025 bic
922 4988 975 5027 om.
990 4972 1069 5024 Palat.
1083 4974 1108 5023 6.
1124 5000 1151 5010 -
1168 4973 1288 5022 incassat
1306 4971 1527 5025 creolamantibus
1543 4970 1617 5022 libris
1631 4970 1720 5020 omnl-

394 5049 459 5101 bus·
477 5051 506 5101 4..
529 5049 568 5101 Ci.
588 5052 654 5102 lton.
672 5051 752 5100 blare.
772 5063 797 5113 p.
817 5049 873 5100 438.
895 5076 916 5088 -
941 5050 981 5099 44.
1000 5049 1107 5112 Scapula
1122 5049 1148 5098 lr.
1170 5075 1197 5085 -
1215 5061 1241 5099 se
1257 5061 1312 5099 ora.
1330 5047 1356 5101 t.
1377 5074 1405 5087 -
1423 5051 1464 5099 44.
1485 5048 1553 5113 Tum]
1570 5059 1628 5098 cias
1643 5044 1719 5097 bcd

395 5127 470 5188 egi,
492 5129 577 5175 mea
593 5127 622 5176 G.
643 5151 671 5162 -
693 5124 734 5174 43.
753 5123 926 5173 deductumk.
947 5151 974 5161 -
996 5124 1037 5176 44.
1054 5129 1165 5187 putate.
1186 5152 1214 5162 -
1236 5125 1278 5175 46.
1297 5121 1667 5174 madmwctetattseatl.
1688 5147 1717 5160 -

393 5199 435 5249 44.
452 5200 582 5250 wasia
598 5215 629 5262 e,
646 5200 759 5250 uidemus
774 5199 800 5250 d.
821 5227 848 5237 ·-
867 5199 907 5250 49.
923 5200 988 5265 ptus]
1007 5201 1086 5250 «fort.
1102 5200 1199 5263 ptus-ts·
1216 5211 1270 5261 mg.
1289 5198 1315 5252 4.
1336 5225 1364 5235 -
1383 5199 1497 5249 aucum
1512 5198 1542 5258 lr,
1560 5197 1588 5248 ta
1604 5197 1719 5247 auctione

394 5275 423 5325 1..
442 5275 480 5327 cl.
497 5274 571 5327 Klotz
580 5275 714 5327 Adnotatt.
727 5273 769 5326 ed.
788 5288 828 5339 pr.
847 5287 873 5339 p.
887 5275 944 5325 4444.
965 5301 992 5311 -
1011 5274 1052 5327 ³⁰.
1071 5272 1120 5325 sal.
1135 5287 1282 5337 percuuus»
1300 5286 1354 5337 mg.
1372 5273 1399 5326 8.
1419 5299 1447 5311 -·
1469 5273 1510 5323 344.
1528 5270 1645 5339 amiam]
1666 5269 1716 5326 eal.

394 5349 534 5402 mm·
551 5363 605 5419 mg.
624 5349 651 5405 4.
671 5377 699 5388 -
715 5351 752 5403 lt.
772 5346 924 5417 trebellius]
941 5350 964 5401 ei
979 5349 1122 5402 trabettium
1136 5351 1167 5414 k,
1184 5351 1214 5402 Δ.
1233 5349 1377 5402 trebatium
1393 5351 1422 5401 G.
