<?xml version="1.0" encoding="UTF-8"?>
<!DOCTYPE html PUBLIC "-//W3C//DTD XHTML 1.0 Transitional//EN"
    "http://www.w3.org/TR/xhtml1/DTD/xhtml1-transitional.dtd">
<html xmlns="http://www.w3.org/1999/xhtml" xml:lang="en" lang="en">
 <head>
  <title>
</title>
<meta http-equiv="Content-Type" content="text/html;charset=utf-8" />
  <meta name='ocr-system' content='tesseract 3.04.00' />
  <meta name='ocr-capabilities' content='ocr_page ocr_carea ocr_par ocr_line ocrx_word'/>
</head>
<body>
  <div class='ocr_page' id='page_1' title='image "./operaquaesupers02halmgoog_0138.png"; bbox 0 0 4367 6109; ppageno 0'>
   <div class='ocr_carea' id='block_1_1' title="bbox 449 594 1356 669">
    <p class='ocr_par' dir='ltr' id='par_1_1' title="bbox 449 594 1356 669">
     <span class='ocr_line' id='line_1_1' title="bbox 449 594 1356 669; baseline 0.003 -5"><span class='ocrx_word' id='word_1_1' title='bbox 449 594 512 665; x_wconf 75' lang='grc'><strong>424</strong></span> <span class='ocrx_word' id='word_1_2' title='bbox 832 601 875 665; x_wconf 84' lang='grc' dir='ltr'><strong>ΙΝ</strong></span> <span class='ocrx_word' id='word_1_3' title='bbox 895 600 1064 665; x_wconf 83' lang='lat' dir='ltr'>VERREM</span> <span class='ocrx_word' id='word_1_4' title='bbox 1084 599 1207 665; x_wconf 77' lang='lat' dir='ltr'><strong>nerto</strong></span> <span class='ocrx_word' id='word_1_5' title='bbox 1229 601 1356 669; x_wconf 77' lang='lat' dir='ltr'><strong>Penta</strong></span> 
     </span>
    </p>
   </div>
   <div class='ocr_carea' id='block_1_2' title="bbox 411 768 1782 1878">
    <p class='ocr_par' dir='ltr' id='par_1_2' title="bbox 411 768 1782 1878">
     <span class='ocr_line' id='line_1_2' title="bbox 449 768 1778 853; baseline -0.002 -17"><span class='ocrx_word' id='word_1_6' title='bbox 449 778 485 837; x_wconf 89' lang='lat' dir='ltr'><strong>ut</strong></span> <span class='ocrx_word' id='word_1_7' title='bbox 508 771 696 835; x_wconf 76' lang='lat' dir='ltr'><strong>Hortensius</strong></span> <span class='ocrx_word' id='word_1_8' title='bbox 719 769 831 832; x_wconf 85' lang='lat' dir='ltr'><strong>consul</strong></span> <span class='ocrx_word' id='word_1_9' title='bbox 853 768 1035 852; x_wconf 89' lang='lat' dir='ltr'><strong>designatus</strong></span> <span class='ocrx_word' id='word_1_10' title='bbox 1058 769 1188 833; x_wconf 92' lang='lat' dir='ltr'><strong>domum</strong></span> <span class='ocrx_word' id='word_1_11' title='bbox 1209 771 1421 835; x_wconf 81' lang='lat' dir='ltr'>reducebatur</span> <span class='ocrx_word' id='word_1_12' title='bbox 1442 792 1460 834; x_wconf 92' lang='lat' dir='ltr'><strong>e</strong></span> <span class='ocrx_word' id='word_1_13' title='bbox 1482 790 1595 853; x_wconf 90' lang='lat' dir='ltr'><strong>campo</strong></span> <span class='ocrx_word' id='word_1_14' title='bbox 1617 790 1690 834; x_wconf 88' lang='lat' dir='ltr'><strong>cum</strong></span> <span class='ocrx_word' id='word_1_15' title='bbox 1711 792 1778 834; x_wconf 92' lang='lat' dir='ltr'><strong>ma·</strong></span> 
     </span>
     <span class='ocr_line' id='line_1_3' title="bbox 448 861 1777 948; baseline 0.001 -20"><span class='ocrx_word' id='word_1_16' title='bbox 448 866 536 931; x_wconf 83' lang='lat' dir='ltr'><strong>xima</strong></span> <span class='ocrx_word' id='word_1_17' title='bbox 555 864 734 948; x_wconf 80' lang='lat' dir='ltr'><strong>frequentia</strong></span> <span class='ocrx_word' id='word_1_18' title='bbox 754 882 791 925; x_wconf 89' lang='lat' dir='ltr'><strong>ac</strong></span> <span class='ocrx_word' id='word_1_19' title='bbox 813 863 1031 936; x_wconf 90' lang='lat' dir='ltr'><strong>multitudine,</strong></span> <span class='ocrx_word' id='word_1_20' title='bbox 1053 861 1088 926; x_wconf 87' lang='lat' dir='ltr'><strong>tit</strong></span> <span class='ocrx_word' id='word_1_21' title='bbox 1110 865 1235 927; x_wconf 92' lang='lat' dir='ltr'><strong>obviam</strong></span> <span class='ocrx_word' id='word_1_22' title='bbox 1257 884 1333 927; x_wconf 87' lang='lat' dir='ltr'><strong>casu</strong></span> <span class='ocrx_word' id='word_1_23' title='bbox 1356 865 1385 926; x_wconf 89' lang='lat' dir='ltr'><strong>ei</strong></span> <span class='ocrx_word' id='word_1_24' title='bbox 1408 864 1603 929; x_wconf 82' lang='lat' dir='ltr'><strong>multitudini</strong></span> <span class='ocrx_word' id='word_1_25' title='bbox 1623 865 1657 928; x_wconf 87' lang='lat' dir='ltr'><strong>C.</strong></span> <span class='ocrx_word' id='word_1_26' title='bbox 1673 865 1777 940; x_wconf 84' lang='lat' dir='ltr'><strong>Curio,</strong></span> 
     </span>
     <span class='ocr_line' id='line_1_4' title="bbox 450 956 1778 1041; baseline 0.002 -21"><span class='ocrx_word' id='word_1_27' title='bbox 450 977 545 1041; x_wconf 92' lang='lat' dir='ltr'><strong>quem</strong></span> <span class='ocrx_word' id='word_1_28' title='bbox 568 977 626 1039; x_wconf 92' lang='lat' dir='ltr'><strong>ego</strong></span> <span class='ocrx_word' id='word_1_29' title='bbox 646 956 809 1019; x_wconf 90' lang='lat' dir='ltr'><strong>hominem</strong></span> <span class='ocrx_word' id='word_1_30' title='bbox 830 957 961 1019; x_wconf 92' lang='lat' dir='ltr'><strong>honoris</strong></span> <span class='ocrx_word' id='word_1_31' title='bbox 984 959 1090 1038; x_wconf 91' lang='lat' dir='ltr'><strong>potius</strong></span> <span class='ocrx_word' id='word_1_32' title='bbox 1114 978 1210 1041; x_wconf 89' lang='lat' dir='ltr'><strong>quam</strong></span> <span class='ocrx_word' id='word_1_33' title='bbox 1232 958 1442 1022; x_wconf 82' lang='lat' dir='ltr'><strong>contumeliae</strong></span> <span class='ocrx_word' id='word_1_34' title='bbox 1464 979 1560 1022; x_wconf 89' lang='lat' dir='ltr'><strong>causa</strong></span> <span class='ocrx_word' id='word_1_35' title='bbox 1581 959 1778 1022; x_wconf 90' lang='lat' dir='ltr'><strong>nominatum</strong></span> 
     </span>
     <span class='ocr_line' id='line_1_5' title="bbox 449 1048 1779 1133; baseline 0.002 -19"><span class='ocrx_word' id='word_1_36' title='bbox 449 1050 533 1114; x_wconf 92' lang='lat' dir='ltr'><strong>volo.</strong></span> <span class='ocrx_word' id='word_1_37' title='bbox 565 1050 689 1113; x_wconf 85' lang='lat' dir='ltr'><strong>Etenim</strong></span> <span class='ocrx_word' id='word_1_38' title='bbox 711 1069 750 1112; x_wconf 91' lang='lat' dir='ltr'><strong>ea</strong></span> <span class='ocrx_word' id='word_1_39' title='bbox 771 1048 889 1124; x_wconf 89' lang='lat' dir='ltr'><strong>dicam,</strong></span> <span class='ocrx_word' id='word_1_40' title='bbox 912 1070 995 1133; x_wconf 90' lang='lat' dir='ltr'><strong>quae</strong></span> <span class='ocrx_word' id='word_1_41' title='bbox 1016 1051 1088 1125; x_wconf 92' lang='lat' dir='ltr'><strong>ille,</strong></span> <span class='ocrx_word' id='word_1_42' title='bbox 1112 1052 1138 1114; x_wconf 92' lang='lat' dir='ltr'><strong>si</strong></span> <span class='ocrx_word' id='word_1_43' title='bbox 1161 1053 1400 1114; x_wconf 90' lang='lat' dir='ltr'><strong>commemorari</strong></span> <span class='ocrx_word' id='word_1_44' title='bbox 1414 1052 1586 1127; x_wconf 88' lang='lat' dir='ltr'><strong>noluisset,</strong></span> <span class='ocrx_word' id='word_1_45' title='bbox 1609 1072 1675 1115; x_wconf 91' lang='lat' dir='ltr'><strong>non</strong></span> <span class='ocrx_word' id='word_1_46' title='bbox 1690 1060 1779 1116; x_wconf 90' lang='lat' dir='ltr'><strong>tanto</strong></span> 
     </span>
     <span class='ocr_line' id='line_1_6' title="bbox 423 1144 1779 1229; baseline -0.001 -20"><span class='ocrx_word' id='word_1_47' title='bbox 423 1146 481 1209; x_wconf 74' lang='lat' dir='ltr'><strong>sin</strong></span> <span class='ocrx_word' id='word_1_48' title='bbox 495 1153 654 1208; x_wconf 89' lang='lat' dir='ltr'><strong>conventu</strong></span> <span class='ocrx_word' id='word_1_49' title='bbox 669 1154 733 1207; x_wconf 86' lang='lat' dir='ltr'><strong>tam</strong></span> <span class='ocrx_word' id='word_1_50' title='bbox 748 1152 858 1227; x_wconf 91' lang='lat' dir='ltr'><strong>aperte</strong></span> <span class='ocrx_word' id='word_1_51' title='bbox 871 1144 1042 1228; x_wconf 89' lang='lat' dir='ltr'><strong>palamque</strong></span> <span class='ocrx_word' id='word_1_52' title='bbox 1057 1144 1199 1208; x_wconf 85' lang='lat' dir='ltr'><strong>dixisset.</strong></span> <span class='ocrx_word' id='word_1_53' title='bbox 1223 1145 1313 1220; x_wconf 89' lang='lat' dir='ltr'><strong>Quae</strong></span> <span class='ocrx_word' id='word_1_54' title='bbox 1329 1153 1435 1208; x_wconf 76' lang='lat' dir='ltr'><strong>tannen</strong></span> <span class='ocrx_word' id='word_1_55' title='bbox 1450 1166 1469 1208; x_wconf 91' lang='lat' dir='ltr'><strong>a</strong></span> <span class='ocrx_word' id='word_1_56' title='bbox 1486 1167 1535 1209; x_wconf 89' lang='lat' dir='ltr'><strong>me</strong></span> <span class='ocrx_word' id='word_1_57' title='bbox 1551 1146 1779 1229; x_wconf 87' lang='lat' dir='ltr'><strong>pedetemptim</strong></span> 
     </span>
     <span class='ocr_line' id='line_1_7' title="bbox 449 1238 1779 1321; baseline 0.001 -20"><span class='ocrx_word' id='word_1_58' title='bbox 449 1246 605 1321; x_wconf 77' lang='lat' dir='ltr'><strong>cauteque</strong></span> <span class='ocrx_word' id='word_1_59' title='bbox 628 1238 787 1313; x_wconf 85' lang='lat' dir='ltr'><strong>dicentur,</strong></span> <span class='ocrx_word' id='word_1_60' title='bbox 809 1246 846 1301; x_wconf 92' lang='lat' dir='ltr'><strong>ut</strong></span> <span class='ocrx_word' id='word_1_61' title='bbox 867 1246 899 1300; x_wconf 90' lang='lat' dir='ltr'><strong>et</strong></span> <span class='ocrx_word' id='word_1_62' title='bbox 919 1239 1076 1300; x_wconf 81' lang='lat' dir='ltr'><strong>amicitiae</strong></span> <span class='ocrx_word' id='word_1_63' title='bbox 1100 1247 1226 1301; x_wconf 87' lang='lat' dir='ltr'><strong>nostrae</strong></span> <span class='ocrx_word' id='word_1_64' title='bbox 1249 1246 1281 1301; x_wconf 92' lang='lat' dir='ltr'><strong>et</strong></span> <span class='ocrx_word' id='word_1_65' title='bbox 1295 1239 1455 1321; x_wconf 90' lang='lat' dir='ltr'><strong>dignitatis</strong></span> <span class='ocrx_word' id='word_1_66' title='bbox 1474 1240 1561 1303; x_wconf 91' lang='lat' dir='ltr'><strong>illius</strong></span> <span class='ocrx_word' id='word_1_67' title='bbox 1576 1239 1686 1303; x_wconf 90' lang='lat' dir='ltr'><strong>habita</strong></span> <span class='ocrx_word' id='word_1_68' title='bbox 1699 1241 1779 1313; x_wconf 81' lang='lat' dir='ltr'><strong>ratio</strong></span> 
     </span>
     <span class='ocr_line' id='line_1_8' title="bbox 449 1327 1780 1414; baseline -0.001 -18"><span class='ocrx_word' id='word_1_69' title='bbox 449 1330 519 1396; x_wconf 81' lang='lat' dir='ltr'><strong>csse</strong></span> <span class='ocrx_word' id='word_1_70' title='bbox 540 1333 744 1414; x_wconf 79' lang='lat' dir='ltr'><strong>intelligatur.</strong></span> <span class='ocrx_word' id='word_1_71' title='bbox 790 1327 840 1394; x_wconf 85' lang='lat' dir='ltr'><strong>l9.</strong></span> <span class='ocrx_word' id='word_1_72' title='bbox 862 1331 958 1394; x_wconf 85' lang='lat' dir='ltr'><strong>Videt</strong></span> <span class='ocrx_word' id='word_1_73' title='bbox 978 1331 1019 1394; x_wconf 92' lang='lat' dir='ltr'><strong>ad</strong></span> <span class='ocrx_word' id='word_1_74' title='bbox 1041 1332 1146 1413; x_wconf 93' lang='lat' dir='ltr'><strong>ipsum</strong></span> <span class='ocrx_word' id='word_1_75' title='bbox 1169 1331 1322 1395; x_wconf 78' lang='lat' dir='ltr'><strong>fornicem</strong></span> <span class='ocrx_word' id='word_1_76' title='bbox 1344 1333 1518 1396; x_wconf 88' lang='lat' dir='ltr'><strong>Fabianum</strong></span> <span class='ocrx_word' id='word_1_77' title='bbox 1540 1336 1574 1397; x_wconf 92' lang='lat' dir='ltr'><strong>in</strong></span> <span class='ocrx_word' id='word_1_78' title='bbox 1595 1334 1689 1396; x_wconf 90' lang='lat' dir='ltr'><strong>turba</strong></span> <span class='ocrx_word' id='word_1_79' title='bbox 1703 1335 1780 1397; x_wconf 86' lang='lat' dir='ltr'><strong>Ver-</strong></span> 
     </span>
     <span class='ocr_line' id='line_1_9' title="bbox 448 1426 1779 1510; baseline 0.002 -22"><span class='ocrx_word' id='word_1_80' title='bbox 448 1445 530 1488; x_wconf 86' lang='lat' dir='ltr'><strong>rem:</strong></span> <span class='ocrx_word' id='word_1_81' title='bbox 559 1426 701 1509; x_wconf 90' lang='lat' dir='ltr'><strong>appellat</strong></span> <span class='ocrx_word' id='word_1_82' title='bbox 727 1426 889 1488; x_wconf 90' lang='lat' dir='ltr'><strong>hominem</strong></span> <span class='ocrx_word' id='word_1_83' title='bbox 919 1433 951 1487; x_wconf 89' lang='lat' dir='ltr'><strong>ct</strong></span> <span class='ocrx_word' id='word_1_84' title='bbox 979 1426 1007 1487; x_wconf 88' lang='lat' dir='ltr'><strong>ei</strong></span> <span class='ocrx_word' id='word_1_85' title='bbox 1030 1445 1109 1488; x_wconf 91' lang='lat' dir='ltr'><strong>voce</strong></span> <span class='ocrx_word' id='word_1_86' title='bbox 1131 1427 1267 1488; x_wconf 79' lang='lat' dir='ltr'><strong>maxima</strong></span> <span class='ocrx_word' id='word_1_87' title='bbox 1289 1427 1484 1509; x_wconf 88' lang='lat' dir='ltr'><strong>gratulatur;</strong></span> <span class='ocrx_word' id='word_1_88' title='bbox 1514 1429 1576 1510; x_wconf 89' lang='lat' dir='ltr'><strong>ipsi</strong></span> <span class='ocrx_word' id='word_1_89' title='bbox 1598 1429 1779 1502; x_wconf 89' lang='lat' dir='ltr'><strong>Hortensio,</strong></span> 
     </span>
     <span class='ocr_line' id='line_1_10' title="bbox 449 1518 1782 1604; baseline 0 -21"><span class='ocrx_word' id='word_1_90' title='bbox 449 1519 504 1603; x_wconf 92' lang='lat' dir='ltr'><strong>qui</strong></span> <span class='ocrx_word' id='word_1_91' title='bbox 526 1520 638 1583; x_wconf 86' lang='lat' dir='ltr'><strong>consul</strong></span> <span class='ocrx_word' id='word_1_92' title='bbox 660 1527 727 1583; x_wconf 92' lang='lat' dir='ltr'><strong>erat</strong></span> <span class='ocrx_word' id='word_1_93' title='bbox 747 1518 867 1594; x_wconf 85' lang='lat' dir='ltr'><strong>factus,</strong></span> <span class='ocrx_word' id='word_1_94' title='bbox 896 1519 1085 1602; x_wconf 87' lang='lat' dir='ltr'><strong>propinquis</strong></span> <span class='ocrx_word' id='word_1_95' title='bbox 1115 1521 1367 1603; x_wconf 87' lang='lat' dir='ltr'><strong>necessariisque</strong></span> <span class='ocrx_word' id='word_1_96' title='bbox 1389 1521 1458 1583; x_wconf 87' lang='lat' dir='ltr'><strong>eius</strong></span> <span class='ocrx_word' id='word_1_97' title='bbox 1480 1522 1537 1604; x_wconf 92' lang='lat' dir='ltr'><strong>qui</strong></span> <span class='ocrx_word' id='word_1_98' title='bbox 1559 1530 1626 1585; x_wconf 92' lang='lat' dir='ltr'><strong>tum</strong></span> <span class='ocrx_word' id='word_1_99' title='bbox 1648 1521 1782 1584; x_wconf 87' lang='lat' dir='ltr'><strong>aderant</strong></span> 
     </span>
     <span class='ocr_line' id='line_1_11' title="bbox 411 1612 1782 1699; baseline 0.004 -29"><span class='ocrx_word' id='word_1_100' title='bbox 411 1614 579 1676; x_wconf 88' lang='lat' dir='ltr'><strong>toverbum</strong></span> <span class='ocrx_word' id='word_1_101' title='bbox 601 1614 724 1677; x_wconf 92' lang='lat' dir='ltr'><strong>nullum</strong></span> <span class='ocrx_word' id='word_1_102' title='bbox 746 1613 838 1687; x_wconf 74' lang='lat' dir='ltr'><strong>iacit,</strong></span> <span class='ocrx_word' id='word_1_103' title='bbox 866 1634 938 1676; x_wconf 91' lang='lat' dir='ltr'><strong>cnm</strong></span> <span class='ocrx_word' id='word_1_104' title='bbox 960 1612 1021 1675; x_wconf 92' lang='lat' dir='ltr'><strong>hoc</strong></span> <span class='ocrx_word' id='word_1_105' title='bbox 1044 1613 1205 1685; x_wconf 86' lang='lat' dir='ltr'><strong>consistit,</strong></span> <span class='ocrx_word' id='word_1_106' title='bbox 1235 1612 1319 1676; x_wconf 91' lang='lat' dir='ltr'><strong>hunc</strong></span> <span class='ocrx_word' id='word_1_107' title='bbox 1341 1615 1557 1699; x_wconf 86' lang='lat' dir='ltr'><strong>amplexatur,</strong></span> <span class='ocrx_word' id='word_1_108' title='bbox 1584 1616 1671 1679; x_wconf 92' lang='lat' dir='ltr'><strong>hunc</strong></span> <span class='ocrx_word' id='word_1_109' title='bbox 1693 1615 1782 1677; x_wconf 89' lang='lat' dir='ltr'><strong>iubet</strong></span> 
     </span>
     <span class='ocr_line' id='line_1_12' title="bbox 448 1706 1780 1789; baseline -0.002 -17"><span class='ocrx_word' id='word_1_110' title='bbox 448 1710 516 1772; x_wconf 84' lang='lat' dir='ltr'><strong>sine</strong></span> <span class='ocrx_word' id='word_1_111' title='bbox 538 1726 615 1771; x_wconf 88' lang='lat' dir='ltr'><strong>cura</strong></span> <span class='ocrx_word' id='word_1_112' title='bbox 637 1727 716 1771; x_wconf 89' lang='lat' dir='ltr'><strong>esse.</strong></span> <span class='ocrx_word' id='word_1_113' title='bbox 762 1708 956 1779; x_wconf 77' lang='lat' dir='ltr'><strong>«Renuntio,</strong></span> <span class='ocrx_word' id='word_1_114' title='bbox 978 1706 1098 1789; x_wconf 92' lang='lat' dir='ltr'><strong>inquit,</strong></span> <span class='ocrx_word' id='word_1_115' title='bbox 1123 1706 1178 1769; x_wconf 89' lang='lat' dir='ltr'><strong>tibi</strong></span> <span class='ocrx_word' id='word_1_116' title='bbox 1201 1715 1232 1770; x_wconf 91' lang='lat' dir='ltr'><strong>te</strong></span> <span class='ocrx_word' id='word_1_117' title='bbox 1253 1707 1416 1771; x_wconf 91' lang='lat' dir='ltr'><strong>hodiernis</strong></span> <span class='ocrx_word' id='word_1_118' title='bbox 1437 1710 1573 1773; x_wconf 91' lang='lat' dir='ltr'><strong>comitiis</strong></span> <span class='ocrx_word' id='word_1_119' title='bbox 1595 1730 1665 1773; x_wconf 90' lang='lat' dir='ltr'><strong>esse</strong></span> <span class='ocrx_word' id='word_1_120' title='bbox 1687 1709 1780 1772; x_wconf 89' lang='lat' dir='ltr'><strong>abso-</strong></span> 
     </span>
     <span class='ocr_line' id='line_1_13' title="bbox 447 1800 1779 1878; baseline -0.002 -13"><span class='ocrx_word' id='word_1_121' title='bbox 447 1802 579 1865; x_wconf 77' lang='lat' dir='ltr'><strong>lutum.»</strong></span> <span class='ocrx_word' id='word_1_122' title='bbox 615 1801 709 1878; x_wconf 90' lang='lat' dir='ltr'><strong>Quod</strong></span> <span class='ocrx_word' id='word_1_123' title='bbox 739 1822 811 1864; x_wconf 89' lang='lat' dir='ltr'><strong>cum</strong></span> <span class='ocrx_word' id='word_1_124' title='bbox 842 1808 906 1863; x_wconf 92' lang='lat' dir='ltr'><strong>tam</strong></span> <span class='ocrx_word' id='word_1_125' title='bbox 935 1800 1025 1862; x_wconf 93' lang='lat' dir='ltr'><strong>multi</strong></span> <span class='ocrx_word' id='word_1_126' title='bbox 1055 1800 1201 1863; x_wconf 91' lang='lat' dir='ltr'><strong>homines</strong></span> <span class='ocrx_word' id='word_1_127' title='bbox 1228 1801 1444 1865; x_wconf 87' lang='lat' dir='ltr'><strong>honestissimi</strong></span> <span class='ocrx_word' id='word_1_128' title='bbox 1466 1802 1645 1878; x_wconf 88' lang='lat' dir='ltr'><strong>audissent,</strong></span> <span class='ocrx_word' id='word_1_129' title='bbox 1673 1802 1779 1865; x_wconf 91' lang='lat' dir='ltr'><strong>statim</strong></span> 
     </span>
    </p>
   </div>
   <div class='ocr_carea' id='block_1_3' title="bbox 325 1894 1779 1977">
    <p class='ocr_par' dir='ltr' id='par_1_3' title="bbox 325 1894 1779 1977">
     <span class='ocr_line' id='line_1_14' title="bbox 325 1894 1779 1977; baseline -0.001 -19"><span class='ocrx_word' id='word_1_130' title='bbox 325 1940 338 1947; x_wconf 86' lang='lat'><em>-</em></span> <span class='ocrx_word' id='word_1_131' title='bbox 447 1895 488 1959; x_wconf 91' lang='lat' dir='ltr'><strong>ad</strong></span> <span class='ocrx_word' id='word_1_132' title='bbox 507 1915 557 1957; x_wconf 90' lang='lat' dir='ltr'><strong>me</strong></span> <span class='ocrx_word' id='word_1_133' title='bbox 575 1894 733 1958; x_wconf 82' lang='lat' dir='ltr'><strong>defertur:</strong></span> <span class='ocrx_word' id='word_1_134' title='bbox 757 1896 853 1957; x_wconf 91' lang='lat' dir='ltr'><strong>immo</strong></span> <span class='ocrx_word' id='word_1_135' title='bbox 867 1913 960 1968; x_wconf 91' lang='lat' dir='ltr'><strong>vero,</strong></span> <span class='ocrx_word' id='word_1_136' title='bbox 984 1895 1173 1977; x_wconf 92' lang='lat' dir='ltr'><strong>utquisque</strong></span> <span class='ocrx_word' id='word_1_137' title='bbox 1192 1915 1242 1957; x_wconf 93' lang='lat' dir='ltr'><strong>me</strong></span> <span class='ocrx_word' id='word_1_138' title='bbox 1257 1894 1394 1970; x_wconf 89' lang='lat' dir='ltr'><strong>viderat,</strong></span> <span class='ocrx_word' id='word_1_139' title='bbox 1416 1897 1573 1959; x_wconf 89' lang='lat' dir='ltr'><strong>narrabat.</strong></span> <span class='ocrx_word' id='word_1_140' title='bbox 1605 1898 1685 1961; x_wconf 78' lang='lat' dir='ltr'><strong>attis</strong></span> <span class='ocrx_word' id='word_1_141' title='bbox 1699 1894 1779 1960; x_wconf 93' lang='lat' dir='ltr'><strong>illud</strong></span> 
     </span>
    </p>
   </div>
   <div class='ocr_carea' id='block_1_4' title="bbox 410 1987 1782 4044">
    <p class='ocr_par' dir='ltr' id='par_1_4' title="bbox 410 1987 1782 4044">
     <span class='ocr_line' id='line_1_15' title="bbox 447 1987 1780 2072; baseline -0.001 -20"><span class='ocrx_word' id='word_1_142' title='bbox 447 1988 624 2070; x_wconf 89' lang='lat' dir='ltr'><strong>indignum,</strong></span> <span class='ocrx_word' id='word_1_143' title='bbox 638 1988 711 2051; x_wconf 90' lang='lat' dir='ltr'><strong>aliis</strong></span> <span class='ocrx_word' id='word_1_144' title='bbox 726 1987 896 2051; x_wconf 91' lang='lat' dir='ltr'><strong>ridiculum</strong></span> <span class='ocrx_word' id='word_1_145' title='bbox 911 1987 1092 2050; x_wconf 89' lang='lat' dir='ltr'><strong>videbatur:</strong></span> <span class='ocrx_word' id='word_1_146' title='bbox 1116 1987 1285 2050; x_wconf 90' lang='lat' dir='ltr'><strong>ridiculum</strong></span> <span class='ocrx_word' id='word_1_147' title='bbox 1300 1989 1350 2063; x_wconf 90' lang='lat' dir='ltr'><strong>iis,</strong></span> <span class='ocrx_word' id='word_1_148' title='bbox 1364 1990 1422 2072; x_wconf 93' lang='lat' dir='ltr'><strong>&#39;qui</strong></span> <span class='ocrx_word' id='word_1_149' title='bbox 1437 1991 1526 2052; x_wconf 89' lang='lat' dir='ltr'><strong>istius</strong></span> <span class='ocrx_word' id='word_1_150' title='bbox 1541 2010 1669 2053; x_wconf 89' lang='lat' dir='ltr'><strong>causam</strong></span> <span class='ocrx_word' id='word_1_151' title='bbox 1685 1991 1719 2052; x_wconf 94' lang='lat' dir='ltr'><strong>in</strong></span> <span class='ocrx_word' id='word_1_152' title='bbox 1734 1999 1780 2051; x_wconf 92' lang='lat' dir='ltr'><strong>te-</strong></span> 
     </span>
     <span class='ocr_line' id='line_1_16' title="bbox 410 2079 1781 2165; baseline 0.004 -26"><span class='ocrx_word' id='word_1_153' title='bbox 410 2093 439 2141; x_wconf 83' lang='lat' dir='ltr'><strong>tt</strong></span> <span class='ocrx_word' id='word_1_154' title='bbox 448 2082 543 2146; x_wconf 88' lang='lat' dir='ltr'><strong>stium</strong></span> <span class='ocrx_word' id='word_1_155' title='bbox 558 2079 629 2157; x_wconf 85' lang='lat' dir='ltr'><strong>fide,</strong></span> <span class='ocrx_word' id='word_1_156' title='bbox 650 2085 684 2147; x_wconf 95' lang='lat' dir='ltr'><strong>in</strong></span> <span class='ocrx_word' id='word_1_157' title='bbox 699 2082 866 2145; x_wconf 92' lang='lat' dir='ltr'><strong>criminum</strong></span> <span class='ocrx_word' id='word_1_158' title='bbox 880 2081 1015 2154; x_wconf 89' lang='lat' dir='ltr'><strong>ratione,</strong></span> <span class='ocrx_word' id='word_1_159' title='bbox 1030 2083 1063 2143; x_wconf 93' lang='lat' dir='ltr'><strong>in</strong></span> <span class='ocrx_word' id='word_1_160' title='bbox 1078 2080 1219 2144; x_wconf 91' lang='lat' dir='ltr'><strong>iudicum</strong></span> <span class='ocrx_word' id='word_1_161' title='bbox 1235 2089 1403 2165; x_wconf 88' lang='lat' dir='ltr'><strong>potestate,</strong></span> <span class='ocrx_word' id='word_1_162' title='bbox 1425 2102 1489 2145; x_wconf 93' lang='lat' dir='ltr'><strong>non</strong></span> <span class='ocrx_word' id='word_1_163' title='bbox 1505 2084 1538 2146; x_wconf 89' lang='lat' dir='ltr'><strong>in</strong></span> <span class='ocrx_word' id='word_1_164' title='bbox 1553 2085 1690 2148; x_wconf 92' lang='lat' dir='ltr'><strong>comitiis</strong></span> <span class='ocrx_word' id='word_1_165' title='bbox 1705 2103 1781 2146; x_wconf 90' lang='lat' dir='ltr'><strong>con·</strong></span> 
     </span>
     <span class='ocr_line' id='line_1_17' title="bbox 448 2174 1782 2259; baseline -0.001 -19"><span class='ocrx_word' id='word_1_166' title='bbox 448 2176 605 2240; x_wconf 87' lang='lat' dir='ltr'><strong>sularibus</strong></span> <span class='ocrx_word' id='word_1_167' title='bbox 628 2177 764 2258; x_wconf 87' lang='lat' dir='ltr'><strong>positam</strong></span> <span class='ocrx_word' id='word_1_168' title='bbox 779 2175 1029 2249; x_wconf 81' lang='lat' dir='ltr'><strong>arbitrabantur3</strong></span> <span class='ocrx_word' id='word_1_169' title='bbox 1051 2174 1218 2257; x_wconf 90' lang='lat' dir='ltr'><strong>indignum</strong></span> <span class='ocrx_word' id='word_1_170' title='bbox 1240 2175 1297 2250; x_wconf 92' lang='lat' dir='ltr'><strong>iis,</strong></span> <span class='ocrx_word' id='word_1_171' title='bbox 1320 2177 1375 2259; x_wconf 91' lang='lat' dir='ltr'><strong>qui</strong></span> <span class='ocrx_word' id='word_1_172' title='bbox 1390 2176 1484 2239; x_wconf 89' lang='lat' dir='ltr'><strong>altius</strong></span> <span class='ocrx_word' id='word_1_173' title='bbox 1501 2176 1736 2259; x_wconf 90' lang='lat' dir='ltr'><strong>perspiciebant</strong></span> <span class='ocrx_word' id='word_1_174' title='bbox 1750 2182 1782 2239; x_wconf 89' lang='lat' dir='ltr'><strong>et</strong></span> 
     </span>
     <span class='ocr_line' id='line_1_18' title="bbox 447 2268 1781 2353; baseline 0.001 -20"><span class='ocrx_word' id='word_1_175' title='bbox 447 2269 530 2333; x_wconf 88' lang='lat' dir='ltr'><strong>hanc</strong></span> <span class='ocrx_word' id='word_1_176' title='bbox 545 2270 787 2352; x_wconf 78' lang='lat' dir='ltr'><strong>gratulationem</strong></span> <span class='ocrx_word' id='word_1_177' title='bbox 799 2268 838 2332; x_wconf 91' lang='lat' dir='ltr'><strong>ad</strong></span> <span class='ocrx_word' id='word_1_178' title='bbox 853 2269 1008 2332; x_wconf 91' lang='lat' dir='ltr'><strong>indicium</strong></span> <span class='ocrx_word' id='word_1_179' title='bbox 1020 2269 1288 2350; x_wconf 91' lang='lat' dir='ltr'><strong>corrumpendum</strong></span> <span class='ocrx_word' id='word_1_180' title='bbox 1303 2278 1446 2353; x_wconf 88' lang='lat' dir='ltr'><strong>spectare</strong></span> <span class='ocrx_word' id='word_1_181' title='bbox 1458 2270 1618 2334; x_wconf 90' lang='lat' dir='ltr'><strong>videbant.</strong></span> <span class='ocrx_word' id='word_1_182' title='bbox 1641 2268 1692 2334; x_wconf 76' lang='lat'><strong>20.</strong></span> <span class='ocrx_word' id='word_1_183' title='bbox 1707 2271 1781 2335; x_wconf 87' lang='lat' dir='ltr'><strong>Ete-</strong></span> 
     </span>
     <span class='ocr_line' id='line_1_19' title="bbox 448 2362 1780 2438; baseline -0.001 -10"><span class='ocrx_word' id='word_1_184' title='bbox 448 2366 513 2429; x_wconf 88' lang='lat' dir='ltr'><strong>nim</strong></span> <span class='ocrx_word' id='word_1_185' title='bbox 544 2365 589 2428; x_wconf 88' lang='lat' dir='ltr'><strong>sic</strong></span> <span class='ocrx_word' id='word_1_186' title='bbox 619 2364 905 2438; x_wconf 85' lang='lat' dir='ltr'><strong>ratiocinabantur,</strong></span> <span class='ocrx_word' id='word_1_187' title='bbox 940 2364 984 2425; x_wconf 91' lang='lat' dir='ltr'><strong>sic</strong></span> <span class='ocrx_word' id='word_1_188' title='bbox 1019 2362 1234 2427; x_wconf 89' lang='lat' dir='ltr'><strong>honestissimi</strong></span> <span class='ocrx_word' id='word_1_189' title='bbox 1260 2364 1406 2427; x_wconf 90' lang='lat' dir='ltr'><strong>homines</strong></span> <span class='ocrx_word' id='word_1_190' title='bbox 1435 2366 1518 2428; x_wconf 90' lang='lat' dir='ltr'><strong>inter</strong></span> <span class='ocrx_word' id='word_1_191' title='bbox 1546 2385 1580 2427; x_wconf 90' lang='lat' dir='ltr'><strong>se</strong></span> <span class='ocrx_word' id='word_1_192' title='bbox 1603 2373 1634 2428; x_wconf 94' lang='lat' dir='ltr'><strong>et</strong></span> <span class='ocrx_word' id='word_1_193' title='bbox 1655 2385 1780 2427; x_wconf 89' lang='lat' dir='ltr'><strong>mecum</strong></span> 
     </span>
     <span class='ocr_line' id='line_1_20' title="bbox 448 2456 1781 2541; baseline 0 -20"><span class='ocrx_word' id='word_1_194' title='bbox 448 2458 677 2541; x_wconf 90' lang='lat' dir='ltr'><strong>loquebantur,</strong></span> <span class='ocrx_word' id='word_1_195' title='bbox 699 2465 808 2539; x_wconf 92' lang='lat' dir='ltr'><strong>aperte</strong></span> <span class='ocrx_word' id='word_1_196' title='bbox 831 2456 894 2519; x_wconf 92' lang='lat' dir='ltr'><strong>iam</strong></span> <span class='ocrx_word' id='word_1_197' title='bbox 917 2465 948 2519; x_wconf 90' lang='lat' dir='ltr'><strong>et</strong></span> <span class='ocrx_word' id='word_1_198' title='bbox 970 2459 1139 2539; x_wconf 89' lang='lat' dir='ltr'><strong>perspicue</strong></span> <span class='ocrx_word' id='word_1_199' title='bbox 1161 2459 1249 2520; x_wconf 88' lang='lat' dir='ltr'><strong>nulla</strong></span> <span class='ocrx_word' id='word_1_200' title='bbox 1265 2478 1335 2521; x_wconf 92' lang='lat' dir='ltr'><strong>esse</strong></span> <span class='ocrx_word' id='word_1_201' title='bbox 1349 2458 1479 2522; x_wconf 90' lang='lat' dir='ltr'><strong>iudicia.</strong></span> <span class='ocrx_word' id='word_1_202' title='bbox 1510 2459 1574 2535; x_wconf 90' lang='lat' dir='ltr'><strong>Qui</strong></span> <span class='ocrx_word' id='word_1_203' title='bbox 1588 2479 1662 2521; x_wconf 88' lang='lat' dir='ltr'><strong>reus</strong></span> <span class='ocrx_word' id='word_1_204' title='bbox 1677 2458 1781 2541; x_wconf 88' lang='lat' dir='ltr'><strong>pridie</strong></span> 
     </span>
     <span class='ocr_line' id='line_1_21' title="bbox 411 2550 1780 2635; baseline 0.001 -22"><span class='ocrx_word' id='word_1_205' title='bbox 411 2552 512 2616; x_wconf 81' lang='lat' dir='ltr'><strong>niam</strong></span> <span class='ocrx_word' id='word_1_206' title='bbox 533 2554 602 2635; x_wconf 90' lang='lat' dir='ltr'><strong>ipse</strong></span> <span class='ocrx_word' id='word_1_207' title='bbox 624 2572 658 2614; x_wconf 92' lang='lat' dir='ltr'><strong>se</strong></span> <span class='ocrx_word' id='word_1_208' title='bbox 680 2550 925 2615; x_wconf 90' lang='lat' dir='ltr'><strong>condemnatum</strong></span> <span class='ocrx_word' id='word_1_209' title='bbox 947 2551 1097 2635; x_wconf 87' lang='lat' dir='ltr'><strong>putabat,</strong></span> <span class='ocrx_word' id='word_1_210' title='bbox 1119 2553 1163 2625; x_wconf 90' lang='lat' dir='ltr'><strong>is,</strong></span> <span class='ocrx_word' id='word_1_211' title='bbox 1186 2558 1393 2635; x_wconf 92' lang='lat' dir='ltr'><strong>posteaquam</strong></span> <span class='ocrx_word' id='word_1_212' title='bbox 1417 2552 1565 2615; x_wconf 81' lang='lat' dir='ltr'><strong>defensor</strong></span> <span class='ocrx_word' id='word_1_213' title='bbox 1584 2552 1653 2615; x_wconf 91' lang='lat' dir='ltr'><strong>eius</strong></span> <span class='ocrx_word' id='word_1_214' title='bbox 1667 2552 1780 2615; x_wconf 92' lang='lat' dir='ltr'><strong>consul</strong></span> 
     </span>
     <span class='ocr_line' id='line_1_22' title="bbox 449 2644 1781 2729; baseline 0.001 -22"><span class='ocrx_word' id='word_1_215' title='bbox 449 2651 498 2707; x_wconf 89' lang='lat' dir='ltr'><strong>est</strong></span> <span class='ocrx_word' id='word_1_216' title='bbox 518 2644 636 2719; x_wconf 83' lang='lat' dir='ltr'><strong>lactus,</strong></span> <span class='ocrx_word' id='word_1_217' title='bbox 659 2645 842 2707; x_wconf 88' lang='lat' dir='ltr'><strong>absolvitur.</strong></span> <span class='ocrx_word' id='word_1_218' title='bbox 887 2645 972 2720; x_wconf 82' lang='lat' dir='ltr'><strong>Quid</strong></span> <span class='ocrx_word' id='word_1_219' title='bbox 995 2645 1113 2726; x_wconf 74' lang='lat' dir='ltr'><strong>igitur?</strong></span> <span class='ocrx_word' id='word_1_220' title='bbox 1142 2645 1229 2728; x_wconf 90' lang='lat' dir='ltr'><strong>quod</strong></span> <span class='ocrx_word' id='word_1_221' title='bbox 1253 2653 1319 2707; x_wconf 91' lang='lat' dir='ltr'><strong>tota</strong></span> <span class='ocrx_word' id='word_1_222' title='bbox 1341 2645 1464 2719; x_wconf 89' lang='lat' dir='ltr'><strong>Sicilia,</strong></span> <span class='ocrx_word' id='word_1_223' title='bbox 1488 2645 1576 2729; x_wconf 91' lang='lat' dir='ltr'><strong>quod</strong></span> <span class='ocrx_word' id='word_1_224' title='bbox 1598 2665 1709 2709; x_wconf 88' lang='lat' dir='ltr'><strong>omnes</strong></span> <span class='ocrx_word' id='word_1_225' title='bbox 1733 2646 1781 2708; x_wconf 89' lang='lat' dir='ltr'><strong>Si·</strong></span> 
     </span>
     <span class='ocr_line' id='line_1_23' title="bbox 449 2738 1779 2823; baseline 0 -21"><span class='ocrx_word' id='word_1_226' title='bbox 449 2738 528 2812; x_wconf 89' lang='lat' dir='ltr'><strong>culi,</strong></span> <span class='ocrx_word' id='word_1_227' title='bbox 560 2758 669 2801; x_wconf 89' lang='lat' dir='ltr'><strong>omnes</strong></span> <span class='ocrx_word' id='word_1_228' title='bbox 701 2740 930 2820; x_wconf 82' lang='lat' dir='ltr'><strong>negotiatores,</strong></span> <span class='ocrx_word' id='word_1_229' title='bbox 962 2758 1072 2801; x_wconf 88' lang='lat' dir='ltr'><strong>omnes</strong></span> <span class='ocrx_word' id='word_1_230' title='bbox 1103 2738 1249 2821; x_wconf 88' lang='lat' dir='ltr'><strong>publicae</strong></span> <span class='ocrx_word' id='word_1_231' title='bbox 1277 2739 1482 2823; x_wconf 88' lang='lat' dir='ltr'><strong>privataeque</strong></span> <span class='ocrx_word' id='word_1_232' title='bbox 1511 2741 1635 2803; x_wconf 92' lang='lat' dir='ltr'><strong>litterae</strong></span> <span class='ocrx_word' id='word_1_233' title='bbox 1660 2739 1779 2802; x_wconf 85' lang='lat' dir='ltr'><strong>Romae</strong></span> 
     </span>
     <span class='ocr_line' id='line_1_24' title="bbox 449 2832 1780 2916; baseline -0.002 -19"><span class='ocrx_word' id='word_1_234' title='bbox 449 2840 539 2907; x_wconf 91' lang='lat' dir='ltr'><strong>sunt,</strong></span> <span class='ocrx_word' id='word_1_235' title='bbox 568 2833 690 2896; x_wconf 93' lang='lat' dir='ltr'><strong>nihilne</strong></span> <span class='ocrx_word' id='word_1_236' title='bbox 718 2832 752 2895; x_wconf 95' lang='lat' dir='ltr'><strong>id</strong></span> <span class='ocrx_word' id='word_1_237' title='bbox 779 2833 919 2896; x_wconf 75' lang='lat' dir='ltr'><strong>valebit?</strong></span> <span class='ocrx_word' id='word_1_238' title='bbox 970 2833 1055 2895; x_wconf 91' lang='lat' dir='ltr'><strong>Nihil</strong></span> <span class='ocrx_word' id='word_1_239' title='bbox 1084 2834 1183 2896; x_wconf 92' lang='lat' dir='ltr'><strong>invito</strong></span> <span class='ocrx_word' id='word_1_240' title='bbox 1214 2833 1345 2895; x_wconf 90' lang='lat' dir='ltr'><strong>consule</strong></span> <span class='ocrx_word' id='word_1_241' title='bbox 1375 2832 1548 2916; x_wconf 89' lang='lat' dir='ltr'><strong>designato.</strong></span> <span class='ocrx_word' id='word_1_242' title='bbox 1593 2832 1701 2909; x_wconf 77' lang='lat' dir='ltr'><strong>Quint</strong></span> <span class='ocrx_word' id='word_1_243' title='bbox 1731 2833 1780 2895; x_wconf 88' lang='lat' dir='ltr'><strong>iu-</strong></span> 
     </span>
     <span class='ocr_line' id='line_1_25' title="bbox 449 2926 1779 3010; baseline 0.001 -22"><span class='ocrx_word' id='word_1_244' title='bbox 449 2926 536 2990; x_wconf 89' lang='lat' dir='ltr'><strong>dices</strong></span> <span class='ocrx_word' id='word_1_245' title='bbox 558 2947 621 2990; x_wconf 92' lang='lat' dir='ltr'><strong>non</strong></span> <span class='ocrx_word' id='word_1_246' title='bbox 645 2929 791 3002; x_wconf 90' lang='lat' dir='ltr'><strong>crimina,</strong></span> <span class='ocrx_word' id='word_1_247' title='bbox 821 2947 886 2989; x_wconf 93' lang='lat' dir='ltr'><strong>non</strong></span> <span class='ocrx_word' id='word_1_248' title='bbox 914 2934 1026 3001; x_wconf 91' lang='lat' dir='ltr'><strong>testes,</strong></span> <span class='ocrx_word' id='word_1_249' title='bbox 1056 2946 1121 2989; x_wconf 94' lang='lat' dir='ltr'><strong>non</strong></span> <span class='ocrx_word' id='word_1_250' title='bbox 1148 2926 1418 2989; x_wconf 82' lang='lat' dir='ltr'><strong>&#39;existimationem</strong></span> <span class='ocrx_word' id='word_1_251' title='bbox 1441 2927 1551 3010; x_wconf 93' lang='lat' dir='ltr'><strong>populi</strong></span> <span class='ocrx_word' id='word_1_252' title='bbox 1573 2928 1707 2991; x_wconf 82' lang='lat' dir='ltr'><strong>Romani</strong></span> <span class='ocrx_word' id='word_1_253' title='bbox 1730 2947 1779 2989; x_wconf 87' lang='lat' dir='ltr'><strong>se·</strong></span> 
     </span>
     <span class='ocr_line' id='line_1_26' title="bbox 411 3021 1778 3107; baseline -0.001 -22"><span class='ocrx_word' id='word_1_254' title='bbox 411 3026 606 3107; x_wconf 79' lang='lat' dir='ltr'><strong>nquenturt</strong></span> <span class='ocrx_word' id='word_1_255' title='bbox 644 3023 732 3083; x_wconf 88' lang='lat' dir='ltr'><strong>Non:</strong></span> <span class='ocrx_word' id='word_1_256' title='bbox 766 3022 873 3085; x_wconf 90' lang='lat' dir='ltr'><strong>omnia</strong></span> <span class='ocrx_word' id='word_1_257' title='bbox 905 3023 939 3083; x_wconf 92' lang='lat' dir='ltr'><strong>in</strong></span> <span class='ocrx_word' id='word_1_258' title='bbox 972 3022 1067 3084; x_wconf 90' lang='lat' dir='ltr'><strong>unius</strong></span> <span class='ocrx_word' id='word_1_259' title='bbox 1096 3026 1254 3102; x_wconf 86' lang='lat' dir='ltr'><strong>potestate</strong></span> <span class='ocrx_word' id='word_1_260' title='bbox 1288 3041 1325 3083; x_wconf 92' lang='lat' dir='ltr'><strong>ac</strong></span> <span class='ocrx_word' id='word_1_261' title='bbox 1358 3021 1574 3086; x_wconf 87' lang='lat' dir='ltr'><strong>moderatione</strong></span> <span class='ocrx_word' id='word_1_262' title='bbox 1607 3029 1778 3085; x_wconf 89' lang='lat' dir='ltr'><strong>vertentur.</strong></span> 
     </span>
     <span class='ocr_line' id='line_1_27' title="bbox 448 3114 1779 3200; baseline 0 -20"><span class='ocrx_word' id='word_1_263' title='bbox 448 3119 530 3181; x_wconf 85' lang='lat' dir='ltr'><strong>vill.</strong></span> <span class='ocrx_word' id='word_1_264' title='bbox 552 3119 633 3180; x_wconf 86' lang='lat' dir='ltr'><strong>Vere</strong></span> <span class='ocrx_word' id='word_1_265' title='bbox 656 3116 786 3197; x_wconf 90' lang='lat' dir='ltr'><strong>loquar,</strong></span> <span class='ocrx_word' id='word_1_266' title='bbox 809 3114 941 3178; x_wconf 90' lang='lat' dir='ltr'><strong>iudices.</strong></span> <span class='ocrx_word' id='word_1_267' title='bbox 964 3114 1177 3177; x_wconf 86' lang='lat' dir='ltr'><strong>Vehementer</strong></span> <span class='ocrx_word' id='word_1_268' title='bbox 1198 3135 1248 3177; x_wconf 91' lang='lat' dir='ltr'><strong>me</strong></span> <span class='ocrx_word' id='word_1_269' title='bbox 1269 3115 1348 3178; x_wconf 93' lang='lat' dir='ltr'><strong>haec</strong></span> <span class='ocrx_word' id='word_1_270' title='bbox 1370 3135 1421 3178; x_wconf 90' lang='lat' dir='ltr'><strong>res</strong></span> <span class='ocrx_word' id='word_1_271' title='bbox 1436 3117 1665 3179; x_wconf 88' lang='lat' dir='ltr'><strong>commovebat.</strong></span> <span class='ocrx_word' id='word_1_272' title='bbox 1688 3114 1779 3200; x_wconf 88' lang='lat' dir='ltr'><strong>Opti·</strong></span> 
     </span>
     <span class='ocr_line' id='line_1_28' title="bbox 449 3208 1779 3293; baseline -0.002 -18"><span class='ocrx_word' id='word_1_273' title='bbox 449 3232 519 3276; x_wconf 92' lang='lat' dir='ltr'><strong>mus</strong></span> <span class='ocrx_word' id='word_1_274' title='bbox 547 3212 632 3275; x_wconf 92' lang='lat' dir='ltr'><strong>enim</strong></span> <span class='ocrx_word' id='word_1_275' title='bbox 661 3209 799 3293; x_wconf 90' lang='lat' dir='ltr'><strong>quisque</strong></span> <span class='ocrx_word' id='word_1_276' title='bbox 821 3209 866 3272; x_wconf 93' lang='lat' dir='ltr'><strong>ita</strong></span> <span class='ocrx_word' id='word_1_277' title='bbox 892 3208 1101 3292; x_wconf 87' lang='lat' dir='ltr'><strong>loquebatur:</strong></span> <span class='ocrx_word' id='word_1_278' title='bbox 1131 3210 1194 3271; x_wconf 89' lang='lat' dir='ltr'><strong>Iste</strong></span> <span class='ocrx_word' id='word_1_279' title='bbox 1217 3209 1346 3292; x_wconf 91' lang='lat' dir='ltr'><strong>quidem</strong></span> <span class='ocrx_word' id='word_1_280' title='bbox 1368 3210 1423 3272; x_wconf 90' lang='lat' dir='ltr'><strong>tibi</strong></span> <span class='ocrx_word' id='word_1_281' title='bbox 1446 3211 1613 3291; x_wconf 89' lang='lat' dir='ltr'><strong>eripietur,</strong></span> <span class='ocrx_word' id='word_1_282' title='bbox 1641 3209 1697 3272; x_wconf 89' lang='lat' dir='ltr'><strong>sed</strong></span> <span class='ocrx_word' id='word_1_283' title='bbox 1721 3229 1779 3273; x_wconf 91' lang='lat' dir='ltr'><strong>nos</strong></span> 
     </span>
     <span class='ocr_line' id='line_1_29' title="bbox 449 3302 1779 3387; baseline -0.003 -17"><span class='ocrx_word' id='word_1_284' title='bbox 449 3325 513 3370; x_wconf 93' lang='lat' dir='ltr'><strong>non</strong></span> <span class='ocrx_word' id='word_1_285' title='bbox 535 3307 711 3369; x_wconf 88' lang='lat' dir='ltr'><strong>tenebimus</strong></span> <span class='ocrx_word' id='word_1_286' title='bbox 734 3302 853 3366; x_wconf 92' lang='lat' dir='ltr'><strong>iudicia</strong></span> <span class='ocrx_word' id='word_1_287' title='bbox 875 3303 1007 3365; x_wconf 90' lang='lat' dir='ltr'><strong>diutius.</strong></span> <span class='ocrx_word' id='word_1_288' title='bbox 1049 3304 1176 3366; x_wconf 90' lang='lat' dir='ltr'><strong>Etenim</strong></span> <span class='ocrx_word' id='word_1_289' title='bbox 1204 3305 1275 3387; x_wconf 89' lang='lat' dir='ltr'><strong>quis</strong></span> <span class='ocrx_word' id='word_1_290' title='bbox 1305 3304 1423 3387; x_wconf 89' lang='lat' dir='ltr'><strong>poterit</strong></span> <span class='ocrx_word' id='word_1_291' title='bbox 1443 3305 1541 3367; x_wconf 89' lang='lat' dir='ltr'><strong>Verre</strong></span> <span class='ocrx_word' id='word_1_292' title='bbox 1570 3305 1717 3367; x_wconf 89' lang='lat' dir='ltr'><strong>absoluto</strong></span> <span class='ocrx_word' id='word_1_293' title='bbox 1740 3303 1779 3366; x_wconf 93' lang='lat' dir='ltr'><strong>de</strong></span> 
     </span>
     <span class='ocr_line' id='line_1_30' title="bbox 449 3392 1779 3479; baseline -0.003 -17"><span class='ocrx_word' id='word_1_294' title='bbox 449 3399 675 3462; x_wconf 78' lang='lat' dir='ltr'><strong>transferendis</strong></span> <span class='ocrx_word' id='word_1_295' title='bbox 708 3397 834 3461; x_wconf 91' lang='lat' dir='ltr'><strong>iudiciis</strong></span> <span class='ocrx_word' id='word_1_296' title='bbox 865 3399 1034 3460; x_wconf 75' lang='lat' dir='ltr'><strong>recusare?</strong></span> <span class='ocrx_word' id='word_1_297' title='bbox 1089 3392 1141 3458; x_wconf 61' lang='lat' dir='ltr'><strong>El.</strong></span> <span class='ocrx_word' id='word_1_298' title='bbox 1169 3399 1245 3460; x_wconf 88' lang='lat' dir='ltr'><strong>Erat</strong></span> <span class='ocrx_word' id='word_1_299' title='bbox 1277 3397 1424 3460; x_wconf 89' lang='lat' dir='ltr'><strong>omnibus</strong></span> <span class='ocrx_word' id='word_1_300' title='bbox 1454 3396 1639 3471; x_wconf 90' lang='lat' dir='ltr'><strong>molestum,</strong></span> <span class='ocrx_word' id='word_1_301' title='bbox 1674 3415 1779 3479; x_wconf 90' lang='lat' dir='ltr'><strong>neque</strong></span> 
     </span>
     <span class='ocr_line' id='line_1_31' title="bbox 410 3490 1779 3574; baseline -0.001 -19"><span class='ocrx_word' id='word_1_302' title='bbox 410 3505 504 3556; x_wconf 79' lang='lat' dir='ltr'><strong>tteos</strong></span> <span class='ocrx_word' id='word_1_303' title='bbox 532 3501 596 3556; x_wconf 90' lang='lat' dir='ltr'><strong>tam</strong></span> <span class='ocrx_word' id='word_1_304' title='bbox 621 3493 713 3556; x_wconf 90' lang='lat' dir='ltr'><strong>istius</strong></span> <span class='ocrx_word' id='word_1_305' title='bbox 740 3493 878 3556; x_wconf 91' lang='lat' dir='ltr'><strong>hominis</strong></span> <span class='ocrx_word' id='word_1_306' title='bbox 909 3491 1023 3574; x_wconf 92' lang='lat' dir='ltr'><strong>perditi</strong></span> <span class='ocrx_word' id='word_1_307' title='bbox 1045 3491 1151 3553; x_wconf 88' lang='lat' dir='ltr'><strong>subita</strong></span> <span class='ocrx_word' id='word_1_308' title='bbox 1172 3490 1291 3553; x_wconf 91' lang='lat' dir='ltr'><strong>laetitia</strong></span> <span class='ocrx_word' id='word_1_309' title='bbox 1313 3510 1409 3574; x_wconf 91' lang='lat' dir='ltr'><strong>quam</strong></span> <span class='ocrx_word' id='word_1_310' title='bbox 1430 3491 1569 3552; x_wconf 92' lang='lat' dir='ltr'><strong>hominis</strong></span> <span class='ocrx_word' id='word_1_311' title='bbox 1591 3490 1779 3572; x_wconf 90' lang='lat' dir='ltr'><strong>amplissimi</strong></span> 
     </span>
     <span class='ocr_line' id='line_1_32' title="bbox 450 3584 1779 3668; baseline -0.004 -19"><span class='ocrx_word' id='word_1_312' title='bbox 450 3606 533 3649; x_wconf 90' lang='lat' dir='ltr'><strong>nova</strong></span> <span class='ocrx_word' id='word_1_313' title='bbox 554 3586 721 3668; x_wconf 77' lang='lat' dir='ltr'><strong>gratulatio</strong></span> <span class='ocrx_word' id='word_1_314' title='bbox 744 3587 972 3649; x_wconf 82' lang='lat' dir='ltr'><strong>commovebat.</strong></span> <span class='ocrx_word' id='word_1_315' title='bbox 1010 3585 1182 3666; x_wconf 89' lang='lat' dir='ltr'><strong>Cupiebam</strong></span> <span class='ocrx_word' id='word_1_316' title='bbox 1207 3584 1405 3647; x_wconf 89' lang='lat' dir='ltr'><strong>dissimulare</strong></span> <span class='ocrx_word' id='word_1_317' title='bbox 1419 3605 1470 3646; x_wconf 90' lang='lat' dir='ltr'><strong>me</strong></span> <span class='ocrx_word' id='word_1_318' title='bbox 1485 3584 1517 3646; x_wconf 94' lang='lat' dir='ltr'><strong>id</strong></span> <span class='ocrx_word' id='word_1_319' title='bbox 1533 3585 1666 3646; x_wconf 89' lang='lat' dir='ltr'><strong>moleste</strong></span> <span class='ocrx_word' id='word_1_320' title='bbox 1680 3584 1779 3647; x_wconf 78' lang='lat' dir='ltr'><strong>ferret</strong></span> 
     </span>
     <span class='ocr_line' id='line_1_33' title="bbox 449 3677 1780 3764; baseline -0.002 -20"><span class='ocrx_word' id='word_1_321' title='bbox 449 3681 615 3764; x_wconf 88' lang='lat' dir='ltr'><strong>cupiebam</strong></span> <span class='ocrx_word' id='word_1_322' title='bbox 638 3681 735 3744; x_wconf 91' lang='lat' dir='ltr'><strong>animi</strong></span> <span class='ocrx_word' id='word_1_323' title='bbox 758 3679 900 3742; x_wconf 90' lang='lat' dir='ltr'><strong>dolorem</strong></span> <span class='ocrx_word' id='word_1_324' title='bbox 914 3680 1004 3742; x_wconf 92' lang='lat' dir='ltr'><strong>vultu</strong></span> <span class='ocrx_word' id='word_1_325' title='bbox 1027 3688 1133 3761; x_wconf 90' lang='lat' dir='ltr'><strong>tegere</strong></span> <span class='ocrx_word' id='word_1_326' title='bbox 1156 3686 1188 3740; x_wconf 88' lang='lat' dir='ltr'><strong>et</strong></span> <span class='ocrx_word' id='word_1_327' title='bbox 1202 3678 1416 3741; x_wconf 86' lang='lat' dir='ltr'><strong>taciturnitate</strong></span> <span class='ocrx_word' id='word_1_328' title='bbox 1430 3677 1543 3740; x_wconf 90' lang='lat' dir='ltr'><strong>celare.</strong></span> <span class='ocrx_word' id='word_1_329' title='bbox 1576 3680 1659 3741; x_wconf 89' lang='lat' dir='ltr'><strong>Ecce</strong></span> <span class='ocrx_word' id='word_1_330' title='bbox 1673 3686 1780 3742; x_wconf 86' lang='lat' dir='ltr'><strong>autem</strong></span> 
     </span>
     <span class='ocr_line' id='line_1_34' title="bbox 448 3771 1780 3858; baseline -0.004 -19"><span class='ocrx_word' id='word_1_331' title='bbox 448 3775 511 3839; x_wconf 92' lang='lat' dir='ltr'><strong>illis</strong></span> <span class='ocrx_word' id='word_1_332' title='bbox 533 3776 611 3858; x_wconf 90' lang='lat' dir='ltr'><strong>ipsis</strong></span> <span class='ocrx_word' id='word_1_333' title='bbox 633 3774 760 3856; x_wconf 77' lang='lat' dir='ltr'><strong>diebuS,</strong></span> <span class='ocrx_word' id='word_1_334' title='bbox 783 3794 854 3836; x_wconf 92' lang='lat' dir='ltr'><strong>cum</strong></span> <span class='ocrx_word' id='word_1_335' title='bbox 876 3781 1037 3858; x_wconf 88' lang='lat' dir='ltr'><strong>praetores</strong></span> <span class='ocrx_word' id='word_1_336' title='bbox 1061 3773 1216 3854; x_wconf 89' lang='lat' dir='ltr'><strong>designati</strong></span> <span class='ocrx_word' id='word_1_337' title='bbox 1238 3772 1427 3834; x_wconf 90' lang='lat' dir='ltr'><strong>sortirentur</strong></span> <span class='ocrx_word' id='word_1_338' title='bbox 1441 3779 1472 3855; x_wconf 92' lang='lat' dir='ltr'><strong>et</strong></span> <span class='ocrx_word' id='word_1_339' title='bbox 1486 3772 1528 3833; x_wconf 86' lang='grc' dir='ltr'><strong>Μ.</strong></span> <span class='ocrx_word' id='word_1_340' title='bbox 1546 3771 1675 3835; x_wconf 84' lang='lat' dir='ltr'><strong>Metello</strong></span> <span class='ocrx_word' id='word_1_341' title='bbox 1697 3772 1780 3834; x_wconf 94' lang='lat' dir='ltr'><strong>obti-</strong></span> 
     </span>
     <span class='ocr_line' id='line_1_35' title="bbox 450 3865 1780 3951; baseline -0.002 -19"><span class='ocrx_word' id='word_1_342' title='bbox 450 3870 560 3951; x_wconf 88' lang='lat' dir='ltr'><strong>gisset,</strong></span> <span class='ocrx_word' id='word_1_343' title='bbox 592 3877 629 3932; x_wconf 90' lang='lat' dir='ltr'><strong>ut</strong></span> <span class='ocrx_word' id='word_1_344' title='bbox 656 3870 683 3931; x_wconf 89' lang='lat' dir='ltr'><strong>is</strong></span> <span class='ocrx_word' id='word_1_345' title='bbox 712 3866 752 3930; x_wconf 90' lang='lat' dir='ltr'><strong>de</strong></span> <span class='ocrx_word' id='word_1_346' title='bbox 782 3868 926 3949; x_wconf 91' lang='lat' dir='ltr'><strong>pecuniis</strong></span> <span class='ocrx_word' id='word_1_347' title='bbox 951 3866 1135 3949; x_wconf 89' lang='lat' dir='ltr'><strong>repetundis</strong></span> <span class='ocrx_word' id='word_1_348' title='bbox 1159 3872 1343 3949; x_wconf 88' lang='lat' dir='ltr'><strong>quaereret,</strong></span> <span class='ocrx_word' id='word_1_349' title='bbox 1376 3867 1539 3929; x_wconf 90' lang='lat' dir='ltr'><strong>nuntiatur</strong></span> <span class='ocrx_word' id='word_1_350' title='bbox 1561 3865 1638 3937; x_wconf 90' lang='lat' dir='ltr'><strong>mihi</strong></span> <span class='ocrx_word' id='word_1_351' title='bbox 1661 3874 1780 3929; x_wconf 86' lang='lat' dir='ltr'><strong>tantam</strong></span> 
     </span>
     <span class='ocr_line' id='line_1_36' title="bbox 412 3959 1779 4044; baseline -0.001 -21"><span class='ocrx_word' id='word_1_352' title='bbox 412 3962 502 4026; x_wconf 83' lang='lat' dir='ltr'><strong>atisti</strong></span> <span class='ocrx_word' id='word_1_353' title='bbox 529 3962 773 4044; x_wconf 85' lang='lat' dir='ltr'><strong>gratulationem</strong></span> <span class='ocrx_word' id='word_1_354' title='bbox 804 3980 874 4023; x_wconf 89' lang='lat' dir='ltr'><strong>esse</strong></span> <span class='ocrx_word' id='word_1_355' title='bbox 902 3961 1032 4035; x_wconf 81' lang='lat' dir='ltr'><strong>iactam,</strong></span> <span class='ocrx_word' id='word_1_356' title='bbox 1061 3969 1096 4024; x_wconf 97' lang='lat' dir='ltr'><strong>ut</strong></span> <span class='ocrx_word' id='word_1_357' title='bbox 1126 3962 1153 4023; x_wconf 90' lang='lat' dir='ltr'><strong>is</strong></span> <span class='ocrx_word' id='word_1_358' title='bbox 1183 3959 1312 4022; x_wconf 91' lang='lat' dir='ltr'><strong>domum</strong></span> <span class='ocrx_word' id='word_1_359' title='bbox 1335 3980 1464 4043; x_wconf 91' lang='lat' dir='ltr'><strong>quoque</strong></span> <span class='ocrx_word' id='word_1_360' title='bbox 1487 3979 1604 4043; x_wconf 91' lang='lat' dir='ltr'><strong>pueros</strong></span> <span class='ocrx_word' id='word_1_361' title='bbox 1625 3962 1779 4034; x_wconf 90' lang='lat' dir='ltr'><strong>mitteret,</strong></span> 
     </span>
    </p>
   </div>
   <div class='ocr_carea' id='block_1_5' title="bbox 449 4106 1778 4246">
    <p class='ocr_par' dir='ltr' id='par_1_5' title="bbox 449 4106 1778 4246">
     <span class='ocr_line' id='line_1_37' title="bbox 517 4106 1778 4172; baseline -0.001 -14"><span class='ocrx_word' id='word_1_362' title='bbox 517 4110 540 4159; x_wconf 89' lang='lat' dir='ltr'><strong>t.</strong></span> <span class='ocrx_word' id='word_1_363' title='bbox 560 4111 589 4172; x_wconf 82' lang='lat' dir='ltr'><strong>Q.</strong></span> <span class='ocrx_word' id='word_1_364' title='bbox 607 4110 720 4159; x_wconf 85' lang='lat' dir='ltr'><strong>Hortcns.</strong></span> <span class='ocrx_word' id='word_1_365' title='bbox 740 4109 765 4157; x_wconf 91' lang='lat' dir='ltr'><strong>S.</strong></span> <span class='ocrx_word' id='word_1_366' title='bbox 791 4108 825 4170; x_wconf 84' lang='lat' dir='ltr'><strong>[p.</strong></span> <span class='ocrx_word' id='word_1_367' title='bbox 844 4106 911 4169; x_wconf 80' lang='grc'><strong>399.)</strong></span> <span class='ocrx_word' id='word_1_368' title='bbox 931 4133 957 4142; x_wconf 90' lang='grc'><strong>-</strong></span> <span class='ocrx_word' id='word_1_369' title='bbox 985 4106 1151 4156; x_wconf 82' lang='lat' dir='ltr'><strong>deducebatur</strong></span> <span class='ocrx_word' id='word_1_370' title='bbox 1171 4107 1231 4156; x_wconf 87' lang='lat' dir='ltr'><strong>Ern.</strong></span> <span class='ocrx_word' id='word_1_371' title='bbox 1251 4118 1325 4170; x_wconf 91' lang='lat' dir='ltr'><strong>susp.</strong></span> <span class='ocrx_word' id='word_1_372' title='bbox 1347 4107 1380 4156; x_wconf 80' lang='lat' dir='ltr'><strong>at</strong></span> <span class='ocrx_word' id='word_1_373' title='bbox 1396 4107 1430 4157; x_wconf 88' lang='lat' dir='ltr'><strong>ci.</strong></span> <span class='ocrx_word' id='word_1_374' title='bbox 1449 4106 1483 4155; x_wconf 90' lang='lat' dir='ltr'><strong>od</strong></span> <span class='ocrx_word' id='word_1_375' title='bbox 1501 4108 1532 4167; x_wconf 81' lang='lat' dir='ltr'><strong>Q.</strong></span> <span class='ocrx_word' id='word_1_376' title='bbox 1552 4108 1591 4157; x_wconf 77' lang='lat' dir='ltr'><strong>Fr.</strong></span> <span class='ocrx_word' id='word_1_377' title='bbox 1610 4109 1641 4157; x_wconf 92' lang='lat' dir='ltr'><strong>ll.</strong></span> <span class='ocrx_word' id='word_1_378' title='bbox 1660 4107 1684 4167; x_wconf 90' lang='grc'><strong>9,</strong></span> <span class='ocrx_word' id='word_1_379' title='bbox 1703 4109 1729 4157; x_wconf 78' lang='lat'><strong>2.</strong></span> <span class='ocrx_word' id='word_1_380' title='bbox 1751 4134 1778 4142; x_wconf 81' lang='lat'><em>-</em></span> 
     </span>
     <span class='ocr_line' id='line_1_38' title="bbox 449 4180 1778 4246; baseline -0.005 -9"><span class='ocrx_word' id='word_1_381' title='bbox 449 4186 473 4238; x_wconf 82' lang='lat' dir='ltr'><strong>l.</strong></span> <span class='ocrx_word' id='word_1_382' title='bbox 492 4197 686 4235; x_wconf 83' lang='lat' dir='ltr'><strong>commcnmrorc</strong></span> <span class='ocrx_word' id='word_1_383' title='bbox 703 4185 735 4233; x_wconf 97' lang='grc'><strong>64</strong></span> <span class='ocrx_word' id='word_1_384' title='bbox 748 4180 921 4246; x_wconf 67' lang='lat' dir='ltr'><strong>segretata.</strong></span> <span class='ocrx_word' id='word_1_385' title='bbox 943 4207 970 4216; x_wconf 83' lang='lat'><em>-</em></span> <span class='ocrx_word' id='word_1_386' title='bbox 988 4182 1013 4231; x_wconf 82' lang='lat' dir='ltr'><strong>i.</strong></span> <span class='ocrx_word' id='word_1_387' title='bbox 1029 4182 1091 4231; x_wconf 84' lang='lat' dir='ltr'><strong>cidit</strong></span> <span class='ocrx_word' id='word_1_388' title='bbox 1109 4183 1135 4232; x_wconf 88' lang='lat' dir='ltr'><strong>S.</strong></span> <span class='ocrx_word' id='word_1_389' title='bbox 1154 4183 1188 4245; x_wconf 81' lang='lat' dir='ltr'><strong>tp.</strong></span> <span class='ocrx_word' id='word_1_390' title='bbox 1202 4181 1269 4242; x_wconf 83' lang='grc'><strong>399.)</strong></span> <span class='ocrx_word' id='word_1_391' title='bbox 1285 4207 1311 4215; x_wconf 90' lang='grc'><strong>-</strong></span> <span class='ocrx_word' id='word_1_392' title='bbox 1330 4181 1355 4231; x_wconf 83' lang='lat'><strong>8.</strong></span> <span class='ocrx_word' id='word_1_393' title='bbox 1373 4183 1521 4245; x_wconf 76' lang='lat' dir='ltr'><strong>gratulatur</strong></span> <span class='ocrx_word' id='word_1_394' title='bbox 1537 4181 1598 4242; x_wconf 80' lang='grc' dir='ltr'><strong>63ς</strong></span> <span class='ocrx_word' id='word_1_395' title='bbox 1616 4182 1694 4232; x_wconf 91' lang='lat' dir='ltr'><strong>codd.</strong></span> <span class='ocrx_word' id='word_1_396' title='bbox 1713 4181 1778 4233; x_wconf 87' lang='lat' dir='ltr'><strong>Lbi:</strong></span> 
     </span>
    </p>
   </div>
   <div class='ocr_carea' id='block_1_6' title="bbox 447 4254 1862 4325">
    <p class='ocr_par' dir='ltr' id='par_1_6' title="bbox 447 4254 1862 4325">
     <span class='ocr_line' id='line_1_39' title="bbox 447 4254 1862 4325; baseline -0.001 -14"><span class='ocrx_word' id='word_1_397' title='bbox 447 4261 581 4311; x_wconf 61' lang='lat' dir='ltr'><strong>vicerim</strong></span> <span class='ocrx_word' id='word_1_398' title='bbox 602 4259 748 4325; x_wconf 61' lang='lat' dir='ltr'><strong>maninus</strong></span> <span class='ocrx_word' id='word_1_399' title='bbox 769 4258 817 4308; x_wconf 90' lang='lat' dir='ltr'><strong>dtt.</strong></span> <span class='ocrx_word' id='word_1_400' title='bbox 834 4257 864 4306; x_wconf 88' lang='lat'><strong>0.</strong></span> <span class='ocrx_word' id='word_1_401' title='bbox 885 4283 911 4291; x_wconf 94' lang='lat'>—</span> <span class='ocrx_word' id='word_1_402' title='bbox 940 4256 980 4305; x_wconf 90' lang='grc'><strong>40.</strong></span> <span class='ocrx_word' id='word_1_403' title='bbox 998 4257 1117 4306; x_wconf 79' lang='lat' dir='ltr'><strong>consentit</strong></span> <span class='ocrx_word' id='word_1_404' title='bbox 1138 4257 1234 4317; x_wconf 62' lang='lat' dir='ltr'><strong>ottg.</strong></span> <span class='ocrx_word' id='word_1_405' title='bbox 1262 4259 1295 4306; x_wconf 83' lang='lat' dir='ltr'><strong>nt</strong></span> <span class='ocrx_word' id='word_1_406' title='bbox 1316 4255 1429 4321; x_wconf 76' lang='lat' dir='ltr'><strong>etpost</strong></span> <span class='ocrx_word' id='word_1_407' title='bbox 1449 4257 1669 4320; x_wconf 65' lang='lat' dir='ltr'><strong>rediscens.</strong></span> <span class='ocrx_word' id='word_1_408' title='bbox 1689 4257 1729 4309; x_wconf 84' lang='lat' dir='ltr'><strong>tt.</strong></span> <span class='ocrx_word' id='word_1_409' title='bbox 1751 4283 1778 4294; x_wconf 91' lang='lat'><em>-</em></span> <span class='ocrx_word' id='word_1_410' title='bbox 1860 4254 1862 4257; x_wconf 74' lang='grc'><strong>’</strong></span> 
     </span>
    </p>
   </div>
   <div class='ocr_carea' id='block_1_7' title="bbox 356 4330 1781 5376">
    <p class='ocr_par' dir='ltr' id='par_1_7' title="bbox 356 4330 1781 5376">
     <span class='ocr_line' id='line_1_40' title="bbox 450 4330 1780 4397; baseline -0.005 -11"><span class='ocrx_word' id='word_1_411' title='bbox 450 4338 490 4386; x_wconf 84' lang='lat' dir='ltr'><strong>ll.</strong></span> <span class='ocrx_word' id='word_1_412' title='bbox 508 4337 595 4385; x_wconf 78' lang='lat' dir='ltr'><strong>nuntio</strong></span> <span class='ocrx_word' id='word_1_413' title='bbox 612 4336 693 4384; x_wconf 84' lang='lat' dir='ltr'><strong>Prisc.</strong></span> <span class='ocrx_word' id='word_1_414' title='bbox 712 4334 743 4382; x_wconf 94' lang='lat' dir='ltr'><strong>ll.</strong></span> <span class='ocrx_word' id='word_1_415' title='bbox 763 4347 789 4397; x_wconf 87' lang='lat' dir='ltr'><strong>p.</strong></span> <span class='ocrx_word' id='word_1_416' title='bbox 803 4333 859 4382; x_wconf 77' lang='lat' dir='ltr'><strong>tte.</strong></span> <span class='ocrx_word' id='word_1_417' title='bbox 875 4359 902 4367; x_wconf 96' lang='lat'>-</span> <span class='ocrx_word' id='word_1_418' title='bbox 922 4331 962 4380; x_wconf 79' lang='grc'><strong>47.</strong></span> <span class='ocrx_word' id='word_1_419' title='bbox 980 4331 1096 4381; x_wconf 82' lang='lat' dir='ltr'><strong>videbant</strong></span> <span class='ocrx_word' id='word_1_420' title='bbox 1112 4333 1190 4392; x_wconf 69' lang='lat' dir='ltr'><strong>Gdg:</strong></span> <span class='ocrx_word' id='word_1_421' title='bbox 1210 4330 1403 4381; x_wconf 83' lang='lat' dir='ltr'><strong>arbitrabantur</strong></span> <span class='ocrx_word' id='word_1_422' title='bbox 1420 4332 1466 4382; x_wconf 87' lang='lat' dir='ltr'><strong>dtt.</strong></span> <span class='ocrx_word' id='word_1_423' title='bbox 1480 4334 1508 4382; x_wconf 94' lang='lat'><strong>0.</strong></span> <span class='ocrx_word' id='word_1_424' title='bbox 1534 4333 1659 4382; x_wconf 77' lang='lat' dir='ltr'><strong>«Certum</strong></span> <span class='ocrx_word' id='word_1_425' title='bbox 1677 4333 1719 4381; x_wconf 79' lang='lat' dir='ltr'><strong>est</strong></span> <span class='ocrx_word' id='word_1_426' title='bbox 1736 4332 1780 4381; x_wconf 87' lang='lat' dir='ltr'><strong>ci-</strong></span> 
     </span>
     <span class='ocr_line' id='line_1_41' title="bbox 449 4404 1778 4470; baseline -0.005 -9"><span class='ocrx_word' id='word_1_427' title='bbox 449 4423 576 4461; x_wconf 86' lang='lat' dir='ltr'><strong>ceronem</strong></span> <span class='ocrx_word' id='word_1_428' title='bbox 597 4409 646 4458; x_wconf 85' lang='lat' dir='ltr'><strong>hes</strong></span> <span class='ocrx_word' id='word_1_429' title='bbox 666 4410 823 4467; x_wconf 88' lang='lat' dir='ltr'><strong>sententias,</strong></span> <span class='ocrx_word' id='word_1_430' title='bbox 848 4405 946 4470; x_wconf 90' lang='lat' dir='ltr'><strong>quibus</strong></span> <span class='ocrx_word' id='word_1_431' title='bbox 968 4406 1072 4457; x_wconf 89' lang='lat' dir='ltr'><strong>diversa</strong></span> <span class='ocrx_word' id='word_1_432' title='bbox 1097 4407 1235 4456; x_wconf 87' lang='lat' dir='ltr'><strong>hominum</strong></span> <span class='ocrx_word' id='word_1_433' title='bbox 1256 4420 1353 4470; x_wconf 82' lang='lat' dir='ltr'><strong>genera</strong></span> <span class='ocrx_word' id='word_1_434' title='bbox 1375 4409 1474 4457; x_wconf 87' lang='lat' dir='ltr'><strong>variata</strong></span> <span class='ocrx_word' id='word_1_435' title='bbox 1497 4409 1615 4457; x_wconf 90' lang='lat' dir='ltr'><strong>oratione</strong></span> <span class='ocrx_word' id='word_1_436' title='bbox 1633 4404 1778 4466; x_wconf 85' lang='lat' dir='ltr'><strong>describat,</strong></span> 
     </span>
     <span class='ocr_line' id='line_1_42' title="bbox 449 4479 1779 4544; baseline -0.004 -9"><span class='ocrx_word' id='word_1_437' title='bbox 449 4499 503 4536; x_wconf 90' lang='lat' dir='ltr'><strong>non</strong></span> <span class='ocrx_word' id='word_1_438' title='bbox 520 4485 616 4535; x_wconf 87' lang='lat' dir='ltr'><strong>eodem</strong></span> <span class='ocrx_word' id='word_1_439' title='bbox 633 4482 718 4534; x_wconf 90' lang='lat' dir='ltr'><strong>verbo</strong></span> <span class='ocrx_word' id='word_1_440' title='bbox 736 4484 902 4533; x_wconf 88' lang='lat' dir='ltr'><strong>terminasse.</strong></span> <span class='ocrx_word' id='word_1_441' title='bbox 922 4482 1049 4531; x_wconf 85' lang='lat' dir='ltr'><strong>Homines</strong></span> <span class='ocrx_word' id='word_1_442' title='bbox 1066 4479 1100 4532; x_wconf 89' lang='lat' dir='ltr'><strong>de</strong></span> <span class='ocrx_word' id='word_1_443' title='bbox 1118 4479 1195 4544; x_wconf 83' lang='lat' dir='ltr'><strong>vulgo</strong></span> <span class='ocrx_word' id='word_1_444' title='bbox 1213 4482 1300 4531; x_wconf 88' lang='lat' dir='ltr'><strong>minus</strong></span> <span class='ocrx_word' id='word_1_445' title='bbox 1317 4480 1447 4532; x_wconf 86' lang='lat' dir='ltr'><strong>subtiliter</strong></span> <span class='ocrx_word' id='word_1_446' title='bbox 1464 4482 1611 4532; x_wconf 87' lang='lat' dir='ltr'><strong>indicantes</strong></span> <span class='ocrx_word' id='word_1_447' title='bbox 1622 4479 1779 4532; x_wconf 87' lang='lat' dir='ltr'><strong>describens</strong></span> 
     </span>
     <span class='ocr_line' id='line_1_43' title="bbox 449 4555 1779 4623; baseline -0.003 -14"><span class='ocrx_word' id='word_1_448' title='bbox 449 4559 741 4623; x_wconf 79' lang='lat' dir='ltr'><strong>qni--crbitrabcntnr</strong></span> <span class='ocrx_word' id='word_1_449' title='bbox 758 4558 828 4617; x_wconf 82' lang='lat' dir='ltr'><strong>dicit,</strong></span> <span class='ocrx_word' id='word_1_450' title='bbox 848 4556 944 4607; x_wconf 90' lang='lat' dir='ltr'><strong>deinde</strong></span> <span class='ocrx_word' id='word_1_451' title='bbox 962 4557 996 4607; x_wconf 90' lang='lat' dir='ltr'><strong>de</strong></span> <span class='ocrx_word' id='word_1_452' title='bbox 1015 4558 1054 4617; x_wconf 82' lang='lat' dir='ltr'><strong>iis,</strong></span> <span class='ocrx_word' id='word_1_453' title='bbox 1073 4557 1118 4620; x_wconf 89' lang='lat' dir='ltr'><strong>qni</strong></span> <span class='ocrx_word' id='word_1_454' title='bbox 1130 4558 1218 4619; x_wconf 84' lang='lat' dir='ltr'><strong>sagaci</strong></span> <span class='ocrx_word' id='word_1_455' title='bbox 1229 4558 1381 4620; x_wconf 88' lang='lat' dir='ltr'><strong>suspicione</strong></span> <span class='ocrx_word' id='word_1_456' title='bbox 1399 4571 1456 4606; x_wconf 87' lang='lat' dir='ltr'><strong>rem</strong></span> <span class='ocrx_word' id='word_1_457' title='bbox 1474 4560 1555 4607; x_wconf 91' lang='lat' dir='ltr'><strong>totam</strong></span> <span class='ocrx_word' id='word_1_458' title='bbox 1571 4555 1779 4622; x_wconf 78' lang='lat' dir='ltr'><strong>perspiciebant,</strong></span> 
     </span>
     <span class='ocr_line' id='line_1_44' title="bbox 449 4630 1779 4699; baseline -0.002 -15"><span class='ocrx_word' id='word_1_459' title='bbox 449 4634 585 4699; x_wconf 87' lang='lat' dir='ltr'><strong>aptissime</strong></span> <span class='ocrx_word' id='word_1_460' title='bbox 603 4632 725 4684; x_wconf 88' lang='lat' dir='ltr'><strong>subiicit:</strong></span> <span class='ocrx_word' id='word_1_461' title='bbox 743 4633 985 4695; x_wconf 82' lang='lat' dir='ltr'><strong>qni--nidcbcnt.»</strong></span> <span class='ocrx_word' id='word_1_462' title='bbox 1003 4632 1088 4683; x_wconf 83' lang='lat' dir='ltr'><strong>Madv.</strong></span> <span class='ocrx_word' id='word_1_463' title='bbox 1108 4631 1142 4682; x_wconf 90' lang='lat' dir='ltr'><strong>dc</strong></span> <span class='ocrx_word' id='word_1_464' title='bbox 1159 4636 1219 4683; x_wconf 78' lang='lat' dir='ltr'><strong>Asc.</strong></span> <span class='ocrx_word' id='word_1_465' title='bbox 1233 4636 1300 4696; x_wconf 77' lang='lat' dir='ltr'><strong>App.</strong></span> <span class='ocrx_word' id='word_1_466' title='bbox 1317 4645 1344 4696; x_wconf 91' lang='lat' dir='ltr'><strong>p.</strong></span> <span class='ocrx_word' id='word_1_467' title='bbox 1357 4632 1398 4682; x_wconf 81' lang='lat'><strong>38.</strong></span> <span class='ocrx_word' id='word_1_468' title='bbox 1417 4631 1511 4682; x_wconf 89' lang='lat' dir='ltr'><strong>Similis</strong></span> <span class='ocrx_word' id='word_1_469' title='bbox 1529 4630 1648 4682; x_wconf 89' lang='lat' dir='ltr'><strong>conlusio</strong></span> <span class='ocrx_word' id='word_1_470' title='bbox 1659 4630 1779 4681; x_wconf 84' lang='lat' dir='ltr'><strong>estinira</strong></span> 
     </span>
     <span class='ocr_line' id='line_1_45' title="bbox 450 4706 1780 4774; baseline -0.002 -15"><span class='ocrx_word' id='word_1_471' title='bbox 450 4709 474 4774; x_wconf 72' lang='lat' dir='ltr'><strong>fi.</strong></span> <span class='ocrx_word' id='word_1_472' title='bbox 492 4708 533 4759; x_wconf 79' lang='lat' dir='ltr'><strong>tt.</strong></span> <span class='ocrx_word' id='word_1_473' title='bbox 552 4710 618 4758; x_wconf 82' lang='lat' dir='ltr'><strong>extr.</strong></span> <span class='ocrx_word' id='word_1_474' title='bbox 642 4737 667 4746; x_wconf 96' lang='lat'><em>-</em></span> <span class='ocrx_word' id='word_1_475' title='bbox 687 4709 726 4758; x_wconf 87' lang='grc'><strong>49.</strong></span> <span class='ocrx_word' id='word_1_476' title='bbox 745 4709 798 4757; x_wconf 85' lang='lat' dir='ltr'><strong>iam</strong></span> <span class='ocrx_word' id='word_1_477' title='bbox 815 4707 893 4758; x_wconf 77' lang='lat' dir='ltr'><strong>nott.</strong></span> <span class='ocrx_word' id='word_1_478' title='bbox 913 4707 1026 4766; x_wconf 79' lang='lat' dir='ltr'><strong>«Efficit,</strong></span> <span class='ocrx_word' id='word_1_479' title='bbox 1044 4709 1074 4757; x_wconf 91' lang='lat' dir='ltr'><strong>ut</strong></span> <span class='ocrx_word' id='word_1_480' title='bbox 1084 4706 1182 4767; x_wconf 84' lang='lat' dir='ltr'><strong>verba,</strong></span> <span class='ocrx_word' id='word_1_481' title='bbox 1201 4707 1298 4771; x_wconf 90' lang='lat' dir='ltr'><strong>quibus</strong></span> <span class='ocrx_word' id='word_1_482' title='bbox 1315 4709 1500 4771; x_wconf 85' lang='lat' dir='ltr'><strong>interpositum</strong></span> <span class='ocrx_word' id='word_1_483' title='bbox 1512 4709 1564 4768; x_wconf 90' lang='lat' dir='ltr'><strong>est,</strong></span> <span class='ocrx_word' id='word_1_484' title='bbox 1583 4707 1704 4770; x_wconf 86' lang='lat' dir='ltr'><strong>graviore</strong></span> <span class='ocrx_word' id='word_1_485' title='bbox 1717 4706 1780 4756; x_wconf 90' lang='lat' dir='ltr'><strong>elie-</strong></span> 
     </span>
     <span class='ocr_line' id='line_1_46' title="bbox 449 4774 1778 4848; baseline -0.002 -14"><span class='ocrx_word' id='word_1_486' title='bbox 449 4787 542 4834; x_wconf 84' lang='lat' dir='ltr'><strong>rantur</strong></span> <span class='ocrx_word' id='word_1_487' title='bbox 558 4796 625 4834; x_wconf 90' lang='lat' dir='ltr'><strong>sono</strong></span> <span class='ocrx_word' id='word_1_488' title='bbox 643 4788 670 4834; x_wconf 91' lang='lat' dir='ltr'><strong>et</strong></span> <span class='ocrx_word' id='word_1_489' title='bbox 686 4782 768 4833; x_wconf 88' lang='lat' dir='ltr'><strong>habet</strong></span> <span class='ocrx_word' id='word_1_490' title='bbox 785 4774 857 4848; x_wconf 77' lang='grc' dir='ltr'><strong>ἦθος</strong></span> <span class='ocrx_word' id='word_1_491' title='bbox 874 4783 900 4832; x_wconf 93' lang='lat' dir='ltr'><strong>in</strong></span> <span class='ocrx_word' id='word_1_492' title='bbox 914 4783 1203 4833; x_wconf 77' lang='lat' dir='ltr'><strong>commemoratione.»</strong></span> <span class='ocrx_word' id='word_1_493' title='bbox 1222 4783 1315 4842; x_wconf 83' lang='lat' dir='ltr'><strong>Kahnt.</strong></span> <span class='ocrx_word' id='word_1_494' title='bbox 1328 4795 1355 4847; x_wconf 95' lang='lat' dir='ltr'><strong>p.</strong></span> <span class='ocrx_word' id='word_1_495' title='bbox 1369 4782 1393 4832; x_wconf 90' lang='lat'><strong>8.</strong></span> <span class='ocrx_word' id='word_1_496' title='bbox 1408 4784 1471 4832; x_wconf 85' lang='lat' dir='ltr'><strong>Rau.</strong></span> <span class='ocrx_word' id='word_1_497' title='bbox 1485 4784 1504 4832; x_wconf 95' lang='lat' dir='ltr'><strong>l.</strong></span> <span class='ocrx_word' id='word_1_498' title='bbox 1518 4795 1543 4846; x_wconf 92' lang='lat' dir='ltr'><strong>p.</strong></span> <span class='ocrx_word' id='word_1_499' title='bbox 1558 4782 1619 4831; x_wconf 82' lang='lat' dir='ltr'><strong>tto:</strong></span> <span class='ocrx_word' id='word_1_500' title='bbox 1639 4794 1692 4830; x_wconf 89' lang='lat' dir='ltr'><strong>om.</strong></span> <span class='ocrx_word' id='word_1_501' title='bbox 1706 4780 1742 4831; x_wconf 85' lang='grc'><strong>63</strong></span> <span class='ocrx_word' id='word_1_502' title='bbox 1752 4795 1778 4840; x_wconf 83' lang='grc' dir='ltr'><strong>ς;</strong></span> 
     </span>
     <span class='ocr_line' id='line_1_47' title="bbox 449 4855 1780 4922; baseline -0.005 -12"><span class='ocrx_word' id='word_1_503' title='bbox 449 4861 488 4910; x_wconf 85' lang='lat' dir='ltr'><strong>sic</strong></span> <span class='ocrx_word' id='word_1_504' title='bbox 505 4858 529 4922; x_wconf 73' lang='lat' dir='ltr'><strong>S.</strong></span> <span class='ocrx_word' id='word_1_505' title='bbox 548 4859 589 4910; x_wconf 73' lang='lat'><strong>29.</strong></span> <span class='ocrx_word' id='word_1_506' title='bbox 609 4861 674 4909; x_wconf 83' lang='lat' dir='ltr'><strong>extr.</strong></span> <span class='ocrx_word' id='word_1_507' title='bbox 694 4860 726 4908; x_wconf 88' lang='lat' dir='ltr'><strong>Gt</strong></span> <span class='ocrx_word' id='word_1_508' title='bbox 748 4871 801 4908; x_wconf 91' lang='lat' dir='ltr'><strong>om.</strong></span> <span class='ocrx_word' id='word_1_509' title='bbox 820 4859 880 4907; x_wconf 85' lang='lat' dir='ltr'><strong>iam.</strong></span> <span class='ocrx_word' id='word_1_510' title='bbox 901 4885 927 4893; x_wconf 85' lang='lat'><em>-</em></span> <span class='ocrx_word' id='word_1_511' title='bbox 948 4862 971 4906; x_wconf 85' lang='lat' dir='ltr'><strong>et</strong></span> <span class='ocrx_word' id='word_1_512' title='bbox 984 4869 1069 4918; x_wconf 72' lang='lat' dir='ltr'><strong>cnsp.</strong></span> <span class='ocrx_word' id='word_1_513' title='bbox 1088 4857 1149 4919; x_wconf 83' lang='grc' dir='ltr'><strong>63ς</strong></span> <span class='ocrx_word' id='word_1_514' title='bbox 1166 4855 1274 4920; x_wconf 78' lang='lat' dir='ltr'><strong>pleriq:</strong></span> <span class='ocrx_word' id='word_1_515' title='bbox 1295 4871 1326 4906; x_wconf 87' lang='lat' dir='ltr'><strong>ac</strong></span> <span class='ocrx_word' id='word_1_516' title='bbox 1339 4870 1423 4918; x_wconf 81' lang='lat' dir='ltr'><strong>persp.</strong></span> <span class='ocrx_word' id='word_1_517' title='bbox 1437 4860 1455 4906; x_wconf 87' lang='grc' dir='ltr'><strong>Α</strong></span> <span class='ocrx_word' id='word_1_518' title='bbox 1467 4858 1496 4906; x_wconf 92' lang='grc'><strong>0.</strong></span> <span class='ocrx_word' id='word_1_519' title='bbox 1512 4882 1539 4892; x_wconf 91' lang='grc'><strong>-</strong></span> <span class='ocrx_word' id='word_1_520' title='bbox 1558 4857 1599 4905; x_wconf 79' lang='lat' dir='ltr'><strong>rt.</strong></span> <span class='ocrx_word' id='word_1_521' title='bbox 1620 4856 1780 4919; x_wconf 73' lang='lat' dir='ltr'><strong>Quodiginir</strong></span> 
     </span>
     <span class='ocr_line' id='line_1_48' title="bbox 450 4929 1778 4997; baseline -0.003 -12"><span class='ocrx_word' id='word_1_522' title='bbox 450 4937 499 4994; x_wconf 89' lang='grc'><strong>64,</strong></span> <span class='ocrx_word' id='word_1_523' title='bbox 518 4935 578 4996; x_wconf 84' lang='lat' dir='ltr'><strong>qnid</strong></span> <span class='ocrx_word' id='word_1_524' title='bbox 594 4947 653 4997; x_wconf 79' lang='lat' dir='ltr'><strong>crgo</strong></span> <span class='ocrx_word' id='word_1_525' title='bbox 665 4935 711 4984; x_wconf 71' lang='grc'><strong>63.</strong></span> <span class='ocrx_word' id='word_1_526' title='bbox 726 4958 753 4969; x_wconf 92' lang='grc'><strong>-</strong></span> <span class='ocrx_word' id='word_1_527' title='bbox 773 4932 814 4984; x_wconf 78' lang='lat' dir='ltr'><strong>at.</strong></span> <span class='ocrx_word' id='word_1_528' title='bbox 832 4938 970 4994; x_wconf 79' lang='lat' dir='ltr'><strong>sequnntur</strong></span> <span class='ocrx_word' id='word_1_529' title='bbox 981 4933 1013 4981; x_wconf 86' lang='lat' dir='ltr'><strong>Gi</strong></span> <span class='ocrx_word' id='word_1_530' title='bbox 1026 4933 1051 4980; x_wconf 73' lang='lat' dir='ltr'><strong>t.</strong></span> <span class='ocrx_word' id='word_1_531' title='bbox 1067 4958 1094 4966; x_wconf 90' lang='lat'>-</span> <span class='ocrx_word' id='word_1_532' title='bbox 1113 4933 1154 4981; x_wconf 73' lang='lat'><strong>25.</strong></span> <span class='ocrx_word' id='word_1_533' title='bbox 1172 4946 1240 4980; x_wconf 92' lang='lat' dir='ltr'><strong>non:</strong></span> <span class='ocrx_word' id='word_1_534' title='bbox 1258 4932 1344 4981; x_wconf 88' lang='lat' dir='ltr'><strong>omnio</strong></span> <span class='ocrx_word' id='word_1_535' title='bbox 1355 4932 1387 4980; x_wconf 88' lang='grc'><strong>64</strong></span> <span class='ocrx_word' id='word_1_536' title='bbox 1401 4932 1427 4980; x_wconf 91' lang='lat' dir='ltr'><strong>S.</strong></span> <span class='ocrx_word' id='word_1_537' title='bbox 1445 4930 1478 4980; x_wconf 90' lang='lat' dir='ltr'><strong>ci.</strong></span> <span class='ocrx_word' id='word_1_538' title='bbox 1497 4931 1581 4980; x_wconf 88' lang='lat' dir='ltr'><strong>Divin.</strong></span> <span class='ocrx_word' id='word_1_539' title='bbox 1595 4929 1620 4994; x_wconf 66' lang='grc' dir='ltr'><strong>ἓ.</strong></span> <span class='ocrx_word' id='word_1_540' title='bbox 1633 4931 1674 4981; x_wconf 87' lang='grc'><strong>33.</strong></span> <span class='ocrx_word' id='word_1_541' title='bbox 1688 4929 1733 4980; x_wconf 91' lang='lat' dir='ltr'><strong>lib.</strong></span> <span class='ocrx_word' id='word_1_542' title='bbox 1747 4932 1778 4981; x_wconf 88' lang='lat' dir='ltr'><strong>ll.</strong></span> 
     </span>
     <span class='ocr_line' id='line_1_49' title="bbox 450 5005 1779 5074; baseline -0.002 -15"><span class='ocrx_word' id='word_1_543' title='bbox 450 5009 475 5074; x_wconf 70' lang='grc'><strong>5.</strong></span> <span class='ocrx_word' id='word_1_544' title='bbox 488 5009 544 5059; x_wconf 81' lang='grc'><strong>406.</strong></span> <span class='ocrx_word' id='word_1_545' title='bbox 564 5008 647 5059; x_wconf 87' lang='lat' dir='ltr'><strong>lland.</strong></span> <span class='ocrx_word' id='word_1_546' title='bbox 663 5009 738 5059; x_wconf 84' lang='lat' dir='ltr'><strong>Tum.</strong></span> <span class='ocrx_word' id='word_1_547' title='bbox 751 5008 792 5058; x_wconf 93' lang='lat' dir='ltr'><strong>lV.</strong></span> <span class='ocrx_word' id='word_1_548' title='bbox 808 5020 834 5071; x_wconf 91' lang='lat' dir='ltr'><strong>p.</strong></span> <span class='ocrx_word' id='word_1_549' title='bbox 847 5007 911 5056; x_wconf 77' lang='lat' dir='ltr'><strong>tte:</strong></span> <span class='ocrx_word' id='word_1_550' title='bbox 931 5020 992 5055; x_wconf 82' lang='lat' dir='ltr'><strong>nom</strong></span> <span class='ocrx_word' id='word_1_551' title='bbox 1006 5006 1091 5055; x_wconf 87' lang='lat' dir='ltr'><strong>omnic</strong></span> <span class='ocrx_word' id='word_1_552' title='bbox 1103 5008 1139 5055; x_wconf 75' lang='lat' dir='ltr'><strong>ot</strong></span> <span class='ocrx_word' id='word_1_553' title='bbox 1149 5005 1185 5055; x_wconf 85' lang='lat' dir='ltr'><strong>Ld</strong></span> <span class='ocrx_word' id='word_1_554' title='bbox 1196 5005 1243 5054; x_wconf 93' lang='lat' dir='ltr'><strong>dtt.</strong></span> <span class='ocrx_word' id='word_1_555' title='bbox 1256 5035 1284 5046; x_wconf 84' lang='lat'><strong>-</strong></span> <span class='ocrx_word' id='word_1_556' title='bbox 1297 5006 1338 5055; x_wconf 83' lang='lat'><strong>30.</strong></span> <span class='ocrx_word' id='word_1_557' title='bbox 1350 5007 1416 5055; x_wconf 79' lang='lat' dir='ltr'><strong>bom.</strong></span> <span class='ocrx_word' id='word_1_558' title='bbox 1427 5005 1498 5067; x_wconf 81' lang='lat' dir='ltr'><strong>perd.</strong></span> <span class='ocrx_word' id='word_1_559' title='bbox 1512 5005 1590 5054; x_wconf 93' lang='lat' dir='ltr'><strong>codd.</strong></span> <span class='ocrx_word' id='word_1_560' title='bbox 1601 5007 1657 5055; x_wconf 75' lang='lat' dir='ltr'><strong>AS.</strong></span> <span class='ocrx_word' id='word_1_561' title='bbox 1670 5008 1779 5069; x_wconf 80' lang='lat' dir='ltr'><strong>Agroet.</strong></span> 
     </span>
     <span class='ocr_line' id='line_1_50' title="bbox 451 5080 1781 5147; baseline -0.001 -15"><span class='ocrx_word' id='word_1_562' title='bbox 451 5097 477 5147; x_wconf 94' lang='lat' dir='ltr'><strong>p.</strong></span> <span class='ocrx_word' id='word_1_563' title='bbox 489 5083 563 5133; x_wconf 75' lang='lat' dir='ltr'><strong>titt.</strong></span> <span class='ocrx_word' id='word_1_564' title='bbox 583 5085 625 5133; x_wconf 87' lang='lat' dir='ltr'><strong>P.:</strong></span> <span class='ocrx_word' id='word_1_565' title='bbox 641 5084 712 5147; x_wconf 85' lang='lat' dir='ltr'><strong>perd.</strong></span> <span class='ocrx_word' id='word_1_566' title='bbox 730 5083 795 5132; x_wconf 87' lang='lat' dir='ltr'><strong>bom.</strong></span> <span class='ocrx_word' id='word_1_567' title='bbox 815 5083 843 5132; x_wconf 89' lang='lat' dir='ltr'><strong>L.</strong></span> <span class='ocrx_word' id='word_1_568' title='bbox 859 5107 886 5118; x_wconf 95' lang='lat'><em>-</em></span> <span class='ocrx_word' id='word_1_569' title='bbox 905 5083 978 5131; x_wconf 76' lang='lat' dir='ltr'><strong>baina</strong></span> <span class='ocrx_word' id='word_1_570' title='bbox 993 5083 1059 5131; x_wconf 83' lang='lat' dir='ltr'><strong>bom.</strong></span> <span class='ocrx_word' id='word_1_571' title='bbox 1078 5083 1155 5143; x_wconf 86' lang='lat' dir='ltr'><strong>ampl.</strong></span> <span class='ocrx_word' id='word_1_572' title='bbox 1172 5083 1277 5144; x_wconf 78' lang='lat' dir='ltr'><strong>Agroet.</strong></span> <span class='ocrx_word' id='word_1_573' title='bbox 1292 5109 1319 5117; x_wconf 91' lang='lat'><em>-</em></span> <span class='ocrx_word' id='word_1_574' title='bbox 1333 5081 1374 5130; x_wconf 84' lang='grc'><strong>34.</strong></span> <span class='ocrx_word' id='word_1_575' title='bbox 1384 5081 1570 5144; x_wconf 77' lang='lat' dir='ltr'><strong>congratulatio</strong></span> <span class='ocrx_word' id='word_1_576' title='bbox 1582 5080 1630 5131; x_wconf 93' lang='lat' dir='ltr'><strong>dtt.</strong></span> <span class='ocrx_word' id='word_1_577' title='bbox 1643 5108 1670 5118; x_wconf 89' lang='lat'>-</span> <span class='ocrx_word' id='word_1_578' title='bbox 1690 5081 1731 5131; x_wconf 88' lang='grc'><strong>33.</strong></span> <span class='ocrx_word' id='word_1_579' title='bbox 1743 5081 1781 5131; x_wconf 82' lang='lat' dir='ltr'><strong>hit</strong></span> 
     </span>
     <span class='ocr_line' id='line_1_51' title="bbox 356 5155 1779 5220; baseline -0.001 -12"><span class='ocrx_word' id='word_1_580' title='bbox 356 5203 363 5217; x_wconf 84' lang='grc'><strong>,</strong></span> <span class='ocrx_word' id='word_1_581' title='bbox 450 5157 534 5207; x_wconf 70' lang='lat' dir='ltr'><strong>aetna</strong></span> <span class='ocrx_word' id='word_1_582' title='bbox 551 5159 679 5220; x_wconf 65' lang='lat' dir='ltr'><strong>panchi.</strong></span> <span class='ocrx_word' id='word_1_583' title='bbox 695 5184 724 5196; x_wconf 92' lang='grc'>-</span> <span class='ocrx_word' id='word_1_584' title='bbox 739 5158 1002 5219; x_wconf 62' lang='lat' dir='ltr'><strong>annonamque</strong></span> <span class='ocrx_word' id='word_1_585' title='bbox 1023 5159 1055 5207; x_wconf 89' lang='grc'><strong>64</strong></span> <span class='ocrx_word' id='word_1_586' title='bbox 1069 5158 1199 5220; x_wconf 66' lang='grc' dir='ltr'><strong>2ς4839ῑ</strong></span> <span class='ocrx_word' id='word_1_587' title='bbox 1218 5168 1315 5219; x_wconf 81' lang='lat' dir='ltr'><strong>quoquc</strong></span> <span class='ocrx_word' id='word_1_588' title='bbox 1330 5156 1431 5205; x_wconf 65' lang='lat' dir='ltr'><strong>anm</strong></span> <span class='ocrx_word' id='word_1_589' title='bbox 1450 5155 1497 5207; x_wconf 91' lang='lat' dir='ltr'><strong>dtt.</strong></span> <span class='ocrx_word' id='word_1_590' title='bbox 1516 5157 1544 5205; x_wconf 91' lang='lat'><strong>0.</strong></span> <span class='ocrx_word' id='word_1_591' title='bbox 1564 5181 1593 5192; x_wconf 89' lang='lat'><em>-</em></span> <span class='ocrx_word' id='word_1_592' title='bbox 1612 5169 1706 5218; x_wconf 77' lang='lat' dir='ltr'><strong>pucros</strong></span> <span class='ocrx_word' id='word_1_593' title='bbox 1725 5169 1779 5207; x_wconf 90' lang='lat' dir='ltr'><strong>om.</strong></span> 
     </span>
     <span class='ocr_line' id='line_1_52' title="bbox 450 5229 1780 5294; baseline 0 -12"><span class='ocrx_word' id='word_1_594' title='bbox 450 5234 568 5283; x_wconf 84' lang='lat' dir='ltr'><strong>lannoct.</strong></span> <span class='ocrx_word' id='word_1_595' title='bbox 586 5233 614 5284; x_wconf 91' lang='lat'><strong>0.</strong></span> <span class='ocrx_word' id='word_1_596' title='bbox 638 5235 687 5283; x_wconf 73' lang='lat' dir='ltr'><strong>«nt</strong></span> <span class='ocrx_word' id='word_1_597' title='bbox 704 5231 828 5284; x_wconf 89' lang='lat' dir='ltr'><strong>librarius</strong></span> <span class='ocrx_word' id='word_1_598' title='bbox 848 5233 968 5293; x_wconf 79' lang='lat' dir='ltr'><strong>homines,</strong></span> <span class='ocrx_word' id='word_1_599' title='bbox 988 5244 1125 5283; x_wconf 89' lang='lat' dir='ltr'><strong>summum</strong></span> <span class='ocrx_word' id='word_1_600' title='bbox 1141 5246 1238 5294; x_wconf 77' lang='lat' dir='ltr'><strong>servos,</strong></span> <span class='ocrx_word' id='word_1_601' title='bbox 1258 5244 1310 5283; x_wconf 94' lang='lat' dir='ltr'><strong>non</strong></span> <span class='ocrx_word' id='word_1_602' title='bbox 1328 5233 1382 5280; x_wconf 89' lang='lat' dir='ltr'><strong>tom</strong></span> <span class='ocrx_word' id='word_1_603' title='bbox 1400 5232 1489 5281; x_wconf 87' lang='lat' dir='ltr'><strong>Latine</strong></span> <span class='ocrx_word' id='word_1_604' title='bbox 1502 5243 1595 5294; x_wconf 66' lang='lat' dir='ltr'><strong>panos</strong></span> <span class='ocrx_word' id='word_1_605' title='bbox 1607 5229 1780 5282; x_wconf 76' lang='lat' dir='ltr'><strong>addidisset.»</strong></span> 
     </span>
     <span class='ocr_line' id='line_1_53' title="bbox 450 5306 695 5376; baseline 0 -15"><span class='ocrx_word' id='word_1_606' title='bbox 450 5307 536 5361; x_wconf 80' lang='lat' dir='ltr'><strong>ltadv.</strong></span> <span class='ocrx_word' id='word_1_607' title='bbox 554 5308 574 5358; x_wconf 94' lang='lat' dir='ltr'><strong>l.</strong></span> <span class='ocrx_word' id='word_1_608' title='bbox 592 5319 619 5376; x_wconf 87' lang='lat' dir='ltr'><strong>p.</strong></span> <span class='ocrx_word' id='word_1_609' title='bbox 638 5306 695 5361; x_wconf 82' lang='lat' dir='ltr'><strong>tto.</strong></span> 
     </span>
    </p>
   </div>
   <div class='ocr_carea' id='block_1_8' title="bbox 0 0 2188 6100">
    <p class='ocr_par' dir='ltr' id='par_1_8' title="bbox 0 0 2188 6100">
     <span class='ocr_line' id='line_1_54' title="bbox 0 0 2188 6100; baseline 0 0"><span class='ocrx_word' id='word_1_610' title='bbox 0 0 2188 6100; x_wconf 95' lang='lat' dir='ltr'><strong> </strong></span> 
     </span>
    </p>
   </div>
  </div>
 </body>
</html>
