4367 6109
750 570 818 636 ιιι.
837 569 892 635 tv.
922 568 995 637 cn.
1017 571 1154 637 1v-v.
1181 568 1239 656 33
1260 566 1392 638 o-to.
1671 567 1735 638 aar

412 737 494 803 nihil
513 736 630 804 hebere
651 740 800 824 cuiquam
821 746 984 823 praeterea
996 738 1131 804 licebitl
1152 746 1200 804 tot
1214 740 1328 804 domus
1341 739 1606 824 locupletissimae
1619 739 1735 806 domur

412 832 504 897 istius
524 853 589 897 una
609 833 731 918 capietf
754 833 876 897 Idcirco
898 853 991 898 nemo
1013 835 1211 917 superiorum
1232 835 1350 919 attigit,
1371 841 1408 900 ut
1420 835 1473 899 hic
1492 835 1639 900 tolleret?
1661 835 1735 901 ideo

414 925 447 990 G.
471 925 622 990 Claudius
644 927 780 991 Pulcher
804 926 942 1001 rettulit,
971 935 1008 990 ut
1037 927 1070 990 C.
1092 929 1207 992 Verres
1228 935 1338 1011 posset
1358 929 1504 992 auferret
1538 931 1579 994 At
1599 949 1665 994 non
1685 948 1736 994 re·

414 1019 559 1105 quirebet
585 1019 641 1085 ille
664 1020 786 1105 Cupido
813 1021 939 1085 lenonis
960 1020 1089 1084 domum
1111 1040 1148 1084 ac
1170 1022 1377 1085 meretriciam
1399 1021 1614 1105 disciplinam
1640 1021 1736 1087 facile

412 1113 469 1177 illo
490 1113 627 1178 mcrario
650 1116 752 1198 patrio
775 1113 1012 1179 continebatur:
1033 1114 1116 1177 Heio
1139 1135 1174 1176 se
1191 1115 1398 1179 amaioribus
1411 1115 1556 1180 relictum
1572 1136 1642 1181 esse
1656 1115 1760 1182 scie-e

412 1208 467 1270 bat
486 1208 521 1270 fn
542 1206 717 1272 hereditate
739 1228 917 1282 sacrorum3
939 1227 1004 1270 non
1026 1208 1200 1291 quaerebat
1220 1207 1395 1272 meretricie
1416 1207 1576 1274 heredem.
1619 1207 1650 1273 8.
1673 1208 1737 1274 Sed

413 1301 491 1385 quid
513 1321 572 1385 ego
595 1309 659 1366 mm
680 1302 884 1366 vehementer
903 1299 1062 1365 invehor‘l
1092 1301 1196 1364 Verbo
1217 1321 1282 1366 uno
1304 1301 1449 1384 repellar.
1462 1334 1504 1349 -
1518 1303 1602 1377 Emi,
1624 1301 1737 1386 inquit.

411 1427 454 1442 -
474 1395 514 1458 Di
543 1395 751 1471 immortales,
779 1395 974 1479 praeclaram
997 1393 1231 1458 defensioneml
1259 1404 1465 1460 mercatorem
1486 1396 1521 1460 in
1542 1395 1738 1479 provinciam

413 1508 484 1552 cnm
517 1488 652 1572 imperio
681 1510 717 1553 ac
744 1490 907 1554 securibus
935 1487 1095 1563 misimus,
1128 1490 1235 1553 omnia
1256 1490 1312 1574 qui
1342 1488 1448 1572 signa,
1480 1489 1604 1553 ubulae
1624 1490 1737 1573 pictae,

412 1602 506 1646 omne
528 1590 708 1666 argentum,
739 1604 867 1659 aurum,
894 1584 987 1658 ebur,
1008 1599 1148 1664 gemmas
1171 1589 1345 1658 coemeret,
1367 1582 1448 1646 nihil
1470 1584 1620 1667 cuiquam
1640 1581 1774 1655 redu-40

413 1682 535 1761 queret.
577 1677 664 1741 llaec
691 1679 776 1742 enim
803 1677 880 1741 mihi
910 1678 950 1741 ad
978 1675 1084 1741 omnia
1105 1675 1248 1739 defensio
1269 1676 1413 1760 patefieri
1433 1676 1578 1741 videtur:
1611 1675 1737 1740 emisse.

411 1769 567 1845 Primum,
595 1772 622 1833 si
650 1770 701 1846 id,
732 1770 906 1856 quodvis,
935 1770 992 1835 tihi
1014 1789 1073 1853 ego
1096 1769 1285 1845 concedam,
1314 1777 1350 1833 ut
1370 1769 1500 1846 emeris,
1529 1769 1681 1854 quoniam
1702 1768 1737 1832 in

412 1870 480 1928 toto
511 1864 573 1927 hoc
594 1883 711 1947 genere
738 1865 797 1929 hac
818 1884 883 1929 una
904 1864 1090 1927 defensione
1111 1883 1229 1927 usurus
1251 1884 1301 1928 es:
1323 1883 1459 1949 quaero,
1481 1865 1573 1928 cuius
1594 1861 1679 1926 modi
1700 1869 1737 1926 tu

412 1958 531 2024 iudicia
551 1959 671 2022 Romae
690 1959 812 2044 putaris
833 1977 920 2033 esse,
942 1958 969 2021 si
992 1957 1050 2020 tibi
1071 1956 1133 2021 hoc
1156 1976 1347 2041 quemquam
1369 1977 1595 2022 concessurum
1609 1953 1738 2040 putasti,

412 2061 444 2118 te
465 2052 499 2116 in
520 2060 668 2137 praetura
689 2060 786 2137 atque
806 2053 941 2137 imperio
962 2058 1011 2115 tot
1032 2072 1083 2114 res
1106 2060 1169 2115 mm
1191 2052 1364 2135 pretiosas,
1386 2071 1496 2116 omnes
1514 2052 1655 2135 denique
1675 2067 1775 2124 rests

413 2166 496 2230 quac
523 2145 658 2211 alicuius
684 2147 777 2231 pretii
804 2145 936 2220 fuerint,
964 2152 1031 2209 tota
1059 2166 1100 2208 ex
1120 2146 1285 2229 provincia
1305 2149 1469 2210 coemisse.
1511 2148 1549 2210 V.
1570 2142 1601 2207 9.
1622 2144 1738 2208 Videte

412 2240 568 2306 maiorum
589 2239 798 2323 diligentiam,
820 2240 876 2325 qui
897 2238 1057 2303 nihildum
1071 2240 1167 2303 etiam
1188 2240 1280 2304 istius
1301 2241 1387 2304 modi
1402 2240 1660 2325 suspicabantur,
1682 2259 1737 2304 re·

412 2355 483 2398 rum
511 2341 617 2399 tamen
645 2353 698 2407 ea,
731 2354 814 2418 quae
842 2335 947 2418 parvis
976 2333 1011 2397 in
1039 2334 1134 2397 rebus
1161 2333 1305 2398 accidere
1325 2341 1490 2417 poterant,
1518 2334 1736 2417 providebant.

412 2428 597 2503 Neminem,
619 2428 674 2511 qui
698 2447 770 2490 cum
790 2434 948 2513 potestate
965 2434 1021 2490 aut
1034 2426 1193 2509 legatione
1208 2427 1241 2490 iu
1256 2428 1450 2510 provinciam
1465 2436 1550 2493 esset
1564 2429 1736 2514 profectus,

412 2529 477 2586 nm
505 2528 662 2585 amentem
690 2519 759 2583 fore
787 2528 994 2605 putaverunt,
1024 2529 1061 2584 ut
1086 2530 1205 2585 emeret
1225 2528 1406 2605 argentum3
1434 2521 1568 2586 dabatur
1588 2524 1673 2587 enim
1695 2522 1774 2590 dete

413 2614 557 2700 publico:
580 2621 617 2678 ut
637 2620 773 2689 vestem3
794 2615 1004 2697 praebebatur
1019 2616 1105 2679 enim
1118 2616 1471 2706 legibuszlmancipium
1485 2623 1648 2703 putarunt,
1670 2635 1736 2701 quo

413 2716 444 2772 et
465 2725 576 2772 omnes
597 2709 719 2772 utimur
740 2715 772 2770 et
791 2727 857 2771 non
877 2710 1048 2790 praebetur
1068 2730 1087 2773 a
1108 2710 1237 2794 populo.
1281 2711 1478 2787 Sanxerunt,
1499 2732 1540 2776 ns
1562 2732 1633 2787 ovrs
1654 2727 1737 2776 sue·

413 2823 473 2867 enr
501 2819 565 2866 mss
594 2822 626 2865 ru
653 2816 815 2865 unnotrvr
844 2821 959 2866 nocvu.
991 2804 1038 2875 ,si
1066 2804 1123 2888 qui
1150 2805 1267 2868 Romae
1289 2811 1374 2868 esset
1395 2805 1600 2870 demortuus?
1628 2806 1737 2880 lmmo,

413 2899 439 2962 si
461 2897 533 2982 quis
556 2895 686 2960 ibidem.
728 2898 800 2959 Non
822 2896 906 2961 enim
928 2903 959 2960 te
984 2899 1139 2962 instruere
1161 2899 1290 2962 domum
1313 2906 1398 2964 tuam
1419 2901 1588 2965 voluerunt
1608 2900 1642 2964 in
1662 2917 1737 2986 pro·

412 2991 534 3065 mucia,
562 2989 618 3053 sed
646 2989 738 3052 illum
758 3009 851 3052 usum
871 2991 1054 3074 provinciae
1075 2993 1233 3078 supplere.
1277 2988 1328 3056 t0.
1350 2994 1440 3070 Quae
1459 2995 1521 3058 fuit
1541 3014 1652 3070 causa,
1678 3011 1773 3064 curte

412 3093 476 3147 mm
497 3083 667 3167 diligenter
687 3103 748 3147 nos
768 3083 803 3147 in
824 3085 998 3167 provinciis
1020 3086 1059 3148 ab
1081 3087 1293 3171 emptionibus
1314 3093 1533 3155 removerent?
1563 3091 1665 3164 Haec,
1685 3089 1736 3152 iu·

413 3177 519 3252 dices,
546 3177 633 3260 quod
655 3177 809 3261 putabant
830 3180 1024 3262 ereptionem
1047 3199 1133 3256 esse,
1160 3201 1225 3245 non
1248 3184 1455 3265 emptionem,
1486 3204 1557 3248 cum
1578 3182 1736 3249 venditori

413 3293 470 3338 suo
491 3273 643 3336 arbitratu
665 3271 803 3335 vendere
825 3292 889 3335 non
911 3272 1030 3338 liceret
1068 3275 1104 3337 ln
1125 3276 1299 3359 provinciis
1320 3277 1550 3361 intelligebant,
1570 3280 1597 3342 si
1618 3279 1656 3352 is,
1678 3277 1734 3361 qui

413 3375 496 3432 esset
517 3387 589 3430 cum
609 3366 743 3448 imperio
765 3387 802 3430 ac
822 3374 994 3451 potestate,
1016 3368 1104 3454 quod
1125 3369 1210 3453 apud
1226 3389 1386 3454 quemque
1401 3379 1498 3446 esset,
1520 3390 1624 3434 emere
1639 3369 1736 3434 vellet

413 3463 509 3545 idque
532 3461 561 3523 ei
590 3460 715 3535 liceret,
741 3459 810 3523 fore
838 3461 902 3536 uti,
936 3463 1022 3545 quod
1045 3463 1182 3547 quisque
1205 3463 1313 3537 vellet,
1340 3465 1407 3527 sive
1429 3473 1514 3529 esset
1532 3465 1646 3529 venale
1667 3465 1772 3532 sirete

412 3575 477 3619 non
499 3558 597 3629 esset,
620 3555 730 3637 quami
751 3554 848 3618 vellet
869 3554 1017 3620 auferret
1052 3558 1143 3620 Dicet
1164 3556 1298 3641 aliquis:
1329 3559 1419 3622 «Noti
1440 3558 1503 3622 isto
1524 3559 1621 3623 modo
1641 3577 1736 3643 agere

413 3669 485 3713 cum
506 3649 621 3712 Verre:
649 3647 716 3711 noli
745 3648 815 3712 eius
842 3648 926 3712 facta
951 3650 991 3713 ad
1013 3650 1163 3734 antiquae
1184 3649 1350 3734 religionis
1372 3653 1527 3716 rationem
1549 3651 1734 3735 exquirere:

413 3742 573 3818 concede,
599 3749 637 3806 ut
664 3743 795 3826 impune
823 3743 952 3818 emerit,
984 3745 1079 3807 modo
1107 3751 1145 3807 ut
1166 3745 1252 3808 hona
1273 3745 1395 3808 ratione
1416 3745 1546 3822 emerit,
1573 3745 1655 3810 nihil
1675 3763 1734 3829 pro

412 3843 586 3922 potestate,
608 3835 691 3900 nihil
711 3837 751 3900 ab
771 3837 890 3912 invito,
912 3837 993 3900 nihil
1015 3857 1072 3921 per
1095 3839 1272 3903 iniuriam.»
1312 3838 1365 3902 Sic
1386 3857 1488 3923 agam.
1523 3839 1558 3902 Si
1581 3838 1659 3922 quid
1680 3858 1736 3903 ve·

478 4078 502 4130 4.
519 4079 639 4142 crsiquom
650 4078 855 4141 prseteeonv,
868 4078 952 4142 432οι
968 4091 1010 4140 pr.
1022 4079 1142 4142 cuiquem
1157 4078 1215 4131 rell.
1227 4081 1257 4131 0.
1271 4107 1299 4118 -
1317 4084 1354 4130 tot
1368 4078 1511 4131 domoehd.
1525 4106 1553 4117 -
1570 4079 1739 4133 tutum

412 4155 444 4206 V.
458 4180 486 4190 -
503 4155 530 4206 2.
546 4155 587 4204 bic
602 4153 653 4214 443.
665 4152 691 4214 l,
704 4154 789 4218 4329;
807 4154 852 4204 tete
862 4152 927 4205 dett.
938 4155 967 4204 0.
986 4153 1061 4219 [item
1078 4156 1171 4218 Malus,
1190 4158 1217 4207 et
1233 4157 1272 4207 sic
1288 4156 1404 4207 Brunuio
1420 4168 1528 4221 quoque
1539 4153 1624 4207 codex
1634 4153 1737 4208 babere

412 4228 526 4291 videtur,
538 4240 703 4294 quamquam
713 4229 844 4294 scriptura
855 4230 881 4280 in
892 4227 952 4280 loco
963 4228 1018 4280 fere
1031 4231 1159 4282 exstincta
1172 4232 1232 4293 eet]
1242 4257 1269 4269 -
1282 4230 1307 4282 3.
1317 4231 1344 4282 0.
1355 4233 1416 4282 ante
1427 4231 1517 4284 cloud
1527 4227 1609 4282 habet
1619 4230 1651 4290 V,
1663 4229 1737 4295 quod

413 4315 504 4354 errore
520 4303 604 4354 licius
620 4315 673 4354 om.
694 4330 722 4340 —
740 4303 835 4354 nuum
850 4304 885 4353 V:
908 4304 993 4354 retulit
1009 4305 1042 4365 44,
1060 4303 1116 4366 alli,
1134 4306 1164 4355 0.
1184 4332 1212 4342 -
1236 4304 1259 4357 4.
1283 4306 1378 4368 cipido
1399 4306 1466 4357 inv
1481 4319 1562 4358 manu
1578 4298 1737 4359 scholiastes

413 4379 448 4442 (v.
460 4377 550 4429 adnot.
563 4380 588 4429 t.
601 4377 662 4429 ituit
677 4389 737 4441 pag.
750 4377 818 4437 408.)
835 4379 1044 4443 superscriptum
1056 4380 1105 4430 est.
1119 4380 1180 4444 (Br.)
1194 4406 1222 4418 -
1240 4380 1265 4430 6.
1278 4381 1313 4429 nd
1327 4380 1488 4432 hereditatem
1498 4380 1564 4432 dett.
1582 4379 1639 4447 {sed
1651 4379 1739 4434 nullut

413 4454 503 4518 Lagg„
521 4467 555 4505 ex
571 4452 669 4518 quibus
686 4452 750 4504 dett.
770 4467 805 4503 ae
820 4453 980 4504 teedbutem
997 4452 1116 4518 habeut]
1135 4479 1163 4491 -
1181 4455 1206 4505 t.
1224 4468 1275 4506 uno
1291 4455 1345 4506 11³:
1362 4455 1415 4506 iarn
1424 4468 1476 4506 eno
1486 4455 1551 4508 dett.
1564 4455 1594 4507 0.
1615 4453 1652 4519 [ln
1664 4456 1686 4506 V
1697 4457 1740 4509 eet

412 4529 507 4581 vocula
519 4532 580 4581 unte
596 4541 662 4589 une,
680 4527 729 4580 sed
742 4541 806 4579 num
817 4530 852 4580 sit
866 4530 928 4590 tum,
947 4529 1062 4579 bruneto
1078 4529 1210 4580 incertum
1222 4529 1347 4595 videtum]
1362 4557 1390 4568 -
1408 4529 1433 4581 3.
1446 4531 1473 4581 et
1482 4530 1536 4581 11³:
1555 4531 1616 4582 odii
1627 4531 1693 4583 dett.
1706 4530 1736 4584 0.

412 4603 443 4671 [V
460 4603 543 4656 habet
558 4605 595 4664 di3
622 4617 687 4655 num
704 4605 785 4656 etiam
803 4620 832 4669 o,
860 4618 922 4657 cum
944 4604 1047 4656 litterae
1064 4607 1127 4656 anm
1143 4606 1169 4655 di
1186 4605 1353 4665 evanuerint,
1380 4604 1495 4657 discerni
1512 4619 1565 4657 non
1582 4606 1689 4673 poteetl
1707 4630 1736 4646 -·

412 4680 436 4730 0.
454 4680 906 4744 mmiurpertouerecurfleprou.
924 4681 945 4732 0
962 4683 1053 4731 conus
1071 4679 1151 4732 codd.
1172 4706 1199 4717 -
1223 4680 1266 4742 qut
1289 4679 1456 4732 mutet.
1474 4679 1504 4731 0.
1524 4708 1552 4720 -
1577 4681 1619 4732 40.
1635 4681 1736 4734 attile.

411 4755 457 4805 ml.
474 4755 535 4806 mec
552 4767 605 4806 om.
624 4755 702 4818 4320.
718 4780 744 4791 -
764 4755 805 4805 42.
823 4754 928 4819 egotibi
943 4754 1022 4818 4320.
1043 4782 1070 4793 -
1089 4755 1130 4806 43.
1147 4754 1203 4820 tue]
1220 4768 1252 4805 ce
1269 4756 1346 4806 4402.
1366 4782 1394 4794 -
1413 4757 1454 4807 te.
1468 4757 1610 4818 praetiom
1625 4756 1688 4807 RV.
1707 4780 1737 4796 ·-

412 4831 453 4881 40.
470 4830 573 4894 tieem
584 4832 612 4882 44.
633 4828 791 4894 [terminatio
808 4831 868 4881 inv
885 4843 938 4881 non
955 4832 1044 4895 potest
1060 4829 1203 4894 distingut]
1217 4857 1245 4867 -
1263 4831 1305 4881 20.
1319 4835 1445 4893 pistum
1459 4832 1479 4882 1.
1496 4833 1524 4882 et
1540 4832 1619 4896 Legg.
1632 4833 1739 4897 praeter

386 4940 389 4947 .
412 4905 453 4955 20.
466 4904 507 4957 42.
522 4931 550 4942 -
569 4905 610 4956 24.
625 4909 749 4968 putarunt
765 4906 800 4966 44,
818 4902 835 4955 λ
851 4903 937 4969 egla:
952 4910 1106 4968 putarem
1122 4905 1168 4966 03,
1186 4902 1243 4956 rell.
1262 4906 1352 4969 legg..
1370 4906 1400 4957 0.
1420 4932 1447 4943 -
1466 4907 1507 4956 22.
1525 4912 1632 4957 υιωων
1647 4907 1693 4957 02.
1707 4932 1736 4946 -

412 4983 502 5030 erueret
517 4979 567 5040 443,
584 4976 602 5028 λ
619 4976 705 5044 (proh.
723 4978 808 5031 ltadv.
828 4980 904 5044 epist.
923 4993 949 5045 p.
967 4980 1033 5045 20.);
1052 4986 1142 5032 errem
1156 4981 1310 5043 msnctptren
1326 4980 1391 5032 dett.
1404 4981 1434 5032 0.
1449 5008 1476 5019 -
1494 4980 1536 5032 23.
1552 4983 1575 5031 et
1591 4982 1647 5045 quie
1657 4982 1735 5047 lagg.

415 5082 443 5093 -
461 5052 502 5106 24.
521 5055 588 5106 enim
603 5066 657 5105 om.
677 5054 713 5104 02
730 5054 777 5106 Ld.
798 5080 825 5092 -
852 5055 892 5105 28.
917 5050 1000 5106 iceret
1016 5057 1050 5120 44,
1076 5056 1125 5108 sed
1145 5068 1238 5107 rasura
1259 5055 1357 5107 factum
1380 5056 1469 5117 licere,
1495 5059 1525 5107 ut
1541 5059 1583 5107 est
1599 5057 1625 5107 in
1642 5056 1688 5107 ct.
1707 5080 1736 5095 ··

413 5130 454 5181 30.
471 5131 495 5181 ei
511 5142 565 5182 om.
583 5131 662 5194 lagg.
680 5133 788 5194 praeter
804 5128 844 5182 42.
870 5158 897 5168 -
922 5130 978 5194 fore
992 5135 1021 5181 ct
1035 5132 1115 5196 4320.
1135 5156 1163 5169 -
1187 5131 1227 5183 32.
1246 5131 1288 5197 ud]
1313 5137 1341 5182 ut
1357 5134 1378 5184 44
1393 5144 1434 5197 pr.
1453 5144 1506 5191 m.;
1532 5136 1561 5181 st
1576 5145 1631 5183 sec.
1651 5143 1689 5183 m.
1708 5156 1737 5169 -·

414 5203 455 5257 33.
471 5209 500 5255 et
515 5205 544 5255 te
559 5203 625 5256 bene
640 5204 721 5257 idem.
734 5229 764 5244 -·
781 5205 844 5256 ntttl
855 5219 905 5270 pre
916 5211 1038 5274 potetate
1053 5219 1108 5259 om.
1126 5208 1205 5271 lagg.
1223 5209 1332 5273 praeter
1347 5206 1388 5260 43.
1409 5232 1437 5245 -
1454 5206 1496 5260 34.
1513 5207 1612 5270 aquata
1627 5204 1739 5273 434440

414 5277 463 5332 te:
479 5279 652 5346 4431044443,
672 5278 729 5336 tell.
746 5281 827 5350 4433.
