4367 6109
446 570 509 637 722
857 570 1009 636 onarlo
1031 571 1110 637 PRO
1132 573 1167 634 L.
1189 572 1355 635 hlUllENh

401 794 402 797 .
446 741 562 806 fretum
590 739 631 805 ad
660 738 842 803 consulatus
871 741 1057 823 petitionem
1079 740 1207 823 aggredi
1233 761 1291 823 par
1312 749 1368 803 est.
1412 739 1503 803 Paria
1524 759 1688 821 cognosco
1711 760 1780 803 esse

447 837 508 899 ista
528 836 562 898 in
583 835 619 897 L.
633 835 764 898 Murena
785 842 881 917 atque
903 836 946 898 ita
968 836 1071 917 paria,
1096 841 1131 897 ut
1152 854 1257 917 neque
1279 836 1348 916 ipse
1363 832 1516 915 dignitate
1530 834 1614 898 unci
1637 834 1782 917 potnerit

447 948 553 1012 neque
575 937 607 992 te
628 928 781 1010 dignitate
803 929 966 1009 superarit.
1012 927 1234 1009 Contempsisti
1258 929 1292 989 L.
1315 929 1466 990 hlurenae
1489 947 1610 1009 genus,
1635 926 1779 989 extulisti

448 1030 545 1085 tuum.
575 1021 647 1098 Quo
669 1022 740 1085 loco
763 1021 789 1084 si
812 1020 868 1083 tibi
890 1021 951 1083 hoc
973 1022 1086 1093 sumis,
1109 1022 1169 1084 nisi
1192 1022 1249 1103 qui
1270 1021 1418 1104 patricius
1434 1021 1492 1094 sit,
1515 1021 1680 1084 neminem
1694 1021 1779 1083 bono

424 1124 519 1180 iesse
542 1135 657 1198 genere
679 1122 804 1188 natum,
826 1113 902 1178 facis
924 1123 960 1176 ut
981 1135 1090 1178 rursus
1112 1114 1220 1197 plebes
1245 1115 1276 1176 in
1291 1114 1482 1177 Aventinum
1504 1113 1686 1178 sevocanda
1709 1133 1779 1176 esse

448 1208 601 1273 videatur.
638 1208 694 1272 Sin
716 1216 821 1271 autem
842 1216 916 1271 sunt
937 1208 1060 1289 amplae
1083 1215 1116 1271 et
1134 1208 1287 1271 honestae
1303 1207 1440 1270 familiae
1454 1208 1614 1290 plebeiae,
1639 1217 1673 1272 et
1686 1228 1779 1292 proa-

447 1324 506 1367 vus
535 1303 570 1364 L.
592 1304 742 1366 Murenae
772 1311 803 1364 et
829 1322 907 1364 avus
935 1309 1062 1384 praetor
1089 1300 1165 1374 fuit,
1199 1309 1231 1363 et
1259 1309 1348 1383 pater
1369 1322 1438 1363 curn
1460 1302 1658 1383 amplissime
1680 1312 1777 1386 atque

447 1396 669 1460 honestissime
692 1415 733 1458 ex
754 1405 900 1478 praetura
923 1394 1160 1477 triumphasset,
1183 1394 1245 1456 hoc
1266 1393 1438 1457 faciliorem
1462 1394 1535 1457 huic
1550 1396 1685 1477 gradum
1701 1416 1777 1459 con-

448 1490 569 1554 sulatus
590 1487 787 1571 adipiscendi
809 1488 957 1570 reliquit,
979 1488 1065 1571 quod
1087 1489 1114 1550 is
1136 1489 1199 1549 iam
1221 1487 1301 1569 patri
1322 1487 1446 1550 debitus
1468 1507 1487 1550 a
1508 1485 1574 1552 lilio
1597 1490 1777 1571 petebatur.

411 1580 498 1647 ⁴⁰l6.
521 1585 588 1648 Tua
609 1603 683 1652 vero
705 1582 869 1655 nobilitas,
893 1582 980 1644 Servi
1004 1581 1139 1664 Sulpici,
1166 1582 1290 1643 tametsi
1312 1600 1433 1643 summa
1456 1589 1519 1656 est,
1542 1593 1651 1645 tamen
1672 1582 1778 1645 homi·

447 1678 540 1741 nibus
570 1676 714 1739 litteratis
742 1684 774 1738 et
799 1675 958 1738 historicis
988 1684 1034 1737 est
1063 1676 1184 1748 notior,
1217 1674 1338 1757 populo
1361 1695 1434 1738 vero
1458 1683 1490 1738 et
1514 1676 1776 1758 suffragatoribus

447 1770 622 1834 obscurior.
665 1772 756 1832 Pater
777 1769 862 1831 enim
882 1766 942 1830 luit
962 1769 1101 1851 equestri
1124 1769 1210 1841 loco,
1232 1788 1309 1830 avus
1332 1767 1419 1830 nulla
1440 1768 1556 1831 illustri
1578 1769 1676 1833 laude
1693 1771 1777 1832 cele·

447 1865 565 1928 bratus.
609 1864 721 1945 ltaque
743 1881 807 1924 non
830 1881 871 1923 ex
892 1879 1038 1923 sermone
1060 1862 1226 1925 hominum
1247 1862 1385 1934 recenti,
1408 1863 1465 1925 sed
1487 1882 1527 1926 ex
1542 1864 1709 1927 annalium
1722 1883 1777 1926 ve·

447 1965 563 2021 tustate
592 1955 730 2019 eruenda
759 1954 909 2017 memoria
931 1961 980 2015 est
1007 1954 1180 2018 nobilitatis
1202 1964 1286 2018 tuae.
1330 1955 1435 2029 Quare
1457 1976 1517 2038 ego
1540 1965 1572 2019 te
1594 1976 1723 2039 semper
1743 1958 1777 2020 in

410 2049 588 2114 ⁴⁵nosfrum
610 2068 776 2113 numerum
798 2066 967 2130 aggregare
989 2047 1094 2121 soleo,
1118 2050 1203 2132 quod
1226 2049 1339 2112 virtute
1362 2048 1580 2132 industriaque
1602 2049 1777 2131 perfecisti,

447 2154 497 2219 ut,
526 2163 597 2207 cum
620 2140 736 2226 equitis
758 2140 890 2204 Romam
912 2160 1000 2203 esses
1021 2136 1123 2214 filius,
1158 2161 1278 2205 summa
1301 2150 1405 2205 tamen
1427 2142 1637 2225 amplitudine
1660 2143 1777 2225 dignus

446 2245 608 2323 putarere:
631 2256 690 2299 nec
712 2235 789 2298 mihi
812 2254 963 2318 umquam
987 2235 1089 2299 minus
1113 2235 1146 2297 in
1161 2235 1200 2309 Q.
1215 2235 1385 2317 Pompeio,
1406 2255 1489 2300 novo
1504 2234 1636 2299 homine
1659 2246 1692 2299 et
1713 2235 1777 2299 for-

447 2330 568 2395 tissimo
598 2330 682 2405 viro,
711 2328 837 2393 virtutis
866 2348 936 2391 esse
965 2328 1067 2392 visum
1090 2336 1139 2393 est
1161 2349 1255 2412 quam
1283 2329 1316 2390 in
1337 2329 1466 2392 homine
1487 2329 1706 2405 nobilissimo,
1733 2331 1776 2391 hl.

446 2424 590 2487 Aemilio.
632 2423 760 2487 Etenim
790 2420 930 2485 eiusdem
959 2422 1056 2485 animi
1086 2431 1183 2506 atque
1207 2424 1325 2505 ingenii
1347 2430 1395 2486 est
1415 2423 1550 2506 posteris
1571 2425 1659 2499 suis,
1690 2422 1776 2506 quod

410 2518 616 2600 nrompeius
636 2516 724 2593 fecit,
745 2515 986 2599 amplitudinem
1007 2518 1160 2590 nominis,
1183 2537 1277 2599 quam
1293 2536 1358 2579 non
1372 2516 1548 2599 acceperit,
1571 2518 1714 2592 tradere,
1735 2525 1777 2597 et,

447 2618 483 2674 ut
504 2610 658 2686 Scaurus,
681 2610 866 2673 memoriam
888 2629 986 2692 prope
1009 2610 1247 2674 intermortuam
1270 2609 1395 2692 generis
1417 2612 1466 2673 sui
1481 2610 1596 2676 virtute
1611 2631 1776 2676 renovare.

447 2705 529 2767 Vlll.
552 2699 602 2766 t7.
626 2704 825 2787 Quamquam
848 2723 905 2786 ego
929 2704 991 2766 iam
1013 2704 1178 2786 putabam,
1200 2703 1340 2778 indices,
1363 2703 1469 2765 multis
1492 2703 1566 2766 viris
1584 2704 1723 2768 fortibus
1737 2723 1777 2767 ne

447 2798 628 2880 ignobilitas
650 2798 773 2880 generis
790 2798 990 2870 obiiceretur,
1006 2816 1076 2859 meo
1095 2796 1204 2859 labore
1219 2817 1288 2860 esse
1303 2795 1491 2879 perfectum:
1514 2796 1571 2879 qui
1594 2816 1661 2861 non
1684 2797 1778 2862 modo

449 2891 561 2966 Curiis,
575 2891 755 2963 Catonibus,
771 2891 928 2972 Pompeis,
943 2890 1085 2973 antiquis
1100 2890 1164 2952 illis
1177 2889 1357 2954 fortissimis
1371 2890 1458 2963 viris,
1474 2889 1565 2955 novis
1580 2892 1777 2963 hominibus,

410 2984 504 3047 ²⁵sed
525 2984 575 3048 his
597 2983 792 3056 recentibus,
815 2985 920 3047 Mariis
943 2991 974 3046 et
994 2983 1096 3045 Didiis
1119 2991 1151 3046 et
1173 2983 1288 3047 Caeliis
1310 2984 1594 3050 commemorandis
1617 2986 1775 3049 iacebant.

449 3078 526 3142 Cum
541 3098 615 3141 vero
631 3097 689 3160 ego
705 3083 791 3140 tanto
805 3077 971 3139 intervallo
985 3076 1121 3138 claustra
1135 3076 1195 3139 ista
1210 3076 1383 3139 nobilitatis
1400 3075 1608 3158 refregissem,
1618 3087 1655 3141 ut
1670 3080 1775 3143 aditus

447 3172 487 3234 ad
503 3169 698 3234 consulatum
721 3169 862 3252 posthac,
885 3172 965 3233 sicot
986 3168 1069 3252 apud
1085 3171 1219 3232 maiores
1234 3177 1359 3232 nostros
1374 3169 1443 3244 fuit,
1464 3190 1528 3233 non
1543 3174 1643 3254 magis
1659 3172 1777 3236 nobili·

448 3266 505 3328 tati
526 3283 621 3347 quam
640 3264 896 3347 virtutipateret:
919 3283 983 3326 non
999 3262 1189 3338 arbitrabar,
1212 3284 1281 3325 cum
1301 3283 1341 3324 ex
1355 3263 1473 3326 familia
1488 3272 1595 3329 vetere
1610 3274 1643 3328 et
1657 3265 1775 3329 illustri

448 3357 559 3421 consul
590 3357 771 3439 designatus
800 3357 839 3419 ab
869 3357 984 3439 equitis
1006 3359 1139 3422 Romani
1169 3358 1252 3434 lilio,
1282 3360 1429 3433 consule,
1460 3359 1703 3434 defenderetur,
1736 3358 1775 3421 de

410 3450 572 3534 sogeneris
594 3451 732 3514 novitate
754 3457 954 3513 accusatores
977 3472 1046 3515 esse
1069 3454 1220 3517 dicturos.
1256 3453 1381 3516 Etenim
1404 3453 1480 3517 mihi
1502 3454 1565 3536 ipsi
1586 3451 1721 3526 accidit,
1742 3458 1775 3515 ut

449 3565 519 3608 cum
549 3544 671 3607 dnobus
700 3543 855 3626 patriciis,
887 3544 986 3608 altero
1019 3546 1251 3627 improbissimo
1284 3555 1380 3629 atque
1411 3546 1642 3619 audacissimo,
1673 3545 1774 3609 altero

448 3636 680 3700 modestissimo
702 3642 799 3717 atque
821 3636 941 3719 optimo
965 3639 1048 3713 viro,
1070 3648 1227 3721 peterem:
1251 3640 1398 3722 superavi
1420 3649 1525 3702 tamen
1545 3640 1702 3722 dignitate
1718 3639 1775 3702 Ca·

446 3729 585 3804 lilinum,
615 3730 713 3812 gratia
741 3729 881 3791 Galbam.
916 3730 1009 3804 Quod
1040 3732 1066 3794 si
1092 3731 1125 3793 id
1148 3734 1265 3796 crimen
1289 3733 1410 3796 homini
1432 3753 1514 3796 novo
1537 3753 1609 3802 esse
1632 3732 1773 3807 deberet,

447 3821 588 3903 profecto
610 3822 688 3888 mihi
710 3842 814 3907 neque
835 3823 973 3898 inimici,
996 3844 1100 3908 neque
1123 3826 1223 3889 invidi
1245 3824 1429 3889 defuissent.
1463 3826 1656 3891 Omittamus
1677 3827 1773 3910 igitur

409 3914 488 3979 rode
509 3936 625 4000 genere
646 3918 768 3992 dicere,
790 3917 883 3981 cuius
906 3927 954 3983 est
976 3919 1139 4002 magnoin
1154 3927 1289 4003 utroque
1303 3919 1458 4002 dignitas:
1480 3918 1645 3986 rideamus
1659 3929 1772 3985 cetera.

512 4140 535 4188 4.
553 4138 632 4201 frctus
647 4147 683 4201 ψ.
705 4167 731 4175 -
751 4153 817 4189 cous.
835 4142 993 4203 mspitiooem
1011 4144 1039 4192 C.
1061 4168 1087 4177 -
1109 4143 1181 4205 adgr.
1201 4146 1230 4192 G.
1251 4170 1278 4178 -
1297 4144 1322 4192 4.
1342 4144 1378 4192 ito
1394 4155 1446 4192 esre
1458 4142 1538 4204 parto
1554 4156 1582 4201 χ.
1602 4170 1631 4178 -
1650 4143 1674 4195 l.
1689 4156 1773 4194 sum

446 4225 499 4271 χν.
521 4238 550 4249 -
567 4215 592 4263 o.
609 4214 646 4274 ut]
663 4227 694 4264 ne
711 4216 739 4265 G.
755 4241 781 4249 -
797 4215 879 4278 plebes
896 4218 997 4280 oco:
1013 4217 1090 4279 piebis
1107 4218 1140 4277 E,
1156 4217 1224 4279 plebs
1240 4218 1299 4268 htv.
1314 4242 1341 4252 -
1361 4219 1384 4265 7.
1400 4222 1505 4279 praetor
1519 4217 1570 4280 suit
1586 4220 1770 4283 Gltll'l'cpv,

446 4289 532 4337 Parc:
548 4293 679 4349 praetores
694 4288 796 4350 summ
813 4291 869 4340 LO.
890 4292 970 4353 (peter
985 4291 1033 4353 suit
1049 4296 1073 4340 et
1087 4297 1192 4352 praetor
1206 4293 1245 4357 E.)
1258 4318 1285 4327 -
1301 4291 1384 4355 pater]
1402 4294 1549 4356 sequuntur
1565 4294 1663 4345 deinde
1679 4296 1707 4346 in
1724 4296 1772 4346 EG

445 4360 497 4418 Μχ
507 4366 572 4423 ψν,
589 4362 667 4424 Lagg.
683 4364 806 4414 omnibus
828 4366 943 4429 (praeter
957 4367 1007 4428 65.)
1027 4365 1110 4415 verba
1125 4367 1215 4415 etenim
1235 4367 1295 4415 miti
1313 4368 1361 4428 ipsi
1383 4368 1474 4416 occidit
1489 4366 1516 4429 S.
1532 4369 1572 4418 tl.
1588 4383 1616 4420 v.
1628 4370 1670 4421 30.
1685 4384 1772 4434 usqne

445 4434 480 4484 ad
495 4436 579 4485 multis
591 4438 729 4500 profuturo
745 4439 769 4502 5.
784 4441 824 4489 49.
838 4444 904 4492 extr.
924 4442 961 4493 Cf.
975 4440 1149 4492 Niebuhrium
1159 4442 1245 4492 Ktoina
1259 4443 1344 4492 histor.
1357 4457 1382 4492 u.
1393 4443 1478 4504 philol.
1491 4443 1614 4506 Scleitteo
1624 4446 1658 4496 ll.
1674 4458 1703 4510 p.
1714 4446 1771 4496 444.

447 4537 473 4546 -
493 4515 517 4559 et
532 4511 589 4562 bon.
608 4514 637 4562 G.
654 4537 681 4547 -
700 4513 724 4563 8.
742 4515 807 4564 bunc
822 4518 931 4579 gradum
947 4518 981 4566 od
997 4530 1063 4566 coos.
1083 4519 1112 4566 G.
1129 4544 1155 4551 —
1176 4518 1215 4566 40.
1235 4519 1306 4568 Serui
1324 4519 1416 4567 Ehtv:
1436 4519 1490 4568 Ser.
1504 4519 1533 4568 0.
1548 4545 1574 4554 -
1595 4520 1639 4584 cst]
1655 4522 1733 4571 etiem
1743 4521 1772 4571 Ε.

447 4608 473 4617 -
489 4584 528 4633 tt.
547 4598 565 4633 a
578 4587 672 4648 populo
688 4604 717 4647 χ.
732 4615 758 4624 -
778 4604 834 4641 vero
851 4606 876 4641 v.
896 4620 922 4627 -
943 4594 984 4643 44.
1003 4597 1037 4643 est
1053 4591 1182 4641 obscurior
1197 4606 1222 4641 v.
1239 4619 1265 4627 —
1285 4594 1371 4641 ordine
1387 4592 1479 4643 otioso
1495 4605 1520 4642 v.
1536 4619 1563 4629 -
1581 4595 1683 4645 interm
1699 4598 1730 4646 G.
1744 4623 1771 4633 -

445 4657 485 4707 44.
503 4659 640 4711 erudiendo
656 4665 686 4713 G.
702 4690 728 4698 -
748 4679 820 4715 men.
839 4672 873 4715 est
890 4668 1013 4718 EGhlL:
1033 4672 1068 4717 cst
1083 4681 1157 4717 rouo.
1176 4668 1230 4717 0v.
1246 4693 1273 4702 -
1291 4669 1418 4717 uetustatis
1435 4682 1461 4726 χ.
1478 4694 1505 4703 -
1525 4669 1564 4718 45.
1584 4670 1659 4733 adgr.
1673 4671 1733 4721 EG.
1745 4697 1772 4707 —

445 4732 485 4780 46.
504 4745 566 4783 esser
580 4748 619 4798 eq.
637 4738 706 4789 Rom.
726 4740 760 4789 hl.
787 4766 813 4774 -
843 4742 882 4790 40.
900 4744 983 4792 minos
1002 4757 1056 4794 orn.
1075 4758 1107 4804 v,
1134 4743 1217 4793 habet
1238 4747 1299 4794 ente
1316 4746 1416 4794 virtutis
1431 4746 1465 4794 M.
1492 4770 1519 4779 —
1546 4745 1574 4794 tn
1590 4746 1678 4807 quinto
1694 4748 1725 4796 G.
1745 4772 1771 4782 -

445 4806 484 4856 49.
503 4810 555 4859 suis
571 4823 624 4862 om.
639 4815 668 4863 G.
689 4839 716 4848 -
735 4815 777 4862 44.
795 4816 892 4877 penoris
908 4829 961 4867 orn.
980 4833 1007 4877 χ.
1023 4845 1049 4853 -
1069 4820 1110 4869 43.
1128 4819 1225 4882 geneis
1241 4819 1379 4869 obturetur
1395 4820 1489 4870 Ghtv:
1509 4818 1581 4869 obiic.
1598 4821 1698 4883 guinis
1714 4820 1772 4871 ΕΟ.

445 4904 474 4915 -
493 4882 555 4947 meo]
572 4885 599 4935 ta
615 4900 643 4937 co
661 4888 690 4937 G.
711 4914 737 4924 -
757 4892 792 4937 est
804 4901 832 4950 p.
850 4890 884 4940 u.
905 4916 931 4926 —
950 4891 991 4942 44.
1008 4894 1120 4955 Pompeis
1135 4896 1170 4944 G:
1189 4894 1309 4956 Pompeiis
1324 4892 1411 4956 vulgo.
1431 4919 1458 4929 —
1477 4895 1518 4945 40.
1536 4893 1619 4944 coelis
1635 4896 1672 4954 G;
1688 4895 1774 4945 owe

444 4953 503 5005 EC.
524 4984 551 4993 -
570 4958 683 5013 iacebam
699 4963 771 5022 llll,
793 4963 907 5014 iacebunt
923 4982 951 5025 χ.
972 4994 998 5002 -
1018 4969 1058 5018 46.
1077 4983 1134 5019 cum
1150 4983 1209 5019 vcro
1226 4983 1271 5033 ego
1287 4969 1396 5020 nour
1419 4967 1477 5029 (sed
1494 4970 1515 5018 G
1531 4969 1607 5031 tund:
1635 4981 1714 5030 040404
1729 4981 1773 5032 ⁶⁹⁰

442 5041 502 5078 cero
519 5032 618 5082 1.0.-
632 5040 701 5087 tuoto
718 5049 772 5088 om.
791 5040 821 5087 G.
836 5062 863 5075 -
881 5040 1035 5104 infregissent
1051 5059 1079 5103 χ.
1095 5071 1122 5081 -
1141 5044 1182 5095 47.
1200 5051 1229 5095 ut
1244 5046 1280 5095 stc
1297 5048 1359 5107 aput
1375 5045 1404 5092 G.
1420 5071 1448 5080 -
1466 5044 1508 5095 48.
1523 5049 1627 5105 werel
1643 5059 1673 5104 x·
1687 5070 1715 5080 -
1733 5057 1772 5093 ⁰⁶·

443 5106 494 5153 tare
510 5107 579 5155 mei:
598 5111 675 5159 cauri
691 5111 772 5161 Prisc.
791 5112 843 5161 Vll.
863 5113 892 5173 4,
911 5115 952 5164 04.
969 5129 996 5180 p.
1013 5117 1070 5167 333.
1089 5120 1133 5168 llr.
1155 5145 1180 5157 -
1202 5119 1302 5169 iotmtri
1318 5121 1348 5169 G.
1367 5144 1394 5153 —
1414 5119 1455 5170 30.
1473 5119 1591 5185 worm]
1609 5120 1733 5183 aequitem
1748 5120 1773 5168 in

444 5176 522 5228 codd.
536 5178 670 5267 plerisque
683 5187 748 5248 Quid
761 5189 870 5238 4440ωο
881 5189 904 5251 5.
918 5190 959 5240 40.
973 5192 1007 5241 in.
1018 5205 1024 5252 ;
1042 5191 1096 5243 vid.
1106 5206 1186 5258 supro
1199 5207 1225 5244 v.
1239 5194 1294 5245 0.-
1307 5193 1405 5258 emim]
1422 5199 1446 5244 et
1456 5195 1490 5247 u.
1502 5221 1530 5232 -
1543 5194 1584 5246 04.
1595 5199 1707 5257 peterem
1719 5205 1772 5245 om.

444 5249 859 5324 G.-dt9ottatem-gratiomtl.
875 5290 901 5297 -
920 5264 961 5314 33.
980 5266 1077 5327 quidsi
1093 5268 1158 5318 li.-
1171 5268 1672 5334 30.0404400434044οΕ.-0409106»
