4367 6109
463 588 528 658 880
836 594 878 661 IN
899 594 1068 661 VERREM
1088 592 1214 662 acmo
1237 595 1422 662 SECUNDA

464 768 551 834 niam
572 773 657 842 tum,
679 786 750 831 cum
773 767 1217 842 emmerammenses,
1239 787 1324 831 nunc
1346 787 1477 852 quoque
1497 768 1698 845 unsadsint3
1720 788 1793 834 enm

463 862 759 944 interrogabuntur,
784 861 965 944 obligentur
986 882 1052 924 non
1074 861 1179 925 solum
1199 862 1278 926 ioris
1292 863 1418 927 iurandi
1432 869 1531 946 atque
1545 862 1794 929 existimationis

463 955 626 1038 periculo,
648 956 705 1019 sed
727 955 823 1018 etiam
845 955 1006 1018 communi
1028 954 1168 1019 intense
1194 957 1399 1021 conscientia.
1443 951 1516 1020 478.
1539 957 1573 1021 Si
1593 955 1726 1041 planum
1748 953 1794 1033 lit,

463 1049 526 1113 hoc
546 1049 609 1124 ita,
631 1050 782 1134 quemad
803 1050 933 1113 modum
956 1049 1044 1124 dico,
1068 1069 1139 1113 esse
1160 1049 1295 1114 Iactum:
1319 1070 1397 1113 num
1419 1050 1540 1133 poteris
1562 1048 1690 1128 dicere,
1711 1051 1796 1115 Ilor-

392 1174 399 1195 ·
440 1143 565 1218 stensi,
586 1142 668 1207 nihil
688 1143 723 1206 in
744 1144 815 1208 istis
835 1144 936 1207 IuIsse
957 1144 1087 1219 litteris,
1109 1145 1195 1229 quod
1217 1146 1347 1208 Verrem
1368 1144 1532 1209 laederet?
1563 1147 1636 1209 Non
1649 1143 1747 1211 modo
1761 1145 1795 1210 id

436 1228 440 1235 ⁴
464 1258 530 1302 non
552 1238 654 1314 dices,
676 1237 733 1301 sed
755 1259 796 1301 ne
816 1237 896 1301 illud
917 1237 1047 1323 quidem
1062 1238 1119 1301 tihi
1134 1239 1242 1302 dicere
1255 1238 1380 1313 licebit,
1402 1247 1542 1315 tentum,
1563 1246 1719 1325 quantum
1733 1259 1794 1324 434

464 1332 583 1405 ilicum,
612 1351 679 1396 non
707 1331 816 1395 fuisse.
858 1332 944 1414 Ergo
972 1331 1034 1395 hoc
1056 1340 1163 1396 vestro
1185 1333 1322 1397 consilio
1345 1341 1378 1396 et
1398 1334 1499 1416 gratia
1519 1333 1717 1418 perfecistis,
1747 1340 1794 1409 ut,

463 1426 617 1512 quemad
637 1425 768 1489 modum
789 1425 887 1509 paulo
909 1434 984 1490 ante
1005 1426 1091 1502 dixi,
1114 1427 1193 1490 mibi
1214 1445 1338 1490 summa
1358 1428 1493 1491 incultas
1514 1429 1555 1492 ad
1576 1427 1795 1491 accnsnnduns

464 1523 608 1597 daretur,
629 1520 728 1584 indici
750 1521 850 1583 lilsera
869 1529 1011 1604 potestas
1033 1521 1073 1584 ad
1096 1520 1302 1585 credendum.
1344 1522 1489 1586 LXXIII.
1511 1517 1584 1585 479.
1606 1521 1702 1598 Quod
1720 1542 1794 1586 cum

426 1616 586 1689 scitscit,
607 1611 825 1698 nihillingam
846 1621 965 1679 tamen.
1007 1615 1182 1679 Meminero
1205 1635 1256 1678 me
1276 1634 1343 1678 non
1365 1617 1555 1699 sumpsisse,
1584 1635 1679 1701 quem
1700 1635 1795 1681 acco·

462 1712 581 1784 sarem,
610 1708 666 1772 sed
697 1708 874 1791 recepisse,
897 1729 980 1793 qnos
1002 1709 1221 1774 defenderem:
1249 1728 1307 1772 vos
1329 1729 1371 1772 ex
1392 1729 1442 1773 me
1465 1730 1592 1775 cansam
1613 1731 1680 1776 non
1703 1730 1722 1775 a
1743 1730 1795 1774 me

462 1803 633 1887 prolatam,
655 1804 711 1868 sed
733 1804 776 1867 ad
796 1822 847 1866 me
869 1803 1006 1867 delatam
1028 1804 1140 1867 audire
1162 1811 1328 1886 oportere:
1349 1824 1401 1867 me
1416 1804 1533 1868 Siculis
1555 1806 1632 1870 satis
1655 1825 1726 1869 esse
1747 1805 1795 1870 ia-

462 1904 605 1972 cturum,
631 1897 676 1973 si,
705 1917 788 1983 quae
817 1899 953 1980 cognovi
983 1898 1017 1960 in
1046 1897 1171 1972 Sicilia,
1201 1916 1284 1980 quae
1308 1898 1418 1980 accepi
1440 1896 1480 1960 ab
1502 1898 1596 1981 ipsis,
1625 1899 1796 1982 diligenter

462 2012 660 2076 exposuero:
681 1992 803 2076 populo
818 1992 972 2066 Romano,
989 1992 1016 2055 si
1032 1991 1153 2054 nullius
1167 1991 1242 2065 vim,
1256 1991 1377 2054 nullius
1392 1992 1567 2075 potentium
1581 1993 1794 2077 pertimuero:

425 2085 568 2160 scrobis,
590 2086 618 2149 si
639 2085 823 2150 facultatem
844 2107 919 2150 vere
941 2095 1037 2170 atque
1059 2085 1193 2149 honeste
1215 2084 1378 2148 iudicandi
1400 2083 1461 2149 fide
1483 2094 1516 2149 et
1535 2088 1701 2171 diligentia
1722 2108 1794 2153 mea

460 2180 583 2244 fecero:
605 2180 765 2256 mihimet,
788 2181 815 2244 si
838 2202 878 2244 ne
899 2181 1066 2244 minimum
1089 2180 1219 2263 quidem
1242 2178 1282 2242 de
1303 2198 1374 2242 meo
1397 2181 1557 2244 currIculo
1580 2181 1682 2256 vitae,
1705 2182 1794 2266 quod

461 2275 539 2340 mihi
572 2296 698 2359 semper
727 2277 927 2360 propositum
954 2275 1037 2348 tuit,
1070 2272 1248 2337 decessero.
1301 2268 1374 2335 480.
1405 2273 1609 2356 Quapropter
1635 2273 1718 2337 nihil
1746 2283 1795 2340 est

461 2370 549 2455 quod
579 2378 718 2443 metuas,
750 2388 791 2433 ne
823 2370 900 2453 quid
932 2369 967 2433 in
994 2376 1026 2432 te
1055 2363 1252 2450 confingam:
1285 2367 1380 2430 etiam
1411 2367 1499 2451 quod
1527 2369 1645 2432 laetere
1683 2368 1792 2433 habes.

459 2464 559 2529 linita
582 2463 681 2538 enim,
711 2484 794 2548 quae
817 2464 884 2528 scio
906 2464 1015 2527 abste
1037 2482 1109 2525 esse
1131 2461 1315 2536 commissa,
1345 2462 1432 2545 quod
1453 2471 1510 2525 aut
1530 2463 1664 2526 nimium
1687 2462 1794 2546 turpia

423 2566 516 2624 soant
537 2578 649 2641 parum
671 2556 837 2621 credibilia
857 2564 947 2632 sunt,
968 2557 1237 2640 praetermittam:
1261 2563 1383 2618 tantum
1406 2576 1497 2638 agam
1520 2556 1560 2618 de
1574 2557 1636 2620 lroc
1649 2565 1718 2621 toto
1734 2578 1793 2622 no·

459 2651 545 2714 mine
568 2651 740 2714 societatis.
783 2650 824 2714 Ilt
844 2652 907 2714 iam
930 2652 1011 2715 scIre
1035 2651 1157 2732 possis,
1188 2668 1355 2735 quaeram,
1385 2650 1590 2713 decretumne
1613 2652 1676 2715 siti
1713 2651 1793 2716 Cum

459 2744 492 2809 id
514 2745 683 2819 invenero,
706 2763 872 2828 quaeram,
892 2752 1075 2808 remotaene
1097 2745 1162 2807 sint
1183 2744 1333 2806 litterae?
1370 2743 1448 2806 Cum
1472 2744 1503 2806 id
1520 2764 1651 2828 quoque
1665 2753 1793 2811 consta·

459 2838 521 2911 bit,
544 2857 602 2900 vos
624 2837 687 2901 iam
707 2837 771 2902 lnoc
790 2858 842 2902 me
863 2840 960 2905 tacito
981 2837 1187 2920 intelligetis:
1209 2839 1236 2901 si
1258 2838 1316 2912 illi,
1339 2838 1396 2922 qui
1417 2838 1479 2901 lroc
1503 2839 1597 2903 istius
1619 2860 1716 2904 causa
1737 2841 1793 2904 de-

459 2940 641 3007 creverunt,
663 2931 790 3016 equites
811 2932 957 3008 Romani,
978 2952 1064 2995 nunc
1080 2931 1179 2995 iidem
1193 2931 1226 2993 in
1242 2951 1315 2995 eum
1334 2931 1457 2995 iudices
1473 2941 1589 3006 essent,
1611 2933 1707 2997 istum
1722 2936 1792 2998 sine

421 3023 559 3095 ‚adolric
581 3024 848 3100 condemnarent,
866 3025 918 3089 de
946 3045 1011 3109 quo
1036 3026 1159 3089 litteras
1182 3045 1249 3100 eas,
1279 3046 1361 3110 quae
1382 3026 1476 3090 istius
1498 3027 1583 3090 Iurta
1603 3026 1791 3104 indicarent,

460 3126 492 3182 et
517 3118 558 3182 ad
587 3139 621 3183 se
650 3119 764 3183 missas
792 3124 824 3183 et
851 3138 910 3184 suo
932 3119 1062 3184 decreto
1084 3130 1221 3185 remotas
1243 3121 1362 3184 scirent
1383 3141 1463 3185 esse.
1508 3122 1612 3198 Quem
1633 3122 1732 3205 igitur
1751 3122 1792 3184 ab

459 3213 499 3277 iis
521 3214 684 3298 equitibus
711 3215 878 3288 Romanis,
908 3215 964 3298 qui
992 3215 1085 3278 istius
1107 3234 1204 3277 causa
1225 3214 1359 3297 cupiunt
1381 3215 1503 3289 omnia,
1534 3216 1590 3299 qui
1613 3216 1653 3278 ab
1676 3235 1715 3279 eo
1737 3215 1792 3278 be-

459 3310 644 3392 nignissime
666 3311 792 3373 tractati
813 3319 905 3386 sunt,
927 3310 1132 3374 condemnari
1154 3328 1285 3372 necesse
1307 3317 1409 3372 esset:
1438 3312 1466 3373 is
1487 3330 1507 3374 a
1527 3311 1637 3384 vobis,
1659 3307 1790 3384 iudices,

458 3403 525 3467 ulla
546 3406 598 3468 via
620 3405 819 3468 sulcatione
842 3404 964 3469 absolvi
985 3407 1113 3488 potest?

420 3515 449 3561 so
542 3491 615 3560 484.
637 3500 683 3562 Ac
704 3518 745 3561 ne
766 3498 848 3562 forte
871 3519 926 3572 ea,
949 3519 1032 3582 quae
1053 3506 1177 3562 remota
1190 3498 1231 3561 de
1245 3498 1350 3561 medic
1364 3505 1462 3581 atque
1476 3506 1584 3582 erepta
1597 3498 1690 3561 nobis
1705 3507 1789 3574 sunt,

459 3591 566 3655 omnia
588 3594 632 3655 ita
653 3593 781 3657 condita
801 3593 901 3656 fuisse
923 3603 1021 3677 atque
1043 3594 1087 3656 ita
1105 3591 1212 3655 abdita
1233 3592 1364 3654 latuisse
1379 3591 1564 3666 videantur,
1585 3600 1622 3655 ut
1641 3590 1721 3655 haec
1742 3591 1791 3655 di-

458 3684 604 3768 ligentia,
627 3705 724 3770 quam
745 3707 805 3770 ego
826 3707 846 3750 a
867 3707 918 3751 me
940 3687 1120 3769 exspectari
1141 3685 1278 3748 maxime
1299 3694 1391 3768 puto,
1421 3686 1500 3749 nihil
1529 3705 1638 3749 eorum
1660 3686 1791 3750 investi·

523 3881 547 3931 4.
566 3882 650 3933 adsint
666 3880 735 3945 4344
753 3896 778 3947 p.
793 3896 839 3933 m.:
858 3884 907 3933 slat
923 3883 993 3946 4349
1001 3883 1051 3933 ΑΒ
1062 3883 1086 3932 ll
1096 3882 1116 3931 0
1128 3894 1134 3939 ;
1151 3885 1209 3929 44444
1224 3879 1273 3930 dli.
1292 3907 1320 3917 -
1339 3878 1364 3930 4.
1383 3893 1443 3930 omn
1461 3897 1484 3942 φ
1496 3895 1502 3930 :
1520 3894 1599 3931 mrtem
1614 3880 1684 3946 4344
1701 3896 1727 3947 p.
1740 3895 1789 3942 m.;

452 3970 507 4008 moa
524 3959 569 4009 cti.
590 3984 618 3993 -
636 3959 662 4008 4.
680 3958 707 4007 id
722 3957 781 4023 noo]
799 3972 849 4008 noo
866 3970 919 4008 om.
933 3957 1001 4021 4349
1014 3958 1071 4007 ΑΒ.
1092 3983 1121 3993 -
1140 3956 1164 4007 8.
1183 3956 1244 4005 milri
1260 3953 1329 4018 4344
1347 3969 1373 4019 p.
1387 3969 1434 4006 m.:
1453 3962 1477 4006 44
1491 3957 1553 4005 milti
1564 3959 1610 4008 ott.
1624 3959 1652 4008 0.
1668 3983 1696 3994 -
1715 3956 1740 4007 9.
1752 3959 1791 4008 Is·

457 4032 506 4082 dici
523 4030 591 4095 4344
608 4046 634 4097 p.
648 4046 696 4083 m.:
714 4037 737 4082 et
753 4033 830 4082 iudici
846 4032 957 4095 4349Β;
977 4037 1000 4081 44
1010 4030 1132 4081 iudicibus
1148 4032 1194 4081 cli.
1208 4031 1236 4081 0.
1252 4058 1280 4067 -
1299 4032 1450 4080 cernendum
1466 4029 1535 4095 4344
1552 4045 1578 4095 p.
1592 4045 1628 4082 m.
1642 4046 1683 4093 φ;
1704 4033 1791 4084 decer·

456 4107 564 4156 mmdcm
581 4108 650 4157 coni.
662 4109 691 4157 L.
707 4135 733 4144 -
754 4109 795 4158 44.
815 4122 876 4170 qam
891 4106 977 4171 Lgts:
996 4108 1063 4168 qood
1079 4107 1124 4156 ctt.
1144 4105 1222 4156 codd.
1236 4106 1299 4155 noti
1315 4133 1342 4142 -
1362 4105 1402 4156 44,
1421 4105 1513 4156 cutim
1529 4107 1580 4155 cim
1597 4120 1650 4157 om.
1669 4107 1788 4172 4344-

454 4187 600 4244 potcstctem
622 4181 690 4246 4344
708 4195 734 4247 p.
753 4196 790 4233 m.
811 4209 838 4218 -
865 4182 904 4234 46.
922 4183 1032 4231 mihimet
1047 4183 1068 4230 si
1084 4180 1281 4244 43494444φε
1305 4181 1453 4231 milliaco
1470 4183 1491 4230 si
1508 4184 1553 4230 ctt.
1581 4208 1608 4217 —
1634 4182 1664 4232 de
1680 4196 1708 4232 co
1725 4196 1747 4232 c.
1770 4185 1790 4233 0

457 4260 549 4307 contra
567 4256 646 4306 codd.
667 4284 695 4294 -
714 4257 754 4308 48.
773 4258 801 4307 m
817 4263 840 4306 te
856 4259 997 4321 cooptopom
1013 4255 1081 4318 lep:
1100 4258 1127 4306 io
1144 4261 1167 4305 44
1181 4258 1278 4320 timpum
1288 4259 1327 4314 N3
1345 4270 1442 4306 mecam
1457 4259 1554 4320 stapam
1564 4256 1612 4305 dtt.
1629 4283 1656 4292 -
1676 4256 1716 4307 49.
1735 4271 1753 4307 o
1768 4262 1791 4308 to

457 4330 526 4396 4344
543 4345 569 4396 p.
582 4344 619 4382 m.
635 4358 662 4368 -
681 4333 722 4382 44).
740 4333 847 4394 omnim]
862 4334 968 4383 crimine
983 4333 1051 4382 coni.
1064 4332 1135 4382 Bake
1148 4329 1213 4380 Bibl.
1227 4333 1285 4381 crit.
1300 4345 1360 4381 nov.
1373 4330 1430 4381 Vol.
1443 4333 1474 4381 V.
1488 4333 1515 4380 Ρ.
1530 4333 1548 4381 Ι.
1568 4345 1593 4396 p.
1608 4331 1648 4382 46.
1663 4359 1691 4368 —
1709 4333 1751 4383 44.
1763 4338 1792 4383 ut

457 4411 510 4459 totu
525 4408 589 4458 scire
603 4408 680 4469 possis
696 4405 766 4470 4344
778 4408 841 4458 III:
859 4412 888 4457 44
904 4420 960 4458 eom
976 4408 1040 4457 scire
1051 4407 1152 4469 possitis
1168 4408 1225 4464 ctt.;
1242 4411 1271 4455 ot
1286 4406 1339 4455 tom
1355 4418 1388 4455 sc.
1406 4407 1504 4467 possitis
1520 4407 1554 4465 0;
1572 4411 1600 4454 m
1615 4407 1711 4468 tactum
1727 4409 1792 4459 seire

452 4483 553 4547 possitis
576 4481 645 4532 coni.
667 4483 738 4533 Itale
765 4486 793 4534 et
817 4487 910 4548 postea
929 4486 1022 4547 equites
1042 4485 1112 4534 Item
1135 4479 1216 4532 delet.
1243 4480 1275 4531 ct.
1294 4479 1381 4531 lIadv.
1403 4481 1485 4545 Epist.
1504 4479 1539 4530 ad
1555 4480 1633 4532 orell.
1653 4494 1680 4546 p.
1699 4481 1740 4534 99.
1761 4510 1788 4519 -

456 4560 498 4610 43.
511 4559 564 4608 iem
579 4558 625 4608 hoc
641 4571 659 4609 o
674 4559 793 4623 44444349
805 4561 843 4620 B;
860 4573 901 4609 me
915 4561 968 4610 tom
983 4557 1150 4623 tochiiII.
1170 4555 1227 4621 [sed
1240 4569 1294 4607 om.
1307 4557 1334 4606 hi
1347 4557 1424 4621 4433.
1438 4556 1532 4621 tacito]
1546 4584 1574 4593 -
1592 4557 1637 4606 lsoc
1654 4568 1707 4606 om.
1721 4557 1790 4621 4349

456 4636 485 4686 Β.
507 4661 534 4671 -
553 4633 595 4683 46.
613 4638 637 4683 et
652 4633 694 4699 cdl
711 4639 736 4684 44
751 4647 805 4685 om.
823 4633 893 4698 4344
916 4648 943 4699 p.
961 4647 998 4685 m.
1019 4662 1047 4671 -
1072 4635 1161 4684 missos
1182 4645 1231 4682 esse
1253 4637 1276 4681 et
1298 4629 1367 4694 4344
1384 4644 1410 4696 p.
1429 4643 1465 4681 m.
1486 4658 1513 4667 -
1540 4633 1581 4682 47.
1599 4633 1718 4684 tiemonis
1734 4645 1789 4683 om.

457 4707 526 4772 4344
543 4721 570 4773 p.
588 4719 626 4758 m.
643 4711 674 4759 nt
689 4706 734 4759 lib.
753 4710 772 4760 I.
792 4708 818 4775 5.
836 4710 876 4760 to.
903 4737 929 4747 -
954 4708 996 4759 49.
1021 4711 1066 4759 sic
1082 4710 1186 4760 Ernesti
1203 4710 1230 4758 et
1246 4707 1315 4770 4349
1333 4707 1418 4772 teron.
1437 4705 1612 4770 Wesenberg.
1631 4705 1647 4757 Ι.
1666 4705 1683 4757 l.
1702 4720 1729 4772 p.
1748 4707 1789 4758 46.

457 4782 517 4836 coli.
536 4784 567 4833 V.
587 4782 611 4846 s.
625 4781 705 4844 tota:
722 4783 749 4832 oi
766 4784 812 4833 444.
832 4784 963 4833 spertinet
979 4782 1017 4832 cis
1033 4783 1068 4835 ad
1085 4796 1152 4848 opes
1167 4782 1409 4834 adversariorum.»
1427 4784 1519 4832 Znser.
1539 4784 1586 4832 -as
1598 4781 1668 4832 aliud
1686 4784 1728 4833 est
1742 4781 1790 4842 sis,

457 4857 529 4909 eliud
546 4871 616 4920 opes,
641 4868 730 4922 neque
746 4857 793 4921 qui
809 4855 905 4921 opibus
922 4856 977 4907 suis
994 4858 1040 4906 eut
1055 4855 1148 4909 altenis
1164 4858 1276 4922 pugnet,
1300 4856 1372 4906 idem
1389 4857 1513 4907 continue
1529 4857 1556 4905 m·
1571 4858 1683 4920 pugnet,
1702 4868 1791 4919 neque

458 4935 566 4986 omnino
587 4934 616 4984 h.
633 4931 651 4984 l.
670 4934 819 4998 quaeritur,
844 4933 915 4983 cuim
929 4931 968 4982 rei
984 4944 1029 4992 ope
1045 4931 1148 4983 absolsi
1164 4933 1249 4997 posstt
1264 4933 1375 4991 Verres,
1396 4931 1444 4982 sed
1463 4930 1525 4981 iilud
1543 4930 1646 4990 solum,
1663 4943 1725 4980 nmo
1739 4931 1791 4980 utto

457 5010 530 5060 modo
548 5008 663 5069 Iudices,
682 5008 795 5071 uultum
807 5009 897 5066 eraut,
915 5004 1054 5057 ebsolvere
1067 5020 1130 5057 eum
1147 5008 1258 5072 possint,
1277 5020 1359 5071 quem
1377 5009 1481 5071 equites
1498 5008 1607 5057 Romeni
1625 5004 1791 5057 condemna·

458 5085 509 5135 turi
527 5084 650 5134 luerint.»
668 5084 836 5133 Wessrirssc.
851 5109 879 5119 -
896 5080 938 5131 34).
955 5080 1026 5131 scits
1035 5082 1105 5145 4349
1114 5081 1145 5132 44
1163 5096 1189 5146 p.
1202 5093 1238 5131 m.
1251 5083 1286 5132 B:
1312 5081 1381 5132 vobis
1397 5085 1444 5132 cti.
1463 5084 1491 5133 0.
1513 5109 1540 5118 -
1559 5081 1599 5131 st.
1618 5081 1705 5131 obdito
1721 5082 1791 5144 4349

458 5162 508 5211 ΑΒ
527 5160 569 5221 (ci.
587 5172 613 5223 p.
634 5160 662 5209 C.
682 5157 769 5208 linbir.
789 5158 890 5221 34444
908 5155 1006 5206 obedire
1021 5155 1090 5218 4344
1109 5170 1135 5221 p.
1149 5171 1201 5217 m.;
1220 5157 1302 5207 abdite
1318 5156 1366 5207 dtt.
1386 5159 1414 5207 0.
1431 5185 1457 5193 —
1476 5157 1537 5206 hoec
1553 5153 1622 5219 4344
1639 5168 1665 5219 p.
1684 5167 1720 5205 m.
1741 5148 1790 5216 (vel

458 5232 546 5298 potius
562 5232 629 5294 ieci:
648 5232 696 5282 icoc
712 5235 758 5283 cil.
777 5233 806 5282 0.
827 5260 854 5269 -
872 5231 913 5283 34.
931 5244 1019 5282 sortem
1035 5230 1129 5282 codd:
1147 5233 1237 5286 lomim
1252 5235 1282 5285 0.
1297 5260 1324 5271 —
1343 5234 1493 5300 investipnrs
1507 5233 1576 5298 4349
1587 5235 1625 5284 A:
1643 5232 1792 5298 inoestipori

460 5309 505 5359 cti.
524 5310 553 5360 0.
578 5308 611 5358 ct.
630 5309 743 5360 Gronov.
763 5307 890 5359 Observv.
909 5307 929 5357 I.
948 5307 988 5357 44.
