4367 6109
705 588 820 655 aar.
849 586 926 655 cn.
947 586 1195 653 nnn-xxv.
1222 582 1279 671 55.
1301 582 1447 650 aa-es.
1680 579 1743 648 ate

411 758 596 846 respondit,
617 778 692 824 cnm
712 759 752 822 ab
774 779 814 823 eo
835 758 959 823 tabulas
979 759 1230 842 postularemus,
1251 777 1355 842 usque
1375 757 1416 820 ad
1430 756 1472 821 ll.
1487 753 1670 820 Terentium
1686 748 1742 839 [et]

413 858 448 921 6.
472 854 618 921 Cassium
650 854 798 918 consules
825 852 1017 927 confecisse,
1050 859 1163 935 postea
1189 851 1359 916 destitisse.
1404 846 1455 914 61.
1483 850 1556 913 Alio
1583 849 1654 912 loco
1680 848 1744 911 hoo

412 948 595 1015 cuiusmodi
616 949 674 1023 sit,
704 946 992 1012 considerabimus:
1019 966 1105 1008 nunc
1126 944 1208 1008 nihil
1230 943 1271 1008 ad
1292 965 1343 1007 me
1364 945 1495 1021 attinet:
1521 942 1636 1006 horum
1658 941 1743 1005 enim

411 1054 611 1128 temporum,
643 1043 678 1106 in
714 1042 832 1126 quibus
865 1060 951 1104 nunc
979 1059 1105 1113 versor,
1137 1037 1239 1101 babeo
1267 1037 1392 1102 tabulas
1421 1044 1454 1100 et
1481 1045 1551 1101 tuas
1581 1042 1613 1100 et
1633 1034 1743 1118 patris.

412 1138 553 1203 Plurima
574 1136 667 1221 signa
687 1135 917 1221 pulcherrima,
948 1133 1101 1217 plurimas
1124 1134 1246 1196 tabulas
1269 1134 1405 1216 optimas
1428 1132 1612 1215 deportasse
1634 1137 1666 1192 te
1687 1148 1743 1192 ne·
1765 1151 1781 1200 a

413 1252 489 1318 gare
509 1251 576 1295 non
596 1237 709 1316 potes:
730 1238 828 1315 atque
848 1230 971 1293 utinam
992 1228 1111 1310 negesl
1148 1227 1251 1289 Unum
1273 1226 1406 1289 ostende
1428 1226 1462 1288 in
1479 1225 1595 1289 tabulis
1609 1230 1665 1287 aut
1679 1222 1744 1285 tuis

414 1334 472 1393 aut
496 1325 598 1411 patris
624 1324 673 1388 tui
702 1331 844 1407 emptum
873 1343 961 1387 esse:
988 1322 1104 1387 vicisti.
1146 1323 1193 1384 Ne
1219 1321 1298 1384 baec
1321 1320 1452 1405 quidem
1475 1321 1539 1383 duo
1561 1320 1652 1401 signa
1673 1315 1744 1399 pul-

414 1420 588 1495 cherrima,
611 1438 695 1505 quae
715 1437 803 1481 nnnc
825 1419 865 1482 ad
886 1417 1077 1501 impluvium
1098 1424 1189 1480 tuum
1202 1421 1303 1490 stant,
1326 1435 1407 1499 quae
1422 1415 1540 1480 multos
1554 1434 1656 1478 annos
1669 1418 1744 1475 ante

413 1515 522 1579 valvas
543 1514 677 1578 lunonis
699 1513 825 1577 Samiae
846 1519 1015 1586 steterunt,
1036 1511 1136 1575 babes
1151 1510 1313 1594 quomodo
1328 1509 1461 1584 emeris3
1482 1508 1580 1582 haec,
1601 1508 1743 1590 inquam,

415 1610 498 1682 duo,
528 1626 610 1691 quae
642 1609 677 1671 in
702 1607 836 1672 aedibus
865 1607 929 1669 tuis
957 1607 1026 1669 sola
1055 1606 1118 1669 iam
1141 1612 1231 1680 sunt,
1262 1624 1345 1689 quae
1366 1611 1522 1666 sectorem
1543 1607 1780 1684 exspectant,ra

414 1703 527 1770 relicta
548 1719 586 1766 ac
608 1703 760 1767 destituta
782 1720 801 1764 a
822 1700 936 1765 ceteris
951 1700 1060 1782 signis.
1093 1700 1208 1761 xxiv.
1232 1695 1283 1761 62.
1304 1701 1362 1773 At,
1384 1697 1495 1774 credo,
1516 1699 1550 1761 in
1563 1696 1653 1761 bisce
1667 1694 1744 1758 solis

414 1798 511 1864 rebus
540 1797 712 1862 indomitas
742 1794 934 1878 cupiditates
956 1801 1052 1878 atque
1075 1794 1243 1857 effrenatas
1264 1794 1420 1857 habebat:
1452 1802 1574 1859 ceterae
1596 1796 1744 1862 libidines

415 1893 485 1957 eins
505 1891 631 1955 ratione
652 1890 762 1975 aliqua
782 1896 841 1952 ant
860 1883 956 1951 modo
984 1888 1237 1951 continebantur.
1281 1888 1385 1964 Quam
1407 1891 1517 1954 multis
1539 1891 1635 1955 istum
1655 1893 1745 1974 inge·

414 1988 504 2064 nnis,
527 2006 624 2073 quam
646 1985 756 2049 multis
777 1983 930 2047 matribus
944 1982 1081 2045 familias
1096 1982 1129 2044 in
1144 1982 1200 2045 illa
1214 1991 1315 2048 taetra
1329 1993 1425 2069 atque
1440 1986 1566 2068 impura
1585 1987 1744 2071 legatione

414 2084 480 2146 rim
500 2080 646 2145 attulisse
668 2078 878 2144 existimatis?
900 2096 1003 2161 ecquo
1026 2077 1059 2139 in
1082 2077 1202 2159 oppido
1222 2079 1337 2161 pedem
1353 2082 1480 2163 posuit,
1502 2083 1558 2146 ubi
1572 2104 1638 2147 non
1653 2085 1783 2169 plurale

415 2185 600 2262 stuprorum
620 2174 878 2258 flagitiorumque
899 2193 1031 2238 suorum
1054 2190 1151 2256 quam
1172 2175 1327 2238 adventus
1342 2176 1391 2238 sui
1406 2178 1542 2261 vestigia
1556 2180 1745 2266 reliquerit?

416 2274 479 2338 Sed
500 2291 561 2356 ego
584 2270 704 2344 omnia,
727 2289 809 2353 quae
822 2268 931 2352 negari
954 2276 1122 2354 poterunt,
1144 2270 1409 2353 praetermittam:
1432 2271 1528 2335 etiam
1544 2273 1640 2351 haec,
1663 2295 1746 2359 quaa

415 2369 594 2439 certissima
616 2370 691 2428 snnt
711 2370 745 2426 et
758 2362 949 2437 clarissima,
971 2364 1167 2447 relinquam:
1190 2385 1288 2427 unum
1304 2365 1435 2449 aliquod
1451 2366 1491 2429 de
1508 2367 1637 2433 nefariis
1652 2370 1745 2433 istius

415 2467 506 2532 factis
528 2460 660 2543 eligam,
683 2477 748 2542 quo
769 2457 895 2520 facilius
917 2459 957 2520 ad
981 2457 1122 2521 Siciliam
1146 2459 1267 2544 possim
1282 2459 1472 2543 aliquando,
1495 2483 1578 2546 quae
1592 2464 1670 2526 mihi
1684 2464 1746 2528 boc

417 2560 524 2627 oneris
545 2552 736 2639 negotiique
757 2551 926 2634 imposuit,
949 2554 1124 2634 pervenire.
1169 2552 1219 2615 63.
1243 2553 1405 2638 Oppidum
1427 2556 1523 2618 estin
1537 2557 1784 2642 Hellespontoa

415 2659 647 2738 Lampsacum,
677 2646 816 2720 indices,
839 2645 872 2707 in
893 2646 1004 2730 primis
1024 2649 1120 2711 Asiae
1141 2650 1324 2732 provinciae
1346 2651 1466 2713 clarum
1491 2660 1523 2715 et
1544 2655 1668 2717 nobile:
1689 2654 1748 2718 bo·

415 2753 516 2817 mines
550 2750 657 2808 autem
689 2740 751 2826 ipsi
782 2741 991 2823 Lampsaceni
1024 2762 1096 2804 cum
1126 2765 1247 2808 summe
1275 2747 1307 2807 in
1335 2766 1445 2809 omnes
1473 2749 1559 2813 cives
1586 2751 1748 2813 Romanos

414 2841 570 2916 officiosi,
594 2845 659 2902 tum
682 2842 847 2921 praetcrea
868 2835 1005 2898 maxime
1027 2838 1129 2901 sedati
1152 2846 1184 2901 et
1206 2840 1324 2924 quieti,
1355 2862 1455 2925 prope
1478 2852 1604 2927 praeter
1624 2851 1748 2908 ceteros

413 2942 455 3006 ad
477 2955 636 3003 summum
661 2932 852 2995 Graecorum
876 2931 975 2992 otium
998 2932 1105 3013 potius
1128 2936 1286 3016 quemad
1309 2934 1407 2999 ullam
1426 2939 1491 2999 vim
1505 2946 1561 3002 aut
1575 2939 1747 3003 tumultum

413 3028 656 3101 accommodati.
699 3025 841 3098 Accidit,
865 3044 937 3087 cum
960 3025 1019 3090 iste
1040 3048 1060 3090 a
1083 3026 1139 3089 Cn.
1161 3028 1327 3091 ltolabellu
1348 3030 1570 3114 efflagitasset,
1592 3042 1630 3097 ut
1650 3056 1685 3097 se
1706 3035 1785 3098 adas

412 3150 519 3215 regem
548 3122 753 3190 Nicomedem
780 3140 952 3204 regemque
982 3122 1131 3184 Sadalam
1158 3123 1313 3199 mitteret,
1347 3146 1484 3210 cumque
1512 3127 1574 3190 iter
1602 3127 1664 3191 boc
1686 3128 1747 3191 sibi

412 3226 515 3309 magis
538 3222 578 3285 ad
602 3225 770 3303 quaestum
794 3234 886 3277 suum
909 3234 1005 3298 quam
1027 3218 1067 3279 ad
1089 3217 1136 3279 rei
1158 3218 1304 3299 publicae
1327 3229 1452 3303 tempus
1474 3222 1747 3285 accommodatum

413 3316 674 3405 depoposcisset,
696 3318 732 3374 ut
754 3308 810 3372 illo
832 3310 946 3372 itinere
969 3311 1092 3374 veniret
1113 3314 1321 3395 Lampsacum
1344 3336 1416 3377 cum
1432 3335 1546 3398 magna
1567 3315 1747 3379 calamitate

413 3419 446 3476 et
467 3432 569 3496 prope
593 3406 734 3492 pernicie
757 3403 904 3467 civitatis.
938 3404 1114 3468 Deducitur
1134 3406 1194 3469 iste
1217 3409 1257 3470 ad
1280 3410 1448 3473 ianitorem
1464 3412 1623 3495 quendam
1637 3410 1747 3493 hospi·

414 3516 478 3572 tem
511 3504 710 3584 comitesque
743 3499 812 3562 eius
841 3499 916 3560 item
946 3499 1030 3581 apud
1054 3509 1178 3563 ceteros
1199 3501 1343 3586 hospites
1365 3504 1571 3568 collocantur.
1616 3505 1656 3567 Ut
1678 3518 1784 3569 mosao

417 3608 484 3663 erat
512 3599 605 3663 istius
639 3602 736 3678 atque
764 3602 800 3656 nt
829 3613 901 3655 eum
932 3612 1008 3655 suae
1030 3593 1179 3656 libidines
1201 3597 1376 3680 flagitiosae
1398 3598 1502 3661 facere
1524 3598 1747 3673 admonebant,

416 3696 522 3758 statim
545 3691 710 3776 negotium
733 3687 787 3751 dat
808 3687 873 3750 illis
895 3688 960 3750 suis
983 3689 1167 3765 comitibus,
1188 3694 1394 3777 nequissimis
1416 3693 1674 3775 turpissimisque
1688 3692 1747 3754 ho·

416 3788 572 3861 minibus,
600 3786 649 3849 uti
677 3785 807 3848 rideant
836 3789 868 3845 et
895 3782 1101 3865 investigent,
1131 3805 1232 3869 ecqua
1254 3787 1343 3868 virgo
1367 3787 1409 3849 sit
1429 3793 1485 3850 aut
1506 3785 1621 3848 mulier
1641 3785 1746 3867 digna,

415 3882 622 3966 quamobrem
645 3880 714 3964 ipse
735 3877 901 3962 Lampsaci
917 3876 1036 3939 diutius
1053 3888 1310 3943 commoraretur.
1355 3880 1454 3943 XXV.
1477 3876 1528 3942 bl.
1550 3882 1627 3944 Erat
1641 3900 1747 3943 comes

416 3977 483 4039 eius
506 3974 646 4037 Rubrius
668 3973 816 4057 quidam,
838 3970 935 4034 borno
957 3971 1059 4034 factus
1081 3974 1122 4035 ad
1141 3975 1233 4037 istius
1249 3975 1413 4049 libidines,
1437 3975 1491 4058 qui
1507 3975 1587 4038 miro
1602 3972 1785 4049 artificiose

416 4088 619 4153 quocumque
649 4073 795 4141 venerat,
827 4067 906 4130 baec
936 4066 1129 4149 investigare
1160 4071 1266 4132 omnia
1289 4070 1422 4132 solebat.
1466 4070 1496 4131 ls
1520 4069 1560 4131 ad
1583 4089 1658 4132 eum
1679 4089 1747 4132 rem

415 4164 508 4226 istam
530 4162 651 4226 defert:
685 4161 905 4224 Philodamum
928 4181 997 4224 esse
1019 4163 1196 4244 quendam,
1220 4184 1352 4247 genere,
1374 4164 1513 4238 bonore,
1536 4163 1655 4247 copiis,
1679 4163 1747 4226 exi·

415 4258 596 4323 stimatione
618 4255 710 4320 facile
732 4257 909 4340 principem
931 4257 1239 4338 Lampsacenorum:
1262 4259 1331 4322 eius
1350 4279 1420 4321 esse
1436 4255 1549 4333 filiam,
1574 4277 1659 4342 qnae
1674 4279 1746 4320 cum

414 4360 505 4437 patra
532 4352 705 4426 habitaret,
738 4357 906 4434 propterea
937 4350 1024 4435 quod
1047 4353 1150 4433 virum
1172 4372 1237 4415 non
1259 4353 1407 4429 haberet,
1440 4352 1606 4415 mulierem
1629 4351 1746 4414 eximia

481 4578 505 4627 4.
523 4582 547 4627 et
564 4588 618 4626 om.
636 4578 666 4626 Α.
688 4603 714 4611 -
734 4577 758 4626 5.
778 4577 884 4639 optimos
900 4589 953 4627 om.
974 4579 1011 4629 Ga
1022 4578 1070 4629 dtt.
1085 4606 1114 4616 -
1134 4578 1158 4630 8.
1175 4578 1289 4642 plautum
1301 4576 1380 4638 Gir:
1395 4575 1560 4640 ploniumcet
1571 4576 1687 4639 pluvium
1698 4576 1744 4626 64.

415 4677 444 4689 -
458 4656 518 4701 ante
534 4652 567 4701 Gt
579 4647 720 4714 stragia
739 4663 764 4714 p.
779 4663 831 4700 m.:
850 4652 884 4700 od
901 4650 948 4702 dtt.
963 4653 992 4702 0.
1008 4681 1035 4690 -
1054 4654 1079 4704 9.
1098 4653 1171 4704 labes
1187 4655 1268 4703 dicere
1285 4666 1366 4715 quoru
1385 4653 1414 4702 L.
1430 4680 1456 4687 —
1477 4652 1516 4702 44.
1535 4666 1553 4701 a
1568 4652 1655 4702 ceteris
1670 4651 1747 4715 signia

413 4727 530 4793 glossam
547 4739 608 4778 esse
626 4726 776 4791 suspicatur
787 4727 842 4776 Rau
854 4728 884 4777 ll.
902 4741 928 4792 p.
943 4727 1000 4780 tlt.
1016 4755 1043 4765 -
1065 4729 1105 4780 43.
1120 4731 1208 4793 pueris
1223 4729 1337 4793 inpensis
1348 4729 1374 4778 L.
1395 4728 1472 4790 [Alc.
1487 4725 1580 4779 llalmll
1591 4726 1665 4779 Anal.
1679 4726 1744 4778 Tull.

413 4806 433 4855 l.
450 4817 478 4869 p.
491 4801 533 4854 3l.
554 4815 580 4852 n.
594 4802 629 4867 6.]
647 4801 735 4852 Verba
752 4815 830 4867 seqq.
843 4802 925 4854 habet
942 4806 1018 4856 trus.
1032 4805 1066 4856 ll.
1080 4820 1107 4871 p.
1121 4805 1178 4856 434.
1194 4832 1221 4842 -
1240 4804 1280 4854 46.
1299 4817 1377 4867 quam
1388 4815 1441 4854 om.
1454 4805 1491 4854 63
1500 4819 1524 4864 ς.
1540 4830 1568 4840 -
1588 4804 1628 4854 l'l.
1643 4808 1747 4866 possunt

414 4879 446 4929 64
460 4894 467 4940 ;
480 4882 579 4942 porsert
589 4891 631 4928 seu
643 4884 761 4941 potarent
772 4878 850 4943 Lgll.
866 4907 892 4915 -
906 4880 946 4930 48.
961 4892 1005 4944 epo
1017 4880 1159 4941 relinquam
1171 4881 1249 4944 lgltl.
1263 4907 1292 4917 -
1311 4881 1352 4930 22.
1365 4893 1422 4929 curn
1433 4879 1466 4929 64
1478 4877 1612 4942 selgae:
1631 4883 1684 4927 lum
1695 4877 1743 4928 dtt.

413 4952 443 5004 0.
464 4980 491 4990 -
510 4953 551 5004 26.
569 4954 614 5003 boc
630 4954 677 5003 iter
694 4954 739 5004 Gt.
761 4982 788 4991 -
816 4957 856 5006 30.
882 4956 950 5017 opud
974 4961 1053 5005 certor
1075 4955 1135 5006 cod.
1155 4957 1210 5008 Urs.
1230 4956 1307 5021 Lgli.
1330 4984 1356 4992 -
1381 4956 1421 5006 34.
1438 4955 1579 5021 taetriores
1595 4953 1643 5003 dtt.
1662 4965 1743 5003 nona.

412 5028 490 5094 prob.
508 5028 595 5081 lladv.
613 5032 681 5095 App.
699 5043 727 5095 p.
741 5029 782 5082 46.
801 5030 859 5081 coll.
872 5032 902 5080 ll.
917 5032 941 5095 g.
955 5031 1027 5081 tat.:
1044 5031 1210 5096 pupillorem
1223 5034 1248 5093 2,
1267 5032 1373 5082 lcodd.
1386 5033 1459 5082 Parc.
1472 5028 1533 5081 Lall.
1547 5027 1580 5078 al.
1594 5030 1623 5077 0.
1643 5029 1670 5077 ln
1684 5028 1715 5077 64
1728 5026 1745 5077 4

414 5105 493 5155 etlam
516 5106 594 5155 antea
610 5118 653 5155 sue
669 5118 718 5170 pro
734 5119 807 5167 suaa,
827 5109 854 5157 et
870 5107 1026 5170 saepissimo
1045 5107 1071 5156 in
1087 5106 1130 5156 his
1146 5107 1226 5157 codd.
1244 5122 1257 5157 e
1273 5121 1322 5173 pro
1338 5122 1369 5158 oe
1386 5105 1520 5157 scribitur.
1534 5131 1561 5139 -
1580 5101 1746 5153 odnonebont

414 5182 447 5229 64
459 5178 517 5242 lg:
536 5180 720 5232 commovebant
732 5183 769 5232 Ga
786 5184 846 5247 (nori
863 5181 1062 5242 commonebant,
1081 5184 1111 5232 ut
1128 5182 1206 5235 tradit
1222 5184 1336 5247 Zumpt.)
1355 5181 1419 5243 bd,
1446 5182 1629 5232 admonuerant
1645 5179 1693 5229 dtt.
1714 5206 1741 5216 -

414 5254 454 5305 33.
471 5257 510 5305 uti
521 5256 553 5305 64
566 5253 631 5317 al,
648 5254 693 5307 al.:
709 5259 809 5323 otlgg.
822 5271 931 5319 omnes,
950 5255 983 5308 al.
999 5284 1026 5294 -
1045 5269 1183 5322 οοᾳυαοςς
1201 5260 1286 5321 siquo
1297 5260 1351 5317 aa:
1371 5259 1478 5323 quedl.
1493 5285 1520 5293 -
1540 5256 1581 5309 34.
1592 5257 1645 5320 lpse
1656 5256 1688 5305 64
1701 5254 1744 5317 ²5

414 5329 494 5395 lgna:
507 5332 552 5383 tnta
561 5330 643 5383 dtt-
656 5335 897 5387 commoretarconi.
908 5332 970 5386 Ern.
983 5362 1010 5372 -
1024 5332 1064 5385 37.
1076 5346 1130 5385 rein
1139 5332 1223 5401 mam]
1235 5348 1260 5387 v.
1271 5334 1357 5388 blndv.
1368 5332 1402 5387 de
1412 5333 1465 5386 Fln.
1475 5332 1601 5403 44237.-
1609 5333 1686 5397 nfert
1694 5331 1739 5382 64.
