<?xml version="1.0" encoding="UTF-8"?>
<!DOCTYPE html PUBLIC "-//W3C//DTD XHTML 1.0 Transitional//EN"
    "http://www.w3.org/TR/xhtml1/DTD/xhtml1-transitional.dtd">
<html xmlns="http://www.w3.org/1999/xhtml" xml:lang="en" lang="en">
 <head>
  <title>
</title>
<meta http-equiv="Content-Type" content="text/html;charset=utf-8" />
  <meta name='ocr-system' content='tesseract 3.04.00' />
  <meta name='ocr-capabilities' content='ocr_page ocr_carea ocr_par ocr_line ocrx_word'/>
</head>
<body>
  <div class='ocr_page' id='page_1' title='image "./operaquaesupers02halmgoog_0151.png"; bbox 0 0 4367 6109; ppageno 0'>
   <div class='ocr_carea' id='block_1_1' title="bbox 756 599 1741 689">
    <p class='ocr_par' dir='ltr' id='par_1_1' title="bbox 756 599 1741 689">
     <span class='ocr_line' id='line_1_1' title="bbox 756 599 1741 689; baseline -0.002 -19"><span class='ocrx_word' id='word_1_1' title='bbox 756 606 825 673; x_wconf 76' lang='lat' dir='ltr'>m.</span> <span class='ocrx_word' id='word_1_2' title='bbox 845 607 873 672; x_wconf 89' lang='lat'>1.</span> <span class='ocrx_word' id='word_1_3' title='bbox 902 604 976 672; x_wconf 74' lang='lat' dir='ltr'>cn.</span> <span class='ocrx_word' id='word_1_4' title='bbox 998 606 1149 671; x_wconf 85' lang='lat' dir='ltr'>v-vn.</span> <span class='ocrx_word' id='word_1_5' title='bbox 1175 601 1232 689; x_wconf 75' lang='lat' dir='ltr'>ss.</span> <span class='ocrx_word' id='word_1_6' title='bbox 1254 600 1403 670; x_wconf 80' lang='grc'><strong>44-44.</strong></span> <span class='ocrx_word' id='word_1_7' title='bbox 1679 599 1741 669; x_wconf 83' lang='grc'>444</span> 
     </span>
    </p>
   </div>
   <div class='ocr_carea' id='block_1_2' title="bbox 412 773 1780 4437">
    <p class='ocr_par' dir='ltr' id='par_1_2' title="bbox 412 773 1780 4437">
     <span class='ocr_line' id='line_1_2' title="bbox 415 773 1741 852; baseline -0.004 -9"><span class='ocrx_word' id='word_1_8' title='bbox 415 797 486 843; x_wconf 81' lang='lat' dir='ltr'>rnna</span> <span class='ocrx_word' id='word_1_9' title='bbox 519 782 625 842; x_wconf 77' lang='grc'><strong>44444444</strong></span> <span class='ocrx_word' id='word_1_10' title='bbox 653 777 921 852; x_wconf 85' lang='lat' dir='ltr'>necessariorum,</span> <span class='ocrx_word' id='word_1_11' title='bbox 949 796 1066 841; x_wconf 92' lang='lat' dir='ltr'>nomen</span> <span class='ocrx_word' id='word_1_12' title='bbox 1093 775 1232 840; x_wconf 92' lang='lat' dir='ltr'>hominis</span> <span class='ocrx_word' id='word_1_13' title='bbox 1261 775 1464 840; x_wconf 79' lang='lat' dir='ltr'>audacissimi</span> <span class='ocrx_word' id='word_1_14' title='bbox 1492 773 1603 839; x_wconf 90' lang='lat' dir='ltr'>detuli.</span> <span class='ocrx_word' id='word_1_15' title='bbox 1646 774 1741 850; x_wconf 87' lang='lat' dir='ltr'>Quod</span> 
     </span>
     <span class='ocr_line' id='line_1_3' title="bbox 415 869 1741 955; baseline -0.004 -18"><span class='ocrx_word' id='word_1_16' title='bbox 415 890 525 937; x_wconf 82' lang='lat' dir='ltr'>meum</span> <span class='ocrx_word' id='word_1_17' title='bbox 545 869 663 935; x_wconf 81' lang='lat' dir='ltr'>iactum</span> <span class='ocrx_word' id='word_1_18' title='bbox 685 870 851 935; x_wconf 80' lang='lat' dir='ltr'>lectissimi</span> <span class='ocrx_word' id='word_1_19' title='bbox 872 871 932 935; x_wconf 84' lang='lat' dir='ltr'>riri</span> <span class='ocrx_word' id='word_1_20' title='bbox 954 879 1050 955; x_wconf 80' lang='lat' dir='ltr'>atqqe</span> <span class='ocrx_word' id='word_1_21' title='bbox 1073 869 1285 945; x_wconf 90' lang='lat' dir='ltr'>ornatissimi,</span> <span class='ocrx_word' id='word_1_22' title='bbox 1312 891 1377 954; x_wconf 94' lang='lat' dir='ltr'>quo</span> <span class='ocrx_word' id='word_1_23' title='bbox 1400 871 1433 932; x_wconf 93' lang='lat' dir='ltr'>in</span> <span class='ocrx_word' id='word_1_24' title='bbox 1455 890 1587 933; x_wconf 91' lang='lat' dir='ltr'>numero</span> <span class='ocrx_word' id='word_1_25' title='bbox 1610 890 1628 933; x_wconf 88' lang='lat' dir='ltr'>e</span> <span class='ocrx_word' id='word_1_26' title='bbox 1650 869 1741 933; x_wconf 85' lang='lat' dir='ltr'>vobis</span> 
     </span>
     <span class='ocr_line' id='line_1_4' title="bbox 416 962 1742 1049; baseline -0.002 -20"><span class='ocrx_word' id='word_1_27' title='bbox 416 965 597 1049; x_wconf 84' lang='lat' dir='ltr'>complures</span> <span class='ocrx_word' id='word_1_28' title='bbox 615 962 761 1040; x_wconf 82' lang='lat' dir='ltr'>fuerunt,</span> <span class='ocrx_word' id='word_1_29' title='bbox 783 965 828 1029; x_wconf 91' lang='lat' dir='ltr'>ita</span> <span class='ocrx_word' id='word_1_30' title='bbox 849 966 1078 1048; x_wconf 82' lang='lat' dir='ltr'>probaverunt,</span> <span class='ocrx_word' id='word_1_31' title='bbox 1099 972 1136 1029; x_wconf 93' lang='lat' dir='ltr'>ut</span> <span class='ocrx_word' id='word_1_32' title='bbox 1157 964 1201 1039; x_wconf 91' lang='lat' dir='ltr'>ei,</span> <span class='ocrx_word' id='word_1_33' title='bbox 1224 964 1281 1048; x_wconf 94' lang='lat' dir='ltr'>qui</span> <span class='ocrx_word' id='word_1_34' title='bbox 1302 965 1395 1028; x_wconf 91' lang='lat' dir='ltr'>istius</span> <span class='ocrx_word' id='word_1_35' title='bbox 1417 973 1568 1049; x_wconf 82' lang='lat' dir='ltr'>quaestor</span> <span class='ocrx_word' id='word_1_36' title='bbox 1581 963 1695 1027; x_wconf 85' lang='lat' dir='ltr'>luisset</span> <span class='ocrx_word' id='word_1_37' title='bbox 1709 971 1742 1026; x_wconf 88' lang='lat' dir='ltr'>et</span> 
     </span>
     <span class='ocr_line' id='line_1_5' title="bbox 415 1057 1741 1142; baseline -0.003 -19"><span class='ocrx_word' id='word_1_38' title='bbox 415 1058 456 1123; x_wconf 81' lang='lat' dir='ltr'>ab</span> <span class='ocrx_word' id='word_1_39' title='bbox 474 1058 538 1122; x_wconf 88' lang='lat' dir='ltr'>isto</span> <span class='ocrx_word' id='word_1_40' title='bbox 558 1058 665 1123; x_wconf 89' lang='lat' dir='ltr'>laesus</span> <span class='ocrx_word' id='word_1_41' title='bbox 685 1058 867 1123; x_wconf 89' lang='lat' dir='ltr'>inimicitias</span> <span class='ocrx_word' id='word_1_42' title='bbox 887 1058 987 1122; x_wconf 91' lang='lat' dir='ltr'>iustas</span> <span class='ocrx_word' id='word_1_43' title='bbox 1009 1064 1269 1142; x_wconf 79' lang='lat' dir='ltr'>persequeretur,</span> <span class='ocrx_word' id='word_1_44' title='bbox 1291 1079 1356 1122; x_wconf 93' lang='lat' dir='ltr'>non</span> <span class='ocrx_word' id='word_1_45' title='bbox 1379 1059 1475 1123; x_wconf 94' lang='lat' dir='ltr'>modo</span> <span class='ocrx_word' id='word_1_46' title='bbox 1498 1057 1661 1123; x_wconf 80' lang='lat' dir='ltr'>deferendi</span> <span class='ocrx_word' id='word_1_47' title='bbox 1683 1075 1741 1119; x_wconf 94' lang='lat' dir='ltr'>no·</span> 
     </span>
     <span class='ocr_line' id='line_1_6' title="bbox 414 1152 1779 1236; baseline -0.004 -19"><span class='ocrx_word' id='word_1_48' title='bbox 414 1152 527 1227; x_wconf 83' lang='lat' dir='ltr'>minis,</span> <span class='ocrx_word' id='word_1_49' title='bbox 549 1152 607 1217; x_wconf 88' lang='lat' dir='ltr'>sed</span> <span class='ocrx_word' id='word_1_50' title='bbox 628 1172 669 1215; x_wconf 88' lang='lat' dir='ltr'>ue</span> <span class='ocrx_word' id='word_1_51' title='bbox 690 1152 911 1216; x_wconf 89' lang='lat' dir='ltr'>subscribendi</span> <span class='ocrx_word' id='word_1_52' title='bbox 933 1152 1080 1236; x_wconf 93' lang='lat' dir='ltr'>quidem,</span> <span class='ocrx_word' id='word_1_53' title='bbox 1109 1171 1182 1214; x_wconf 90' lang='lat' dir='ltr'>cum</span> <span class='ocrx_word' id='word_1_54' title='bbox 1204 1152 1237 1214; x_wconf 92' lang='lat' dir='ltr'>id</span> <span class='ocrx_word' id='word_1_55' title='bbox 1265 1153 1458 1235; x_wconf 87' lang='lat' dir='ltr'>postularet,</span> <span class='ocrx_word' id='word_1_56' title='bbox 1488 1152 1630 1216; x_wconf 86' lang='lat' dir='ltr'>iacerent</span> <span class='ocrx_word' id='word_1_57' title='bbox 1650 1158 1741 1234; x_wconf 91' lang='lat' dir='ltr'>pote-</span> <span class='ocrx_word' id='word_1_58' title='bbox 1764 1163 1779 1211; x_wconf 82' lang='grc'>4</span> 
     </span>
     <span class='ocr_line' id='line_1_7' title="bbox 415 1240 1740 1332; baseline -0.003 -22"><span class='ocrx_word' id='word_1_59' title='bbox 415 1253 538 1310; x_wconf 76' lang='lat' dir='ltr'>statem</span> <span class='ocrx_word' id='word_1_60' title='bbox 571 1241 624 1310; x_wconf 85' lang='lat' dir='ltr'>to.</span> <span class='ocrx_word' id='word_1_61' title='bbox 644 1249 682 1311; x_wconf 89' lang='lat' dir='ltr'>ln</span> <span class='ocrx_word' id='word_1_62' title='bbox 705 1247 845 1311; x_wconf 88' lang='lat' dir='ltr'>Siciliam</span> <span class='ocrx_word' id='word_1_63' title='bbox 867 1268 937 1311; x_wconf 91' lang='lat' dir='ltr'>sum</span> <span class='ocrx_word' id='word_1_64' title='bbox 958 1248 1140 1332; x_wconf 90' lang='lat' dir='ltr'>inquirendi</span> <span class='ocrx_word' id='word_1_65' title='bbox 1156 1266 1250 1310; x_wconf 90' lang='lat' dir='ltr'>causa</span> <span class='ocrx_word' id='word_1_66' title='bbox 1264 1246 1441 1329; x_wconf 86' lang='lat' dir='ltr'>proiectus:</span> <span class='ocrx_word' id='word_1_67' title='bbox 1474 1246 1588 1331; x_wconf 93' lang='lat' dir='ltr'>quoin</span> <span class='ocrx_word' id='word_1_68' title='bbox 1610 1240 1740 1328; x_wconf 87' lang='lat' dir='ltr'>negotio</span> 
     </span>
     <span class='ocr_line' id='line_1_8' title="bbox 414 1337 1740 1424; baseline -0.003 -21"><span class='ocrx_word' id='word_1_69' title='bbox 414 1340 603 1405; x_wconf 85' lang='lat' dir='ltr'>industriam</span> <span class='ocrx_word' id='word_1_70' title='bbox 631 1362 734 1407; x_wconf 89' lang='lat' dir='ltr'>meam</span> <span class='ocrx_word' id='word_1_71' title='bbox 762 1341 906 1407; x_wconf 82' lang='lat' dir='ltr'>celeritas</span> <span class='ocrx_word' id='word_1_72' title='bbox 934 1342 1117 1417; x_wconf 87' lang='lat' dir='ltr'>reditionis,</span> <span class='ocrx_word' id='word_1_73' title='bbox 1146 1341 1342 1424; x_wconf 79' lang='lat' dir='ltr'>diligentiam</span> <span class='ocrx_word' id='word_1_74' title='bbox 1372 1341 1541 1403; x_wconf 92' lang='lat' dir='ltr'>multitudo</span> <span class='ocrx_word' id='word_1_75' title='bbox 1564 1337 1740 1402; x_wconf 91' lang='lat' dir='ltr'>litterarum</span> 
     </span>
     <span class='ocr_line' id='line_1_9' title="bbox 415 1434 1740 1521; baseline -0.004 -23"><span class='ocrx_word' id='word_1_76' title='bbox 415 1442 448 1498; x_wconf 87' lang='lat' dir='ltr'>et</span> <span class='ocrx_word' id='word_1_77' title='bbox 466 1435 595 1499; x_wconf 88' lang='lat' dir='ltr'>testium</span> <span class='ocrx_word' id='word_1_78' title='bbox 618 1436 807 1501; x_wconf 85' lang='lat' dir='ltr'>declaravit:</span> <span class='ocrx_word' id='word_1_79' title='bbox 829 1438 984 1521; x_wconf 92' lang='lat' dir='ltr'>pudorem</span> <span class='ocrx_word' id='word_1_80' title='bbox 999 1457 1074 1501; x_wconf 89' lang='lat' dir='ltr'>vero</span> <span class='ocrx_word' id='word_1_81' title='bbox 1092 1457 1130 1500; x_wconf 90' lang='lat' dir='ltr'>ac</span> <span class='ocrx_word' id='word_1_82' title='bbox 1144 1437 1348 1518; x_wconf 77' lang='lat' dir='ltr'>religionem,</span> <span class='ocrx_word' id='word_1_83' title='bbox 1370 1437 1473 1520; x_wconf 93' lang='lat' dir='ltr'>qnod,</span> <span class='ocrx_word' id='word_1_84' title='bbox 1495 1453 1568 1497; x_wconf 88' lang='lat' dir='ltr'>cum</span> <span class='ocrx_word' id='word_1_85' title='bbox 1582 1434 1740 1496; x_wconf 84' lang='lat' dir='ltr'>venissem</span> 
     </span>
     <span class='ocr_line' id='line_1_10' title="bbox 415 1527 1740 1615; baseline -0.004 -22"><span class='ocrx_word' id='word_1_86' title='bbox 415 1535 543 1593; x_wconf 65' lang='lat' dir='ltr'>emtor</span> <span class='ocrx_word' id='word_1_87' title='bbox 563 1529 604 1592; x_wconf 91' lang='lat' dir='ltr'>ad</span> <span class='ocrx_word' id='word_1_88' title='bbox 626 1531 731 1595; x_wconf 91' lang='lat' dir='ltr'>socios</span> <span class='ocrx_word' id='word_1_89' title='bbox 752 1532 866 1615; x_wconf 93' lang='lat' dir='ltr'>populi</span> <span class='ocrx_word' id='word_1_90' title='bbox 886 1532 1038 1605; x_wconf 85' lang='lat' dir='ltr'>Romani,</span> <span class='ocrx_word' id='word_1_91' title='bbox 1062 1532 1118 1615; x_wconf 92' lang='lat' dir='ltr'>qui</span> <span class='ocrx_word' id='word_1_92' title='bbox 1142 1532 1175 1593; x_wconf 92' lang='lat' dir='ltr'>iu</span> <span class='ocrx_word' id='word_1_93' title='bbox 1196 1551 1234 1595; x_wconf 94' lang='lat' dir='ltr'>ea</span> <span class='ocrx_word' id='word_1_94' title='bbox 1256 1531 1420 1613; x_wconf 88' lang='lat' dir='ltr'>provincia</span> <span class='ocrx_word' id='word_1_95' title='bbox 1435 1537 1585 1615; x_wconf 88' lang='lat' dir='ltr'>quaestor</span> <span class='ocrx_word' id='word_1_96' title='bbox 1598 1527 1740 1599; x_wconf 84' lang='lat' dir='ltr'>fuissem,</span> 
     </span>
     <span class='ocr_line' id='line_1_11' title="bbox 414 1619 1778 1705; baseline -0.003 -20"><span class='ocrx_word' id='word_1_97' title='bbox 414 1622 454 1686; x_wconf 89' lang='lat' dir='ltr'>ad</span> <span class='ocrx_word' id='word_1_98' title='bbox 474 1621 621 1705; x_wconf 84' lang='lat' dir='ltr'>hospites</span> <span class='ocrx_word' id='word_1_99' title='bbox 641 1644 731 1688; x_wconf 82' lang='lat' dir='ltr'>meos</span> <span class='ocrx_word' id='word_1_100' title='bbox 753 1644 790 1689; x_wconf 90' lang='lat' dir='ltr'>ac</span> <span class='ocrx_word' id='word_1_101' title='bbox 811 1627 1008 1690; x_wconf 90' lang='lat' dir='ltr'>necessarios</span> <span class='ocrx_word' id='word_1_102' title='bbox 1033 1646 1148 1689; x_wconf 91' lang='lat' dir='ltr'>causae</span> <span class='ocrx_word' id='word_1_103' title='bbox 1173 1624 1350 1689; x_wconf 89' lang='lat' dir='ltr'>communis</span> <span class='ocrx_word' id='word_1_104' title='bbox 1372 1624 1521 1688; x_wconf 87' lang='lat' dir='ltr'>defensor</span> <span class='ocrx_word' id='word_1_105' title='bbox 1542 1619 1661 1685; x_wconf 84' lang='lat' dir='ltr'>deverti</span> <span class='ocrx_word' id='word_1_106' title='bbox 1683 1636 1778 1702; x_wconf 74' lang='lat' dir='ltr'>poto</span> 
     </span>
     <span class='ocr_line' id='line_1_12' title="bbox 414 1711 1741 1805; baseline -0.005 -24"><span class='ocrx_word' id='word_1_107' title='bbox 414 1718 479 1781; x_wconf 88' lang='lat' dir='ltr'>tius</span> <span class='ocrx_word' id='word_1_108' title='bbox 507 1738 603 1803; x_wconf 88' lang='lat' dir='ltr'>quam</span> <span class='ocrx_word' id='word_1_109' title='bbox 630 1720 671 1784; x_wconf 91' lang='lat' dir='ltr'>ad</span> <span class='ocrx_word' id='word_1_110' title='bbox 700 1740 771 1795; x_wconf 89' lang='lat' dir='ltr'>eos,</span> <span class='ocrx_word' id='word_1_111' title='bbox 801 1722 856 1805; x_wconf 93' lang='lat' dir='ltr'>qui</span> <span class='ocrx_word' id='word_1_112' title='bbox 887 1742 906 1785; x_wconf 90' lang='lat' dir='ltr'>a</span> <span class='ocrx_word' id='word_1_113' title='bbox 933 1742 984 1784; x_wconf 93' lang='lat' dir='ltr'>me</span> <span class='ocrx_word' id='word_1_114' title='bbox 1004 1720 1161 1783; x_wconf 87' lang='lat' dir='ltr'>auxilium</span> <span class='ocrx_word' id='word_1_115' title='bbox 1184 1718 1383 1802; x_wconf 88' lang='lat' dir='ltr'>petivissent.</span> <span class='ocrx_word' id='word_1_116' title='bbox 1425 1717 1551 1781; x_wconf 88' lang='lat' dir='ltr'>Nemini</span> <span class='ocrx_word' id='word_1_117' title='bbox 1574 1733 1663 1778; x_wconf 92' lang='lat' dir='ltr'>meus</span> <span class='ocrx_word' id='word_1_118' title='bbox 1685 1711 1741 1776; x_wconf 89' lang='lat' dir='ltr'>ad·</span> 
     </span>
     <span class='ocr_line' id='line_1_13' title="bbox 413 1806 1740 1899; baseline -0.006 -25"><span class='ocrx_word' id='word_1_119' title='bbox 413 1818 528 1877; x_wconf 81' lang='lat' dir='ltr'>ventus</span> <span class='ocrx_word' id='word_1_120' title='bbox 556 1812 659 1878; x_wconf 90' lang='lat' dir='ltr'>labori</span> <span class='ocrx_word' id='word_1_121' title='bbox 686 1824 742 1879; x_wconf 92' lang='lat' dir='ltr'>aut</span> <span class='ocrx_word' id='word_1_122' title='bbox 764 1815 903 1898; x_wconf 91' lang='lat' dir='ltr'>sumptui</span> <span class='ocrx_word' id='word_1_123' title='bbox 926 1834 1032 1899; x_wconf 90' lang='lat' dir='ltr'>neque</span> <span class='ocrx_word' id='word_1_124' title='bbox 1054 1813 1182 1897; x_wconf 91' lang='lat' dir='ltr'>publice</span> <span class='ocrx_word' id='word_1_125' title='bbox 1203 1832 1309 1897; x_wconf 93' lang='lat' dir='ltr'>neque</span> <span class='ocrx_word' id='word_1_126' title='bbox 1330 1811 1478 1895; x_wconf 88' lang='lat' dir='ltr'>privatim</span> <span class='ocrx_word' id='word_1_127' title='bbox 1500 1809 1569 1873; x_wconf 78' lang='lat' dir='ltr'>suit</span> <span class='ocrx_word' id='word_1_128' title='bbox 1612 1806 1685 1869; x_wconf 85' lang='lat' dir='ltr'>Vim</span> <span class='ocrx_word' id='word_1_129' title='bbox 1707 1806 1740 1867; x_wconf 93' lang='lat' dir='ltr'>in</span> 
     </span>
     <span class='ocr_line' id='line_1_14' title="bbox 413 1900 1740 1994; baseline -0.007 -24"><span class='ocrx_word' id='word_1_130' title='bbox 413 1907 605 1991; x_wconf 86' lang='lat' dir='ltr'>inquirendo</span> <span class='ocrx_word' id='word_1_131' title='bbox 627 1916 746 1974; x_wconf 77' lang='lat' dir='ltr'>tantm</span> <span class='ocrx_word' id='word_1_132' title='bbox 767 1910 880 1985; x_wconf 91' lang='lat' dir='ltr'>habui,</span> <span class='ocrx_word' id='word_1_133' title='bbox 903 1916 1055 1994; x_wconf 88' lang='lat' dir='ltr'>quantam</span> <span class='ocrx_word' id='word_1_134' title='bbox 1077 1906 1154 1969; x_wconf 92' lang='lat' dir='ltr'>mihi</span> <span class='ocrx_word' id='word_1_135' title='bbox 1175 1907 1228 1969; x_wconf 82' lang='lat' dir='ltr'>lex</span> <span class='ocrx_word' id='word_1_136' title='bbox 1247 1906 1355 1980; x_wconf 90' lang='lat' dir='ltr'>dabat,</span> <span class='ocrx_word' id='word_1_137' title='bbox 1378 1924 1442 1968; x_wconf 93' lang='lat' dir='ltr'>non</span> <span class='ocrx_word' id='word_1_138' title='bbox 1458 1909 1610 1987; x_wconf 89' lang='lat' dir='ltr'>quantam</span> <span class='ocrx_word' id='word_1_139' title='bbox 1623 1900 1740 1962; x_wconf 90' lang='lat' dir='ltr'>babere</span> 
     </span>
     <span class='ocr_line' id='line_1_15' title="bbox 413 1995 1741 2088; baseline -0.005 -24"><span class='ocrx_word' id='word_1_140' title='bbox 413 2008 558 2085; x_wconf 88' lang='lat' dir='ltr'>poteram</span> <span class='ocrx_word' id='word_1_141' title='bbox 587 2001 716 2066; x_wconf 89' lang='lat' dir='ltr'>illorum</span> <span class='ocrx_word' id='word_1_142' title='bbox 752 2004 872 2079; x_wconf 89' lang='lat' dir='ltr'>studio,</span> <span class='ocrx_word' id='word_1_143' title='bbox 902 2023 984 2088; x_wconf 91' lang='lat' dir='ltr'>quos</span> <span class='ocrx_word' id='word_1_144' title='bbox 1010 2003 1071 2066; x_wconf 87' lang='lat' dir='ltr'>iste</span> <span class='ocrx_word' id='word_1_145' title='bbox 1100 2009 1239 2065; x_wconf 81' lang='lat' dir='ltr'>vexarat.</span> <span class='ocrx_word' id='word_1_146' title='bbox 1283 1996 1333 2062; x_wconf 87' lang='grc'>47.</span> <span class='ocrx_word' id='word_1_147' title='bbox 1356 2001 1488 2062; x_wconf 83' lang='lat' dir='ltr'>Romam</span> <span class='ocrx_word' id='word_1_148' title='bbox 1512 2006 1548 2063; x_wconf 93' lang='lat' dir='ltr'>ut</span> <span class='ocrx_word' id='word_1_149' title='bbox 1569 2017 1610 2061; x_wconf 85' lang='lat' dir='ltr'>ex</span> <span class='ocrx_word' id='word_1_150' title='bbox 1633 1995 1741 2059; x_wconf 90' lang='lat' dir='ltr'>Sicilia</span> 
     </span>
     <span class='ocr_line' id='line_1_16' title="bbox 414 2091 1780 2182; baseline -0.004 -25"><span class='ocrx_word' id='word_1_151' title='bbox 414 2095 510 2170; x_wconf 90' lang='lat' dir='ltr'>redii,</span> <span class='ocrx_word' id='word_1_152' title='bbox 536 2115 609 2159; x_wconf 91' lang='lat' dir='ltr'>oum</span> <span class='ocrx_word' id='word_1_153' title='bbox 637 2097 697 2161; x_wconf 93' lang='lat' dir='ltr'>iste</span> <span class='ocrx_word' id='word_1_154' title='bbox 725 2105 821 2182; x_wconf 91' lang='lat' dir='ltr'>atque</span> <span class='ocrx_word' id='word_1_155' title='bbox 842 2099 934 2161; x_wconf 91' lang='lat' dir='ltr'>istius</span> <span class='ocrx_word' id='word_1_156' title='bbox 956 2097 1064 2171; x_wconf 90' lang='lat' dir='ltr'>amici,</span> <span class='ocrx_word' id='word_1_157' title='bbox 1093 2095 1240 2159; x_wconf 91' lang='lat' dir='ltr'>homines</span> <span class='ocrx_word' id='word_1_158' title='bbox 1263 2095 1340 2157; x_wconf 91' lang='lat' dir='ltr'>lauti</span> <span class='ocrx_word' id='word_1_159' title='bbox 1363 2100 1395 2156; x_wconf 93' lang='lat' dir='ltr'>et</span> <span class='ocrx_word' id='word_1_160' title='bbox 1415 2091 1548 2166; x_wconf 89' lang='lat' dir='ltr'>urbani,</span> <span class='ocrx_word' id='word_1_161' title='bbox 1577 2103 1780 2155; x_wconf 74' lang='lat' dir='ltr'>sermonests</span> 
     </span>
     <span class='ocr_line' id='line_1_17' title="bbox 413 2179 1742 2277; baseline -0.005 -24"><span class='ocrx_word' id='word_1_162' title='bbox 413 2189 598 2254; x_wconf 87' lang='lat' dir='ltr'>buiusmodi</span> <span class='ocrx_word' id='word_1_163' title='bbox 617 2179 840 2276; x_wconf 84' lang='lat' dir='ltr'>dissipassent,</span> <span class='ocrx_word' id='word_1_164' title='bbox 864 2212 929 2277; x_wconf 90' lang='lat' dir='ltr'>quo</span> <span class='ocrx_word' id='word_1_165' title='bbox 950 2192 1074 2254; x_wconf 87' lang='lat' dir='ltr'>animos</span> <span class='ocrx_word' id='word_1_166' title='bbox 1095 2190 1224 2254; x_wconf 90' lang='lat' dir='ltr'>testium</span> <span class='ocrx_word' id='word_1_167' title='bbox 1246 2190 1456 2260; x_wconf 88' lang='lat' dir='ltr'>retardarent,</span> <span class='ocrx_word' id='word_1_168' title='bbox 1480 2207 1529 2249; x_wconf 94' lang='lat' dir='ltr'>me</span> <span class='ocrx_word' id='word_1_169' title='bbox 1552 2205 1665 2268; x_wconf 93' lang='lat' dir='ltr'>magna</span> <span class='ocrx_word' id='word_1_170' title='bbox 1687 2204 1742 2266; x_wconf 94' lang='lat' dir='ltr'>pe·</span> 
     </span>
     <span class='ocr_line' id='line_1_18' title="bbox 414 2277 1741 2366; baseline -0.006 -19"><span class='ocrx_word' id='word_1_171' title='bbox 414 2284 508 2347; x_wconf 85' lang='lat' dir='ltr'>cunia</span> <span class='ocrx_word' id='word_1_172' title='bbox 534 2304 553 2349; x_wconf 91' lang='lat' dir='ltr'>a</span> <span class='ocrx_word' id='word_1_173' title='bbox 580 2304 655 2349; x_wconf 83' lang='lat' dir='ltr'>vera</span> <span class='ocrx_word' id='word_1_174' title='bbox 682 2287 885 2349; x_wconf 88' lang='lat' dir='ltr'>accusatione</span> <span class='ocrx_word' id='word_1_175' title='bbox 912 2304 982 2348; x_wconf 88' lang='lat' dir='ltr'>esse</span> <span class='ocrx_word' id='word_1_176' title='bbox 1013 2284 1199 2358; x_wconf 92' lang='lat' dir='ltr'>deductum,</span> <span class='ocrx_word' id='word_1_177' title='bbox 1229 2283 1354 2346; x_wconf 91' lang='lat' dir='ltr'>tametsi</span> <span class='ocrx_word' id='word_1_178' title='bbox 1384 2282 1577 2366; x_wconf 86' lang='lat' dir='ltr'>probabatur</span> <span class='ocrx_word' id='word_1_179' title='bbox 1605 2277 1741 2354; x_wconf 91' lang='lat' dir='ltr'>nemini,</span> 
     </span>
     <span class='ocr_line' id='line_1_19' title="bbox 415 2373 1743 2463; baseline -0.005 -23"><span class='ocrx_word' id='word_1_180' title='bbox 415 2377 501 2463; x_wconf 92' lang='lat' dir='ltr'>quod</span> <span class='ocrx_word' id='word_1_181' title='bbox 524 2387 618 2442; x_wconf 85' lang='lat' dir='ltr'>etex</span> <span class='ocrx_word' id='word_1_182' title='bbox 640 2379 749 2443; x_wconf 87' lang='lat' dir='ltr'>Sicilia</span> <span class='ocrx_word' id='word_1_183' title='bbox 771 2386 867 2442; x_wconf 90' lang='lat' dir='ltr'>testes</span> <span class='ocrx_word' id='word_1_184' title='bbox 889 2385 979 2441; x_wconf 89' lang='lat' dir='ltr'>erant</span> <span class='ocrx_word' id='word_1_185' title='bbox 1000 2378 1040 2451; x_wconf 95' lang='lat' dir='ltr'>ii,</span> <span class='ocrx_word' id='word_1_186' title='bbox 1072 2379 1128 2462; x_wconf 90' lang='lat' dir='ltr'>qui</span> <span class='ocrx_word' id='word_1_187' title='bbox 1151 2386 1351 2462; x_wconf 88' lang='lat' dir='ltr'>quaestorem</span> <span class='ocrx_word' id='word_1_188' title='bbox 1375 2396 1424 2440; x_wconf 92' lang='lat' dir='ltr'>me</span> <span class='ocrx_word' id='word_1_189' title='bbox 1446 2377 1479 2439; x_wconf 94' lang='lat' dir='ltr'>in</span> <span class='ocrx_word' id='word_1_190' title='bbox 1501 2373 1666 2458; x_wconf 85' lang='lat' dir='ltr'>provincia</span> <span class='ocrx_word' id='word_1_191' title='bbox 1688 2391 1743 2435; x_wconf 89' lang='lat' dir='ltr'>co-</span> 
     </span>
     <span class='ocr_line' id='line_1_20' title="bbox 415 2466 1740 2555; baseline -0.005 -20"><span class='ocrx_word' id='word_1_192' title='bbox 415 2479 604 2555; x_wconf 84' lang='lat' dir='ltr'>gnoverant,</span> <span class='ocrx_word' id='word_1_193' title='bbox 626 2479 659 2536; x_wconf 91' lang='lat' dir='ltr'>et</span> <span class='ocrx_word' id='word_1_194' title='bbox 679 2472 755 2535; x_wconf 93' lang='lat' dir='ltr'>binc</span> <span class='ocrx_word' id='word_1_195' title='bbox 776 2472 921 2535; x_wconf 91' lang='lat' dir='ltr'>homines</span> <span class='ocrx_word' id='word_1_196' title='bbox 945 2473 1082 2535; x_wconf 84' lang='lat' dir='ltr'>maxime</span> <span class='ocrx_word' id='word_1_197' title='bbox 1105 2471 1259 2546; x_wconf 89' lang='lat' dir='ltr'>illustres,</span> <span class='ocrx_word' id='word_1_198' title='bbox 1282 2471 1353 2554; x_wconf 93' lang='lat' dir='ltr'>qui,</span> <span class='ocrx_word' id='word_1_199' title='bbox 1376 2479 1411 2533; x_wconf 91' lang='lat' dir='ltr'>ut</span> <span class='ocrx_word' id='word_1_200' title='bbox 1425 2471 1486 2553; x_wconf 93' lang='lat' dir='ltr'>ipsi</span> <span class='ocrx_word' id='word_1_201' title='bbox 1502 2470 1569 2533; x_wconf 93' lang='lat' dir='ltr'>noti</span> <span class='ocrx_word' id='word_1_202' title='bbox 1584 2474 1672 2540; x_wconf 88' lang='lat' dir='ltr'>sunt,</span> <span class='ocrx_word' id='word_1_203' title='bbox 1695 2466 1740 2529; x_wconf 89' lang='lat' dir='ltr'>sic</span> 
     </span>
     <span class='ocr_line' id='line_1_21' title="bbox 414 2560 1779 2650; baseline -0.006 -20"><span class='ocrx_word' id='word_1_204' title='bbox 414 2574 558 2630; x_wconf 85' lang='lat' dir='ltr'>nostrum</span> <span class='ocrx_word' id='word_1_205' title='bbox 579 2584 841 2650; x_wconf 88' lang='lat' dir='ltr'>unumquemque</span> <span class='ocrx_word' id='word_1_206' title='bbox 863 2566 982 2647; x_wconf 91' lang='lat' dir='ltr'>optime</span> <span class='ocrx_word' id='word_1_207' title='bbox 1005 2574 1138 2628; x_wconf 87' lang='lat' dir='ltr'>norunt:</span> <span class='ocrx_word' id='word_1_208' title='bbox 1160 2573 1266 2628; x_wconf 76' lang='grc'><strong>44444444</strong></span> <span class='ocrx_word' id='word_1_209' title='bbox 1288 2585 1391 2648; x_wconf 93' lang='lat' dir='ltr'>usque</span> <span class='ocrx_word' id='word_1_210' title='bbox 1412 2585 1451 2628; x_wconf 91' lang='lat' dir='ltr'>eo</span> <span class='ocrx_word' id='word_1_211' title='bbox 1474 2564 1583 2636; x_wconf 90' lang='lat' dir='ltr'>timui,</span> <span class='ocrx_word' id='word_1_212' title='bbox 1605 2582 1646 2624; x_wconf 94' lang='lat' dir='ltr'>ue</span> <span class='ocrx_word' id='word_1_213' title='bbox 1668 2560 1779 2644; x_wconf 77' lang='lat' dir='ltr'>quieto</span> 
     </span>
     <span class='ocr_line' id='line_1_22' title="bbox 413 2656 1741 2743; baseline -0.003 -20"><span class='ocrx_word' id='word_1_214' title='bbox 413 2661 453 2724; x_wconf 91' lang='lat' dir='ltr'>de</span> <span class='ocrx_word' id='word_1_215' title='bbox 485 2679 558 2723; x_wconf 90' lang='lat' dir='ltr'>mea</span> <span class='ocrx_word' id='word_1_216' title='bbox 585 2656 646 2722; x_wconf 86' lang='lat' dir='ltr'>lide</span> <span class='ocrx_word' id='word_1_217' title='bbox 676 2667 772 2743; x_wconf 92' lang='lat' dir='ltr'>atque</span> <span class='ocrx_word' id='word_1_218' title='bbox 800 2660 978 2741; x_wconf 85' lang='lat' dir='ltr'>integritate</span> <span class='ocrx_word' id='word_1_219' title='bbox 1008 2659 1183 2733; x_wconf 87' lang='lat' dir='ltr'>dubitaret,</span> <span class='ocrx_word' id='word_1_220' title='bbox 1214 2660 1316 2721; x_wconf 94' lang='lat' dir='ltr'>donec</span> <span class='ocrx_word' id='word_1_221' title='bbox 1339 2658 1379 2721; x_wconf 93' lang='lat' dir='ltr'>ad</span> <span class='ocrx_word' id='word_1_222' title='bbox 1402 2658 1596 2721; x_wconf 88' lang='lat' dir='ltr'>reiiciundos</span> <span class='ocrx_word' id='word_1_223' title='bbox 1618 2656 1741 2719; x_wconf 88' lang='lat' dir='ltr'>iudices</span> 
     </span>
     <span class='ocr_line' id='line_1_23' title="bbox 413 2752 1742 2819; baseline -0.004 -1"><span class='ocrx_word' id='word_1_224' title='bbox 413 2754 567 2819; x_wconf 84' lang='lat' dir='ltr'>venimus.</span> <span class='ocrx_word' id='word_1_225' title='bbox 604 2754 671 2817; x_wconf 87' lang='lat' dir='ltr'>Vll.</span> <span class='ocrx_word' id='word_1_226' title='bbox 695 2753 838 2816; x_wconf 89' lang='lat' dir='ltr'>Sciebam</span> <span class='ocrx_word' id='word_1_227' title='bbox 854 2754 887 2816; x_wconf 94' lang='lat' dir='ltr'>in</span> <span class='ocrx_word' id='word_1_228' title='bbox 902 2753 1087 2815; x_wconf 88' lang='lat' dir='ltr'>reiiciundis</span> <span class='ocrx_word' id='word_1_229' title='bbox 1104 2753 1262 2816; x_wconf 90' lang='lat' dir='ltr'>iudicibus</span> <span class='ocrx_word' id='word_1_230' title='bbox 1277 2753 1450 2816; x_wconf 87' lang='lat' dir='ltr'>nonnullos</span> <span class='ocrx_word' id='word_1_231' title='bbox 1465 2752 1618 2816; x_wconf 90' lang='lat' dir='ltr'>memoria</span> <span class='ocrx_word' id='word_1_232' title='bbox 1633 2757 1742 2814; x_wconf 88' lang='lat' dir='ltr'>nostra</span> 
     </span>
     <span class='ocr_line' id='line_1_24' title="bbox 414 2842 1742 2933; baseline -0.008 -19"><span class='ocrx_word' id='word_1_233' title='bbox 414 2849 572 2933; x_wconf 89' lang='lat' dir='ltr'>pactionis</span> <span class='ocrx_word' id='word_1_234' title='bbox 601 2848 814 2931; x_wconf 89' lang='lat' dir='ltr'>suspicionem</span> <span class='ocrx_word' id='word_1_235' title='bbox 845 2868 911 2911; x_wconf 93' lang='lat' dir='ltr'>nou</span> <span class='ocrx_word' id='word_1_236' title='bbox 933 2847 1068 2919; x_wconf 88' lang='lat' dir='ltr'>vitasse,</span> <span class='ocrx_word' id='word_1_237' title='bbox 1098 2866 1170 2908; x_wconf 89' lang='lat' dir='ltr'>cum</span> <span class='ocrx_word' id='word_1_238' title='bbox 1192 2847 1224 2908; x_wconf 92' lang='lat' dir='ltr'>in</span> <span class='ocrx_word' id='word_1_239' title='bbox 1247 2847 1316 2930; x_wconf 90' lang='lat' dir='ltr'>ipsa</span> <span class='ocrx_word' id='word_1_240' title='bbox 1337 2847 1539 2909; x_wconf 87' lang='lat' dir='ltr'>accusatione</span> <span class='ocrx_word' id='word_1_241' title='bbox 1562 2865 1673 2925; x_wconf 84' lang='lat' dir='ltr'>eorum</span> <span class='ocrx_word' id='word_1_242' title='bbox 1694 2842 1742 2904; x_wconf 93' lang='lat' dir='ltr'>in·</span> 
     </span>
     <span class='ocr_line' id='line_1_25' title="bbox 415 2935 1741 3024; baseline -0.006 -17"><span class='ocrx_word' id='word_1_243' title='bbox 415 2942 538 3008; x_wconf 85' lang='lat' dir='ltr'>dustria</span> <span class='ocrx_word' id='word_1_244' title='bbox 559 2962 596 3005; x_wconf 92' lang='lat' dir='ltr'>ac</span> <span class='ocrx_word' id='word_1_245' title='bbox 619 2942 784 3023; x_wconf 79' lang='lat' dir='ltr'>diligentia</span> <span class='ocrx_word' id='word_1_246' title='bbox 806 2942 1001 3024; x_wconf 89' lang='lat' dir='ltr'>probaretur.</span> <span class='ocrx_word' id='word_1_247' title='bbox 1046 2935 1097 3001; x_wconf 85' lang='lat' dir='ltr'>l8.</span> <span class='ocrx_word' id='word_1_248' title='bbox 1119 2941 1166 3003; x_wconf 89' lang='lat' dir='ltr'>lta</span> <span class='ocrx_word' id='word_1_249' title='bbox 1188 2942 1284 3004; x_wconf 89' lang='lat' dir='ltr'>reieci</span> <span class='ocrx_word' id='word_1_250' title='bbox 1307 2942 1446 3013; x_wconf 92' lang='lat' dir='ltr'>iudices,</span> <span class='ocrx_word' id='word_1_251' title='bbox 1468 2948 1505 3003; x_wconf 92' lang='lat' dir='ltr'>ut</span> <span class='ocrx_word' id='word_1_252' title='bbox 1524 2940 1586 3002; x_wconf 93' lang='lat' dir='ltr'>hoc</span> <span class='ocrx_word' id='word_1_253' title='bbox 1609 2943 1741 3010; x_wconf 91' lang='lat' dir='ltr'>constet,</span> 
     </span>
     <span class='ocr_line' id='line_1_26' title="bbox 413 3032 1779 3119; baseline -0.002 -20"><span class='ocrx_word' id='word_1_254' title='bbox 413 3044 489 3119; x_wconf 89' lang='lat' dir='ltr'>post</span> <span class='ocrx_word' id='word_1_255' title='bbox 515 3035 601 3100; x_wconf 91' lang='lat' dir='ltr'>hunc</span> <span class='ocrx_word' id='word_1_256' title='bbox 630 3042 747 3098; x_wconf 88' lang='lat' dir='ltr'>statum</span> <span class='ocrx_word' id='word_1_257' title='bbox 777 3036 823 3098; x_wconf 89' lang='lat' dir='ltr'>rei</span> <span class='ocrx_word' id='word_1_258' title='bbox 854 3035 1015 3117; x_wconf 89' lang='lat' dir='ltr'>publicae,</span> <span class='ocrx_word' id='word_1_259' title='bbox 1043 3054 1108 3116; x_wconf 93' lang='lat' dir='ltr'>quo</span> <span class='ocrx_word' id='word_1_260' title='bbox 1130 3054 1215 3096; x_wconf 93' lang='lat' dir='ltr'>nunc</span> <span class='ocrx_word' id='word_1_261' title='bbox 1237 3036 1373 3109; x_wconf 89' lang='lat' dir='ltr'>utimur,</span> <span class='ocrx_word' id='word_1_262' title='bbox 1401 3034 1497 3097; x_wconf 88' lang='lat' dir='ltr'>simili</span> <span class='ocrx_word' id='word_1_263' title='bbox 1519 3032 1688 3115; x_wconf 90' lang='lat' dir='ltr'>splendore</span> <span class='ocrx_word' id='word_1_264' title='bbox 1711 3038 1779 3096; x_wconf 74' lang='lat' dir='ltr'>etos</span> 
     </span>
     <span class='ocr_line' id='line_1_27' title="bbox 413 3124 1741 3211; baseline -0.002 -20"><span class='ocrx_word' id='word_1_265' title='bbox 413 3129 569 3211; x_wconf 84' lang='lat' dir='ltr'>dignitate</span> <span class='ocrx_word' id='word_1_266' title='bbox 598 3129 765 3193; x_wconf 88' lang='lat' dir='ltr'>consilium</span> <span class='ocrx_word' id='word_1_267' title='bbox 794 3129 917 3191; x_wconf 89' lang='lat' dir='ltr'>nullum</span> <span class='ocrx_word' id='word_1_268' title='bbox 946 3127 1055 3192; x_wconf 85' lang='lat' dir='ltr'>fuisse.</span> <span class='ocrx_word' id='word_1_269' title='bbox 1100 3129 1203 3204; x_wconf 85' lang='lat' dir='ltr'>Quam</span> <span class='ocrx_word' id='word_1_270' title='bbox 1226 3131 1286 3193; x_wconf 89' lang='lat' dir='ltr'>iste</span> <span class='ocrx_word' id='word_1_271' title='bbox 1309 3130 1435 3192; x_wconf 89' lang='lat' dir='ltr'>laudem</span> <span class='ocrx_word' id='word_1_272' title='bbox 1456 3147 1658 3192; x_wconf 90' lang='lat' dir='ltr'>communem</span> <span class='ocrx_word' id='word_1_273' title='bbox 1679 3124 1741 3189; x_wconf 89' lang='lat' dir='ltr'>sibi</span> 
     </span>
     <span class='ocr_line' id='line_1_28' title="bbox 412 3219 1740 3307; baseline -0.003 -20"><span class='ocrx_word' id='word_1_274' title='bbox 412 3224 459 3287; x_wconf 92' lang='lat' dir='ltr'>ait</span> <span class='ocrx_word' id='word_1_275' title='bbox 480 3243 550 3287; x_wconf 88' lang='lat' dir='ltr'>esse</span> <span class='ocrx_word' id='word_1_276' title='bbox 572 3242 716 3286; x_wconf 86' lang='lat' dir='ltr'>mecum:</span> <span class='ocrx_word' id='word_1_277' title='bbox 751 3224 806 3307; x_wconf 91' lang='lat' dir='ltr'>qui</span> <span class='ocrx_word' id='word_1_278' title='bbox 830 3244 901 3286; x_wconf 93' lang='lat' dir='ltr'>cum</span> <span class='ocrx_word' id='word_1_279' title='bbox 924 3224 957 3285; x_wconf 87' lang='lat' dir='ltr'>P.</span> <span class='ocrx_word' id='word_1_280' title='bbox 979 3222 1111 3284; x_wconf 85' lang='lat' dir='ltr'>Galbam</span> <span class='ocrx_word' id='word_1_281' title='bbox 1134 3223 1270 3287; x_wconf 89' lang='lat' dir='ltr'>iudicem</span> <span class='ocrx_word' id='word_1_282' title='bbox 1291 3224 1469 3297; x_wconf 87' lang='lat' dir='ltr'>reiecisset,</span> <span class='ocrx_word' id='word_1_283' title='bbox 1497 3224 1538 3286; x_wconf 87' lang='grc' dir='ltr'>Μ.</span> <span class='ocrx_word' id='word_1_284' title='bbox 1560 3219 1740 3283; x_wconf 85' lang='lat' dir='ltr'>Lucretium</span> 
     </span>
     <span class='ocr_line' id='line_1_29' title="bbox 412 3313 1741 3401; baseline -0.005 -20"><span class='ocrx_word' id='word_1_285' title='bbox 412 3317 560 3390; x_wconf 88' lang='lat' dir='ltr'>retinuit,</span> <span class='ocrx_word' id='word_1_286' title='bbox 588 3323 636 3390; x_wconf 92' lang='lat' dir='ltr'>et,</span> <span class='ocrx_word' id='word_1_287' title='bbox 669 3337 740 3380; x_wconf 90' lang='lat' dir='ltr'>cum</span> <span class='ocrx_word' id='word_1_288' title='bbox 762 3317 832 3380; x_wconf 90' lang='lat' dir='ltr'>eius</span> <span class='ocrx_word' id='word_1_289' title='bbox 853 3324 1007 3400; x_wconf 90' lang='lat' dir='ltr'>patronus</span> <span class='ocrx_word' id='word_1_290' title='bbox 1029 3338 1070 3379; x_wconf 85' lang='lat' dir='ltr'>ex</span> <span class='ocrx_word' id='word_1_291' title='bbox 1091 3337 1130 3380; x_wconf 95' lang='lat' dir='ltr'>eo</span> <span class='ocrx_word' id='word_1_292' title='bbox 1153 3326 1335 3401; x_wconf 89' lang='lat' dir='ltr'>quaereret,</span> <span class='ocrx_word' id='word_1_293' title='bbox 1359 3338 1414 3381; x_wconf 89' lang='lat' dir='ltr'>cur</span> <span class='ocrx_word' id='word_1_294' title='bbox 1436 3338 1512 3381; x_wconf 86' lang='lat' dir='ltr'>suos</span> <span class='ocrx_word' id='word_1_295' title='bbox 1533 3313 1741 3379; x_wconf 78' lang='lat' dir='ltr'>familiarissi-</span> 
     </span>
     <span class='ocr_line' id='line_1_30' title="bbox 412 3411 1739 3494; baseline -0.005 -19"><span class='ocrx_word' id='word_1_296' title='bbox 412 3431 501 3484; x_wconf 89' lang='lat' dir='ltr'>mos,</span> <span class='ocrx_word' id='word_1_297' title='bbox 530 3411 603 3473; x_wconf 84' lang='lat' dir='ltr'>Sex.</span> <span class='ocrx_word' id='word_1_298' title='bbox 626 3411 840 3486; x_wconf 89' lang='lat' dir='ltr'>Peducaeum,</span> <span class='ocrx_word' id='word_1_299' title='bbox 871 3411 910 3486; x_wconf 88' lang='lat' dir='ltr'>Q.</span> <span class='ocrx_word' id='word_1_300' title='bbox 934 3411 1134 3485; x_wconf 86' lang='lat' dir='ltr'>Considium,</span> <span class='ocrx_word' id='word_1_301' title='bbox 1163 3411 1202 3486; x_wconf 84' lang='lat' dir='ltr'>Q.</span> <span class='ocrx_word' id='word_1_302' title='bbox 1225 3412 1350 3474; x_wconf 91' lang='lat' dir='ltr'>lunium</span> <span class='ocrx_word' id='word_1_303' title='bbox 1379 3413 1469 3474; x_wconf 89' lang='lat' dir='ltr'>reiici</span> <span class='ocrx_word' id='word_1_304' title='bbox 1497 3431 1610 3494; x_wconf 89' lang='lat' dir='ltr'>passus</span> <span class='ocrx_word' id='word_1_305' title='bbox 1640 3414 1739 3482; x_wconf 89' lang='lat' dir='ltr'>esset,</span> 
     </span>
     <span class='ocr_line' id='line_1_31' title="bbox 413 3505 1778 3589; baseline -0.002 -22"><span class='ocrx_word' id='word_1_306' title='bbox 413 3505 594 3587; x_wconf 91' lang='lat' dir='ltr'>respoudit,</span> <span class='ocrx_word' id='word_1_307' title='bbox 616 3505 702 3589; x_wconf 93' lang='lat' dir='ltr'>quod</span> <span class='ocrx_word' id='word_1_308' title='bbox 726 3525 782 3568; x_wconf 88' lang='lat' dir='ltr'>eos</span> <span class='ocrx_word' id='word_1_309' title='bbox 804 3506 837 3568; x_wconf 94' lang='lat' dir='ltr'>in</span> <span class='ocrx_word' id='word_1_310' title='bbox 858 3505 1029 3568; x_wconf 89' lang='lat' dir='ltr'>iudicando</span> <span class='ocrx_word' id='word_1_311' title='bbox 1044 3506 1177 3567; x_wconf 89' lang='lat' dir='ltr'>nimium</span> <span class='ocrx_word' id='word_1_312' title='bbox 1192 3507 1242 3568; x_wconf 91' lang='lat' dir='ltr'>sui</span> <span class='ocrx_word' id='word_1_313' title='bbox 1257 3506 1335 3568; x_wconf 88' lang='lat' dir='ltr'>iuris</span> <span class='ocrx_word' id='word_1_314' title='bbox 1350 3507 1592 3589; x_wconf 91' lang='lat' dir='ltr'>sententiaeque</span> <span class='ocrx_word' id='word_1_315' title='bbox 1607 3516 1778 3585; x_wconf 75' lang='lat' dir='ltr'>regnos-to</span> 
     </span>
     <span class='ocr_line' id='line_1_32' title="bbox 413 3594 1740 3683; baseline -0.001 -21"><span class='ocrx_word' id='word_1_316' title='bbox 413 3606 470 3662; x_wconf 82' lang='lat' dir='ltr'>set.</span> <span class='ocrx_word' id='word_1_317' title='bbox 513 3594 563 3660; x_wconf 88' lang='grc'>49.</span> <span class='ocrx_word' id='word_1_318' title='bbox 591 3599 703 3683; x_wconf 91' lang='lat' dir='ltr'>ltaque</span> <span class='ocrx_word' id='word_1_319' title='bbox 733 3598 892 3661; x_wconf 91' lang='lat' dir='ltr'>iudicibus</span> <span class='ocrx_word' id='word_1_320' title='bbox 921 3598 1055 3662; x_wconf 82' lang='lat' dir='ltr'>reiectis</span> <span class='ocrx_word' id='word_1_321' title='bbox 1075 3600 1241 3681; x_wconf 90' lang='lat' dir='ltr'>sperabam</span> <span class='ocrx_word' id='word_1_322' title='bbox 1262 3601 1326 3663; x_wconf 91' lang='lat' dir='ltr'>iam</span> <span class='ocrx_word' id='word_1_323' title='bbox 1348 3621 1429 3664; x_wconf 92' lang='lat' dir='ltr'>onus</span> <span class='ocrx_word' id='word_1_324' title='bbox 1450 3619 1555 3664; x_wconf 89' lang='lat' dir='ltr'>meum</span> <span class='ocrx_word' id='word_1_325' title='bbox 1576 3597 1740 3662; x_wconf 85' lang='lat' dir='ltr'>vobiscum</span> 
     </span>
     <span class='ocr_line' id='line_1_33' title="bbox 414 3692 1739 3776; baseline -0.003 -19"><span class='ocrx_word' id='word_1_326' title='bbox 414 3713 483 3757; x_wconf 83' lang='lat' dir='ltr'>esse</span> <span class='ocrx_word' id='word_1_327' title='bbox 505 3713 683 3757; x_wconf 89' lang='lat' dir='ltr'>commune.</span> <span class='ocrx_word' id='word_1_328' title='bbox 726 3693 877 3755; x_wconf 89' lang='lat' dir='ltr'>Putabam</span> <span class='ocrx_word' id='word_1_329' title='bbox 898 3712 963 3755; x_wconf 96' lang='lat' dir='ltr'>non</span> <span class='ocrx_word' id='word_1_330' title='bbox 986 3692 1090 3754; x_wconf 91' lang='lat' dir='ltr'>solum</span> <span class='ocrx_word' id='word_1_331' title='bbox 1113 3693 1214 3767; x_wconf 87' lang='lat' dir='ltr'>uotis,</span> <span class='ocrx_word' id='word_1_332' title='bbox 1241 3695 1296 3757; x_wconf 91' lang='lat' dir='ltr'>sed</span> <span class='ocrx_word' id='word_1_333' title='bbox 1319 3695 1414 3757; x_wconf 90' lang='lat' dir='ltr'>etiam</span> <span class='ocrx_word' id='word_1_334' title='bbox 1437 3694 1553 3776; x_wconf 89' lang='lat' dir='ltr'>ignotis</span> <span class='ocrx_word' id='word_1_335' title='bbox 1576 3692 1739 3775; x_wconf 89' lang='lat' dir='ltr'>probatam</span> 
     </span>
     <span class='ocr_line' id='line_1_34' title="bbox 414 3782 1740 3868; baseline -0.002 -17"><span class='ocrx_word' id='word_1_336' title='bbox 414 3807 516 3851; x_wconf 88' lang='lat' dir='ltr'>meam</span> <span class='ocrx_word' id='word_1_337' title='bbox 545 3782 639 3849; x_wconf 86' lang='lat' dir='ltr'>iidem</span> <span class='ocrx_word' id='word_1_338' title='bbox 661 3807 731 3850; x_wconf 93' lang='lat' dir='ltr'>csse</span> <span class='ocrx_word' id='word_1_339' title='bbox 753 3794 785 3848; x_wconf 87' lang='lat' dir='ltr'>et</span> <span class='ocrx_word' id='word_1_340' title='bbox 806 3785 1011 3868; x_wconf 90' lang='lat' dir='ltr'>diligentiam.</span> <span class='ocrx_word' id='word_1_341' title='bbox 1056 3786 1150 3861; x_wconf 86' lang='lat' dir='ltr'>Quod</span> <span class='ocrx_word' id='word_1_342' title='bbox 1177 3808 1228 3850; x_wconf 93' lang='lat' dir='ltr'>me</span> <span class='ocrx_word' id='word_1_343' title='bbox 1250 3808 1315 3851; x_wconf 95' lang='lat' dir='ltr'>non</span> <span class='ocrx_word' id='word_1_344' title='bbox 1336 3787 1459 3851; x_wconf 78' lang='lat' dir='ltr'>fefellit.</span> <span class='ocrx_word' id='word_1_345' title='bbox 1501 3789 1582 3853; x_wconf 89' lang='lat' dir='ltr'>Nam</span> <span class='ocrx_word' id='word_1_346' title='bbox 1603 3787 1740 3851; x_wconf 91' lang='lat' dir='ltr'>comitiis</span> 
     </span>
     <span class='ocr_line' id='line_1_35' title="bbox 414 3879 1740 3966; baseline -0.001 -22"><span class='ocrx_word' id='word_1_347' title='bbox 414 3882 510 3955; x_wconf 89' lang='lat' dir='ltr'>meis,</span> <span class='ocrx_word' id='word_1_348' title='bbox 534 3902 607 3944; x_wconf 92' lang='lat' dir='ltr'>cum</span> <span class='ocrx_word' id='word_1_349' title='bbox 628 3880 688 3943; x_wconf 91' lang='lat' dir='ltr'>iste</span> <span class='ocrx_word' id='word_1_350' title='bbox 709 3879 836 3942; x_wconf 84' lang='lat' dir='ltr'>infinita</span> <span class='ocrx_word' id='word_1_351' title='bbox 857 3880 1026 3962; x_wconf 90' lang='lat' dir='ltr'>largitione</span> <span class='ocrx_word' id='word_1_352' title='bbox 1048 3888 1161 3943; x_wconf 87' lang='lat' dir='ltr'>contra</span> <span class='ocrx_word' id='word_1_353' title='bbox 1179 3902 1230 3945; x_wconf 92' lang='lat' dir='ltr'>me</span> <span class='ocrx_word' id='word_1_354' title='bbox 1246 3890 1404 3957; x_wconf 89' lang='lat' dir='ltr'>uteretur,</span> <span class='ocrx_word' id='word_1_355' title='bbox 1425 3883 1564 3966; x_wconf 92' lang='lat' dir='ltr'>populus</span> <span class='ocrx_word' id='word_1_356' title='bbox 1578 3885 1740 3946; x_wconf 84' lang='lat' dir='ltr'>Romanus</span> 
     </span>
     <span class='ocr_line' id='line_1_36' title="bbox 414 3973 1778 4059; baseline 0.001 -22"><span class='ocrx_word' id='word_1_357' title='bbox 414 3973 567 4037; x_wconf 89' lang='lat' dir='ltr'>iudicavit</span> <span class='ocrx_word' id='word_1_358' title='bbox 586 3973 678 4036; x_wconf 89' lang='lat' dir='ltr'>istius</span> <span class='ocrx_word' id='word_1_359' title='bbox 707 3975 891 4055; x_wconf 91' lang='lat' dir='ltr'>pecuniam,</span> <span class='ocrx_word' id='word_1_360' title='bbox 922 3993 1005 4057; x_wconf 93' lang='lat' dir='ltr'>quae</span> <span class='ocrx_word' id='word_1_361' title='bbox 1026 3975 1112 4056; x_wconf 89' lang='lat' dir='ltr'>apud</span> <span class='ocrx_word' id='word_1_362' title='bbox 1134 3995 1184 4037; x_wconf 91' lang='lat' dir='ltr'>me</span> <span class='ocrx_word' id='word_1_363' title='bbox 1207 3985 1316 4040; x_wconf 88' lang='lat' dir='ltr'>contra</span> <span class='ocrx_word' id='word_1_364' title='bbox 1338 3974 1433 4040; x_wconf 89' lang='lat' dir='ltr'>fidem</span> <span class='ocrx_word' id='word_1_365' title='bbox 1456 3997 1558 4041; x_wconf 91' lang='lat' dir='ltr'>meam</span> <span class='ocrx_word' id='word_1_366' title='bbox 1580 3976 1660 4041; x_wconf 92' lang='lat' dir='ltr'>nibil</span> <span class='ocrx_word' id='word_1_367' title='bbox 1682 3988 1778 4059; x_wconf 73' lang='lat' dir='ltr'>poto</span> 
     </span>
     <span class='ocr_line' id='line_1_37' title="bbox 415 4068 1740 4154; baseline 0 -23"><span class='ocrx_word' id='word_1_368' title='bbox 415 4068 544 4140; x_wconf 89' lang='lat' dir='ltr'>tuisset,</span> <span class='ocrx_word' id='word_1_369' title='bbox 573 4069 657 4150; x_wconf 90' lang='lat' dir='ltr'>apud</span> <span class='ocrx_word' id='word_1_370' title='bbox 685 4089 719 4132; x_wconf 91' lang='lat' dir='ltr'>se</span> <span class='ocrx_word' id='word_1_371' title='bbox 749 4078 859 4133; x_wconf 90' lang='lat' dir='ltr'>contra</span> <span class='ocrx_word' id='word_1_372' title='bbox 879 4070 1034 4133; x_wconf 91' lang='lat' dir='ltr'>bonorem</span> <span class='ocrx_word' id='word_1_373' title='bbox 1057 4090 1160 4133; x_wconf 90' lang='lat' dir='ltr'>meum</span> <span class='ocrx_word' id='word_1_374' title='bbox 1184 4069 1265 4132; x_wconf 93' lang='lat' dir='ltr'>nibil</span> <span class='ocrx_word' id='word_1_375' title='bbox 1286 4090 1381 4153; x_wconf 89' lang='lat' dir='ltr'>posse</span> <span class='ocrx_word' id='word_1_376' title='bbox 1404 4071 1529 4134; x_wconf 90' lang='lat' dir='ltr'>debere.</span> <span class='ocrx_word' id='word_1_377' title='bbox 1573 4072 1646 4147; x_wconf 85' lang='lat' dir='ltr'>Quo</span> <span class='ocrx_word' id='word_1_378' title='bbox 1669 4070 1740 4154; x_wconf 89' lang='lat' dir='ltr'>qui·</span> 
     </span>
     <span class='ocr_line' id='line_1_38' title="bbox 415 4160 1740 4253; baseline 0 -29"><span class='ocrx_word' id='word_1_379' title='bbox 415 4163 485 4225; x_wconf 91' lang='lat' dir='ltr'>dem</span> <span class='ocrx_word' id='word_1_380' title='bbox 508 4160 561 4225; x_wconf 92' lang='lat' dir='ltr'>die</span> <span class='ocrx_word' id='word_1_381' title='bbox 583 4162 737 4243; x_wconf 91' lang='lat' dir='ltr'>primum,</span> <span class='ocrx_word' id='word_1_382' title='bbox 759 4163 898 4238; x_wconf 92' lang='lat' dir='ltr'>iudices,</span> <span class='ocrx_word' id='word_1_383' title='bbox 921 4164 1008 4226; x_wconf 91' lang='lat' dir='ltr'>citati</span> <span class='ocrx_word' id='word_1_384' title='bbox 1027 4166 1061 4227; x_wconf 92' lang='lat' dir='ltr'>in</span> <span class='ocrx_word' id='word_1_385' title='bbox 1075 4164 1162 4226; x_wconf 92' lang='lat' dir='ltr'>bunc</span> <span class='ocrx_word' id='word_1_386' title='bbox 1177 4185 1266 4227; x_wconf 89' lang='lat' dir='ltr'>reum</span> <span class='ocrx_word' id='word_1_387' title='bbox 1281 4165 1486 4239; x_wconf 89' lang='lat' dir='ltr'>consedistis,</span> <span class='ocrx_word' id='word_1_388' title='bbox 1509 4165 1582 4250; x_wconf 88' lang='lat' dir='ltr'>quis</span> <span class='ocrx_word' id='word_1_389' title='bbox 1601 4173 1665 4253; x_wconf 70' lang='lat' dir='ltr'>tang</span> <span class='ocrx_word' id='word_1_390' title='bbox 1680 4163 1740 4227; x_wconf 91' lang='lat' dir='ltr'>ini-</span> 
     </span>
     <span class='ocr_line' id='line_1_39' title="bbox 415 4255 1739 4342; baseline 0.002 -25"><span class='ocrx_word' id='word_1_391' title='bbox 415 4276 496 4340; x_wconf 92' lang='lat' dir='ltr'>quus</span> <span class='ocrx_word' id='word_1_392' title='bbox 517 4255 593 4318; x_wconf 90' lang='lat' dir='ltr'>huic</span> <span class='ocrx_word' id='word_1_393' title='bbox 615 4257 718 4319; x_wconf 92' lang='lat' dir='ltr'>ordini</span> <span class='ocrx_word' id='word_1_394' title='bbox 740 4257 818 4331; x_wconf 80' lang='lat' dir='ltr'>suit,</span> <span class='ocrx_word' id='word_1_395' title='bbox 841 4259 913 4341; x_wconf 92' lang='lat' dir='ltr'>quis</span> <span class='ocrx_word' id='word_1_396' title='bbox 933 4265 996 4320; x_wconf 87' lang='lat' dir='ltr'>tom</span> <span class='ocrx_word' id='word_1_397' title='bbox 1013 4279 1166 4322; x_wconf 88' lang='lat' dir='ltr'>novarum</span> <span class='ocrx_word' id='word_1_398' title='bbox 1180 4279 1304 4332; x_wconf 88' lang='lat' dir='ltr'>rerum,</span> <span class='ocrx_word' id='word_1_399' title='bbox 1327 4260 1518 4323; x_wconf 89' lang='lat' dir='ltr'>iudiciorum</span> <span class='ocrx_word' id='word_1_400' title='bbox 1533 4258 1739 4342; x_wconf 90' lang='lat' dir='ltr'>iudicumque</span> 
     </span>
     <span class='ocr_line' id='line_1_40' title="bbox 414 4349 1739 4437; baseline 0.003 -24"><span class='ocrx_word' id='word_1_401' title='bbox 414 4349 568 4433; x_wconf 89' lang='lat' dir='ltr'>cupidus,</span> <span class='ocrx_word' id='word_1_402' title='bbox 591 4350 647 4433; x_wconf 93' lang='lat' dir='ltr'>qui</span> <span class='ocrx_word' id='word_1_403' title='bbox 669 4370 734 4414; x_wconf 94' lang='lat' dir='ltr'>uon</span> <span class='ocrx_word' id='word_1_404' title='bbox 755 4351 909 4433; x_wconf 87' lang='lat' dir='ltr'>adspectu</span> <span class='ocrx_word' id='word_1_405' title='bbox 924 4371 1141 4437; x_wconf 90' lang='lat' dir='ltr'>consessuque</span> <span class='ocrx_word' id='word_1_406' title='bbox 1155 4361 1260 4417; x_wconf 78' lang='lat' dir='ltr'>vestro</span> <span class='ocrx_word' id='word_1_407' title='bbox 1276 4356 1553 4417; x_wconf 77' lang='lat' dir='ltr'>commoveretur?</span> <span class='ocrx_word' id='word_1_408' title='bbox 1586 4350 1638 4415; x_wconf 69' lang='lat'>20.</span> <span class='ocrx_word' id='word_1_409' title='bbox 1661 4352 1739 4417; x_wconf 85' lang='lat' dir='ltr'>Cum</span> 
     </span>
    </p>
   </div>
   <div class='ocr_carea' id='block_1_3' title="bbox 411 4571 1740 5398">
    <p class='ocr_par' dir='ltr' id='par_1_3' title="bbox 411 4571 1740 5398">
     <span class='ocr_line' id='line_1_41' title="bbox 476 4571 1740 4638; baseline 0 -14"><span class='ocrx_word' id='word_1_410' title='bbox 476 4575 501 4624; x_wconf 79' lang='lat'>2.</span> <span class='ocrx_word' id='word_1_411' title='bbox 520 4587 533 4622; x_wconf 85' lang='lat' dir='ltr'>e</span> <span class='ocrx_word' id='word_1_412' title='bbox 549 4587 652 4623; x_wconf 79' lang='grc'><strong>4444444444</strong></span> <span class='ocrx_word' id='word_1_413' title='bbox 669 4575 700 4623; x_wconf 91' lang='grc'>64</span> <span class='ocrx_word' id='word_1_414' title='bbox 714 4571 788 4634; x_wconf 62' lang='lat' dir='ltr'>aet.</span> <span class='ocrx_word' id='word_1_415' title='bbox 823 4572 960 4638; x_wconf 83' lang='lat' dir='ltr'>vulgatam</span> <span class='ocrx_word' id='word_1_416' title='bbox 978 4575 1067 4624; x_wconf 88' lang='lat' dir='ltr'>tuetur</span> <span class='ocrx_word' id='word_1_417' title='bbox 1084 4575 1163 4624; x_wconf 86' lang='lat' dir='ltr'>etiarn</span> <span class='ocrx_word' id='word_1_418' title='bbox 1181 4577 1211 4624; x_wconf 83' lang='grc' dir='ltr'><strong>Α.</strong></span> <span class='ocrx_word' id='word_1_419' title='bbox 1232 4600 1259 4610; x_wconf 98' lang='grc'><strong>-</strong></span> <span class='ocrx_word' id='word_1_420' title='bbox 1288 4574 1312 4624; x_wconf 84' lang='grc'><strong>3.</strong></span> <span class='ocrx_word' id='word_1_421' title='bbox 1335 4576 1405 4637; x_wconf 65' lang='lat' dir='ltr'>fitne</span> <span class='ocrx_word' id='word_1_422' title='bbox 1427 4576 1475 4626; x_wconf 89' lang='lat' dir='ltr'>dtt.</span> <span class='ocrx_word' id='word_1_423' title='bbox 1494 4576 1524 4626; x_wconf 92' lang='lat'>0.</span> <span class='ocrx_word' id='word_1_424' title='bbox 1546 4603 1573 4611; x_wconf 99' lang='lat'>-</span> <span class='ocrx_word' id='word_1_425' title='bbox 1597 4575 1740 4638; x_wconf 81' lang='lat' dir='ltr'>probarunt</span> 
     </span>
     <span class='ocr_line' id='line_1_42' title="bbox 414 4648 1737 4712; baseline 0 -11"><span class='ocrx_word' id='word_1_426' title='bbox 414 4651 460 4701; x_wconf 83' lang='lat' dir='ltr'>dtt.</span> <span class='ocrx_word' id='word_1_427' title='bbox 474 4650 503 4700; x_wconf 92' lang='lat'>0.</span> <span class='ocrx_word' id='word_1_428' title='bbox 516 4676 542 4684; x_wconf 91' lang='lat'>-</span> <span class='ocrx_word' id='word_1_429' title='bbox 562 4651 602 4699; x_wconf 94' lang='grc'>40.</span> <span class='ocrx_word' id='word_1_430' title='bbox 620 4649 712 4699; x_wconf 83' lang='lat' dir='ltr'>deverti</span> <span class='ocrx_word' id='word_1_431' title='bbox 729 4651 790 4709; x_wconf 84' lang='grc' dir='ltr'>64ς</span> <span class='ocrx_word' id='word_1_432' title='bbox 808 4649 886 4700; x_wconf 87' lang='lat' dir='ltr'>codd.</span> <span class='ocrx_word' id='word_1_433' title='bbox 900 4648 1031 4699; x_wconf 85' lang='lat' dir='ltr'>Lambini:</span> <span class='ocrx_word' id='word_1_434' title='bbox 1051 4650 1140 4698; x_wconf 84' lang='lat' dir='ltr'>diverti</span> <span class='ocrx_word' id='word_1_435' title='bbox 1157 4650 1193 4699; x_wconf 76' lang='grc'>62</span> <span class='ocrx_word' id='word_1_436' title='bbox 1212 4650 1257 4699; x_wconf 90' lang='lat' dir='ltr'>Ld.</span> <span class='ocrx_word' id='word_1_437' title='bbox 1273 4675 1301 4686; x_wconf 96' lang='lat'><em>-</em></span> <span class='ocrx_word' id='word_1_438' title='bbox 1322 4651 1362 4699; x_wconf 76' lang='grc'>44.</span> <span class='ocrx_word' id='word_1_439' title='bbox 1375 4664 1406 4699; x_wconf 87' lang='lat' dir='ltr'>uc</span> <span class='ocrx_word' id='word_1_440' title='bbox 1422 4657 1513 4712; x_wconf 77' lang='lat' dir='ltr'>nsmpt.</span> <span class='ocrx_word' id='word_1_441' title='bbox 1532 4653 1578 4701; x_wconf 75' lang='lat' dir='ltr'>Gi.</span> <span class='ocrx_word' id='word_1_442' title='bbox 1593 4680 1621 4689; x_wconf 89' lang='lat'><em>-</em></span> <span class='ocrx_word' id='word_1_443' title='bbox 1640 4653 1666 4701; x_wconf 83' lang='lat' dir='ltr'>in</span> <span class='ocrx_word' id='word_1_444' title='bbox 1683 4663 1737 4701; x_wconf 88' lang='lat' dir='ltr'>om.</span> 
     </span>
     <span class='ocr_line' id='line_1_43' title="bbox 413 4722 1739 4788; baseline 0.002 -14"><span class='ocrx_word' id='word_1_445' title='bbox 413 4726 473 4775; x_wconf 73' lang='grc'>644</span> <span class='ocrx_word' id='word_1_446' title='bbox 491 4727 528 4783; x_wconf 80' lang='grc' dir='ltr'>Λ;</span> <span class='ocrx_word' id='word_1_447' title='bbox 546 4724 572 4773; x_wconf 82' lang='lat' dir='ltr'>in</span> <span class='ocrx_word' id='word_1_448' title='bbox 590 4724 732 4785; x_wconf 72' lang='grc'><strong>4444444444</strong></span> <span class='ocrx_word' id='word_1_449' title='bbox 748 4723 795 4774; x_wconf 88' lang='lat' dir='ltr'>Ld.</span> <span class='ocrx_word' id='word_1_450' title='bbox 816 4752 843 4760; x_wconf 94' lang='lat'>-</span> <span class='ocrx_word' id='word_1_451' title='bbox 863 4722 903 4773; x_wconf 85' lang='grc'>44.</span> <span class='ocrx_word' id='word_1_452' title='bbox 921 4724 1022 4774; x_wconf 80' lang='lat' dir='ltr'>illorum</span> <span class='ocrx_word' id='word_1_453' title='bbox 1038 4725 1108 4774; x_wconf 87' lang='lat' dir='ltr'>coni.</span> <span class='ocrx_word' id='word_1_454' title='bbox 1126 4726 1238 4788; x_wconf 88' lang='lat' dir='ltr'>Zumpt:</span> <span class='ocrx_word' id='word_1_455' title='bbox 1257 4727 1361 4776; x_wconf 84' lang='lat' dir='ltr'>istorum</span> <span class='ocrx_word' id='word_1_456' title='bbox 1377 4727 1456 4778; x_wconf 91' lang='lat' dir='ltr'>codd.</span> <span class='ocrx_word' id='word_1_457' title='bbox 1476 4728 1504 4778; x_wconf 93' lang='lat'>0.</span> <span class='ocrx_word' id='word_1_458' title='bbox 1526 4757 1553 4765; x_wconf 90' lang='lat'><em>-</em></span> <span class='ocrx_word' id='word_1_459' title='bbox 1573 4730 1613 4779; x_wconf 81' lang='grc'>45.</span> <span class='ocrx_word' id='word_1_460' title='bbox 1632 4742 1739 4779; x_wconf 77' lang='lat' dir='ltr'>comco-</span> 
     </span>
     <span class='ocr_line' id='line_1_44' title="bbox 411 4799 1740 4866; baseline 0.002 -17"><span class='ocrx_word' id='word_1_461' title='bbox 411 4801 481 4849; x_wconf 83' lang='lat' dir='ltr'>mites</span> <span class='ocrx_word' id='word_1_462' title='bbox 496 4799 567 4848; x_wconf 79' lang='lat' dir='ltr'>istius</span> <span class='ocrx_word' id='word_1_463' title='bbox 583 4803 659 4860; x_wconf 75' lang='lat' dir='ltr'>utque</span> <span class='ocrx_word' id='word_1_464' title='bbox 675 4799 751 4847; x_wconf 85' lang='lat' dir='ltr'>amici</span> <span class='ocrx_word' id='word_1_465' title='bbox 767 4800 834 4848; x_wconf 88' lang='lat' dir='ltr'>Non.</span> <span class='ocrx_word' id='word_1_466' title='bbox 853 4812 879 4863; x_wconf 91' lang='lat' dir='ltr'>p.</span> <span class='ocrx_word' id='word_1_467' title='bbox 898 4799 956 4848; x_wconf 81' lang='lat'>337.</span> <span class='ocrx_word' id='word_1_468' title='bbox 976 4827 1004 4836; x_wconf 93' lang='lat'>-</span> <span class='ocrx_word' id='word_1_469' title='bbox 1024 4799 1064 4848; x_wconf 87' lang='grc'>46.</span> <span class='ocrx_word' id='word_1_470' title='bbox 1083 4800 1202 4849; x_wconf 80' lang='grc' dir='ltr'><strong>44444444οά4·</strong></span> <span class='ocrx_word' id='word_1_471' title='bbox 1219 4801 1294 4860; x_wconf 77' lang='grc' dir='ltr'>6Ξςς</span> <span class='ocrx_word' id='word_1_472' title='bbox 1318 4801 1485 4851; x_wconf 74' lang='grc' dir='ltr'><strong>4444444444ᾶὶ</strong></span> <span class='ocrx_word' id='word_1_473' title='bbox 1502 4802 1531 4852; x_wconf 94' lang='grc'><strong>0.</strong></span> <span class='ocrx_word' id='word_1_474' title='bbox 1553 4830 1580 4839; x_wconf 91' lang='grc'>-</span> <span class='ocrx_word' id='word_1_475' title='bbox 1604 4804 1660 4866; x_wconf 82' lang='lat' dir='ltr'>qno]</span> <span class='ocrx_word' id='word_1_476' title='bbox 1679 4814 1740 4864; x_wconf 84' lang='lat' dir='ltr'>quoa</span> 
     </span>
     <span class='ocr_line' id='line_1_45' title="bbox 413 4875 1737 4940; baseline 0.002 -17"><span class='ocrx_word' id='word_1_477' title='bbox 413 4875 464 4934; x_wconf 85' lang='grc'>64;</span> <span class='ocrx_word' id='word_1_478' title='bbox 486 4887 535 4937; x_wconf 79' lang='lat' dir='ltr'>per</span> <span class='ocrx_word' id='word_1_479' title='bbox 554 4885 616 4934; x_wconf 79' lang='lat' dir='ltr'>quos</span> <span class='ocrx_word' id='word_1_480' title='bbox 638 4875 684 4922; x_wconf 73' lang='grc'>64.</span> <span class='ocrx_word' id='word_1_481' title='bbox 704 4900 731 4908; x_wconf 88' lang='grc'>-</span> <span class='ocrx_word' id='word_1_482' title='bbox 751 4875 791 4923; x_wconf 88' lang='grc'>44.</span> <span class='ocrx_word' id='word_1_483' title='bbox 814 4875 885 4936; x_wconf 68' lang='lat' dir='ltr'>ooo]</span> <span class='ocrx_word' id='word_1_484' title='bbox 905 4887 962 4924; x_wconf 85' lang='lat' dir='ltr'>mco</span> <span class='ocrx_word' id='word_1_485' title='bbox 982 4875 1027 4923; x_wconf 75' lang='grc'>64.</span> <span class='ocrx_word' id='word_1_486' title='bbox 1055 4898 1083 4910; x_wconf 96' lang='grc'><strong>-</strong></span> <span class='ocrx_word' id='word_1_487' title='bbox 1112 4875 1152 4924; x_wconf 85' lang='grc'>48.</span> <span class='ocrx_word' id='word_1_488' title='bbox 1170 4880 1193 4925; x_wconf 86' lang='lat' dir='ltr'>et</span> <span class='ocrx_word' id='word_1_489' title='bbox 1209 4875 1251 4940; x_wconf 74' lang='lat' dir='ltr'>eu]</span> <span class='ocrx_word' id='word_1_490' title='bbox 1273 4889 1307 4926; x_wconf 79' lang='lat' dir='ltr'>aa</span> <span class='ocrx_word' id='word_1_491' title='bbox 1323 4878 1355 4926; x_wconf 93' lang='grc'>64</span> <span class='ocrx_word' id='word_1_492' title='bbox 1368 4877 1393 4926; x_wconf 83' lang='lat'>2.</span> <span class='ocrx_word' id='word_1_493' title='bbox 1413 4903 1441 4913; x_wconf 90' lang='lat'><em>-</em></span> <span class='ocrx_word' id='word_1_494' title='bbox 1458 4877 1500 4926; x_wconf 79' lang='lat'>20.</span> <span class='ocrx_word' id='word_1_495' title='bbox 1517 4882 1626 4927; x_wconf 78' lang='lat' dir='ltr'>oestrum</span> <span class='ocrx_word' id='word_1_496' title='bbox 1643 4877 1689 4925; x_wconf 85' lang='lat' dir='ltr'>Gt.</span> <span class='ocrx_word' id='word_1_497' title='bbox 1710 4901 1737 4911; x_wconf 88' lang='lat'><em>-</em></span> 
     </span>
     <span class='ocr_line' id='line_1_46' title="bbox 412 4944 1737 5014; baseline 0.002 -16"><span class='ocrx_word' id='word_1_498' title='bbox 412 4949 452 4999; x_wconf 75' lang='lat' dir='ltr'>it.</span> <span class='ocrx_word' id='word_1_499' title='bbox 469 4949 610 4999; x_wconf 75' lang='grc' dir='ltr'><strong>4444444πά44</strong></span> <span class='ocrx_word' id='word_1_500' title='bbox 626 4944 711 5007; x_wconf 66' lang='lat' dir='ltr'>Gari</span> <span class='ocrx_word' id='word_1_501' title='bbox 729 4948 813 5010; x_wconf 68' lang='lat' dir='ltr'>egee:</span> <span class='ocrx_word' id='word_1_502' title='bbox 837 4949 984 4998; x_wconf 81' lang='lat' dir='ltr'>reiictendos</span> <span class='ocrx_word' id='word_1_503' title='bbox 1000 4951 1075 4999; x_wconf 89' lang='grc'><strong>640.</strong></span> <span class='ocrx_word' id='word_1_504' title='bbox 1097 4976 1124 4986; x_wconf 97' lang='lat'>-</span> <span class='ocrx_word' id='word_1_505' title='bbox 1143 4952 1184 5000; x_wconf 75' lang='lat'>22.</span> <span class='ocrx_word' id='word_1_506' title='bbox 1199 4953 1334 5002; x_wconf 77' lang='lat' dir='ltr'>reiciundis</span> <span class='ocrx_word' id='word_1_507' title='bbox 1351 4950 1456 5014; x_wconf 67' lang='lat' dir='ltr'>orgi:</span> <span class='ocrx_word' id='word_1_508' title='bbox 1478 4954 1616 5004; x_wconf 81' lang='lat' dir='ltr'>reiiciendia</span> <span class='ocrx_word' id='word_1_509' title='bbox 1631 4953 1694 5003; x_wconf 80' lang='lat' dir='ltr'>not</span> <span class='ocrx_word' id='word_1_510' title='bbox 1707 4951 1737 5000; x_wconf 90' lang='grc'><strong>0.</strong></span> 
     </span>
     <span class='ocr_line' id='line_1_47' title="bbox 415 5020 1740 5085; baseline 0.002 -12"><span class='ocrx_word' id='word_1_511' title='bbox 415 5050 442 5059; x_wconf 92' lang='grc'><strong>-</strong></span> <span class='ocrx_word' id='word_1_512' title='bbox 459 5023 500 5073; x_wconf 74' lang='lat'>2³.</span> <span class='ocrx_word' id='word_1_513' title='bbox 518 5022 617 5085; x_wconf 79' lang='lat' dir='ltr'>inipso</span> <span class='ocrx_word' id='word_1_514' title='bbox 633 5020 712 5071; x_wconf 86' lang='lat' dir='ltr'>codd.</span> <span class='ocrx_word' id='word_1_515' title='bbox 730 5021 837 5085; x_wconf 80' lang='lat' dir='ltr'>pleriq:</span> <span class='ocrx_word' id='word_1_516' title='bbox 860 5023 917 5084; x_wconf 73' lang='lat' dir='ltr'>ipss</span> <span class='ocrx_word' id='word_1_517' title='bbox 931 5024 959 5072; x_wconf 83' lang='grc'>444</span> <span class='ocrx_word' id='word_1_518' title='bbox 975 5024 1005 5073; x_wconf 88' lang='grc'><strong>0.</strong></span> <span class='ocrx_word' id='word_1_519' title='bbox 1025 5049 1054 5060; x_wconf 92' lang='grc'>-</span> <span class='ocrx_word' id='word_1_520' title='bbox 1077 5024 1118 5074; x_wconf 80' lang='lat'>26.</span> <span class='ocrx_word' id='word_1_521' title='bbox 1137 5026 1175 5074; x_wconf 85' lang='lat' dir='ltr'>sit</span> <span class='ocrx_word' id='word_1_522' title='bbox 1190 5025 1235 5075; x_wconf 78' lang='lat' dir='ltr'>sibi</span> <span class='ocrx_word' id='word_1_523' title='bbox 1256 5026 1305 5076; x_wconf 90' lang='lat' dir='ltr'>dtt.</span> <span class='ocrx_word' id='word_1_524' title='bbox 1324 5027 1354 5076; x_wconf 94' lang='lat'>0.</span> <span class='ocrx_word' id='word_1_525' title='bbox 1374 5053 1402 5063; x_wconf 94' lang='lat'>-</span> <span class='ocrx_word' id='word_1_526' title='bbox 1420 5028 1461 5078; x_wconf 73' lang='lat'>29.</span> <span class='ocrx_word' id='word_1_527' title='bbox 1480 5029 1633 5077; x_wconf 73' lang='lat' dir='ltr'>Poedtmn</span> <span class='ocrx_word' id='word_1_528' title='bbox 1649 5028 1678 5076; x_wconf 89' lang='lat'>0.</span> <span class='ocrx_word' id='word_1_529' title='bbox 1705 5027 1740 5076; x_wconf 78' lang='lat' dir='ltr'>at</span> 
     </span>
     <span class='ocr_line' id='line_1_48' title="bbox 413 5096 1739 5167; baseline 0.002 -18"><span class='ocrx_word' id='word_1_530' title='bbox 413 5098 446 5149; x_wconf 86' lang='lat' dir='ltr'>ct.</span> <span class='ocrx_word' id='word_1_531' title='bbox 470 5099 604 5148; x_wconf 87' lang='lat' dir='ltr'>onomast.</span> <span class='ocrx_word' id='word_1_532' title='bbox 629 5111 655 5162; x_wconf 88' lang='lat' dir='ltr'>p.</span> <span class='ocrx_word' id='word_1_533' title='bbox 674 5096 736 5157; x_wconf 88' lang='grc'><strong>444;</strong></span> <span class='ocrx_word' id='word_1_534' title='bbox 760 5099 895 5149; x_wconf 81' lang='lat' dir='ltr'>Psdoceom</span> <span class='ocrx_word' id='word_1_535' title='bbox 918 5100 995 5162; x_wconf 73' lang='grc'><strong>44420.</strong></span> <span class='ocrx_word' id='word_1_536' title='bbox 1013 5097 1047 5149; x_wconf 93' lang='lat' dir='ltr'>al.</span> <span class='ocrx_word' id='word_1_537' title='bbox 1072 5125 1101 5136; x_wconf 99' lang='lat'>-</span> <span class='ocrx_word' id='word_1_538' title='bbox 1124 5101 1165 5152; x_wconf 86' lang='grc'><strong>30.</strong></span> <span class='ocrx_word' id='word_1_539' title='bbox 1183 5108 1309 5165; x_wconf 66' lang='lat' dir='ltr'>cognom</span> <span class='ocrx_word' id='word_1_540' title='bbox 1329 5103 1416 5167; x_wconf 74' lang='lat' dir='ltr'>agae:</span> <span class='ocrx_word' id='word_1_541' title='bbox 1442 5108 1569 5167; x_wconf 76' lang='lat' dir='ltr'>cognoscet</span> <span class='ocrx_word' id='word_1_542' title='bbox 1590 5117 1620 5163; x_wconf 74' lang='grc' dir='ltr'>ςς</span> <span class='ocrx_word' id='word_1_543' title='bbox 1645 5115 1739 5166; x_wconf 79' lang='lat' dir='ltr'>cogno-</span> 
     </span>
     <span class='ocr_line' id='line_1_49' title="bbox 412 5173 1736 5238; baseline 0 -14"><span class='ocrx_word' id='word_1_544' title='bbox 412 5178 488 5224; x_wconf 80' lang='lat' dir='ltr'>sceret</span> <span class='ocrx_word' id='word_1_545' title='bbox 504 5175 550 5224; x_wconf 90' lang='lat' dir='ltr'>ott.</span> <span class='ocrx_word' id='word_1_546' title='bbox 576 5173 736 5238; x_wconf 84' lang='lat' dir='ltr'>Saepissime</span> <span class='ocrx_word' id='word_1_547' title='bbox 757 5173 807 5223; x_wconf 87' lang='lat' dir='ltr'>bae</span> <span class='ocrx_word' id='word_1_548' title='bbox 829 5173 930 5225; x_wconf 84' lang='lat' dir='ltr'>termae</span> <span class='ocrx_word' id='word_1_549' title='bbox 957 5175 1008 5226; x_wconf 87' lang='lat' dir='ltr'>hoc</span> <span class='ocrx_word' id='word_1_550' title='bbox 1024 5175 1106 5226; x_wconf 92' lang='lat' dir='ltr'>modo</span> <span class='ocrx_word' id='word_1_551' title='bbox 1122 5188 1138 5224; x_wconf 91' lang='lat' dir='ltr'>a</span> <span class='ocrx_word' id='word_1_552' title='bbox 1155 5174 1267 5228; x_wconf 88' lang='lat' dir='ltr'>librariis</span> <span class='ocrx_word' id='word_1_553' title='bbox 1284 5180 1490 5229; x_wconf 83' lang='lat' dir='ltr'>commutantur.</span> <span class='ocrx_word' id='word_1_554' title='bbox 1516 5177 1550 5227; x_wconf 88' lang='lat' dir='ltr'>cl.</span> <span class='ocrx_word' id='word_1_555' title='bbox 1568 5176 1635 5226; x_wconf 90' lang='lat' dir='ltr'>intra</span> <span class='ocrx_word' id='word_1_556' title='bbox 1652 5174 1676 5238; x_wconf 73' lang='lat'>5.</span> <span class='ocrx_word' id='word_1_557' title='bbox 1695 5174 1736 5225; x_wconf 81' lang='grc'>94.</span> 
     </span>
     <span class='ocr_line' id='line_1_50' title="bbox 415 5246 1734 5314; baseline 0 -14"><span class='ocrx_word' id='word_1_558' title='bbox 415 5277 442 5287; x_wconf 92' lang='grc'>-</span> <span class='ocrx_word' id='word_1_559' title='bbox 461 5251 502 5301; x_wconf 85' lang='grc'>34.</span> <span class='ocrx_word' id='word_1_560' title='bbox 517 5252 619 5314; x_wconf 78' lang='lat' dir='ltr'>iniquos</span> <span class='ocrx_word' id='word_1_561' title='bbox 634 5250 666 5299; x_wconf 95' lang='grc'>64</span> <span class='ocrx_word' id='word_1_562' title='bbox 679 5246 752 5310; x_wconf 61' lang='lat' dir='ltr'>acl,</span> <span class='ocrx_word' id='word_1_563' title='bbox 771 5249 850 5300; x_wconf 90' lang='lat' dir='ltr'>codd.</span> <span class='ocrx_word' id='word_1_564' title='bbox 869 5249 998 5310; x_wconf 82' lang='lat' dir='ltr'>Lambini,</span> <span class='ocrx_word' id='word_1_565' title='bbox 1017 5250 1085 5314; x_wconf 70' lang='lat' dir='ltr'>egre</span> <span class='ocrx_word' id='word_1_566' title='bbox 1103 5263 1129 5314; x_wconf 87' lang='lat' dir='ltr'>p.</span> <span class='ocrx_word' id='word_1_567' title='bbox 1148 5264 1192 5302; x_wconf 91' lang='lat' dir='ltr'>m:</span> <span class='ocrx_word' id='word_1_568' title='bbox 1210 5254 1326 5304; x_wconf 78' lang='lat' dir='ltr'>inimices</span> <span class='ocrx_word' id='word_1_569' title='bbox 1343 5254 1392 5304; x_wconf 89' lang='lat' dir='ltr'>dtt.</span> <span class='ocrx_word' id='word_1_570' title='bbox 1410 5253 1440 5302; x_wconf 91' lang='grc'><strong>0.</strong></span> <span class='ocrx_word' id='word_1_571' title='bbox 1459 5278 1487 5288; x_wconf 97' lang='grc'><strong>-</strong></span> <span class='ocrx_word' id='word_1_572' title='bbox 1515 5252 1556 5302; x_wconf 82' lang='grc'><strong>30.</strong></span> <span class='ocrx_word' id='word_1_573' title='bbox 1583 5256 1686 5314; x_wconf 67' lang='grc'><strong>44444444</strong></span> <span class='ocrx_word' id='word_1_574' title='bbox 1701 5250 1734 5300; x_wconf 90' lang='grc'>64</span> 
     </span>
     <span class='ocr_line' id='line_1_51' title="bbox 412 5324 1735 5398; baseline 0.005 -24"><span class='ocrx_word' id='word_1_575' title='bbox 412 5325 456 5386; x_wconf 72' lang='lat'>²5</span> <span class='ocrx_word' id='word_1_576' title='bbox 472 5325 555 5392; x_wconf 68' lang='lat' dir='ltr'>Lgitl:</span> <span class='ocrx_word' id='word_1_577' title='bbox 581 5330 711 5392; x_wconf 78' lang='lat' dir='ltr'>conspecto</span> <span class='ocrx_word' id='word_1_578' title='bbox 734 5326 782 5377; x_wconf 89' lang='lat' dir='ltr'>dtt.</span> <span class='ocrx_word' id='word_1_579' title='bbox 800 5327 836 5390; x_wconf 92' lang='lat'>0,</span> <span class='ocrx_word' id='word_1_580' title='bbox 860 5332 930 5394; x_wconf 85' lang='lat' dir='ltr'>quae</span> <span class='ocrx_word' id='word_1_581' title='bbox 946 5327 1078 5396; x_wconf 85' lang='lat' dir='ltr'>scriptura</span> <span class='ocrx_word' id='word_1_582' title='bbox 1099 5328 1304 5383; x_wconf 82' lang='lat' dir='ltr'>commendatur</span> <span class='ocrx_word' id='word_1_583' title='bbox 1326 5327 1404 5383; x_wconf 82' lang='grc'><strong>44444444</strong></span> <span class='ocrx_word' id='word_1_584' title='bbox 1427 5326 1484 5382; x_wconf 89' lang='lat' dir='ltr'>loco</span> <span class='ocrx_word' id='word_1_585' title='bbox 1508 5340 1536 5398; x_wconf 84' lang='lat' dir='ltr'>p.</span> <span class='ocrx_word' id='word_1_586' title='bbox 1554 5324 1643 5380; x_wconf 85' lang='lat' dir='ltr'>Plauc.</span> <span class='ocrx_word' id='word_1_587' title='bbox 1667 5328 1692 5397; x_wconf 75' lang='grc'><strong>5.</strong></span> <span class='ocrx_word' id='word_1_588' title='bbox 1710 5330 1735 5382; x_wconf 74' lang='lat'>2.</span> 
     </span>
    </p>
   </div>
   <div class='ocr_carea' id='block_1_4' title="bbox 0 0 2188 6101">
    <p class='ocr_par' dir='ltr' id='par_1_4' title="bbox 0 0 2188 6101">
     <span class='ocr_line' id='line_1_52' title="bbox 0 0 2188 6101; baseline 0 0"><span class='ocrx_word' id='word_1_589' title='bbox 0 0 2188 6101; x_wconf 95' lang='lat' dir='ltr'> </span> 
     </span>
    </p>
   </div>
  </div>
 </body>
</html>
