4367 6109
854 580 927 646 cn.
947 579 1146 645 x1v-xv.
1170 576 1228 665 ss.
1249 575 1395 644 44-44.
1703 572 1765 640 444

444 773 502 817 nos
531 751 580 814 usi
610 769 735 824 sumus,
762 750 948 813 constituta:
978 770 1016 814 ea
1048 750 1074 813 si
1104 750 1185 814 nibil
1212 751 1297 814 valet
1324 757 1376 814 aut
1403 750 1429 813 si
1450 749 1489 813 ad
1510 748 1593 812 banc
1613 768 1679 812 rem
1700 766 1766 811 non

444 847 590 931 pertinet,
612 844 689 929 quid
710 844 919 927 negligentius
941 853 996 907 aut
1017 845 1096 929 quid
1119 845 1243 909 stultius
1260 844 1429 909 maioribus
1443 845 1560 907 nostris
1575 843 1637 907 dici
1651 849 1765 925 potest,

444 942 499 1024 qui
521 946 574 1003 aut
595 945 699 1001 tantae
721 939 767 1001 rei
789 938 1054 1022 praetermiserint
1074 940 1229 1003 actionem
1251 946 1305 1002 aut
1327 958 1396 1002 eam
1418 939 1654 1012 constituerint,
1683 957 1765 1022 quac
1880 944 1884 952 ’

444 1053 644 1118 nequaquam
666 1033 742 1095 satis
764 1032 867 1095 verbis
889 1051 1015 1095 causam
1037 1040 1068 1096 et
1090 1033 1244 1097 rationem
1265 1035 1341 1097 iuris
1357 1033 1615 1116 amplecteretur?
1637 1033 1705 1097 Hoc
1719 1038 1767 1096 est

443 1127 668 1211 periculosum,
691 1125 820 1188 dissolvi
841 1123 902 1189 boc
924 1125 1135 1199 interdictum,
1158 1136 1206 1189 est
1223 1127 1401 1208 captiosum
1423 1127 1567 1190 omnibns
1588 1147 1654 1190 rem
1669 1126 1790 1190 ullamt

449 1222 598 1285 constitui
620 1221 690 1283 eius
713 1219 808 1294 modi,
831 1239 921 1303 quae,
944 1241 1015 1283 cum
1036 1221 1131 1284 armis
1152 1231 1239 1302 gesta
1261 1222 1310 1293 sit,
1331 1220 1468 1284 rescindi
1489 1222 1557 1284 iure
1571 1240 1636 1283 non
1651 1219 1766 1303 possit:

444 1336 554 1380 verum
574 1322 679 1377 tamen
701 1313 781 1376 illud
803 1320 851 1377 est
872 1313 1105 1395 turpissimum,
1127 1321 1233 1378 tantae
1255 1314 1406 1377 stultitiae
1426 1315 1688 1397 prudentissimos
1709 1314 1769 1377 bo·

445 1412 546 1473 mines
569 1409 783 1482 condemnari,
805 1414 840 1471 nt
860 1428 917 1471 ros
938 1407 1085 1471 iudicetis
1106 1407 1201 1472 buius
1220 1409 1267 1471 rei
1288 1409 1336 1471 ius
1355 1414 1449 1491 atque
1464 1409 1618 1472 actionem
1632 1408 1665 1471 in
1680 1428 1768 1473 men·

446 1513 508 1567 tem
531 1501 701 1566 maioribus
723 1503 840 1565 nostris
862 1520 926 1564 non
947 1502 1082 1565 venisse.

537 1592 588 1658 il.
622 1596 814 1671 Queramnr,
843 1595 961 1678 inquit,
987 1595 1077 1669 licet,
1106 1603 1211 1658 tamen
1238 1594 1299 1658 boc
1326 1595 1491 1660 interdicto
1521 1597 1673 1661 Aebutius
1703 1619 1767 1663 non
1776 1618 1805 1667 44

446 1700 588 1756 tenetur:
611 1690 695 1766 Quid
716 1689 782 1752 ita‘t
815 1688 909 1764 Quod
931 1691 978 1752 vis
994 1689 1148 1752 Caecinae
1169 1687 1251 1752 facta
1272 1709 1337 1752 non
1359 1697 1417 1753 est.
1449 1689 1517 1753 Dici
1539 1691 1572 1753 in
1593 1692 1652 1756 bac
1674 1713 1768 1756 causa

447 1794 565 1871 potest,
595 1784 649 1847 ubi
671 1803 759 1847 arma
779 1783 912 1856 fuerint,
940 1783 994 1846 ubi
1016 1790 1123 1847 coacta
1150 1783 1314 1847 bominum
1335 1782 1520 1857 multitudo,
1549 1785 1604 1848 ubi
1625 1787 1767 1850 instructi

447 1890 479 1945 et
501 1881 593 1944 certis
616 1878 692 1941 locis
714 1898 785 1940 cum
806 1877 890 1940 ferro
911 1877 1055 1940 homines
1076 1877 1232 1951 collocati,
1253 1877 1307 1940 ubi
1330 1878 1444 1951 minae,
1466 1879 1606 1960 pericula
1621 1888 1769 1944 terrores·

446 1995 509 2060 que
531 1973 656 2046 mortis,
677 1973 721 2035 ibi
744 1972 807 2035 vim
830 1992 893 2034 non
914 1970 1033 2034 fuisse?
1075 1973 1194 2044 Nemo,
1215 1972 1336 2054 inquit,
1358 1972 1480 2034 occisus
1502 1979 1551 2035 est
1571 1993 1675 2056 neque
1697 1995 1769 2038 sau·

446 2072 522 2133 cius.
573 2067 658 2143 Quid
688 2067 756 2129 aisi
794 2086 864 2128 oum
895 2065 936 2129 de
964 2065 1176 2149 possessionis
1205 2065 1418 2129 controversia
1446 2071 1479 2128 et
1507 2065 1546 2129 de
1576 2068 1769 2150 privatorum
1778 2088 1806 2136 44

445 2164 609 2226 bominum
631 2160 831 2224 contentione
852 2160 929 2223 iuris
951 2159 1140 2243 loquamur,
1162 2166 1197 2222 tu
1219 2160 1282 2222 vim
1303 2160 1433 2242 negabis
1455 2159 1584 2236 iactam,
1606 2162 1632 2224 si
1656 2161 1768 2227 caedes

447 2265 477 2321 et
500 2256 615 2320 occisio
636 2255 720 2318 iacta
740 2274 805 2317 non
827 2255 907 2316 erit?
938 2255 1005 2335 Ego
1028 2253 1187 2317 exercitus
1208 2255 1362 2317 maximos
1384 2274 1478 2337 saepe
1499 2255 1608 2337 pulsos
1630 2264 1662 2319 et
1681 2255 1770 2339 iuga·

448 2357 496 2414 tos
519 2369 589 2413 esse
611 2347 682 2413 dico
702 2357 823 2412 terrore
844 2347 914 2430 ipso
937 2347 1119 2431 impetuque
1141 2346 1289 2422 bostium,
1311 2348 1380 2411 sine
1395 2349 1581 2432 cuiusquam
1596 2369 1661 2413 non
1676 2348 1769 2414 modo

447 2453 564 2518 morte,
593 2442 819 2508 verumetiam
841 2442 982 2506 vulnere.
1024 2442 1093 2505 XV.
1126 2437 1177 2503 42.
1197 2441 1338 2518 Etenim,
1367 2452 1622 2526 recuperatores,
1643 2463 1709 2507 non
1730 2463 1770 2508 ea

447 2537 514 2602 sola
534 2537 582 2602 vis
604 2543 662 2611 est,
685 2557 766 2621 quae
788 2535 828 2600 ad
849 2555 963 2619 corpus
984 2544 1127 2598 nostrum
1140 2535 1302 2619 vitamque
1316 2538 1469 2619 pervenit,
1491 2536 1657 2603 sedetiam
1671 2538 1807 2608 multoe,

448 2632 626 2705 maiores,
661 2651 744 2714 quae
773 2631 912 2713 periculo
941 2631 1052 2694 mortis
1081 2629 1197 2694 iniecto
1219 2629 1387 2693 formidine
1408 2631 1547 2695 animum
1568 2632 1768 2714 perterritum

447 2727 518 2788 loco
548 2745 643 2809 saepe
670 2734 702 2787 et
730 2733 814 2788 certo
845 2723 884 2786 de
912 2731 992 2789 statu
1023 2724 1180 2788 demovet.
1223 2725 1335 2807 ltaque
1363 2725 1460 2788 saucii
1489 2745 1584 2808 saepe
1614 2726 1769 2808 homines,

448 2839 520 2883 cum
542 2837 674 2901 corpore
696 2818 910 2892 debilitantur,
932 2818 1037 2881 animo
1051 2826 1156 2881 tamen
1170 2837 1235 2880 non
1250 2817 1366 2881 cedunt
1380 2838 1484 2902 neque
1499 2840 1572 2882 eum
1585 2820 1770 2903 relinquunt

449 2914 564 2987 locum,
586 2933 682 2997 quem
703 2919 879 2976 statuerunt
901 2911 1086 2987 deiender03
1109 2919 1142 2975 at
1161 2911 1216 2976 alii
1237 2912 1397 2995 pelluntur
1417 2913 1547 2996 integri:
1570 2921 1691 2977 utnon
1712 2913 1770 2976 du·

448 3007 536 3069 bium
564 3008 622 3081 sit,
651 3009 729 3092 quin
757 3008 858 3070 maior
883 3006 1023 3070 adbibita
1051 3007 1099 3070 vis
1121 3006 1151 3070 ei
1173 3007 1228 3079 sit,
1259 3005 1348 3068 cuius
1370 3007 1494 3070 animus
1515 3006 1557 3070 sit
1578 3008 1808 3090 perterritum

450 3122 547 3187 quam
568 3102 632 3176 illi,
656 3103 744 3165 cuius
766 3122 880 3185 corpus
901 3103 1100 3166 vulneratum
1122 3101 1185 3167 sit..
1214 3095 1264 3162 43.
1288 3099 1381 3175 Quod
1404 3102 1431 3164 si
1453 3102 1483 3165 vi
1505 3101 1615 3184 pulsos
1638 3100 1771 3164 dicimus

450 3198 608 3260 exercitus
630 3216 700 3260 esse
722 3216 788 3270 eos,
812 3197 868 3279 qui
889 3202 974 3259 metu
995 3216 1031 3258 ac
1053 3194 1140 3258 tenui
1160 3212 1255 3278 saepe
1270 3194 1453 3277 suspicione
1467 3196 1600 3278 periculi
1612 3195 1770 3279 fugerunt,

450 3299 483 3353 et
503 3291 530 3352 si
551 3309 615 3353 non
637 3291 740 3354 solum
762 3290 900 3374 impulsu
923 3297 1081 3353 scutorum
1104 3308 1208 3372 neque
1230 3289 1377 3351 condictu
1399 3309 1565 3371 corporum
1586 3310 1692 3373 neque
1706 3289 1771 3352 ictu

450 3384 623 3447 comminus
644 3405 750 3468 neque
773 3385 967 3448 coniectione
989 3384 1140 3454 telorum,
1169 3380 1225 3444 sed
1257 3401 1352 3465 saepe
1368 3383 1517 3453 clamore
1546 3385 1615 3467 ipso
1636 3386 1771 3449 militnm

450 3485 504 3541 aut
530 3478 737 3542 instructione
764 3476 981 3561 adspectuque
1011 3477 1171 3559 signorum
1200 3494 1329 3556 magnas
1360 3476 1467 3559 copias
1498 3478 1604 3560 pulsas
1637 3501 1706 3544 esse
1739 3486 1807 3546 4444

452 3573 589 3636 vidimus
611 3580 643 3636 et
663 3571 858 3636 audirimus:
884 3591 966 3655 quae
987 3572 1036 3635 vis
1057 3571 1092 3632 in
1112 3569 1197 3633 ballo
1219 3568 1409 3652 appellatur,
1431 3590 1469 3634 ea
1490 3572 1523 3634 in
1545 3572 1610 3636 otio
1631 3593 1695 3636 non
1715 3592 1771 3657 ap-

517 3788 541 3839 4.
559 3787 860 3853 444444414444443.
880 3788 951 3838 -2,
970 3786 1151 3849 diffluente
1171 3784 1242 3837 -4.
1260 3786 1497 3848 4444444444444443.
1517 3789 1772 3854 -4444444444444-

451 3864 577 3914 lcum:
598 3861 927 3927 pseudoaspotolum
943 3863 971 3924 G)
990 3867 1024 3912 444
1040 3859 1182 3913 tillio.
1198 3862 1263 3910 -44,
1282 3863 1469 3924 44444444444444
1485 3860 1508 3914 u
1525 3863 1640 3929 (praeter
1656 3863 1715 3930 6494
1731 3868 1770 3917 A:

451 3938 589 4002 4444444444
606 3940 666 3999 (om.
680 3937 725 4002 444)
741 3935 775 3999 β;
795 3936 846 4001 [444]
863 3938 1045 4000 4444444404
1063 3937 1201 3999 captiosam
1216 3941 1252 3987 444
1262 3938 1292 3997 G,
1309 3935 1413 3998 Aldina,
1433 3936 1490 3989 Li.
1505 3964 1533 3974 -
1546 3939 1570 3989 T.
1587 3940 1650 3990 illud
1665 3947 1700 3992 444
1715 3945 1773 3992 tur⁴

447 4013 578 4077 4444444444
599 4013 662 4063 ET:
688 4018 724 4064 444
741 4014 911 4076 4444444444
927 4013 990 4062 444444
1009 4014 1028 4063 n
1050 4013 1138 4076 (etiam
1158 4015 1187 4074 P,
1205 4013 1228 4062 si
1247 4012 1314 4064 fides
1334 4015 1376 4064 est
1394 4015 1508 4076 Peyroni
1526 4011 1638 4078 44444444)
1656 4012 1770 4069 Atto.

453 4115 481 4124 -
500 4089 524 4139 8.
544 4085 591 4138 444.
608 4089 786 4139 4444444444»
804 4102 857 4152 mg.
876 4084 902 4140 9.
922 4116 950 4125 -
966 4088 1287 4150 4444444444444444444444
1304 4088 1368 4139 ET:
1394 4089 1432 4138 rai
1454 4091 1772 4151 444444444444464444

450 4166 554 4228 pqta3
571 4163 610 4214 ret
624 4163 678 4213 44444
694 4168 768 4226 atque
784 4164 907 4213 4444444444
922 4163 954 4223 44;
972 4163 1009 4213 444
1025 4164 1184 4214 interdictum
1200 4168 1275 4224 444444
1291 4163 1413 4214 4444444444
1429 4166 1449 4215 P
1470 4165 1500 4227 (si
1517 4163 1584 4215 tides
1601 4167 1642 4216 444
1658 4166 1772 4230 Peyroni

451 4236 562 4300 silentio)
580 4233 783 4299 ebssatbbffl
803 4237 876 4287 4444444
891 4238 928 4288 ret
945 4241 1019 4299 44444
1034 4236 1140 4288 actionis
1155 4250 1218 4289 cum
1235 4239 1277 4290 ed.
1295 4240 1396 4291 Veneta
1413 4254 1438 4292 a.
1456 4239 1530 4292 4472.
1549 4242 1578 4292 0.
1597 4240 1636 4292 Cl.
1650 4241 1674 4306 s.
1686 4241 1728 4293 32.
1741 4266 1769 4279 -

451 4312 492 4362 49.
511 4326 664 4375 quaeramur
674 4314 703 4363 Τ.
717 4340 745 4351 -
760 4313 800 4363 tt.
820 4313 890 4375 Quod
904 4311 950 4376 444]
969 4313 1035 4375 Quia
1050 4311 1089 4363 444
1104 4308 1157 4364 29.
1172 4338 1199 4349 -
1213 4315 1254 4365 42.
1272 4313 1359 4366 llalim
1369 4315 1478 4378 4444444444.
1497 4315 1536 4367 Ct.
1548 4328 1605 4367 var.
1617 4314 1678 4366 4444.
1689 4329 1717 4368 v.
1728 4315 1771 4368 24.

453 4413 481 4422 -
491 4385 531 4438 44.
549 4387 592 4453 444]
608 4386 651 4437 4444
667 4384 804 4449 44424444.
816 4414 843 4424 -
856 4389 984 4438 4444444444
995 4387 1140 4438 Ernestius.
1160 4387 1242 4439 44444444
1259 4403 1333 4454 opus.
1352 4393 1395 4442 Sic
1410 4392 1495 4442 44444444
1508 4390 1602 4442 obibus
1616 4404 1650 4441 44
1665 4397 1773 4454 44444444

447 4468 523 4526 ports
538 4463 644 4524 44444444,
669 4463 753 4513 multis
775 4460 860 4514 4444444
876 4464 958 4514 Varro
975 4476 1018 4527 ap.
1036 4462 1149 4515 Nonium
1167 4474 1193 4527 p.
1211 4462 1268 4515 398.
1286 4465 1383 4517 llere·
1408 4468 1454 4517 04.
1473 4493 1501 4504 -
1521 4466 1561 4516 444.
1577 4466 1672 4529 suetam
1688 4466 1773 4519 ETG

439 4534 761 4603 ,aekmpqtadetdz
784 4551 834 4588 4444
852 4539 947 4600 [cctam
963 4534 1110 4588 beruto
1138 4535 1176 4587 Cl.
1194 4536 1219 4600 S.
1237 4538 1279 4590 44.
1297 4538 1338 4591 49.
1358 4567 1386 4578 -
1405 4542 1445 4592 44.
1463 4547 1487 4593 ct
1508 4541 1596 4592 4444444
1612 4547 1636 4592 44
1650 4543 1774 4593 4444444444

451 4612 811 4675 444444444444444444444449
831 4614 1055 4678 &mammem
1081 4613 1209 4664 444444444
1231 4615 1774 4680 44444444444444444444444444444444

452 4687 595 4750 4444444444
610 4689 644 4749 T;
671 4695 695 4740 44
710 4704 761 4741 444.
778 4690 848 4753 sacta
863 4704 914 4741 4444
929 4691 978 4740 crit
994 4694 1017 4739 44
1033 4688 1088 4753 (opo
1105 4701 1174 4740 corr.
1193 4689 1211 4752 t)
1232 4691 1356 4741 weitai
1370 4692 1497 4742 4444444444
1518 4692 1651 4753 (4444444444
1667 4690 1774 4743 alima

454 4763 481 4812 44
497 4775 565 4812 corr.
584 4763 629 4826 qt)
651 4777 724 4828 scope
742 4766 827 4829 pulsos
846 4765 1086 4828 Gaokmpqta.
1112 4791 1140 4801 -
1165 4768 1189 4813 44
1207 4765 1328 4828 4444444444
1349 4766 1378 4817 E.
1399 4792 1426 4803 -
1445 4767 1485 4816 49.
1509 4765 1774 4818 nonam-dms

455 4835 558 4896 Quintil.
576 4837 631 4888 vu.
649 4839 674 4900 3,
693 4840 733 4891 tt.
746 4869 773 4877 -
783 4840 992 4904 reciperatorcrli
1010 4841 1036 4888 44
1047 4836 1196 4898 Quintiliani
1208 4837 1315 4889 codices
1326 4839 1430 4903 optimi;
1447 4839 1501 4890 vid.
1513 4839 1626 4905 Zumptii
1636 4838 1771 4906 supplem.

454 4911 497 4963 ed.
515 4910 602 4977 Spald.
621 4926 646 4976 p.
665 4914 722 4965 366.
745 4914 783 4965 ct.
802 4913 826 4978 5.
844 4914 869 4965 9.
883 4941 910 4949 -
929 4913 982 4964 4444
999 4927 1030 4964 44
1047 4914 1076 4963 Τ.
1096 4939 1124 4948 -
1142 4913 1184 4962 24.
1202 4911 1299 4977 iniecto]
1317 4913 1400 4964 «Fort.
1417 4913 1503 4963 444444»
1520 4927 1574 4977 mg.
1592 4910 1618 4964 9.
1637 4941 1665 4949 -
1684 4914 1725 4965 22.
1743 4914 1775 4965 ds

454 4999 508 5036 om.
527 4985 707 5047 Quintilianus.
726 4987 765 5040 ct.
783 4988 807 5053 fi.
825 4987 866 5040 49.
878 4993 997 5038 -stratu
1013 4988 1041 5038 T.
1053 5013 1080 5023 -
1091 4988 1201 5039 deuincat
1216 4986 1397 5050 Quintilianus,
1415 4989 1472 5050 ET,
1491 4983 1577 5038 nto:
1595 4989 1772 5041 dimouctlll.

357 5063 363 5076 ⁴
456 5085 482 5095 —
502 5073 557 5123 sepe
577 5061 605 5111 T.
626 5089 652 5101 -
673 5063 714 5113 23.
737 5063 875 5127 relinquent
891 5065 1099 5128 ETGaepqt.
1119 5088 1149 5100 -
1165 5061 1207 5113 24.
1230 5061 1771 5126 4444444444434444444414444444444444
1806 5030 1833 5083 ⁹

454 5136 586 5186 4444444444
607 5134 750 5188 ndito
771 5165 798 5175 -
816 5140 857 5191 27.
875 5152 925 5190 4444
941 5152 994 5189 om.
1013 5139 1084 5188 T.-
1102 5138 1143 5189 28.
1161 5138 1182 5187 44·
1198 5150 1252 5187 om.
1270 5137 1392 5189 T.-29.
1410 5133 1645 5188 conaninuclibss':
1663 5138 1775 5188 4444444444

456 5207 476 5260 lt
494 5209 535 5272 (de
552 5212 572 5261 T
586 5211 735 5263 Harlessius
752 5211 818 5286 silet)
830 5214 891 5266 40.
903 5241 931 5251 -
940 5213 1117 5266 coniectatione
1127 5213 1156 5264 T.
1166 5237 1194 5250 -
1205 5212 1246 5264 39.
1260 5218 1408 5278 memque
1418 5213 1447 5266 E.
1459 5239 1486 5250 -
1497 5212 1538 5264 34.
1551 5225 1616 5276 44444
1630 5212 1711 5263 visu
1722 5227 1774 5265 44444

455 5283 621 5347 ambitor
636 5285 742 5349 Quintil.
759 5288 813 5342 llll.
830 5289 856 5357 3,
872 5289 914 5344 29.
934 5317 962 5330 -
979 5289 1033 5342 4444
1048 5288 1077 5340 T.
