4367 6109
451 566 515 635 65?
861 565 1012 631 ORATIO
1034 567 1114 631 PRO
1137 564 1172 630 C.
1192 565 1357 630 RABIRIO

451 750 498 812 rei
521 748 663 834 publicae
685 743 915 808 deiendemnt?
938 744 1015 828 quid
1031 745 1070 807 de
1084 744 1219 807 tribunis
1234 743 1364 808 aerariis
1378 750 1634 829 ceterorumque
1649 742 1809 807 ordinum

453 844 594 906 omnium
625 839 824 912 hominibus,
861 839 915 920 qui
941 846 1008 901 tum
1040 857 1126 901 arma
1156 857 1215 920 pro
1244 836 1402 900 communi
1430 837 1581 901 libertate
1615 841 1809 922 ceperunt?

453 938 494 999 X.
518 936 581 998 Sed
597 933 675 1016 quid
689 953 749 1015 ego
765 932 804 995 de
820 933 859 995 iis
874 932 1030 1005 omnibus,
1047 932 1102 1013 qui
1118 930 1276 994 consulari
1291 932 1423 1012 imperio
1438 942 1633 1013 paruerunt,
1659 933 1807 1016 loquor?

454 1030 494 1092 de
517 1030 658 1112 ipsomm
680 1025 847 1089 consulum
875 1025 958 1087 sama
985 1025 1062 1108 quid
1089 1024 1231 1087 futurum
1260 1028 1328 1087 est?
1371 1025 1406 1086 L.
1427 1026 1594 1101 Flaccum,
1628 1026 1806 1089 bominem

429 1134 525 1186 acum
547 1140 672 1201 semper
691 1119 724 1180 in
746 1139 781 1181 re
803 1118 944 1201 publiea,
966 1128 1032 1181 tum
1055 1119 1087 1180 in
1111 1118 1345 1200 magistratibus
1366 1117 1531 1199 gerendis,
1556 1119 1589 1181 in
1607 1119 1804 1183 sacerdotio

453 1214 737 1295 caerimoniisque,
770 1212 886 1294 quibus
918 1221 1077 1293 praeerat,
1112 1210 1400 1293 diligentissimum,
1437 1211 1550 1275 nefarii
1584 1213 1730 1277 sceleris
1765 1233 1803 1275 ac

453 1306 614 1393 parricidii
637 1313 794 1368 mortuum
816 1304 1117 1367 condemnabimus?
1146 1303 1354 1386 adiungemus
1382 1305 1421 1368 ad
1451 1304 1533 1367 banc
1556 1305 1672 1370 labem
1704 1308 1803 1387 iguo·

453 1402 647 1483 miniamque
669 1398 780 1460 mortis
803 1397 898 1460 etiam
922 1397 955 1460 C.
970 1398 1061 1461 blarii
1076 1399 1213 1460 nomen?
1236 1397 1269 1459 C.
1285 1398 1435 1472 Marium,
1458 1418 1554 1481 quem
1570 1420 1652 1463 vere
1667 1409 1800 1483 patrem

452 1497 590 1581 patriae,
613 1500 789 1575 parentem,
811 1492 958 1573 inquam,
980 1498 1104 1554 restrae
1125 1492 1279 1554 libertatis
1301 1499 1395 1574 atque
1415 1492 1550 1555 huiusce
1572 1494 1622 1556 rei
1639 1493 1798 1576 publicae

415 1602 621 1673 tepossumus
643 1586 765 1658 dicere,
787 1583 914 1647 sceleris
936 1605 972 1647 ac
995 1585 1154 1667 parricidii
1173 1583 1285 1648 nefarii
1299 1593 1456 1649 mortuum
1471 1586 1799 1651 condemnabimus?

452 1681 503 1746 28.
532 1682 657 1745 Etenim
686 1681 712 1742 si
739 1679 773 1742 C.
795 1678 940 1752 Rabirio,
969 1677 1055 1760 quod
1085 1679 1122 1741 iit
1151 1678 1190 1741 ad
1219 1697 1322 1751 arma,
1352 1698 1475 1742 crucem
1498 1682 1533 1741 T.
1556 1681 1729 1745 Labienus
1762 1684 1796 1744 in

453 1796 565 1859 campo
588 1774 700 1838 Martio
723 1770 920 1852 defigendam
946 1773 1082 1854 putavit,
1115 1772 1201 1854 quod
1230 1771 1355 1835 tandem
1385 1774 1617 1855 excogitabitur
1646 1777 1684 1839 in
1716 1797 1796 1839 eum

452 1870 662 1953 supplicium,
684 1867 738 1950 qui
760 1865 908 1928 vocavit?
951 1867 1012 1939 Ac,
1035 1866 1062 1928 si
1084 1862 1163 1929 fides
1186 1867 1356 1929 Saturnino
1379 1868 1451 1930 data
1473 1875 1537 1941 est,
1561 1870 1653 1951 quod
1676 1871 1739 1933 abs
1764 1879 1797 1934 te

453 1962 637 2046 saepissime
660 1959 791 2033 dicitur,
814 1978 879 2020 non
901 1978 970 2021 earn
993 1958 1026 2021 C.
1049 1960 1211 2033 Rabirius,
1233 1959 1288 2022 sed
1313 1959 1346 2022 C.
1361 1960 1480 2024 ldarius
1502 1960 1609 2036 dedit,
1633 1962 1796 2048 idemque

415 2055 596 2128 inviolavit,
626 2055 654 2117 si
683 2053 717 2115 in
746 2048 807 2114 fide
833 2072 896 2114 non
918 2053 1016 2115 stetit.
1069 2053 1159 2129 Quae
1187 2053 1283 2126 fides,
1308 2055 1463 2128 Labiene,
1492 2055 1547 2138 qui
1576 2057 1689 2137 potuit
1720 2060 1795 2121 sine

453 2156 582 2214 senatus
604 2147 746 2211 consulto
769 2146 858 2208 dari?
886 2147 1016 2209 Adeone
1036 2147 1154 2231 hospes
1176 2168 1210 2212 es
1231 2147 1364 2212 huiusce
1385 2148 1491 2223 urbis,
1512 2149 1639 2214 adeone
1654 2150 1795 2232 ignanrs

452 2242 637 2324 disciplinae
667 2240 970 2323 consuetudinisque
996 2250 1140 2315 nostrae,
1172 2251 1208 2305 ut
1235 2242 1314 2306 baec
1344 2246 1481 2317 nescias,
1516 2252 1553 2308 ut
1580 2246 1793 2328 peregrinari

452 2337 485 2399 in
507 2336 611 2399 aliena
634 2335 776 2409 civitate,
807 2354 870 2397 non
896 2334 930 2396 in
959 2343 1012 2398 tua
1041 2336 1257 2416 magistratum
1285 2356 1394 2417 gerere
1417 2336 1566 2401 videare?
1608 2334 1666 2400 29.
1696 2337 1793 2414 Quid

452 2430 515 2492 iam
546 2429 608 2492 ista
641 2429 675 2491 C.
706 2427 822 2502 ldario,
858 2427 979 2510 inquit,
1011 2448 1126 2491 nocere
1158 2437 1307 2512 possunt,
1341 2433 1492 2514 quoniam
1522 2453 1619 2497 sensu
1653 2440 1687 2495 et
1721 2434 1792 2496 vila

414 2526 558 2587 locaret?
579 2557 622 2568 —
643 2525 731 2585 ltane
752 2525 849 2585 vero?
880 2523 976 2585 tantis
1001 2522 1034 2584 in
1056 2522 1216 2586 laboribus
1240 2524 1273 2585 C.
1295 2526 1414 2587 Marius
1435 2525 1654 2609 periculisque
1684 2526 1793 2589 vixis-

451 2625 514 2692 set,
536 2617 562 2680 si
584 2616 663 2679 nibil
685 2615 827 2698 longius,
856 2636 951 2698 quam
972 2616 1055 2680 vitae
1076 2617 1203 2679 termini
1225 2618 1443 2699 postulabant,
1472 2640 1529 2702 spe
1551 2626 1650 2703 atque
1672 2622 1790 2683 animo

451 2713 491 2775 de
514 2732 547 2774 se
570 2720 602 2774 et
623 2711 723 2792 gloria
744 2730 801 2773 sua
824 2712 1014 2792 cogitasset?
1057 2713 1114 2785 At,
1142 2709 1252 2785 credo,
1277 2732 1349 2774 cum
1370 2712 1616 2775 innumerabiles
1639 2712 1789 2777 bostium

451 2807 558 2888 copias
582 2804 614 2866 in
636 2804 727 2866 ltalia
747 2803 884 2866 fudisset
903 2810 999 2886 atque
1022 2802 1189 2865 obsidione
1210 2823 1276 2866 rem
1292 2805 1450 2886 publicam
1465 2805 1650 2880 liberasset,
1674 2807 1791 2869 omnia

451 2920 508 2963 sua
529 2919 638 2962 secum
659 2917 723 2959 una
738 2897 890 2960 moritura
903 2896 1120 2959 arbitrabatur.
1153 2898 1224 2959 Non
1239 2906 1287 2960 est
1301 2899 1361 2972 ita,
1385 2897 1542 2973 Quirites:
1564 2917 1674 2981 neque
1689 2899 1787 2981 quis-

412 3003 544 3076 atqnam
567 2998 709 3054 nostrum
732 2990 765 3051 in
786 2990 831 3052 rei
852 2989 997 3071 publicae
1020 2989 1170 3071 periculis
1198 3011 1268 3053 cum
1296 2992 1388 3055 laude
1417 3012 1453 3056 ac
1482 2994 1597 3057 virtute
1620 3001 1787 3067 versatur,

450 3086 528 3168 quin
557 3103 612 3167 spe
641 3082 833 3167 posteritatis
861 3082 1030 3166 fructuque
1058 3082 1199 3145 ducatur.
1249 3086 1361 3168 ltaque
1390 3106 1461 3148 cnm
1491 3087 1600 3149 multis
1631 3086 1708 3151 aliis
1744 3087 1788 3150 de

449 3178 553 3241 causis
574 3178 714 3241 virorum
735 3177 889 3239 bonorum
919 3183 1039 3239 mentes
1067 3176 1193 3238 divinae
1221 3177 1299 3239 mibi
1329 3187 1424 3261 atqua
1452 3188 1599 3243 aeternae
1627 3180 1789 3244 videntur

449 3292 534 3347 esse,
566 3280 633 3333 tum
662 3272 813 3344 maxime,
846 3270 931 3352 quod
961 3270 1071 3352 optimi
1098 3276 1130 3332 et
1157 3271 1381 3352 sapientissimi
1408 3274 1563 3355 cuiusque
1586 3276 1716 3337 animus
1741 3276 1788 3337 ita

450 3365 623 3449 praesentit
650 3365 682 3426 in
712 3370 889 3448 posterum,
922 3371 958 3426 ut
989 3361 1067 3424 nibil
1099 3364 1159 3426 nisi
1186 3364 1413 3446 sempiternum
1446 3374 1587 3448 spectare
1617 3368 1788 3431 videatur.

412 3458 500 3521 ³⁰30.
531 3457 733 3539 Quapropter
759 3456 906 3540 equidem
936 3464 968 3519 et
998 3456 1031 3518 C.
1053 3457 1142 3519 Marii
1171 3466 1203 3519 et
1224 3465 1400 3522 ceterorum
1419 3461 1558 3523 virorum
1579 3460 1788 3543 sapientissi-

449 3574 571 3617 morum
593 3572 630 3615 ac
651 3551 894 3613 fortissimorum
917 3550 1032 3612 civium
1053 3558 1194 3624 mentes,
1224 3572 1306 3634 quae
1335 3553 1411 3615 mibi
1440 3554 1589 3617 videntur
1610 3573 1653 3615 ex
1675 3554 1787 3619 bomi-

448 3667 524 3709 num
545 3646 611 3708 vita
632 3644 672 3708 ad
695 3646 829 3707 deornm
850 3643 1036 3725 religionem
1054 3652 1086 3706 et
1100 3643 1340 3707 sanctimoniam
1356 3648 1562 3728 demigrasse,
1584 3654 1707 3723 testor,
1730 3670 1787 3712 me

448 3762 505 3824 pro
526 3741 654 3804 illorum
675 3737 775 3812 sama,
799 3738 914 3819 gloria,
937 3737 1088 3800 memoria
1110 3756 1176 3799 non
1197 3758 1288 3801 secus
1310 3759 1347 3802 ac
1367 3760 1425 3823 pro
1448 3739 1557 3824 patriis
1577 3739 1663 3804 sanis
1678 3749 1787 3827 atque

447 3834 588 3898 delubris
619 3830 882 3916 propugnandum
914 3840 1041 3914 putare;
1078 3851 1115 3893 ac
1146 3831 1173 3893 si
1206 3852 1264 3913 pro
1298 3833 1425 3896 illorum
1455 3834 1548 3897 laude
1580 3832 1659 3896 mibi
1692 3854 1786 3899 arma

410 3931 602 4012 &capienda
624 3934 747 4000 essent,
778 3946 842 3988 non
864 3925 967 3988 minus
990 3934 1117 3988 smenuc
1146 3945 1309 4007 caperem,
1342 3946 1438 4009 quam
1466 3926 1513 3989 illi
1534 3945 1593 4007 pro
1615 3930 1786 3991 communi

448 4024 548 4086 salute
582 4025 744 4104 ceperunt.
792 4020 937 4093 Etenim,
971 4019 1128 4095 Quirites,
1161 4019 1311 4100 exiguum
1343 4020 1436 4083 nobis
1469 4020 1552 4083 vitae
1584 4019 1785 4083 urrriculum

447 4124 559 4179 natura
581 4113 841 4196 circumscripsit,
874 4112 1062 4175 immensum
1086 4112 1218 4194 gloriae.
1260 4113 1318 4175 xl.
1349 4112 1455 4188 Quare
1477 4114 1504 4176 si
1528 4133 1601 4188 eos,
1634 4115 1694 4197 qui
1716 4114 1784 4177 iam

447 4206 487 4269 de
519 4206 584 4269 rita
616 4205 836 4280 decesserunt,
869 4205 1069 4279 omabimns,
1102 4206 1265 4269 iustiorem
1295 4206 1386 4269 nobis
1416 4206 1526 4270 mortis
1559 4206 1785 4270 conditionem

446 4300 671 4382 relinquemus.
716 4298 778 4362 Sed
800 4300 827 4362 si
856 4298 944 4374 illos,
975 4299 1131 4374 Labiene,
1165 4319 1246 4382 quos
1275 4300 1339 4362 iam
1367 4299 1475 4363 videre
1501 4319 1566 4362 non
1592 4318 1784 4381 possumus,

510 4571 533 4621 3.
552 4571 582 4620 dc
597 4569 635 4618 liis
651 4565 714 4618 abe
728 4569 771 4618 llr.
790 4597 822 4605 -
839 4567 945 4632 loquor?
967 4571 1079 4632 ipsorum
1101 4582 1173 4634 susp.
1198 4569 1351 4620 Lambinus.
1372 4598 1398 4604 -
1419 4570 1442 4619 6.
1467 4569 1677 4631 coaasootoous
1698 4569 1727 4620 L.
1751 4597 1780 4608 -

445 4644 485 4694 ll.
504 4645 534 4694 tit
549 4646 575 4694 la
592 4644 695 4694 armat
717 4643 798 4693 Oxou.
819 4644 851 4706 (S)
872 4671 898 4680 -
919 4645 944 4694 Τ.
963 4658 1016 4695 orn.
1035 4658 1059 4707 g.
1075 4670 1101 4678 —
1117 4644 1157 4693 46.
1175 4645 1260 4706 hospes
1276 4644 1424 4707 asscripsi:
1442 4657 1468 4693 cs
1484 4656 1538 4693 om.
1556 4644 1635 4695 codd.
1654 4648 1683 4695 et
1701 4646 1781 4697 editt.

444 4717 537 4780 [torpes
552 4732 577 4767 es
593 4718 682 4768 firmat
693 4717 752 4768 cod.
765 4720 902 4770 Torrentii.
921 4721 1000 4786 Bria]
1016 4749 1042 4757 —
1056 4721 1162 4783 tonores
1171 4733 1197 4769 cs
1208 4720 1352 4782 disciplinae
1363 4721 1411 4770 LO
1425 4721 1516 4769 contra
1529 4720 1607 4771 codd.
1620 4721 1782 4773 Lectionem

444 4793 560 4855 primurn
577 4793 665 4844 inveni
685 4794 711 4843 in
728 4796 837 4844 Ascens.
858 4795 931 4845 tati.
952 4823 978 4832 -
998 4797 1037 4845 tl.
1056 4795 1165 4859 nostrae]
1188 4801 1288 4845 nostrae
1308 4796 1416 4845 dotatis
1433 4794 1444 4844 l
1450 4793 1512 4844 iln.
1532 4820 1560 4829 -
1579 4794 1620 4843 ra.
1644 4795 1781 4860 quostiam]

444 4868 487 4929 qai
502 4868 555 4918 iam
571 4868 612 4919 vel
629 4868 730 4931 quando
750 4870 803 4919 tom
824 4881 897 4932 susp.
922 4870 1033 4919 Ernesti.
1054 4897 1081 4907 -
1101 4870 1142 4920 22.
1161 4870 1349 4920 iariumerobtlis
1368 4871 1420 4920 mei
1442 4871 1548 4935 practer
1564 4869 1581 4920 l.
1601 4894 1628 4903 -
1647 4867 1691 4919 24.
1710 4872 1783 4931 qnis-

444 4944 592 5005 asemel,
616 4945 645 4993 ut
662 4943 782 4995 videtur:
805 4944 915 5006 pobonis
931 4943 952 5003 l;
971 4945 1074 5007 quisque
1093 4947 1110 4994 S
1129 4948 1156 4994 ct
1172 4944 1227 4998 rell.
1248 4948 1325 5009 Lagg.
1346 4971 1373 4980 —
1392 4946 1433 4995 28.
1452 4944 1546 5006 optent
1563 4958 1589 4994 n.
1608 4969 1636 4979 ·-
1655 4944 1700 4995 29.
1717 4947 1779 5011 sisa]

439 5021 543 5076 practer
559 5034 586 5078 χ.
608 5041 635 5055 -
655 5018 696 5071 34.
718 5032 750 5070 ac
767 5019 961 5082 fortissimorum
983 5031 1036 5068 om.
1055 5019 1080 5068 k.
1102 5047 1128 5055 -
1149 5019 1190 5069 32.
1209 5022 1243 5069 ad
1264 5022 1366 5070 moram
1387 5020 1514 5083 reqioscirs
1533 5032 1606 5083 susp.
1631 5018 1728 5070 Mnrb.
1750 5022 1778 5071 ln

444 5101 528 5153 marg.
550 5119 577 5128 -
595 5092 636 5144 33.
653 5093 729 5159 smila]
756 5096 806 5148 «ot
822 5095 885 5144 sunt
901 5092 937 5142 dii
953 5094 1029 5158 patrii
1046 5096 1073 5142 et
1090 5097 1213 5158 penates,
1241 5096 1280 5145 sic
1303 5108 1396 5145 eorum
1416 5095 1474 5145 lana
1496 5109 1529 5145 ac
1550 5092 1662 5144 delubra
1680 5095 1778 5159 quidni

441 5166 530 5226 petria
546 5166 672 5233 appellari
688 5169 807 5234 possint?
824 5166 986 5230 uouendum
1002 5169 1054 5217 hoc
1072 5172 1130 5219 erat
1145 5173 1256 5233 propter
1272 5171 1436 5228 Ernestium,
1455 5172 1501 5233 qui
1517 5183 1565 5234 pro
1580 5171 1649 5235 [aas
1665 5169 1777 5222 volebat

445 5239 549 5289 sacru·
567 5241 610 5290 Oa.
628 5243 653 5291 Ξ.
673 5268 700 5279 -
719 5244 760 5296 37.
779 5242 866 5309 quaro]
883 5235 935 5306 orla
950 5244 1102 5295 Torrentius
1119 5244 1145 5293 in
1162 5256 1246 5307 marg.
1267 5271 1292 5282 -
1313 5244 1354 5296 38.
1371 5245 1550 5298 coactionem
1565 5258 1601 5297 m.
