4367 6109
695 574 762 638 m.
784 574 838 640 rr.
868 572 941 639 cn.
962 573 1195 638 xxr-xxn
1221 570 1277 658 33.
1300 569 1447 637 ss-se.
1665 565 1723 634 su

412 744 513 810 solum
536 743 569 806 in
589 743 722 827 Papinio
743 743 801 807 fuit
821 741 882 806 bac
902 744 1109 808 abstinentia:
1134 744 1236 807 tenuit
1255 744 1316 808 hoc
1337 743 1508 807 institutum
1530 744 1564 806 in
1584 741 1731 806 turibulis

412 837 573 912 omnibus,
603 856 820 921 quaecumque
844 838 877 899 in
900 838 1006 901 Sicilia
1026 836 1163 901 suerrmt
1205 837 1393 900 Incredibile
1415 844 1463 901 est
1484 843 1604 912 autem,
1634 846 1728 920 qn'am

413 931 510 996 multa
531 939 563 995 et
584 950 678 1014 quam
709 932 868 1013 praeclara
888 931 1013 995 merint.
1057 932 1159 996 Credo
1180 941 1261 1006 tum,
1290 953 1360 995 cum
1383 931 1489 994 Sicilia
1509 931 1641 995 florebat
1660 931 1730 1013 opi·

412 1028 470 1091 bus
492 1032 524 1089 et
545 1027 660 1110 copiis,
682 1045 796 1108 magna
817 1022 948 1089 artificia
967 1025 1064 1090 luisse
1085 1028 1119 1089 in
1141 1046 1178 1089 ea
1198 1025 1318 1100 insula;
1340 1044 1413 1088 nam
1435 1026 1546 1088 domus
1569 1031 1636 1088 erat
1656 1030 1729 1087 ante

413 1122 506 1185 istum
527 1127 701 1205 praetorem
723 1120 810 1183 nulla
831 1119 925 1202 paulo
947 1119 1150 1202 locupletior,
1174 1140 1238 1203 qua
1259 1120 1293 1182 in
1314 1119 1407 1181 domo
1428 1119 1507 1181 haec
1528 1137 1593 1182 non
1614 1125 1752 1192 essentt

413 1216 508 1278 etiam
540 1216 566 1278 si
600 1221 759 1297 praeterea
788 1214 866 1277 nihil
893 1220 977 1278 esset
1003 1214 1140 1296 argenti,
1174 1212 1290 1298 patella
1320 1213 1446 1295 grandis
1467 1232 1539 1275 cum
1561 1213 1671 1295 sigillis
1692 1230 1731 1276 ae

320 1313 321 1316 ’
414 1308 589 1372 simulacris
611 1306 758 1382 deorum,
781 1317 905 1393 patera,
927 1328 991 1392 qua
1011 1307 1157 1371 mulieres
1178 1307 1218 1370 ad
1239 1326 1290 1370 res
1312 1307 1434 1370 divinas
1455 1307 1731 1382 uterentur,zturi-

412 1402 532 1464 bulum.
567 1402 652 1465 llaec
681 1409 787 1465 autem
815 1403 921 1466 omnia
942 1403 1071 1486 antiquo
1096 1421 1192 1486 opere
1214 1408 1246 1464 et
1267 1419 1388 1464 summo
1411 1397 1543 1463 artificio
1563 1400 1663 1463 lacta:
1693 1405 1732 1463 ut

412 1496 474 1559 boc
494 1495 604 1559 liceret
625 1497 792 1580 suspicari,
824 1495 922 1559 fuisse
944 1496 1114 1580 aliquando
1136 1496 1220 1579 apud
1249 1493 1372 1557 Siculos
1398 1512 1557 1577 peraeque
1578 1513 1635 1578 pro
1657 1512 1734 1576 por-

414 1589 500 1652 tione
529 1597 647 1664 cetera,
676 1588 731 1652 sed
754 1590 869 1672 quibus
890 1589 988 1653 multa
1008 1588 1135 1652 fortuna
1155 1588 1338 1662 ademisset,
1370 1595 1476 1651 tamen
1497 1588 1581 1670 apud
1604 1608 1659 1651 eos
1680 1597 1768 1649 re-to

413 1682 567 1746 mansisse
589 1701 641 1756 ea,
675 1702 756 1766 quae
777 1684 889 1766 religio
910 1683 1097 1747 retinuisset
1141 1679 1191 1743 47.
1212 1681 1303 1756 Dixi,
1335 1680 1472 1755 iudices,
1504 1681 1603 1744 multa
1631 1679 1730 1743 brisso

413 1774 479 1839 fere
501 1775 585 1859 apud
607 1796 715 1839 omnes
737 1777 873 1840 Siculos:
897 1797 955 1860 ego
976 1776 1059 1840 idem
1074 1772 1224 1839 confirmo
1238 1795 1322 1838 nunc
1335 1794 1376 1837 ne
1392 1794 1490 1837 unum
1504 1773 1633 1856 quidem
1648 1791 1729 1837 esse.

415 1869 499 1945 Quid
519 1870 581 1933 boe
601 1874 671 1934 esti
695 1870 781 1954 quod
802 1871 863 1935 boe
885 1879 1072 1944 monstrum,
1100 1870 1185 1953 quod
1206 1868 1383 1952 prodigium
1403 1867 1435 1929 in
1457 1867 1651 1949 provinciam
1672 1868 1731 1931 mi·

415 1964 537 2028 simus?
569 1966 681 2028 Nonne
701 1965 792 2028 robis
812 1964 844 2027 id
864 1965 967 2048 egisse
981 1965 1121 2040 videtur,
1142 1972 1256 2027 utnon
1270 1963 1362 2025 unius
1376 1959 1553 2036 libidinem,
1574 1981 1641 2024 non
1655 1980 1730 2025 euos

416 2057 541 2131 oculos,
572 2057 628 2121 sed
656 2060 795 2122 omnium
817 2059 1091 2142 cupidissimorum
1118 2059 1271 2133 insanias,
1299 2077 1370 2120 cum
1391 2057 1520 2119 Romam
1541 2056 1731 2130 revertisset,
1740 2069 1769 2115 te

417 2151 578 2236 expleret?
600 2151 655 2235 qui
675 2151 768 2214 simul
789 2158 883 2235 atque
903 2153 938 2216 in
960 2153 1109 2238 oppidum
1132 2151 1303 2237 quodpiam
1316 2157 1463 2226 venerat,
1484 2149 1733 2213 immittebantur

415 2245 463 2310 illi
484 2246 633 2308 continuo
650 2245 816 2329 Cibyratici
837 2265 947 2320 canes,
970 2248 1026 2329 qui
1039 2247 1271 2329 investigabant
1285 2254 1317 2310 ct
1330 2245 1604 2329 perscrutabantur
1617 2244 1732 2307 omnia.

418 2342 451 2404 Si
473 2338 559 2424 quod
590 2347 657 2402 erat
677 2339 795 2422 grande
816 2359 871 2402 ras
893 2347 925 2403 et
945 2341 1045 2404 maius
1067 2360 1149 2424 opus
1176 2341 1355 2414 inventum,
1387 2339 1461 2402 laeti
1482 2339 1670 2414 afferebant3
1704 2337 1732 2400 si

416 2435 519 2499 minus
542 2433 610 2496 eius
632 2433 719 2496 modi
740 2434 903 2518 quidpiam
917 2437 1024 2499 venari
1043 2443 1225 2520 potuerant,
1247 2435 1303 2500 illa
1315 2432 1441 2519 quidem
1458 2442 1541 2498 certe
1563 2453 1621 2517 pro
1642 2434 1733 2518 lepu-

417 2528 511 2592 sculis
533 2527 753 2610 capiebantur,
780 2528 930 2611 patellae,
957 2538 1099 2613 paterae,
1132 2528 1280 2592 turibula.
1322 2528 1383 2590 llic
1403 2548 1484 2612 quos
1504 2531 1618 2612 putatis
1640 2531 1770 2593 tletusto

417 2622 599 2696 mulierum,
632 2641 711 2705 quas
739 2622 977 2685 lamentationes
1004 2620 1072 2686 fieri
1099 2624 1209 2686 solitas
1238 2643 1308 2686 esse
1335 2625 1368 2686 iu
1393 2623 1480 2686 bisce
1501 2624 1618 2687 rebus?
1651 2642 1733 2707 quae

416 2716 549 2780 forsitan
570 2715 661 2778 vobis
681 2734 795 2798 parvae
816 2736 886 2779 esse
906 2717 1087 2791 videantur,
1114 2716 1171 2780 sed
1202 2737 1350 2799 magnum
1371 2724 1402 2781 et
1422 2717 1570 2781 acerbum
1592 2717 1733 2782 dolorem

418 2817 617 2874 commovent
638 2808 847 2884 mulierculis,
868 2811 1051 2893 praesertim
1073 2831 1143 2874 cum
1160 2813 1366 2895 eripiunture
1385 2813 1531 2877 manibus
1544 2830 1595 2888 ea,
1618 2812 1733 2897 quibus

417 2906 529 2972 adres
552 2904 674 2968 divinas
696 2905 741 2969 uti
763 2912 970 2981 consuerunt,
1000 2924 1081 2989 quae
1103 2925 1122 2969 a
1142 2907 1209 2969 suis
1230 2914 1436 2991 acceperunt,
1458 2925 1540 2991 quae
1560 2908 1595 2971 in
1615 2903 1734 2970 familia

418 3018 541 3085 semper
560 2997 696 3061 fuerunt
1742 3015 1771 3065 tt

499 3093 602 3155 xxfl.
625 3088 676 3155 48.
697 3093 757 3156 Hic
778 3093 877 3156 nolite
899 3101 1100 3177 exspectare,
1124 3095 1199 3158 dum
1222 3116 1280 3179 ego
1294 3095 1373 3159 baec
1388 3094 1519 3158 crimina
1533 3112 1621 3178 agam
1638 3095 1736 3159 ostia·

418 3190 492 3265 tim,
514 3188 554 3251 ab
568 3187 724 3272 Aeschylo
740 3188 953 3272 Tyndaritano
974 3190 1070 3253 istum
1086 3198 1227 3274 pateram
1244 3190 1426 3265 abstulisse,
1448 3209 1468 3252 a
1481 3188 1644 3252 Thrasone
1657 3189 1735 3252 item

418 3282 631 3369 Tyndaritano
652 3282 810 3365 patellam,
833 3283 1093 3367 allympbodoro
1108 3285 1312 3368 Agrigentino
1327 3283 1508 3347 turibulum.
1539 3283 1617 3347 Cum
1638 3289 1736 3347 testes

418 3398 460 3442 ex
481 3375 590 3440 Sicilia
612 3375 711 3451 dabo,
733 3397 828 3461 quem
850 3377 934 3440 volet
954 3378 1008 3440 ille
1030 3378 1142 3461 eligat,
1165 3399 1260 3463 quem
1282 3398 1340 3461 ego
1362 3379 1555 3460 interrogem
1576 3378 1616 3441 de
1637 3378 1737 3462 patel-

417 3474 474 3548 lis,
495 3470 630 3554 pateris,
649 3470 812 3532 turibulis:
835 3489 900 3533 non
913 3472 1009 3534 modo
1025 3473 1176 3556 oppidum
1192 3466 1330 3548 nullum,
1353 3473 1408 3535 sed
1423 3490 1463 3535 ne
1478 3471 1591 3537 domus
1606 3473 1773 3558 quidemst

418 3567 483 3630 ulla
514 3563 611 3648 paulo
643 3563 832 3646 locupletior
863 3584 977 3648 expers
1005 3567 1100 3630 buius
1128 3567 1261 3630 iniuriae
1290 3567 1473 3650 reperietur.
1517 3566 1581 3642 Qui
1608 3587 1681 3630 cnm
1702 3567 1737 3630 in

419 3659 599 3725 convivium
628 3658 782 3733 venisset,
812 3659 839 3722 si
869 3659 1044 3743 quidquam
1072 3662 1184 3726 caelati
1205 3661 1408 3743 adspexerat,
1437 3679 1549 3723 manus
1570 3660 1737 3735 abstinere,
1835 3713 1837 3715 .

419 3754 558 3827 iudices,
588 3771 653 3815 nou
679 3759 814 3835 poterat.
858 3752 912 3815 Cn.
934 3754 1103 3836 Pompeius
1125 3763 1173 3818 est
1194 3756 1301 3831 Philo,
1331 3756 1386 3837 qui
1406 3754 1468 3817 t'uit
1488 3754 1737 3839 Tyndaritanus:

418 3850 448 3913 is
469 3867 579 3912 cenam
601 3847 653 3909 isti
676 3846 770 3909 dabat
791 3847 875 3930 apud
897 3845 1005 3910 villam
1027 3848 1061 3910 in
1076 3849 1310 3933 Tyndaritan03
1332 3849 1423 3923 fecit,
1444 3850 1530 3932 quod
1553 3847 1652 3912 Siculi
1672 3866 1737 3911 non

419 3941 594 4018 audebant;
628 3940 698 4015 ille,
719 3941 796 4004 ciris
818 3941 976 4004 Romanus
999 3941 1085 4025 quod
1108 3950 1189 4019 erat,
1210 3945 1371 4027 impunius
1393 3944 1425 4006 id
1447 3962 1482 4005 se
1502 3942 1659 4006 iacturum
1679 3959 1775 4027 pust

487 4167 512 4217 4.
530 4165 632 4229 Papirio
648 4163 725 4229 4349.
747 4190 773 4202 -
794 4165 818 4216 3.
835 4165 938 4228 (boant
953 4166 1031 4230 bagg.
1051 4194 1079 4204 -
1099 4166 1123 4217 6.
1141 4180 1173 4217 00
1188 4179 1242 4217 om.
1261 4168 1276 4216 7
1293 4167 1372 4230 Lagg.
1387 4192 1415 4201 -
1433 4164 1458 4216 3.
1472 4163 1573 4230 potera]
1586 4165 1678 4230 potine
1692 4165 1739 4216 443.

421 4245 456 4296 At
471 4242 505 4294 ci.
524 4241 549 4308 S.
568 4242 609 4294 44.
627 4239 668 4292 48.
697 4267 725 4277 -
751 4240 776 4292 3.
798 4245 881 4291 cuna
902 4242 962 4292 baec
979 4242 1024 4292 443.
1050 4241 1127 4306 [fort.
1146 4241 1317 4293 scribendum
1334 4242 1387 4292 est:
1416 4240 1498 4290 Erant
1513 4245 1597 4290 cotem
1612 4240 1672 4290 4000
1688 4241 1740 4290 oet.

424 4319 517 4384 llum]
537 4343 565 4354 —
583 4319 607 4368 9.
623 4329 748 4380 peraeque
760 4318 938 4380 proportione
953 4315 1093 4368 'turnebus
1109 4316 1175 4368 Adv.
1193 4318 1258 4367 vill.
1278 4317 1332 4368 to:
1348 4327 1396 4379 per
1411 4329 1442 4366 eo
1458 4327 1523 4378 qaae
1534 4315 1696 4379 proportione
1705 4313 1740 4375 44;

419 4409 467 4459 per
478 4406 555 4457 eapse
562 4393 724 4456 proportione
735 4391 785 4452 (333
801 4405 930 4455 peraeque
937 4395 1099 4457 proportione
1111 4393 1187 4457 4399,
1206 4392 1284 4445 codd.
1297 4391 1418 4443 Lambini
1430 4392 1458 4456 (4)
1468 4406 1474 4451 ;
1492 4404 1575 4454 aequa
1581 4389 1743 4453 proportione

422 4468 485 4520 dett.
504 4468 533 4519 0.
549 4495 576 4505 -
594 4469 634 4518 to.
653 4467 744 4533 tamen]
762 4471 858 4517 tantam
875 4470 907 4518 Gt
922 4469 946 4518 9.
965 4495 992 4504 -
1012 4471 1050 4520 44.
1070 4468 1123 4531 sere
1136 4468 1212 4532 3444440
1228 4468 1304 4532 ngas.
1319 4494 1346 4503 -
1365 4467 1405 4517 49.
1424 4467 1474 4517 840.
1492 4479 1575 4516 onmes
1591 4464 1655 4515 dett.
1668 4463 1697 4514 0.
1712 4489 1739 4499 -

422 4543 462 4594 43.
481 4548 517 4594 eet
531 4542 577 4593 300
593 4543 670 4607 4399.
691 4570 719 4580 -
736 4542 782 4593 boc
796 4547 899 4594 monetr.
919 4543 1000 4594 RSE:
1018 4544 1134 4593 lacc'om.
1153 4542 1217 4593 dett.
1231 4543 1259 4593 0.
1271 4567 1300 4578 -
1319 4543 1359 4591 to.
1377 4541 1591 4604 cupidissimorum
1607 4539 1658 4600 443,
1677 4536 1741 4590 EC:

422 4619 626 4669 worirnmorum
643 4619 707 4669 dett.
728 4645 755 4655 -·
778 4617 817 4668 46.
837 4619 972 4681 quodpiam
989 4617 1038 4682 [rel
1056 4620 1198 4682 qnoppicns)
1215 4619 1231 4668 o
1248 4618 1343 4683 lagg:
1371 4618 1489 4680 qooptern
1504 4615 1573 4680 4399
1584 4615 1619 4673 Ε;
1645 4610 1744 4674 copim

424 4695 460 4747 443
479 4695 513 4758 (in
530 4696 550 4746 44
567 4707 604 4744 m.
623 4707 677 4747 sec.
697 4706 829 4759 suprascr.
844 4693 999 4758 propriam};
1019 4694 1144 4756 quandem
1160 4694 1208 4757 Lgt
1224 4691 1264 4744 44.
1284 4720 1312 4729 -
1330 4693 1517 4744 innitebantur
1532 4692 1562 4742 44.
1582 4714 1610 4726 -
1638 4688 1678 4738 48.
1695 4685 1744 4736 03-

421 4769 534 4834 {emant
549 4771 579 4819 44.
599 4798 627 4807 -
647 4771 686 4820 49.
706 4760 835 4833 quippiam
851 4770 880 4819 44.
901 4796 929 4805 -
944 4773 1062 4831 poterant
1078 4768 1142 4820 dett.
1156 4771 1233 4833 Lagg.
1250 4795 1277 4805 -
1295 4768 1336 4819 99.
1354 4767 1502 4819 ominatur
1517 4765 1563 4816 443.
1578 4789 1605 4800 -
1624 4762 1666 4814 94.
1683 4774 1744 4812 eon-

422 4850 523 4896 saensnt
539 4842 631 4907 REl,
650 4844 696 4896 Ld.
715 4845 801 4909 igno:
827 4851 1005 4895 concameraret
1021 4847 1053 4895 ut
1068 4847 1084 4895 9
1102 4845 1166 4895 dett.
1193 4870 1221 4880 -
1244 4858 1262 4894 a
1277 4845 1298 4895 44
1316 4856 1375 4910 sup.
1394 4842 1438 4896 lin.
1455 4842 1537 4894 habet
1554 4854 1569 4890 a
1585 4851 1621 4890 m.
1640 4850 1695 4889 sec.
1715 4862 1743 4873 -

422 4922 463 4972 96.
487 4922 665 4984 separarem
691 4947 718 4957 -
744 4922 805 4972 naec
827 4922 935 4972 00404400
954 4921 1006 4982 443,
1024 4921 1058 4971 E:
1084 4919 1131 4970 too
1152 4920 1245 4970 crimen
1265 4918 1328 4970 dett.
1347 4920 1376 4970 0.
1404 4945 1432 4956 -
1456 4913 1648 4976 4034030493,
1666 4913 1695 4963 E.
1715 4936 1742 4949 -·

422 4999 464 5049 93.
481 4997 582 5060 derepto
599 4998 628 5048 44.
658 5023 686 5035 -
713 4997 820 5048 trasone
835 4998 864 5049 44.
893 5024 921 5034 -
947 4998 1005 5047 item
1027 5008 1081 5046 om.
1100 4997 1132 5046 ut
1147 4995 1173 5046 9.
1201 5021 1230 5032 -
1256 4994 1297 5045 93.
1315 4994 1493 5058 npmptiodoro
1509 4991 1649 5056 eprinitino
1664 4989 1695 5039 44.
1715 5011 1743 5023 -

423 5073 465 5125 99.
483 5073 523 5123 4440
542 5073 591 5135 443,
610 5071 671 5123 El:
699 5085 752 5124 om.
771 5072 852 5133 dett,
871 5070 976 5123 inclusit
992 5074 1020 5123 0.
1041 5099 1068 5109 -
1087 5071 1128 5122 34).
1146 5072 1235 5123 sedne
1251 5072 1276 5120 3.
1294 5084 1318 5133 q.
1335 5071 1390 5121 edla
1406 5071 1469 5121 CE:
1488 5066 1615 5119 sedned.
1633 5077 1658 5125 q.
1674 5059 1746 5112 niella
1818 5092 1820 5099 =

424 5149 470 5210 aa,
482 5147 512 5210 λς
530 5150 616 5200 domne
630 5149 702 5198 00440
717 5148 780 5198 dett.
799 5150 828 5199 0.
848 5149 973 5213 (oppidum
989 5150 1075 5199 domic
1091 5148 1163 5198 nulle
1177 5146 1250 5199 med.
1269 5158 1323 5197 om.
1336 5145 1423 5210 4399.)
1438 5172 1466 5182 -
1485 5144 1524 5196 34.
1543 5138 1699 5204 repperiti&
1713 5136 1743 5187 R·

427 5254 454 5265 -
473 5226 513 5278 39.
532 5231 666 5291 aspexerat
681 5227 711 5277 44.
731 5251 759 5262 -
780 5239 872 5277 manaa
893 5226 944 5278 443;
970 5236 1073 5277 montem
1096 5223 1161 5274 dett.
1178 5222 1208 5273 0.
1235 5245 1263 5260 -
1290 5220 1331 5271 33.
1349 5219 1422 5283 94340
1439 5219 1468 5270 44.
1488 5245 1516 5256 -
1541 5217 1582 5271 34.
1599 5226 1686 5267 maro
1701 5211 1739 5264 tt:

424 5315 527 5356 0000004
542 5303 572 5355 0.
592 5328 620 5342 -·
638 5302 679 5357 34.
696 5301 814 5370 inponite
829 5303 860 5356 44.
