4367 6109
475 569 537 638 sss
885 575 1035 641 enarro
1056 575 1136 642 rao
1157 575 1195 640 n.
1218 575 1389 641 amans
1447 674 1449 679 ,

476 746 562 829 gotia
582 744 739 819 mulieris,
762 744 788 807 si
811 763 875 828 qua
896 745 1092 821 acciderent,
1116 747 1409 829 controversiasque
1432 745 1626 828 susciperet,
1648 748 1807 813 44444444·

474 850 527 905 tur
554 860 592 904 eo
621 859 748 922 quoque
776 846 915 921 tempore
941 839 974 901 in
996 840 1047 903 his
1068 840 1244 903 rationibus
1265 840 1422 903 auctionis
1444 847 1477 903 et
1497 840 1679 923 partitionis
1701 849 1806 926 atque

474 937 569 998 etiam
591 954 625 997 se
646 935 716 1016 ipse
737 932 891 996 inferebat
912 941 943 997 et
966 935 1048 996 intro
1071 934 1167 998 dabat
1188 936 1272 997 etin
1295 955 1364 997 eam
1386 935 1573 1017 opinionem
1588 936 1808 1002 Caesenniam

473 1028 666 1103 adducebat,
695 1035 731 1091 ut
755 1028 869 1091 mulier
889 1029 1036 1111 imperita
1056 1029 1138 1091 nihil
1159 1036 1283 1112 putaret
1305 1030 1356 1110 agi
1380 1028 1492 1093 callide
1514 1048 1625 1111 posse,
1653 1030 1712 1093 ubi
1735 1049 1807 1093 non

449 1123 599 1187 tadesset
624 1122 788 1185 Aebutius.
831 1117 882 1184 44.
916 1124 1018 1199 Quam
1046 1143 1214 1207 personam
1239 1123 1301 1185 iam
1324 1141 1365 1184 ex
1387 1123 1573 1206 quotidiana
1593 1124 1658 1188 vita
1680 1141 1809 1206 eogno-

473 1219 547 1294 stis,
581 1223 834 1298 recuperatores,
870 1217 1037 1281 mulierum
1068 1217 1292 1291 assentatoris,
1321 1217 1494 1298 cognitoris
1526 1215 1714 1291 viduarum,
1745 1217 1808 1280 de·

471 1311 605 1376 tonsoris
626 1311 760 1374 nimium
780 1311 927 1393 litigiosi,
950 1311 1076 1375 contriti
1099 1311 1138 1373 ad
1154 1310 1299 1392 Regiam,
1323 1310 1422 1393 inepti
1443 1330 1481 1374 ac
1496 1310 1584 1373 stulti
1599 1310 1686 1374 inter
1700 1311 1806 1385 viros,

471 1405 554 1469 inter
583 1405 732 1469 mulieres
758 1405 851 1489 periti
874 1405 951 1468 iuris
973 1413 1006 1468 et
1027 1404 1148 1479 callidi,
1177 1405 1260 1466 hanc
1280 1422 1449 1486 personam
1470 1403 1625 1485 imponite
1646 1403 1806 1467 Aebutio.

470 1499 501 1562 ls
533 1500 616 1563 enim
646 1499 838 1563 Caesenniae
867 1498 929 1561 iuit
955 1498 1116 1562 Aebutius.
1161 1501 1207 1562 Ne
1237 1497 1317 1560 forte
1346 1497 1524 1580 quaeratis,
1556 1516 1633 1560 num
1665 1499 1806 1581 propin-

434 1597 575 1677 toquusl
606 1592 692 1656 Nihil
714 1593 858 1656 alienius.
889 1592 1016 1654 Amicus
1037 1611 1058 1655 a
1078 1600 1167 1675 patre
1192 1599 1245 1654 aut
1259 1611 1278 1653 a
1291 1591 1359 1652 viro
1383 1588 1541 1653 traditus?
1570 1591 1655 1654 Nihil
1678 1591 1805 1654 minus.

472 1686 552 1761 Quis
574 1686 691 1768 igitur?
724 1685 796 1760 Ille,
819 1705 915 1769 quem
938 1705 1032 1767 supra
1055 1684 1245 1748 deformavi:
1275 1683 1472 1747 voluntarius
1501 1684 1619 1748 amicus
1641 1685 1805 1760 mulieris,

358 1774 359 1778 ’
470 1799 535 1842 non
564 1777 800 1842 necessitudine
827 1779 950 1862 aliqua,
977 1778 1034 1841 sed
1062 1778 1135 1842 ficto
1166 1777 1272 1841 alticio
1294 1778 1504 1862 simulataque
1527 1776 1698 1841 sedulitate
1721 1798 1806 1842 con·

469 1873 611 1947 iunctus,
639 1874 739 1955 magis
767 1880 946 1957 opportuna
977 1892 1074 1955 opera
1095 1891 1352 1955 nonnumquam,
1382 1892 1477 1956 quam
1500 1870 1676 1955 aliquando
1699 1868 1804 1936 fideli.

470 1965 520 2031 l5.
544 1970 622 2032 Cum
645 1974 743 2040 esset,
769 1974 805 2028 ut
825 1967 929 2028 dicere
952 1967 1165 2039 institueram,
1196 1966 1367 2028 constituta
1389 1965 1494 2028 auctio
1516 1966 1650 2039 Romae,
1682 1966 1805 2029 suade-

433 2062 546 2126 rebant
567 2062 659 2126 amici
681 2060 871 2143 cognatique
895 2059 1105 2133 Caesenniae,
1128 2059 1162 2121 id
1186 2056 1272 2143 quod
1287 2059 1347 2141 ipsi
1365 2078 1492 2142 quoque
1508 2057 1632 2121 mulieri
1647 2058 1805 2121 veniebat

469 2158 503 2220 in
531 2163 683 2228 mentem,
711 2153 862 2236 quoniam
882 2160 1022 2234 potestas
1045 2161 1130 2216 esset
1151 2153 1277 2215 emendi
1298 2153 1431 2216 fundum
1452 2152 1543 2216 illum
1563 2152 1802 2229 Fulcinianum,

470 2253 525 2336 qui
546 2251 644 2313 hudo
667 2249 734 2311 eius
757 2247 887 2329 antiquo
910 2247 1076 2310 continens
1099 2255 1199 2321 esset,
1221 2247 1341 2310 nullam
1363 2267 1433 2311 esse
1456 2248 1627 2322 rationem,
1648 2247 1805 2322 amittere

377 2372 380 2377 ·
468 2345 644 2409 eiusmodi
667 2341 883 2415 occasionem,
906 2360 978 2403 cum
1001 2341 1030 2403 ei
1052 2341 1238 2425 praesertim
1259 2342 1394 2423 pecunia
1415 2362 1457 2405 ex
1477 2341 1647 2424 partitione
1663 2342 1802 2405 debere·

467 2445 536 2513 tur;
558 2456 715 2519 nusquam
736 2455 832 2520 posse
854 2456 923 2499 eam
945 2435 1057 2499 melius
1073 2435 1232 2500 collocari.
1264 2437 1374 2517 ltaque
1395 2436 1458 2499 hoo
1472 2435 1586 2499 mulier
1599 2435 1705 2499 iacere
1721 2456 1802 2499 eon-

430 2520 584 2595 iostituit:
612 2532 740 2597 mandat
765 2538 800 2593 ut
824 2529 958 2594 fundum
989 2529 1049 2592 sibi
1082 2536 1228 2593 emat-
1261 2529 1319 2593 Cui
1342 2530 1490 2595 tandem?
1512 2563 1554 2578 -
1577 2529 1633 2593 Cui
1653 2531 1800 2615 putatis?

468 2626 517 2689 An
538 2644 604 2688 non
625 2626 659 2687 in
680 2633 816 2689 mentem
838 2623 929 2687 vobis
951 2623 1039 2685 venit
1053 2623 1214 2695 omnibus,
1235 2623 1321 2687 illius
1335 2624 1397 2687 hoc
1412 2644 1527 2688 munus
1543 2645 1614 2688 esse
1627 2623 1669 2687 ad
1684 2625 1798 2688 omnia

468 2718 609 2781 mulieris
636 2719 763 2800 negotia
789 2719 906 2799 parati,
938 2716 1007 2780 sine
1038 2736 1101 2800 quo
1130 2717 1210 2780 nihil
1239 2717 1315 2780 satis
1337 2725 1446 2793 caute,
1478 2716 1560 2781 nihil
1580 2720 1656 2782 satis
1678 2717 1798 2782 callide

467 2821 576 2898 posset
595 2814 671 2896 agii
706 2813 800 2874 Recte
822 2811 994 2876 attenditis.
1042 2812 1093 2875 VI.
1117 2807 1165 2874 46.
1187 2813 1326 2876 Aebutio
1357 2814 1517 2896 negotium
1550 2814 1651 2878 datur.
1693 2815 1798 2878 Adest

532 3030 557 3079 i.
575 3042 603 3079 co
620 3040 717 3090 qnoque
732 3027 852 3078 PETO:
872 3039 968 3088 quoqne
985 3040 1013 3077 eo
1029 3026 1143 3081 nani.
1165 3055 1192 3065 -
1209 3029 1334 3091 partionis
1349 3030 1377 3079 Τ.
1398 3028 1436 3080 Cl.
1456 3029 1480 3093 g.
1494 3030 1534 3079 46.
1549 3055 1576 3065 -
1596 3029 1620 3080 3.
1638 3029 1798 3080 mecon

468 3103 629 3156 PETVGb
639 3117 699 3170 ay:
718 3102 859 3152 intmdebot
876 3099 1019 3155 nanto.
1035 3128 1061 3137 -
1080 3103 1106 3151 5.
1124 3103 1165 3168 ea]
1183 3117 1197 3152 4
1213 3116 1277 3154 casu
1294 3103 1412 3167 quodam
1423 3103 1452 3152 0.
1479 3103 1556 3153 Errat
1572 3104 1644 3153 enim
1662 3101 1797 3154 iordanes

467 3178 537 3229 hanc
558 3176 701 3230 lectionem
717 3176 891 3241 Palimpsesto
909 3176 1037 3227 tribuens.
1071 3178 1101 3227 ln
1124 3178 1143 3227 E
1160 3191 1193 3227 44
1209 3191 1288 3242 supra
1306 3179 1434 3242 scriptum
1452 3180 1501 3228 est.
1530 3203 1558 3211 -
1585 3177 1713 3227 4444444444
1730 3178 1795 3237 ΡΤς

466 3254 605 3305 cottidiana
622 3272 647 3320 y.
669 3282 696 3291 -
714 3254 767 3303 oita
783 3266 853 3316 cogn.
873 3254 892 3301 P
901 3253 920 3301 E
930 3253 949 3301 Τ
958 3253 992 3302 0:
1019 3265 1089 3315 cogn.
1108 3253 1161 3301 vita
1176 3254 1197 3303 li
1206 3258 1226 3303 A
1237 3256 1255 3304 Ι.
1264 3254 1290 3308 i.
1305 3281 1332 3289 -
1351 3255 1472 3318 cognostis
1482 3254 1628 3305 Weiskius:
1647 3254 1799 3319 cognoscitis

467 3326 613 3382 444440.
633 3356 661 3366 -
683 3331 708 3379 6.
726 3329 910 3390 mercatores
930 3329 964 3387 P;
988 3330 1166 3391 reciperatores
1185 3331 1262 3389 Eat,
1288 3331 1463 3392 reciperatoris
1482 3329 1563 3395 bpq.
1595 3329 1684 3382 «Alias
1700 3331 1795 3391 omisi,

467 3419 536 3468 qnae
553 3404 706 3455 edmerum
724 3405 870 3468 scripturae
889 3402 1001 3453 lormam
1018 3405 1206 3467 pertinerent.»
1225 3407 1300 3454 44444.
1326 3405 1364 3456 ci.
1384 3406 1407 3469 5.
1421 3407 1445 3456 6.
1467 3433 1493 3442 -
1512 3408 1717 3457 anserrtatorcsP
1735 3406 1795 3468 (nisi

467 3483 508 3531 est
525 3480 653 3531 mendum
670 3478 912 3544 typographicam),
937 3482 1100 3528 assentatores
1116 3497 1142 3545 γ.
1163 3508 1190 3517 -
1208 3483 1346 3545 cognitores
1363 3484 1396 3539 P;
1419 3482 1559 3545 cognotoris
1575 3482 1674 3545 qut.
1696 3507 1724 3516 -
1749 3481 1798 3529 de-

464 3555 573 3618 fensores
589 3558 608 3606 P
617 3572 643 3621 γ.
664 3583 691 3592 -
712 3556 736 3605 7.
755 3556 855 3604 contriti
871 3555 905 3602 ad
920 3554 1017 3616 regions
1034 3556 1053 3603 P
1063 3555 1082 3603 E
1092 3555 1111 3604 T
1132 3555 1168 3617 (in
1187 3557 1206 3605 P
1223 3554 1324 3606 litterae
1343 3556 1373 3604 ΤΙ
1388 3556 1583 3620 superscriptae
1601 3555 1684 3617 sonti:
1702 3553 1797 3604 conciti

466 3630 501 3677 ad
516 3630 613 3692 regiam
629 3631 694 3689 RA,
713 3630 801 3679 4444444
818 3630 852 3678 ad
866 3629 954 3678 444444
971 3640 1031 3677 cum
1049 3630 1151 3681 Iuntina
1167 3629 1252 3683 Lao,
1279 3631 1444 3693 «litigiosum
1462 3631 1598 3681 hominem
1610 3632 1636 3680 et
1647 3629 1673 3678 in
1685 3629 1796 3678 contro-

466 3705 559 3755 versiis
576 3703 713 3755 uelitibus
731 3707 883 3754 versantem
904 3702 1018 3752 describi
1036 3708 1160 3767 oportere
1177 3718 1210 3755 ex
1234 3707 1289 3755 toto
1306 3707 1499 3757 sententiarum
1517 3708 1608 3756 tenore
1626 3701 1794 3766 intelligitur3

465 3779 545 3840 atque
563 3791 625 3829 cum
643 3780 736 3829 Cicero
754 3778 796 3842 (de
814 3779 885 3830 Orat.
905 3780 923 3828 l.
942 3779 986 3838 58,
1005 3777 1074 3838 449.)
1092 3793 1138 3830 eos
1156 3781 1256 3830 conteri
1274 3780 1356 3841 dicat,
1376 3781 1421 3843 qui
1438 3780 1524 3831 causis
1540 3776 1665 3842 agendis,
1684 3779 1797 3827 contro·

465 3854 559 3903 versiis
576 3854 764 3918 suscipiendis,
789 3854 900 3917 negotiis
917 3853 1040 3917 gerendis
1065 3854 1191 3919 implicati
1208 3855 1274 3917 sint,
1297 3856 1397 3904 contriti
1413 3855 1447 3904 ad
1462 3855 1565 3918 Regiam
1580 3854 1598 3903 ii
1615 3852 1726 3904 44444444
1743 3865 1796 3917 ap-

465 3926 645 3991 pellabantur,
664 3930 709 3992 qui
726 3930 913 3980 controversiis
930 3942 962 3978 aa
979 3927 1067 3979 litibus
1087 3942 1198 3993 operam
1214 3928 1314 3979 dabant
1330 3931 1409 3992 atque
1426 3928 1461 3980 ob
1477 3929 1546 3979 hanc
1562 3941 1620 3979 rem
1638 3926 1672 3977 ad
1682 3925 1796 3991 Regiam

465 4004 556 4053 nescio
574 4017 654 4067 quam
673 4004 784 4067 [Regiam
800 4005 899 4054 Nemee
913 4001 955 4053 vel
973 4004 1059 4053 444444
1078 4005 1162 4056 Vestae
1177 4006 1212 4055 ad
1227 4006 1317 4054 lanam
1334 4005 1442 4054 medium
1464 4003 1572 4067 (8444444.
1590 4000 1696 4053 arebeoi.
1716 4000 1793 4052 tero.

464 4089 492 4141 p.
505 4077 553 4128 444
565 4079 630 4141 sq),
650 4077 695 4128 ubi
713 4079 887 4142 negotiatores
904 4076 1088 4142 versabantur]
1108 4082 1250 4131 convenire
1267 4080 1415 4131 solebant.»
1432 4081 1534 4130 tonnas.
1554 4106 1582 4116 -
1606 4078 1631 4130 8.
1649 4083 1673 4129 et
1688 4089 1742 4128 onn.
1761 4077 1793 4128 Τ.

467 4178 494 4187 -
513 4152 586 4217 banc]
603 4155 660 4203 binc
676 4155 705 4204 T.
725 4179 752 4188 -
771 4154 890 4216 impunite
906 4155 940 4211 P;
958 4154 1054 4217 eponite
1069 4155 1099 4204 T.
1118 4182 1146 4191 —
1165 4155 1189 4206 e.
1209 4158 1319 4218 gneratis
1334 4157 1363 4206 Τ.
1384 4183 1411 4192 -
1429 4155 1575 4219 proligqnos
1593 4156 1669 4219 (corr.
1686 4154 1714 4205 tn
1727 4167 1797 4217 pro-

461 4225 576 4288 pinquos)
594 4230 622 4277 P.
637 4255 664 4264 -
684 4226 954 4291 toarnensis,
973 4229 1086 4279 44444444
1103 4242 1127 4278 4.
1143 4257 1170 4267 -
1189 4236 1295 4295 epatre
1312 4233 1371 4282 PT:
1396 4237 1441 4281 ant
1457 4244 1475 4281 a
1488 4231 1592 4294 petreii
1605 4230 1692 4294 (etiam
1704 4228 1733 4292 Ε)
1744 4230 1794 4280 44.

464 4298 521 4353 20.
542 4328 570 4337 -
589 4303 629 4352 44.
647 4303 690 4353 iiie
706 4303 747 4353 4444
763 4317 835 4365 mern
851 4305 879 4353 P.
900 4331 927 4340 -
951 4304 1100 4367 deformant
1115 4306 1144 4354 P.
1165 4332 1192 4341 -
1219 4307 1259 4357 43.
1278 4313 1401 4368 opertam
1417 4307 1446 4357 Ε.
1468 4333 1495 4341 -
1514 4304 1555 4357 44.
1573 4305 1675 4356 &enin
1689 4304 1796 4354 444444-

464 4386 522 4424 ram
538 4376 566 4426 T.
587 4403 625 4432 -,
642 4379 683 4427 46.
702 4377 833 4428 Cnenniae
849 4378 887 4438 id,
906 4380 972 4438 qnod
988 4377 1014 4433 4.
1035 4405 1062 4414 -
1088 4380 1200 4431 44444444
1220 4382 1248 4431 ia
1269 4388 1374 4433 mentem
1390 4383 1480 4433 PET:
1507 4381 1535 4431 in
1553 4383 1659 4430 4444444
1679 4377 1795 4429 vestem

463 4448 609 4502 nanto,
629 4479 657 4488 -
677 4452 717 4502 46.
737 4453 864 4517 44444444]
883 4467 959 4514 qnam
975 4455 1002 4504 Τ.
1030 4454 1068 4505 Cl.
1087 4454 1112 4516 ὃ.
1125 4456 1150 4506 t.
1164 4482 1192 4491 -
1211 4456 1251 4506 48.
1269 4470 1326 4507 cam
1343 4453 1574 4521 etpraescrtintE:
1592 4452 1795 4516 amoenae

462 4524 547 4573 sertim
564 4526 583 4574 T
601 4526 642 4588 (cl.
661 4540 716 4578 var.
736 4527 796 4579 lect.
815 4528 840 4592 5.
859 4530 909 4591 7.);
934 4542 991 4579 cnm
1003 4531 1155 4592 pracsertim
1171 4529 1313 4585 liALio.
1332 4531 1371 4582 Ci.
1390 4532 1414 4597 5.
1433 4533 1474 4581 46.
1494 4557 1522 4567 -
1539 4534 1564 4580 44
1580 4541 1648 4580 corr.
1666 4528 1692 4578 in
1709 4541 1742 4579 44
1758 4528 1791 4579 li.

465 4625 492 4635 -
507 4601 625 4661 portione
641 4603 669 4651 Τ.
697 4601 736 4652 ci.
756 4603 779 4666 5.
800 4604 839 4654 43.
860 4627 888 4639 -
917 4605 956 4655 49.
975 4617 1047 4668 posse
1069 4618 1126 4656 cans
1142 4605 1235 4657 PET:
1259 4620 1331 4669 posse
1348 4608 1410 4669 (om.
1429 4606 1493 4670 cami
1511 4605 1624 4671 (iham
1650 4616 1794 4668 eanposse

461 4672 605 4727 444440.
627 4702 655 4711 -
673 4676 758 4738 444444
773 4677 818 4728 nec
833 4678 924 4729 mulier
940 4682 974 4730 P:
993 4680 1079 4742 itaqne
1093 4681 1184 4730 4444444
1200 4681 1262 4743 (om.
1280 4683 1333 4744 noc}
1351 4681 1495 4736 nitio.
1515 4707 1543 4717 -
1561 4681 1603 4731 46.
1621 4683 1686 4729 nnat
1703 4677 1793 4746 -Cni

461 4748 581 4798 tondens?
599 4776 626 4784 -
650 4751 696 4800 Cui
718 4749 780 4814 cet]
809 4753 851 4803 Sic
869 4753 1035 4805 distinximus
1055 4768 1088 4804 ex
1105 4755 1178 4805 liauii
1205 4755 1273 4819 (Ver.
1292 4755 1356 4806 lectt.
1375 4758 1405 4806 11.
1425 4770 1451 4820 p.
1471 4754 1537 4817 476.)
1563 4756 1589 4803 44
1606 4750 1695 4802 Klotzii
1719 4751 1790 4815 (coll.

461 4825 556 4873 Aecus.
571 4824 612 4872 lV.
626 4823 650 4886 3,
663 4827 698 4888 5.)
715 4826 835 4876 ratione:
855 4830 937 4879 ceteri
953 4834 1027 4879 nnat.
1046 4829 1092 4880 Cni
1109 4829 1231 4880 tandein?
1249 4829 1295 4881 Cui
1311 4832 1363 4881 444.
1379 4859 1405 4868 -
1425 4831 1468 4893 qni
1484 4830 1584 4880 tandem
1598 4827 1641 4890 gni
1654 4826 1750 4890 4444444
1759 4828 1790 4878 P.

462 4895 500 4946 Cl.
520 4896 543 4959 ἓ.
556 4895 597 4947 48.
616 4898 656 4949 64.
673 4927 699 4935 -
715 4902 806 4963 putetis
823 4901 992 4967 abepqtii
1008 4905 1035 4954 et
1046 4906 1076 4955 A.
1092 4932 1120 4940 -
1139 4906 1179 4954 at.
1198 4910 1302 4955 monton
1317 4907 1385 4956 44444
1399 4907 1466 4957 vend
1482 4908 1514 4956 P:
1533 4902 1789 4964 mentcmvniittom.

459 4969 537 5032 44444)
555 4973 696 5026 444440.
717 5002 744 5011 -
772 4976 883 5026 omnibns
902 4978 976 5043 444444]
998 4977 1111 5028 scindas
1130 4979 1209 5029 4444444
1231 4981 1288 5043 (nisi
1310 4984 1350 5032 est
1371 4982 1500 5033 mendum
1523 4976 1745 5044 typographicam
1761 4976 1790 5026 in

461 5045 629 5109 corrigendis
646 5052 873 5116 praetermissum)
891 5054 925 5110 P;
951 5054 1062 5104 omnibns
1082 5054 1132 5104 illis
1148 5070 1178 5116 a;
1204 5056 1309 5106 bominis
1329 5058 1395 5107 iltius
1413 5058 1529 5115 lentina,
1555 5053 1668 5104 44444444
1682 5050 1790 5101 bominis

458 5118 526 5170 iltius
542 5135 604 5173 cum
622 5125 784 5188 liervagiana
801 5124 834 5187 ἒς
853 5128 964 5178 44444444
979 5129 1118 5180 bominibus
1133 5132 1200 5182 illins
1216 5134 1245 5184 4..
1260 5161 1287 5169 -
1305 5134 1358 5200 boc]
1376 5135 1411 5184 ad
1426 5135 1471 5183 boc
1487 5145 1550 5183 cum
1565 5130 1669 5181 Iuntina
1684 5125 1741 5180 LA.
1757 5152 1786 5162 -

459 5197 891 5257 mausiacensis.
912 5230 939 5243 ·-
961 5204 1438 5275 2³.perseragi1²:posreagtni;
1462 5200 1782 5276 agipottttkelhbot

460 5270 504 5337 agi
517 5284 588 5335 posse
604 5273 663 5327 RA.
684 5302 711 5312 -
730 5277 862 5331 4444444444
877 5278 906 5329 Τ.
