4367 6109
464 582 526 648 tuti
864 585 1014 651 ORATIO
1036 587 1115 653 etto
1135 586 1174 651 A.
1196 587 1368 654 CAECINA

464 755 513 820 ius
534 757 629 819 istum
650 763 824 839 emptorem
846 757 1059 820 demonstrari
1079 756 1180 820 luisse
1201 757 1350 821 mandatu
1367 756 1577 833 Caesenniae,
1598 774 1697 822 suum
1717 775 1795 822 esse

463 871 600 934 seseque
628 851 687 913 sibi
715 851 839 913 emisse.
875 849 960 926 Quid
989 851 1058 914 ais?
1089 850 1184 914 letius
1206 851 1260 914 ille
1281 850 1399 914 fundus
1422 857 1486 926 est,
1509 872 1606 936 quem
1628 853 1702 916 sine
1723 851 1796 915 ulla

463 944 676 1008 controversia
689 944 949 1026 quadriennium,
964 945 1025 1008 boc
1038 952 1103 1021 est,
1117 965 1158 1007 ex
1172 965 1236 1029 quo
1251 954 1392 1028 tempore
1405 945 1524 1010 fundus
1538 947 1656 1023 veniit,
1680 945 1795 1032 quoad

462 1040 559 1112 vixit,
581 1039 726 1121 possedit
747 1037 944 1102 Caesennia?
977 1039 1059 1102 Usus
1081 1040 1182 1113 enim,
1204 1039 1324 1123 inquit,
1346 1039 1415 1103 eius
1436 1038 1527 1103 lundi
1549 1050 1581 1105 et
1602 1041 1729 1106 4000400
1744 1050 1796 1106 te-

325 1166 326 1170 =
436 1139 618 1198 eslamento
647 1131 707 1194 viri
734 1131 837 1195 luerat
867 1133 1070 1196 Caesenniae.
1114 1130 1165 1195 20.
1189 1134 1267 1196 Cum
1294 1133 1356 1196 boc
1385 1153 1486 1197 novae
1511 1135 1577 1199 litis
1599 1156 1703 1219 genus
1724 1144 1795 1200 tam

461 1228 619 1291 malitiose
640 1225 836 1302 intenderet,
858 1227 978 1312 placuit
993 1226 1146 1292 Caecinae
1166 1227 1206 1292 de
1220 1227 1393 1291 amicorum
1409 1230 1566 1293 sententia
1580 1231 1796 1305 constituere,

460 1341 525 1406 quo
542 1321 594 1385 die
609 1321 643 1383 in
656 1341 725 1384 rem
741 1328 939 1404 praesentem
953 1323 1114 1385 veniretur
1128 1330 1160 1386 et
1174 1322 1214 1386 de
1228 1322 1330 1386 fundo
1346 1322 1478 1386 Caecina
1492 1325 1632 1390 moribus
1647 1325 1797 1389 deduce·

459 1423 556 1480 retur.
591 1415 836 1498 Colloquuntur:
859 1414 927 1478 dies
949 1435 990 1477 ex
1011 1417 1178 1500 utriusque
1200 1415 1365 1480 commodo
1388 1417 1531 1479 sumitur.
1566 1418 1701 1482 Caecina
1715 1438 1795 1482 cum

460 1511 570 1574 amicis
591 1508 631 1573 ad
654 1510 736 1573 diem
751 1509 839 1573 venit
859 1510 892 1572 in
908 1510 1071 1572 castellum
1085 1511 1213 1583 Axiam,
1235 1530 1253 1572 a
1275 1528 1341 1592 quo
1363 1509 1434 1572 loco
1454 1509 1573 1574 fundus
1594 1512 1640 1587 is,
1664 1512 1706 1575 de
1720 1531 1794 1596 quo

422 1605 573 1687 tangitur,
587 1623 652 1667 non
667 1604 759 1685 longe
772 1603 871 1667 abest.
894 1603 942 1666 lbi
957 1605 1071 1667 certior
1083 1604 1120 1667 fit
1136 1623 1155 1666 a
1169 1603 1323 1687 pluribus,
1337 1601 1483 1666 homines
1497 1606 1684 1688 permultos,
1706 1606 1794 1670 libe-

459 1718 511 1762 ros
525 1706 619 1782 atque
638 1717 757 1771 semes,
774 1698 917 1779 coegisse
940 1704 972 1760 et
989 1717 1128 1762 armasse
1149 1697 1328 1760 Aebutium.
1353 1696 1431 1760 Cum
1452 1697 1485 1759 id
1502 1699 1616 1782 partim
1631 1701 1793 1763 murren-

458 1800 526 1868 tur,
547 1792 660 1876 partim
677 1810 743 1854 non
757 1790 930 1865 crederent,
952 1812 1025 1856 cece
1046 1792 1117 1875 ipse
1130 1792 1283 1855 Aebutius
1304 1791 1338 1854 in
1352 1792 1517 1855 castellum
1531 1795 1636 1857 venit:
1661 1794 1791 1857 denun-

458 1887 516 1951 tiat
531 1886 694 1960 Caecinae,
716 1905 751 1948 se
768 1891 906 1948 armatos
922 1885 1058 1962 babere;
1081 1886 1239 1950 abiturum
1258 1905 1332 1950 eum
1353 1902 1418 1949 uon
1440 1905 1520 1960 esse,
1543 1887 1571 1950 si
1586 1887 1791 1951 accessisset.

459 1982 614 2044 Caecinae
635 1979 754 2062 placuit
775 1986 807 2041 et
826 1979 950 2054 amicis,
972 1979 1079 2063 quoad
1094 1979 1256 2043 videretur
1276 1980 1363 2043 salvo
1383 1980 1486 2062 capite
1506 1980 1575 2044 lieri
1599 1974 1703 2064 posse,
1730 2001 1791 2044 ex·

422 2092 450 2139 tt
458 2075 556 2158 periri
584 2082 700 2138 umen.
743 2067 793 2136 it.
814 2074 861 2135 lie
892 2074 1021 2137 castello
1054 2073 1271 2137 descendunt:
1304 2074 1338 2136 in
1366 2072 1500 2136 fundum
1528 2073 1789 2156 proficiscuntur.

459 2169 592 2232 Videtur
621 2173 740 2230 temere
769 2166 992 2241 commissum
1021 2188 1145 2242 verum,
1176 2175 1213 2230 ut
1234 2166 1363 2249 opinor,
1391 2167 1454 2231 hoc
1474 2167 1537 2231 luit
1557 2186 1688 2230 causae:
1721 2174 1789 2230 um

458 2271 576 2352 temepe
597 2262 693 2324 istum
714 2280 748 2322 re
765 2260 1029 2335 commissurum,
1053 2280 1148 2344 quam
1169 2260 1274 2324 verbis
1295 2261 1511 2338 minitabatur,
1533 2281 1628 2325 nemo
1649 2260 1788 2344 putavit.

458 2356 541 2420 vlit.
563 2357 668 2438 Atque
690 2353 750 2416 iste
770 2353 812 2416 ad
834 2373 944 2417 omnes
966 2355 1129 2429 introitus,
1151 2373 1215 2437 qua
1236 2353 1316 2417 adiri
1330 2362 1455 2438 poterat
1468 2376 1530 2419 non
1548 2354 1644 2418 modo
1660 2356 1694 2418 in
1709 2375 1786 2418 eunt

457 2448 608 2522 fundum,
637 2446 677 2510 de
704 2466 769 2531 quo
799 2456 867 2510 erat
888 2449 1122 2522 controversia,
1150 2448 1324 2511 sedetiam
1346 2449 1491 2512 inillum
1514 2449 1712 2535 proximum,
1745 2447 1786 2510 de

419 2560 523 2630 atquo
546 2542 625 2606 nihil
646 2542 878 2623 ambigebatur,
900 2549 1037 2605 armatos
1057 2541 1203 2604 homines
1226 2542 1369 2624 opponit.
1412 2543 1526 2627 ltaque
1547 2543 1649 2626 primo
1664 2561 1737 2605 cum
1750 2543 1783 2605 in

458 2640 625 2721 antiquum
646 2635 778 2699 fundum
800 2637 922 2718 ingredi
943 2637 1054 2711 vellet,
1083 2634 1170 2719 quod
1198 2655 1237 2698 ea
1257 2636 1401 2718 proxime
1422 2636 1531 2701 accedi
1552 2642 1693 2721 poterat,
1719 2635 1783 2699 ire-

458 2738 592 2817 queutes
613 2729 725 2792 armati
748 2729 945 2793 obstiterunt.
989 2725 1040 2792 24.
1064 2729 1135 2805 000
1156 2729 1226 2792 loco
1249 2730 1401 2812 depulsus
1418 2730 1553 2794 Caecina
1574 2738 1695 2805 tamem
1718 2751 1782 2815 qua

457 2826 577 2910 potuit,
599 2825 640 2886 od
662 2843 733 2885 eum
748 2822 883 2886 fundum
904 2824 1066 2906 proiectus
1084 2830 1149 2898 est,
1171 2823 1204 2884 in
1219 2842 1283 2905 quo
1300 2844 1340 2886 ex
1355 2830 1511 2888 conventu
1524 2825 1588 2887 vim
1602 2825 1673 2889 lieri
1687 2845 1781 2908 opor·

457 2920 561 2984 tebet:
584 2919 651 2982 eius
673 2922 781 2980 autem
801 2916 892 2980 fundi
914 2925 1086 2981 extremam
1108 2924 1229 3002 partem
1244 2916 1333 2980 oleae
1349 2917 1469 2982 directo
1487 2919 1598 2982 ordine
1616 2915 1779 2982 deliniunt.

419 3013 506 3078 aoAd
528 3030 582 3075 eas
604 3031 677 3074 cum
698 3011 914 3086 accederetur,
944 3013 1004 3076 iste
1026 3034 1096 3076 curn
1119 3011 1265 3075 omnibus
1286 3012 1388 3093 copiis
1409 3018 1536 3095 praesto
1557 3011 1619 3077 fuit
1639 3032 1781 3076 servum-

458 3127 520 3192 que
542 3126 634 3170 suum
654 3105 784 3168 nomine
806 3105 995 3169 Antiochum
1017 3107 1058 3170 ad
1079 3127 1114 3170 se
1135 3106 1259 3170 vocant
1280 3113 1312 3167 et
1332 3106 1416 3169 clara
1435 3126 1514 3170 voce
1535 3106 1717 3188 imperavit,
1746 3113 1782 3168 ut

456 3219 547 3275 eum,
577 3201 632 3283 qui
652 3199 742 3263 illum
763 3199 905 3262 olearum
926 3201 1069 3264 ordinem
1091 3202 1258 3272 intrasset,
1285 3198 1452 3263 occideret
1488 3201 1591 3263 llomo
1614 3218 1686 3262 mea
1706 3218 1779 3262 sen·

456 3297 554 3359 tentia
581 3293 846 3377 prudentissimus
875 3293 1010 3357 Caecina
1037 3303 1142 3358 tamen
1171 3295 1204 3358 in
1232 3294 1291 3356 hac
1310 3315 1345 3357 re
1373 3295 1444 3379 plus
1465 3294 1543 3356 mibi
1564 3294 1662 3357 animi
1684 3313 1781 3377 quam

456 3388 583 3454 consilii
604 3388 732 3452 videtur
751 3387 909 3450 babuisse.
950 3390 1028 3451 Nam
1051 3409 1123 3451 cum
1145 3395 1177 3451 et
1197 3395 1389 3452 armatorum
1410 3389 1644 3453 multitudinem
1659 3389 1783 3453 videret

419 3490 490 3549 stet
517 3504 586 3546 eam
613 3502 724 3545 rocem
745 3482 889 3556 Aebutii,
919 3502 1015 3566 quam
1043 3483 1305 3558 commemoravi,
1336 3482 1491 3557 audisset,
1521 3490 1625 3546 mmen
1647 3482 1782 3545 accessit

456 3579 586 3664 propius
608 3582 640 3640 et
661 3575 723 3640 iam
744 3575 926 3658 ingrediens
947 3576 1031 3640 intra
1044 3573 1138 3639 finem
1158 3578 1226 3640 eius
1241 3577 1320 3652 loci,
1343 3598 1437 3661 quem
1453 3577 1542 3641 oleae
1557 3579 1781 3655 terminabant,

521 3870 544 3918 4.
563 3867 710 3916 mandatum
727 3866 790 3922 Gai
808 3864 927 3914 00004040
944 3863 989 3924 kd
1006 3866 1034 3914 et
1049 3863 1106 3918 At.
1127 3892 1154 3902 -
1181 3866 1205 3916 2.
1223 3878 1320 3927 seseque
1336 3865 1402 3915 ET:
1421 3878 1495 3927 seque
1511 3863 1651 3918 allio
1672 3892 1699 3902 -
1719 3868 1781 3930 quid

455 3943 510 4008 apti
521 3940 544 3993 ii
556 3943 669 4005 (praeter
680 3940 746 4001 ET).
766 3939 804 3989 Ci.
818 3939 842 4003 ἓ.
852 3938 892 3989 34.
906 3954 932 4004 p.
946 3941 1065 4000 Quinctio
1077 3941 1149 4005 §.li
1160 3957 1187 4007 p.
1200 3941 1293 3992 Roscio
1304 3942 1362 3990 Am.
1376 3940 1400 4003 ἓ.
1411 3938 1517 3990 tanat.
1531 3939 1564 3990 de
1578 3941 1652 3992 deor.
1666 3943 1719 3992 nat.
1733 3944 1777 3993 lli.

456 4020 496 4080 tt,
515 4016 555 4068 ll.
576 4041 603 4050 α
621 4015 699 4079 istius]
716 4020 773 4064 tutet
789 4027 850 4064 cum
869 4015 1015 4064 Hotomano
1034 4018 1069 4078 (et
1085 4031 1141 4068 vat.
1159 4017 1219 4068 lect.
1237 4016 1360 4079 Nauger.)
1377 4016 1406 4065 L.
1427 4042 1454 4049 -
1474 4015 1498 4064 3.
1516 4015 1561 4064 400
1577 4021 1612 4066 est
1628 4028 1682 4066 om.
1701 4018 1729 4066 T.
1749 4044 1777 4052 —

454 4094 522 4144 uenit
538 4087 798 4153 Tabempqtuli
816 4091 843 4138 et
859 4090 887 4138 l..
907 4089 992 4151 (ueniit
1008 4091 1072 4153 Ek.)
1092 4120 1120 4129 -
1139 4092 1163 4143 l.
1181 4094 1268 4155 inquid
1287 4092 1344 4142 ET.
1372 4090 1411 4141 Ci.
1429 4091 1516 4141 Osann
1533 4091 1568 4141 ad
1585 4092 1639 4142 Cic.
1660 4091 1694 4142 da
1711 4094 1777 4158 liep.

455 4184 481 4234 p.
500 4169 540 4218 st.
561 4193 588 4202 -
607 4167 660 4216 eius
674 4166 746 4228 fundi
762 4170 785 4214 04
800 4165 896 4227 inuitas
913 4163 936 4217 il
954 4166 1067 4229 (praetor
1083 4167 1108 4229 k)
1126 4172 1162 4218 A:
1183 4170 1235 4219 eius
1250 4174 1274 4218 04
1288 4168 1385 4230 tractu
1399 4166 1472 4231 fundi
1488 4167 1505 4215 k
1522 4170 1549 4216 ei
1564 4166 1650 4221 nto.
1678 4170 1778 4230 (Utrum

455 4244 475 4293 T
491 4241 574 4292 verba
590 4245 613 4290 04
627 4242 724 4304 imatus
739 4239 836 4291 babeat
853 4254 951 4301 necne,
970 4255 1003 4290 ex
1020 4242 1145 4295 llarlessii
1161 4243 1299 4293 collatione
1316 4254 1411 4306 parum
1428 4239 1530 4304 liquet.)
1544 4268 1571 4276 -
1590 4243 1615 4292 6.
1632 4241 1780 4306 maleficiose

455 4314 636 4381 bempqtti
652 4319 680 4366 et
696 4317 726 4366 A.
746 4343 773 4353 -
798 4316 931 4366 4040040044
946 4314 969 4367 ‘ll
987 4318 1102 4381 (praeter
1118 4319 1199 4381 ETir)
1218 4320 1247 4369 A.
1268 4346 1295 4354 -
1318 4318 1437 4367 sententia
1457 4318 1521 4366 44000
1537 4319 1683 4368 conantum
1699 4319 1728 4369 l..
1749 4347 1777 4356 -

455 4397 480 4445 ’4.
498 4393 529 4457 04]
546 4398 574 4443 ut
590 4394 617 4442 L.
633 4418 660 4427 -
678 4392 704 4442 8.
722 4391 919 4453 collocunturE,
938 4394 1100 4443 coniciuntur
1110 4396 1138 4445 T.
1154 4421 1180 4428 —
1200 4395 1224 4444 9.
1243 4407 1261 4443 0
1277 4406 1326 4454 quo
1343 4392 1404 4445 tt:
1423 4406 1456 4442 ec
1473 4407 1521 4454 quo
1538 4391 1629 4443 iiAO.
1644 4419 1671 4428 -
1690 4393 1777 4443 itom.

456 4471 485 4520 Τ.
500 4497 527 4506 -
547 4470 587 4519 to.
606 4467 699 4532 aptior]
718 4467 828 4528 loquitur
844 4469 972 4530 amqta
988 4471 1015 4518 et
1031 4473 1060 4518 A.
1076 4495 1104 4504 ·-
1122 4485 1171 4519 000
1189 4482 1242 4520 om.
1261 4466 1387 4531 amqtti
1404 4470 1431 4518 et
1442 4471 1472 4518 A.
1488 4495 1515 4504 -
1535 4469 1574 4518 ta.
1593 4469 1691 4518 credent
1706 4469 1736 4519 T.
1749 4495 1776 4504 -

455 4542 591 4607 0400004404]
608 4548 631 4592 04
647 4543 746 4591 nuntiat
763 4543 792 4591 Τ.
813 4570 839 4578 -
859 4543 900 4594 43.
918 4549 1063 4593 annumerat
1079 4546 1107 4595 T.
1128 4572 1155 4581 -
1175 4545 1215 4596 tt.
1233 4546 1344 4607 enutriri
1359 4550 1451 4594 tamen.
1478 4546 1516 4595 De
1531 4545 1629 4594 00040440
1646 4543 1775 4595 Klotzius:

454 4618 574 4681 apperiri.
593 4621 676 4667 400ιο0
693 4618 722 4666 40
737 4618 836 4667 00040440
853 4619 887 4677 133
914 4621 1025 4681 0000404
1042 4619 1161 4682 (capediti
1178 4623 1212 4681 e).
1232 4621 1322 4670 Tamen
1337 4621 1367 4670 tie
1382 4620 1482 4670 00040440
1498 4619 1776 4684 Tachempqttt;

455 4694 576 4756 eupediri.
595 4697 647 4741 tum
663 4693 693 4742 de
708 4693 807 4743 castella
824 4709 858 4752 ας
876 4695 996 4756 eaperiri.
1015 4699 1067 4744 tunt
1083 4697 1113 4745 de
1129 4697 1227 4746 castello
1243 4696 1260 4745 k
1277 4698 1304 4746 et
1319 4695 1432 4748 44430.
1452 4697 1490 4746 De
1507 4695 1634 4760 particula
1650 4702 1734 4745 tamen
1751 4698 1776 4747 in

456 4769 508 4820 line
525 4768 713 4818 enuntiationis
728 4770 812 4832 posita
830 4769 956 4820 londanus
974 4768 1083 4820 contulit
1099 4771 1176 4821 Tuse.
1195 4773 1215 4820 l.
1233 4772 1277 4831 ta,
1290 4771 1331 4820 37.
1349 4772 1379 4819 V.
1392 4771 1433 4831 33,
1452 4771 1493 4821 95.
1508 4799 1535 4808 -
1554 4771 1594 4820 47.
1612 4770 1778 4821 minitabatur

454 4843 578 4894 ETVO:
600 4843 736 4893 muniebat
753 4858 784 4907 q,
808 4844 1000 4894 denuntiabatur
1017 4859 1049 4894 ex
1066 4858 1120 4895 uno
1136 4845 1229 4896 codice
1246 4848 1279 4905 ις
1302 4846 1463 4895 denuntiabat
1478 4845 1521 4898 ali
1537 4847 1563 4895 in
1580 4858 1632 4909 mg.
1652 4845 1684 4906 34
1707 4861 1777 4896 nun-

454 4917 570 4968 ciabatur
586 4917 671 4970 itAi.
686 4944 713 4952 -
733 4919 773 4968 43.
791 4925 847 4969 erut
862 4920 1107 4970 controvertioET:
1126 4921 1293 4970 controuersia
1308 4920 1391 4982 [00004
1408 4918 1522 4973 44443.
1537 4947 1564 4955 -
1583 4923 1634 4984 ted]
1649 4924 1774 4974 4000004.

456 5018 483 5028 -
502 4991 543 5041 33.
558 4993 683 5055 profectur
699 4998 735 5043 est
750 5007 812 5044 cum
829 4996 977 5046 liotomano
994 4996 1082 5049 43οῑ
1108 4995 1233 5058 profectus
1250 4997 1311 5058 lom.
1329 4996 1371 5058 est)
1388 4993 1450 5046 414.
1472 5023 1499 5032 -
1522 4997 1548 5045 in
1565 5010 1615 5058 quo
1631 4997 1723 5048 ETV:
1743 5012 1776 5049 ea

454 5081 503 5130 quo
519 5067 640 5127 ttA20;
663 5082 676 5119 0
692 5082 740 5130 qua
758 5069 784 5118 1..
811 5095 838 5106 -
862 5069 903 5120 il.
921 5071 1022 5136 directo]
1040 5072 1136 5122 4000040
1152 5071 1181 5122 T.
1201 5099 1228 5109 -
1254 5070 1295 5121 34.
1313 5075 1337 5119 04
1352 5071 1418 5120 dant
1433 5083 1493 5120 uoce
1510 5083 1569 5129 eu3
1587 5077 1611 5121 04
1627 5084 1686 5121 0000
1701 5072 1776 5123 clara

454 5145 554 5206 (contra
572 5156 651 5194 usum
672 5141 825 5204 Tullianum)
843 5145 904 5204 ET;
929 5151 953 5196 et
972 5147 996 5197 ei
1016 5146 1089 5196 clera
1107 5160 1166 5198 0000
1183 5148 1210 5198 l..
1236 5145 1323 5198 ilalim
1340 5153 1362 5195 et
1380 5147 1453 5196 clara
1467 5159 1527 5196 0000
1542 5147 1565 5196 et·
1583 5147 1724 5209 imperavit.
1745 5176 1774 5185 —

454 5216 495 5268 30.
513 5216 596 5267 004044
620 5218 656 5280 (04
675 5219 714 5269 sic
735 5218 850 5283 semper)
868 5220 896 5269 T.
924 5219 963 5271 ci.
981 5219 1005 5284 5.
1024 5222 1048 5271 t.
1077 5248 1106 5258 -
1132 5221 1240 5272 audisset
1255 5218 1331 5282 ΕΤβ
1348 5223 1376 5272 04
1396 5219 1488 5277 430;
1514 5223 1650 5273 0044040004
1665 5224 1725 5274 tta.
1746 5249 1774 5260 ·-

454 5291 494 5343 34.
511 5293 630 5357 propinus
646 5293 675 5343 T.
