4367 6109
443 539 489 609 'el
845 540 996 607 aalma
1017 539 1096 605 PRO
1118 540 1152 605 Ρ.
1173 535 1365 616 aemerio

446 715 503 791 rit,
526 734 585 798 ego
607 713 780 801 sponsione
800 712 951 776 vicerim?
983 711 1085 785 Nihil,
1108 710 1231 793 opinor.
1267 710 1500 793 Cognoseamus
1515 708 1663 773 edietum.
1700 707 1764 784 Qu

446 830 491 875 nx
511 811 624 874 aurora
647 830 712 874 sino
727 827 760 871 ιιι
773 825 1001 871 rossassrormu
1017 826 1182 871 varamus.
1214 806 1261 868 lie
1282 811 1312 866 te
1333 803 1492 888 loquitur,
1513 803 1628 878 Naevi,
1653 823 1764 888 quem-

446 905 617 969 admodum
640 911 675 967 tu
697 911 800 985 putas.
841 903 896 965 ais
919 902 1002 964 enim
1024 909 1056 964 te
1079 921 1120 965 ex
1141 899 1245 963 edicto
1267 898 1402 962 venisse.
1446 898 1533 972 Tibi,
1556 893 1634 982 quid
1655 896 1763 975 facias,

447 996 570 1075 definit,
593 1006 624 1061 te
645 997 798 1072 instituit,
821 995 877 1059 tihi
899 1001 1067 1079 praecepta
1088 996 1151 1058 dat.
1190 994 1255 1056 Eos
1277 1011 1331 1056 rra
1351 1012 1487 1056 vrunrrn
1507 1012 1541 1055 ιιι
1561 1012 1762 1057 rossnssioms

422 1107 520 1159 sassa
543 1113 716 1158 oronrana.
752 1089 942 1168 Quomodot
976 1091 1067 1167 Qvon
1089 1108 1202 1154 insana
1224 1105 1762 1164 nscrncvsronraarorsnvur,1o

445 1209 556 1253 samaa
579 1204 788 1262 cassanum
810 1206 894 1261 oron
912 1205 974 1249 rou
987 1205 1167 1259 eorunm,
1190 1204 1222 1247 sn
1236 1202 1379 1247 aarum
1393 1204 1434 1247 nr
1450 1203 1613 1247 ssnvcarat
1627 1203 1762 1247 nrcaasr.

446 1282 531 1360 Quid
546 1284 634 1345 tami
655 1282 823 1354 Douma,
841 1279 962 1363 iuquit,
977 1297 1110 1344 rumara
1125 1299 1309 1343 narranaam
1324 1298 1386 1342 nort
1398 1297 1528 1343 nascar.
1550 1278 1630 1341 liam
1647 1278 1763 1360 ipsam,

445 1376 501 1463 qui
523 1375 690 1442 fraudandi
713 1394 808 1439 causa
829 1374 947 1449 latitet,
970 1394 1042 1438 eum
1063 1376 1185 1458 ipsum,
1209 1394 1304 1457 quem
1324 1372 1443 1436 iudicio
1466 1392 1561 1436 nemo
1576 1372 1764 1447 defenderit,

444 1489 519 1536 eam
539 1470 661 1554 ipsum,
692 1471 841 1555 quicum
863 1469 1009 1533 omnihus
1032 1470 1242 1534 oreditoribus
1264 1469 1329 1533 suis
1351 1468 1433 1532 male
1454 1475 1543 1552 agat,
1567 1467 1703 1531 invitum
1723 1465 1764 1530 de

409 1565 576 1651 topraedio
599 1565 724 1629 detrudi
742 1570 837 1629 vetat
869 1561 921 1627 85.
942 1560 1155 1628 Proficisceuti
1170 1564 1228 1627 tihi
1242 1564 1276 1626 ia
1291 1562 1527 1645 possessionem
1541 1566 1670 1645 praetor
1682 1560 1764 1644 ipse,

446 1661 520 1725 Sex.
541 1662 657 1736 Naevi,
679 1660 783 1744 palam
806 1659 898 1723 dicit:
920 1659 964 1722 ita
985 1660 1165 1741 possideto,
1187 1666 1223 1721 ut
1243 1665 1348 1722 tecum
1369 1656 1462 1721 simul
1482 1655 1646 1741 possideat
1663 1655 1765 1730 Quin·

445 1756 544 1833 atius3
565 1756 610 1819 ita
630 1755 809 1839 possideto,
832 1761 868 1818 at
890 1753 1040 1829 Quinctio
1064 1753 1111 1816 vis
1133 1773 1173 1816 ne
1196 1750 1353 1816 afferatur.
1398 1749 1482 1826 Quid
1504 1752 1565 1814 tui
1597 1749 1632 1812 id
1654 1770 1765 1833 quem·

441 1849 616 1914 admodum
638 1849 810 1914 observas?
841 1848 931 1911 Mitto
954 1847 1033 1910 illud
1056 1846 1175 1922 dicere,
1198 1868 1284 1922 eam,
1306 1847 1362 1931 qui
1383 1866 1448 1910 non
1466 1845 1612 1920 latitarit,
1635 1846 1686 1909 oui
1701 1847 1765 1908 Ro·

447 1962 516 2006 mae
538 1942 665 2019 domas,
695 1963 792 2018 uxor,
814 1942 920 2017 lihesi,
942 1948 1129 2025 procurator
1150 1949 1249 2017 esset3
1281 1962 1369 2016 eum,
1392 1942 1447 2026 qui
1469 1940 1526 2003 tihi
1548 1940 1764 2005 vadimonium

405 2050 512 2101 ttnoa
534 2038 742 2112 deseruisset3
764 2037 843 2101 haec
864 2037 971 2100 omnia
992 2037 1099 2100 mitto:
1121 2036 1200 2099 illud
1224 2036 1311 2111 dico,
1334 2036 1497 2099 dominum
1512 2035 1680 2117 expulsum
1695 2055 1765 2098 esse

447 2132 487 2196 de
515 2131 661 2215 praedio,
689 2131 819 2195 domino
848 2151 867 2195 a
895 2130 1016 2195 familia
1038 2152 1095 2195 sua
1117 2152 1229 2195 manas
1251 2132 1362 2195 allatas
1385 2152 1454 2195 esse
1476 2138 1549 2194 ante
1572 2149 1647 2193 suos
1668 2130 1764 2194 Lares

446 2224 626 2290 familiares.
668 2225 737 2289 iioo
759 2226 830 2289 dico
1099 2307 1117 2345 ⁸

993 2353 1011 2391 fl
1203 2354 1221 2392 C

531 2425 565 2488 Si
583 2424 654 2510 quis
670 2444 768 2488 unam
781 2423 919 2509 aliquem
933 2423 1066 2487 fundum
1081 2425 1193 2509 quavis
1207 2426 1329 2489 ratione
1344 2425 1521 2508 possideat,
1541 2425 1646 2507 ipsam
1660 2432 1766 2489 autem

512 2610 536 2661 t.
553 2609 682 2671 sponsione
695 2607 806 2670 emerim]
822 2606 870 2659 «al.
883 2609 1037 2671 sponsionem
1051 2610 1168 2660 amelm-
1187 2625 1226 2662 ac
1243 2614 1270 2661 et
1283 2624 1335 2676 mg.
1349 2610 1374 2665 l.
1394 2610 1432 2661 Ci.
1446 2611 1568 2662 Huschke
1580 2610 1654 2661 haul.
1667 2624 1693 2675 p.
1707 2610 1764 2662 tlt.

449 2712 476 2723 -
494 2684 519 2734 i.
537 2684 633 2733 amerit
648 2681 777 2734 Ghielrl
794 2685 822 2733 et
836 2686 871 2744 Α,
890 2684 953 2733 item
965 2697 1018 2748 mg.
1033 2684 1057 2737 t.
1073 2713 1101 2723 -
1120 2684 1144 2736 l.
1158 2687 1282 2750 dispesitis.
1298 2714 1325 2723 ·-
1343 2685 1560 2750 uideturllehetk.
1576 2714 1603 2723 -
1621 2688 1645 2736 7.
1659 2687 1767 2736 Euat--

446 2773 503 2811 eum
513 2785 527 2795 -
538 2785 552 2795 -
562 2759 627 2822 eum]
643 2771 702 2809 oum
713 2785 749 2797 --
761 2772 932 2809 cum--cum
947 2760 972 2809 k.
993 2786 1020 2795 -
1039 2760 1063 2810 8.
1077 2773 1133 2809 eum
1149 2762 1245 2822 ipsum,
1263 2774 1336 2823 quem
1350 2762 1528 2817 ludiciuoemo
1540 2761 1588 2823 des.
1608 2761 1766 2825 typographi

447 2847 538 2885 errore
555 2846 608 2884 om.
622 2833 652 2884 0.
674 2861 701 2871 -
719 2834 853 2898 detenderit
862 2833 975 2886 Klotzias
988 2834 1039 2897 (ed.
1052 2833 1123 2898 alti:
1143 2836 1248 2898 mimdit
1261 2837 1352 2896 suli,
1371 2836 1484 2898 defendat
1495 2834 1579 2889 ant.
1595 2862 1621 2872 -
1641 2835 1681 2886 lo.
1696 2838 1764 2901 prot.

445 2910 474 2960 le
487 2923 552 2973 poss.
568 2923 610 2972 pr.
628 2909 679 2972 lpse
695 2908 739 2959 rm
748 2910 828 2960 Naeui
843 2910 869 2960 la.
884 2937 911 2945 —
932 2911 971 2960 ll.
984 2910 1091 2961 edlottlr.
1106 2937 1135 2948 -
1153 2912 1191 2961 s'ta
1204 2912 1574 2974 possideto--Qutoctiusom
1586 2910 1611 2960 la.
1628 2936 1655 2947 -
1674 2912 1715 2962 m.
1727 2914 1768 2964 uls

446 3000 497 3038 noo
513 2988 637 3049 afferatur
652 2986 669 3035 k
686 2986 713 3035 et
728 2986 762 3047 L,
787 2986 827 3036 lus
845 2999 876 3036 oe
896 2985 1029 3048 asseratur
1045 2985 1240 3051 Gaboegn,
1266 2987 1305 3037 lus
1326 3000 1376 3036 aaa
1392 2986 1525 3049 auferatur
1541 2983 1608 3036 ilm
1626 2989 1654 3036 et
1670 2988 1699 3037 li.
1717 2987 1768 3050 (uis

447 3074 479 3111 ee
494 3063 618 3124 operatur
633 3059 775 3122 auehi.)
790 3086 817 3097 -
837 3061 902 3122 Quid
917 3059 964 3110 ta?
979 3062 1005 3110 id
1016 3063 1111 3112 navius
1128 3062 1200 3127 (Var.
1213 3064 1277 3113 Lect.
1290 3064 1320 3113 ll.
1339 3076 1365 3127 p.
1379 3062 1461 3123 lsai:
1480 3060 1566 3124 Ouid?
1583 3060 1764 3118 tutotuto,

450 3160 477 3172 -
497 3136 673 3186 ideonum.
691 3140 713 3188 ll
731 3148 792 3186 cam
809 3137 859 3187 lde
877 3138 904 3186 et
921 3149 961 3201 pr.
981 3136 998 3186 i.
1020 3164 1047 3174 -
1073 3139 1113 3187 lh.
1132 3138 1328 3200 esseenpulsam
1347 3138 1518 3200 praedtoalr.
1545 3164 1572 3174 —
1599 3136 1639 3186 lt.
1658 3137 1765 3203 domiuo]

447 3209 514 3260 domi
538 3224 628 3261 errore
653 3211 841 3276 typographico
864 3208 891 3264 ἓ.
918 3236 945 3248 -
971 3211 1057 3262 illatas
1073 3226 1088 3262 e
1107 3215 1134 3263 et
1150 3215 1180 3263 Α.
1201 3239 1229 3250 -
1253 3213 1293 3264 la.
1312 3216 1382 3278 etp.
1400 3214 1441 3263 25.
1460 3226 1488 3263 v.
1506 3212 1530 3262 8.
1548 3212 1766 3263 Hoedlco***

446 3286 569 3337 Naeuium
584 3300 616 3337 ue
630 3287 766 3349 appellasse
782 3286 889 3349 widem]
913 3286 968 3346 Sir,
994 3287 1042 3338 sed
1060 3286 1131 3338 nullo
1148 3287 1258 3339 lacunae
1275 3288 1362 3351 siguo,
1381 3301 1422 3338 m:
1448 3288 1492 3337 har
1513 3288 1566 3337 dieo
1583 3288 1705 3337 Nasutum
1721 3302 1766 3350 ap·

442 3362 560 3425 peltasset
584 3363 631 3425 [pr.
650 3361 785 3423 appellasse
805 3361 882 3424 corr.)
901 3362 998 3423 quidem
1020 3375 1049 3422 e,
1075 3377 1133 3413 cum
1148 3364 1193 3413 hoo
1208 3365 1280 3413 edicti
1295 3365 1395 3414 nomiae
1409 3377 1440 3414 ne
1457 3364 1603 3425 appellasset
1619 3363 1716 3425 paridem
1733 3366 1764 3426 lr,

446 3438 492 3487 hae
516 3438 588 3487 edicti
608 3450 687 3487 auum
704 3450 736 3485 ae
760 3437 912 3515 appeltam—et
925 3438 1023 3500 quidem
1043 3437 1104 3500 Gh,
1126 3439 1175 3488 hoe
1196 3440 1268 3490 edam
1287 3452 1365 3488 auam
1387 3452 1418 3488 ae
1440 3437 1489 3502 (me
1505 3440 1532 3502 li)
1551 3438 1696 3500 appellasset
1713 3441 1767 3502 pui-

447 3523 502 3572 dem
517 3520 683 3585 Bcdghi,
706 3521 751 3571 hoo
767 3522 840 3571 edicti
858 3536 911 3573 oua
925 3536 957 3572 oe
973 3522 1107 3585 appellasse
1124 3524 1221 3586 quidest
1237 3523 1260 3584 l,
1286 3524 1331 3574 hae
1346 3524 1418 3573 edicti
1433 3524 1533 3573 minime
1549 3523 1695 3585 appellasset
1712 3526 1767 3586 pai·

447 3598 502 3647 dem
526 3598 563 3659 u,
589 3597 634 3647 hac
655 3598 761 3647 edictum
780 3611 859 3648 anam
879 3612 910 3649 ee
929 3598 1075 3662 appellasset
1101 3600 1199 3662 quidem
1221 3598 1266 3661 al,
1293 3601 1338 3650 hoe
1362 3602 1447 3651 eadem
1467 3615 1546 3650 unum
1566 3614 1597 3650 oe
1618 3601 1765 3663 appellasset

446 3675 589 3736 quidemn.
625 3673 702 3724 Teste
727 3674 873 3723 Hotomano
901 3676 948 3725 his.
978 3686 1030 3722 nan
1057 3675 1239 3736 pervetustum
1268 3675 1294 3724 in
1323 3676 1439 3738 margine
1468 3673 1630 3738 adscriptam
1655 3675 1764 3727 hahuit:

447 3748 510 3799 «llic
532 3749 558 3798 ia
579 3750 685 3812 uetusto
705 3746 849 3812 exemplari
867 3746 919 3797 duo
937 3747 995 3798 lolia
1013 3750 1088 3798 erant
1104 3747 1246 3799 abscissa·
1283 3750 1364 3800 Deest
1384 3751 1490 3813 praeter
1510 3749 1593 3799 verba
1617 3750 1703 3801 finalia
1725 3764 1767 3802 se·

446 3822 524 3873 cundi
551 3822 644 3886 capitis
669 3822 774 3873 tertiam
800 3821 945 3885 partitionis
970 3824 1061 3884 caput,
1088 3822 1113 3872 io
1132 3835 1184 3884 quo
1210 3825 1298 3872 orator
1322 3822 1521 3873 demonstrabat
1545 3826 1671 3876 Naevium
1695 3826 1766 3879 hana

446 3897 557 3957 Quinctii
575 3910 607 3947 ex
624 3896 711 3946 edicto
728 3907 780 3945 noa
797 3895 963 3959 possedisse,
991 3907 1051 3945 caui
1069 3896 1197 3960 principio
1215 3896 1318 3961 epilogi.
1356 3898 1391 3947 Ει
1405 3896 1532 3955 ,codicum
1554 3898 1638 3951 tarbis
1656 3906 1767 3967 apparet

447 3974 526 4023 etlam
552 3972 635 4023 verbs
657 3972 711 4021 dico
734 3972 761 4020 et
780 3971 903 4021 Naeuium
924 3970 1097 4020 incertissima
1121 3983 1196 4029 esse;
1223 3972 1249 4020 iu
1266 3970 1439 4034 sequentihus
1456 3983 1562 4035 quoque
1580 3976 1662 4038 magis
1680 3976 1767 4040 placet

446 4047 626 4098 coniunctivae
644 4044 789 4109 appellasset
807 4042 919 4106 (soah
930 4043 1080 4108 cdghilsl
1091 4044 1121 4106 a)
1139 4057 1219 4107 qaam
1237 4046 1378 4098 infinitivus
1389 4047 1532 4110 appellasse.
1552 4050 1617 4099 Nam
1631 4051 1697 4102 haec
1709 4053 1764 4105 iere

445 4121 560 4172 arbitror
572 4121 690 4185 proxime
702 4120 894 4184 praecessisse:
912 4120 994 4170 Ducat
1010 4134 1060 4169 noe
1069 4119 1144 4181 [aare
1154 4133 1272 4179 comam,
1291 4137 1337 4172 our
1349 4123 1499 4185 postularet,
1513 4124 1625 4185 menum
1636 4129 1701 4187 puori
1712 4131 1764 4181 cet,

446 4197 484 4249 ct.
504 4197 528 4262 ἕ.
547 4196 577 4247 37
590 4208 650 4260 sqq.
670 4195 694 4259 fi.
708 4193 739 4245 la
757 4207 817 4259 sqq.
837 4220 866 4232 ·-
885 4195 924 4245 48.
944 4194 1023 4246 lulius
1040 4196 1196 4246 severianus
1214 4209 1239 4260 p.
1259 4196 1315 4249 3l0.
1335 4197 1377 4248 ed.
1392 4199 1489 4262 Capp:
1508 4199 1593 4250 Cicero
1608 4203 1766 4264 praemorso

445 4272 585 4323 aduersarii
601 4270 765 4335 commanem
781 4284 814 4320 ea
830 4270 943 4333 opimone
958 4271 1084 4320 hominum
1101 4271 1272 4331 reprehendit:
1289 4273 1314 4321 Si
1331 4274 1376 4337 qai
1392 4300 1407 4310 -
1417 4300 1432 4311 -
1442 4299 1457 4310 -
1474 4274 1621 4337 possidere.
1655 4278 1768 4340 Eapaett

444 4345 479 4411 (et
490 4346 562 4407 ponit
577 4348 650 4397 recte
667 4346 720 4396 duo
739 4344 822 4395 Cadd.
841 4346 953 4409 Monac.)
971 4347 1135 4411 depellerem
1151 4360 1241 4396 mam:
1263 4347 1328 4407 Quid
1347 4350 1401 4409 est,
1426 4350 1522 4411 inquit,
1546 4350 1704 4414 possideret
1725 4356 1767 4405 ni-

444 4422 541 4474 mirum
558 4448 572 4458 -
582 4448 597 4459 ·
608 4448 623 4460 -
639 4421 778 4487 possideri.
811 4422 902 4473 Prodat
919 4423 1025 4472 Nerium
1040 4435 1091 4471 ouo
1107 4421 1186 4481 basa,
1208 4423 1250 4473 sed
1264 4424 1396 4485 praedium
1411 4426 1561 4486 possedisse:
1585 4426 1653 4477 Cam
1670 4426 1765 4481 domus

444 4499 515 4556 erat,
541 4497 634 4559 lnquit,
660 4500 772 4558 Romae,
794 4499 865 4550 servi
881 4500 907 4548 in
924 4499 981 4563 ipsa
998 4495 1091 4558 Gallia,
1114 4499 1214 4562 privata
1295 4512 1375 4550 ausas
1392 4513 1422 4551 es
1439 4499 1591 4565 possidere;
1618 4506 1641 4551 et
1656 4503 1766 4568 callipit:

444 4569 521 4631 Quod
537 4572 560 4621 si
576 4568 646 4622 hona
660 4574 688 4623 Ρ.
702 4572 797 4633 Quintil
814 4570 979 4637 possideres,
994 4573 1119 4634 possidere
1135 4587 1218 4624 mones
1234 4588 1262 4625 eo
1279 4574 1334 4625 lure
1350 4575 1443 4627 debere.
1470 4576 1573 4627 Primus
1591 4576 1661 4627 hune
1677 4577 1766 4632 locam

443 4644 528 4697 attulit
544 4648 603 4697 Gar.
616 4649 641 4698 i.
669 4649 778 4699 Ceteros
795 4649 860 4712 tagit
875 4651 985 4712 propter
1002 4648 1129 4699 mendum
1147 4650 1366 4717 typographicam
1383 4653 1408 4701 io
1426 4650 1513 4702 lodice
1526 4651 1647 4703 editionis
1659 4654 1766 4720 cappe·

442 4722 547 4773 ranerii.
582 4721 657 4772 Aliud
675 4735 781 4787 quoque
799 4722 974 4786 fragmentum
993 4723 1027 4773 ad
1044 4738 1082 4775 or.
1103 4726 1273 4785 Quinctianae
1289 4724 1332 4777 vet
1350 4729 1400 4778 hoo
1418 4729 1498 4792 caput
1512 4726 1554 4778 vel
1571 4741 1595 4778 c.
1613 4729 1653 4779 at.
1673 4730 1766 4783 reterri

441 4796 511 4850 solet
527 4812 560 4849 ex
577 4797 683 4863 Ulpiano
700 4796 745 4848 lib.
763 4799 804 4849 59.
822 4798 856 4849 ad
873 4799 995 4851 Edictum
1012 4800 1036 4864 g.
1050 4800 1081 4852 l:
1101 4803 1165 4864 Quid
1181 4803 1213 4852 sit
1228 4807 1312 4852 eutero
1325 4801 1426 4853 latitare
1437 4804 1573 4853 uldmmus.
1600 4804 1713 4855 Latitare
1725 4811 1767 4859 est
1842 4824 1848 4839 ·

441 4888 504 4934 eos,
522 4879 550 4923 ut
566 4874 650 4925 Cicera
667 4875 761 4939 defluit,
780 4877 863 4940 turpis
881 4873 1021 4926 occultatio
1038 4878 1092 4936 sai;
1109 4884 1189 4941 potest
1205 4878 1270 4929 enim
1287 4879 1342 4941 quis
1358 4879 1459 4929 latitem
1474 4892 1525 4929 eae
1541 4879 1609 4942 turpi
1625 4880 1655 4929 de
1665 4893 1764 4944 samse,
1809 4888 1811 4890 ’

440 4948 516 4999 uetutl
532 4949 575 5011 pai
591 4949 695 5011 tpraeel
710 4950 880 5001 crudelitatem
896 4952 964 5001 timet
981 4956 1026 5001 aut
1041 4953 1092 5001 uim
1108 4954 1214 5004 hostium
1230 4959 1275 5003 aut
1286 4955 1431 5004 domesticas
1446 4955 1582 5005 seditiones.
1608 4954 1660 5005 Sed
1677 4956 1766 5006 iacer-

440 5025 572 5075 tlssimam
589 5038 650 5076 esse
669 5038 721 5075 nou
739 5025 819 5076 mado
837 5025 871 5076 ad
888 5025 959 5090 quod
977 5027 1054 5077 huius
1072 5030 1197 5080 orationis
1213 5031 1304 5094 caput,
1324 5029 1371 5080 sed
1383 5031 1417 5080 ad
1429 5043 1509 5094 quem
1522 5030 1657 5082 Ciceronis
1667 5028 1765 5082 libram

440 5100 507 5150 haec
524 5099 640 5151 delinitio
657 5101 803 5166 pertineat,
821 5104 882 5166 post
899 5103 1076 5153 liotamaaum
1096 5103 1137 5165 lad
1150 5118 1173 5155 c.
1187 5105 1237 5167 49.)
1257 5106 1328 5154 recte
1342 5106 1442 5156 monuit
1452 5102 1572 5155 Kelleras
1589 5118 1616 5170 p.
1629 5105 1670 5156 65.
1683 5118 1709 5155 u.
1722 5104 1762 5157 lt.

442 5201 470 5212 -
488 5175 587 5238 siquis
604 5176 663 5228 cod.
677 5178 851 5228 Emmeraaus
868 5177 898 5238 E,
911 5177 972 5228 hili.
991 5190 1062 5228 nunc
1078 5180 1179 5237 Monac.
1199 5180 1254 5238 Lat.
1268 5176 1357 5231 illae.
1376 5181 1434 5232 Sec.
1451 5180 1504 5236 iili.
1519 5178 1570 5243 (Ep
1589 5180 1610 5235 si
1627 5181 1688 5248 quid
1703 5181 1763 5238 cod.

439 5250 540 5312 uanae.
559 5247 671 5310 Elector.
690 5253 766 5311 dam.
786 5251 842 5310 aaa.
862 5252 919 5324 (a),
937 5253 966 5303 st
982 5254 1025 5324 put
1042 5255 1124 5327 capp.
