4367 6109
953 568 1010 657 pp.
1032 567 1187 639 re-eo.
1241 594 1243 599 ·

415 880 1103 901 .............................
1126 835 1177 903 47.
1199 839 1326 901 modum
1352 838 1584 922 proscripsisse.
1619 839 1730 903 Homi-

413 948 487 992 nem
515 929 665 1013 appellat.
706 931 769 993 Iste
802 949 877 993 sane
909 929 1099 1014 adroganter
1128 933 1215 1017 quod
1242 932 1442 995 commodum
1468 931 1529 995 tuit
1555 933 1729 1017 respondit.

412 1023 600 1108 Nequedum
621 1020 699 1089 lines
721 1032 833 1089 auctor
852 1024 1130 1089 demonstraverat.
1172 1025 1269 1090 Mittit
1290 1024 1331 1088 ad
1352 1033 1588 1108 procuratorem
1609 1026 1729 1091 litteras

414 1120 446 1180 et
466 1117 507 1180 ad
528 1116 657 1182 vilicum
678 1118 801 1182 Tullius
825 1164 1729 1191 ......................................
1751 1134 1767 1181 a

415 1351 1302 1371 .....................................
1325 1305 1481 1372 iacturum
1503 1310 1645 1393 negarim
1667 1311 1730 1374 illis

413 1398 597 1463 absentibus
619 1397 699 1465 fines
719 1403 892 1466 Acerronio
915 1401 1159 1474 demonstrarit,
1188 1420 1292 1484 neque
1319 1407 1424 1464 tamen
1453 1401 1535 1468 hanc
1557 1405 1730 1469 centuriam

412 1494 622 1579 Populianam
641 1516 772 1560 vacuam
794 1496 932 1560 uadidit
975 1495 1182 1570 Acerronius,
1211 1495 1372 1589 quemodo
1394 1499 1516 1580 potnit,
1546 1520 1581 1563 se
1603 1500 1642 1561 de
1664 1507 1731 1563 tota

415 1998 465 2067 l8.
484 2004 569 2067 mine
592 2003 747 2070 eiusmodi
763 1937 979 2070 semustilatud
991 1958 1109 2087 elingit.
1131 1935 1269 2069 Adducit
1283 2006 1343 2069 iste
1358 2006 1479 2069 interea
1492 2006 1526 2068 in
1548 2006 1662 2070 saltum
1675 2006 1733 2070 ho·

414 2099 516 2162 mines
538 2098 656 2163 eleetos
671 2100 817 2163 maximis
831 2100 945 2163 animis
960 2105 993 2163 et
1007 2100 1143 2175 viribus,
1165 2108 1198 2164 et
1211 2101 1249 2164 iis
1264 2120 1366 2176 arma,
1388 2121 1471 2184 quae
1486 2100 1601 2184 cuique
1616 2101 1734 2166 habilia

414 2199 511 2276 atque
534 2200 608 2275 apta
629 2201 748 2268 essent,
775 2186 952 2277 comparat:
982 2214 1112 2277 prorsus
1134 2201 1170 2257 ut
1191 2194 1296 2278 quiris
1317 2194 1510 2277 intelligeret
1530 2213 1595 2257 non
1617 2196 1676 2259 eos'
1694 2194 1734 2259 ad
1742 2202 1771 2250 ts

412 2305 479 2349 rem
500 2286 664 2362 rusticam,
691 2306 801 2350 verum
832 2287 872 2350 ad
895 2287 1022 2352 caedem
1044 2308 1081 2351 ac
1103 2285 1240 2371 pugnam
1262 2289 1448 2372 comparari.
1492 2284 1543 2352 tt.
1565 2289 1656 2352 Brevi
1677 2289 1734 2351 illo

414 2386 557 2462 tempore
580 2379 619 2456 Q.
642 2381 721 2444 Catii
743 2381 928 2457 Aemiliani,
949 2380 1087 2446 hominis
1109 2381 1252 2458 honesti,
1275 2402 1440 2467 quemvos
1459 2383 1576 2459 nostis,
1599 2383 1663 2446 duo
1676 2382 1735 2445 ho-

415 2474 516 2538 mines
538 2475 739 2552 occiderunt,
768 2476 866 2540 multa
887 2477 951 2540 alia
971 2477 1129 2552 fecerunt,
1158 2477 1276 2560 passim
1298 2477 1492 2560 vagabantur
1512 2476 1641 2554 armati,
1669 2496 1735 2541 non

415 2570 563 2645 obscure,
586 2570 641 2634 sed
664 2579 699 2634 ut
720 2571 813 2655 plane
835 2571 1011 2655 intelligere
1033 2571 1229 2646 riderentur,
1252 2572 1291 2635 ad
1307 2591 1402 2655 quam
1417 2591 1483 2634 rem
1497 2571 1598 2654 parati
1613 2578 1735 2646 essent3

415 2683 521 2745 agros,
544 2663 611 2728 vias
634 2665 772 2750 denique
794 2665 924 2729 infestas
944 2665 1113 2729 habebant.
1156 2665 1251 2729 Venit
1272 2665 1306 2727 in
1328 2664 1502 2728 Thurinum
1525 2665 1646 2729 interea
1661 2663 1773 2728 Tul-to

414 2758 487 2822 lius.
520 2759 642 2822 Deinde
665 2759 725 2822 iste
748 2767 838 2843 pater
858 2759 994 2823 familias
1015 2760 1187 2832 Asiaticus,
1217 2759 1329 2823 beatus
1350 2778 1452 2823 novus
1473 2765 1578 2822 arator
1599 2757 1735 2822 elidem

415 2852 602 2934 pecuarius,
634 2873 705 2916 cum
734 2854 909 2918 ambularet
935 2854 968 2918 in
995 2874 1087 2937 agro,
1120 2854 1342 2919 animadvertit
1368 2853 1482 2917 inohac
1504 2853 1573 2936 ipsa
1595 2853 1736 2918 centuria

415 2946 592 3029 Populiana
624 2945 802 3011 aedilicium
831 2968 896 3011 non
923 2949 968 3011 ita
995 2968 1144 3030 magnum
1175 2967 1364 3032 servumque
1385 2949 1427 3011 ll.
1451 2946 1547 3010 Tullii
1567 2946 1735 3009 Philinum.

415 3035 467 3104 20.
491 3040 605 3117 «Quid
624 3042 733 3117 vobis,
762 3042 886 3126 inquit,
914 3042 986 3106 istic
1007 3043 1127 3124 negotii
1150 3042 1184 3105 in
1205 3062 1275 3107 meo
1298 3043 1396 3106 estis
1435 3041 1551 3105 Servus
1571 3038 1737 3123 respondit

415 3244 573 3308 saembmar,
584 3258 641 3297 cam
651 3245 729 3298 sabito
739 3247 820 3296 suarii
830 3247 866 3298 44.
876 3246 953 3297 Mle
963 3246 1065 3297 vestati
1075 3261 1094 3297 a
1103 3246 1174 3308 edla,
1184 3244 1323 3304 P.fFabires
1332 3245 1405 3311 pedi
1414 3244 1481 3295 ilias
1488 3243 1596 3310 flaumsi
1605 3245 1736 3307 maiores

416 3334 493 3384 qaam
507 3320 562 3384 ipre
576 3334 656 3384 seper
677 3334 734 3371 cam
750 3321 794 3372 Os.
811 3320 946 3372 Aceronia
964 3322 1080 3387 essisset]
1098 3322 1199 3372 modies
1214 3321 1278 3379 Bo,
1294 3321 1350 3371 siro
1366 3319 1485 3384 ophitae:
1501 3335 1559 3373 cres
1573 3323 1652 3387 lpitsr
1666 3335 1738 3373 seso

416 3408 495 3447 msere
504 3395 586 3457 velet,
604 3396 661 3446 isaie
676 3396 742 3447 accio
755 3395 862 3460 [uadum
878 3396 986 3460 impepit.
1011 3396 1036 3446 ls
1052 3401 1105 3447 turs
1117 3397 1209 3446 liomae
1224 3396 1326 3460 apebat,
1343 3409 1401 3446 eres
1412 3396 1490 3447 iltllio
1504 3399 1645 3460 smtiaterr,
1661 3411 1739 3449 soret

414 3470 508 3520 melam
522 3471 659 3532 maiorm,
676 3483 753 3532 qaam
768 3469 879 3532 ipsones
895 3474 967 3531 estet,
983 3469 1063 3535 [aad]
1080 3471 1181 3521 modam
1195 3472 1230 3533 Η,
1247 3472 1303 3522 viro
1319 3472 1435 3534 op[ttmo;
1452 3473 1494 3523 cai
1509 3473 1584 3538 saule
1601 3474 1736 3538 persuasit,

415 3546 801 3610 utusdusiarseommuses
817 3550 915 3597 eseret.
937 3546 1213 3610 andutoompertum
1228 3551 1274 3606 eet,
1292 3547 1652 3613 adsmsetaroproearatore
1668 3549 1740 3599 astte

415 3623 578 3685 arowasiae,
594 3622 745 3673 amasses
755 3622 814 3686 apri
823 3621 923 3687 sobam]
934 3622 1035 3672 modam
1045 3621 1074 3671 ll.
1090 3647 1119 3656 -·
1137 3623 1162 3672 t.
1173 3621 1283 3672 elilim
1294 3621 1322 3672 0.
1334 3649 1362 3658 -
1380 3623 1481 3674 Desunt
1497 3623 1593 3676 decem
1604 3621 1736 3674 versiculi.

416 3698 475 3749 vid.
487 3696 560 3762 adp.
578 3695 619 3746 92.
631 3709 656 3747 v.
669 3695 694 3746 9.
714 3696 818 3758 Taliter,
837 3694 946 3760 [adest
955 3696 982 3748 C.
994 3695 1082 3747 Claudi
1095 3701 1301 3760 procreatores,
1318 3701 1347 3747 ut
1361 3698 1422 3760 ipsis
1434 3698 1604 3760 prwmtibae
1617 3700 1679 3763 fisca
1689 3711 1739 3748 ers·

414 3771 527 3835 pleribus
542 3771 685 3822 erasm,
704 3770 729 3820 is
743 3785 803 3823 vero
818 3773 899 3822 sermo
916 3785 967 3836 qao
982 3770 1131 3821 comamelia
1145 3772 1290 3835 spissis
1306 3774 1412 3836 anestia
1426 3773 1471 3823 boc
1487 3774 1520 3837 te]
1536 3775 1663 3840 [artures
1678 3774 1737 3837 ΒΟ,

420 3846 525 3908 Tullius,
545 3845 668 3911 [ewerest
682 3846 818 3911 seiamque
834 3846 1035 3898 demoseratiosi
1051 3847 1193 3897 interessent
1209 3848 1331 3898 admonet.
1357 3848 1389 3898 lli
1405 3847 1511 3899 Fabiam
1526 3850 1632 3912 Meet,
1649 3855 1740 3900 etcum

416 3924 477 3988 fisse
492 3923 736 3983 deswsttrarestur,
759 3935 785 3971 se
800 3923 948 3984 advocaret,
971 3922 1107 3972 vexanda
1119 3927 1221 3984 peiren
1238 3927 1266 3972 ct
1281 3923 1322 3972 ille
1337 3922 1370 3988 se]
1391 3924 1519 3986 [actenus
1535 3924 1566 3975 Η.
1587 3951 1614 3961 -
1632 3925 1656 3975 8.
1675 3924 1739 3974 uvir

420 3994 523 4058 dubito,
553 3996 617 4060 quin
639 4007 709 4047 risis
730 3994 808 4046 tuerit
823 3997 966 4062 scriptum,
989 4010 1152 4062 quamquam
1175 3997 1253 4063 paulo
1269 3999 1391 4063 superius
1409 3998 1442 4061 (v.
1455 3997 1491 4060 l.)
1508 3998 1630 4050 distinete
1646 3997 1740 4062 legitur

418 4082 517 4122 rura·
536 4070 612 4121 Kana.
633 4095 660 4104 -
679 4069 702 4119 9.
719 4070 883 4133 pepulissem
900 4072 964 4132 BH,
981 4072 1139 4135 Popiliasam
1155 4072 1184 4122 0.
1205 4099 1232 4110 -
1249 4085 1409 4125 sanaremus
1424 4075 1455 4132 Α,
1476 4075 1541 4125 udat
1556 4088 1631 4125 orare
1647 4075 1738 4126 Maius.

419 4144 575 4196 Emendavit
597 4143 767 4196 Niebuhrius.
787 4171 816 4182 -
843 4145 883 4196 40.
910 4146 1119 4197 absciderentur
1139 4147 1265 4198 undecim
1286 4161 1395 4208 versus,
1420 4150 1523 4215 primur
1545 4163 1598 4200 non
1615 4147 1738 4214 legibilis,

419 4222 607 4285 praeterquam
630 4217 702 4283 quod
725 4219 750 4269 in
773 4219 826 4269 tine
843 4218 1012 4271 hauddubie
1029 4220 1131 4272 litterae
1149 4235 1183 4271 η
1199 4223 1410 4287 conspiciantur,
1431 4221 1525 4287 reliqui
1542 4223 1638 4275 decem
1655 4223 1739 4275 cultro

421 4294 545 4346 desecti·
564 4294 640 4343 Ηιιι.
671 4292 824 4358 ea[csuaeit‚
850 4308 907 4344 caes
925 4296 1036 4357 primam
1057 4297 1154 4358 poterit,⁸
1175 4295 1252 4347 Fabio
1274 4301 1357 4347 aretem
1372 4298 1457 4348 statim
1472 4299 1626 4349 essentiavit
1641 4297 1741 4362 (maliet

420 4370 484 4420 esim
499 4369 538 4419 rei
553 4379 632 4429 paam
647 4369 845 4420 massionis
859 4370 943 4435 [acere
959 4372 1093 4436 imtaram)
1111 4376 1186 4434 atque
1201 4385 1235 4422 ev
1249 4373 1364 4424 mcietate
1379 4387 1435 4423 eam
1450 4373 1557 4439 lo]mise
1572 4375 1635 4436 ΒΟ,
1653 4375 1740 4440 eas[cu-

421 4443 483 4494 earit
499 4443 568 4506 apud
585 4442 705 4504 ltaliam
722 4444 866 4495 csmFabio
882 4450 965 4496 astes
981 4448 1046 4496 socie
1061 4460 1106 4496 tero
1123 4460 1154 4496 aa
1168 4448 1295 4499 ossam
1309 4461 1395 4499 renes
1410 4450 1445 4499 ad
1460 4463 1486 4500 se
1501 4451 1740 4514 norpertisestires

421 4519 480 4582 eald
495 4517 586 4583 sperit,
603 4531 654 4568 ses
670 4519 786 4582 comperi.
812 4525 878 4570 certe
892 4521 1044 4571 commertar
1058 4521 1186 4585 pratum
1202 4523 1248 4572 sibi
1260 4528 1351 4586 potest,
1368 4525 1390 4574 ei
1406 4538 1439 4575 aa
1454 4526 1552 4590 sepedo
1567 4539 1624 4576 eres
1633 4524 1740 4590 lroJmise

422 4593 452 4643 Η.
470 4591 522 4642 Sed
534 4588 653 4643 Kellerus
666 4592 700 4657 (p.
714 4593 761 4644 609
772 4594 842 4658 sqq.)
857 4593 1002 4646 admodum
1019 4594 1191 4660 probabiliter
1201 4597 1298 4659 docuit,
1316 4602 1423 4664 praeter
1433 4600 1558 4651 undecim
1569 4600 1626 4653 illos
1638 4604 1740 4668 postre-

422 4668 479 4719 nios
501 4667 570 4717 tertii
586 4664 639 4718 folii
661 4667 828 4719 Ambrosiani
850 4669 994 4722 versiculos
1015 4673 1146 4735 integrum
1165 4674 1244 4724 etiam
1261 4672 1366 4734 talium,
1388 4688 1472 4726 unum
1488 4675 1609 4741 plurave,
1636 4675 1740 4726 deside-

421 4743 486 4804 rari,
504 4755 574 4807 quae
591 4744 768 4794 narrationem
785 4744 818 4796 de
835 4744 957 4796 incendio
969 4745 993 4809 5.
1006 4742 1047 4796 bl.
1062 4749 1211 4798 memorato
1222 4748 1406 4798 continuerint.
1431 4750 1523 4813 ltaque
1534 4753 1657 4802 neutrum
1668 4763 1741 4801 cem-

421 4820 541 4869 mentum
557 4815 696 4885 probabile
714 4821 763 4870 est.
778 4846 805 4856 -
825 4818 865 4873 44.
884 4820 922 4885 iia]
939 4832 964 4871 rs
975 4821 1010 4882 Α,
1028 4822 1051 4870 ts
1067 4820 1131 4881 ΒΗ,
1149 4821 1187 4872 lie
1197 4823 1225 4874 P.
1240 4849 1268 4858 ·-
1285 4836 1357 4873 arna
1370 4828 1376 4883 1
1388 4837 1429 4875 nra
1439 4826 1470 4876 Δ.
1496 4826 1652 4876 Emendavit
1663 4826 1741 4876 Hein-

421 4892 527 4944 richius.
552 4919 580 4929 -
603 4893 642 4943 ts.
664 4891 812 4957 essuperet
832 4895 853 4943 Α
864 4894 911 4944 ΡΒ
921 4894 981 4945 ΗΚ.
1002 4920 1030 4928 -
1058 4893 1098 4944 46.
1115 4894 1198 4960 Breve]
1224 4897 1300 4948 «Non
1322 4895 1418 4962 legitur
1432 4899 1455 4949 B
1470 4897 1588 4962 initialis,
1614 4909 1647 4949 ex
1663 4911 1739 4950 more

420 4964 518 5018 lineam
535 4977 656 5030 egressa,
674 4968 704 5016 ut
720 4968 838 5033 opinor.»
854 4966 932 5021 lma.
951 4992 981 5007 -
1004 4966 1045 5021 l'i.
1063 4968 1120 5020 Coti
1138 4970 1286 5021 traua.
1306 4996 1333 5008 -
1359 4973 1399 5022 49.
1417 4973 1555 5038 hulspere
1570 4974 1688 5025 arsit.
1708 4997 1736 5009 -

367 5085 372 5097 .
422 5041 462 5093 tt.
482 5041 620 5104 trusit,
646 5041 779 5105 mnsam
798 5042 918 5096 PBHK.
936 5068 966 5083 ·-
982 5040 1180 5119 deportabo
1195 5046 1259 5109 BH,
1284 5047 1417 5110 Popitim
1432 5049 1461 5098 0.
1482 5075 1509 5085 -
1526 5050 1738 5109 asstantes.

425 5142 453 5154 -
465 5116 586 5169 4444441)
595 5118 614 5168 Β
624 5118 645 5168 Η
654 5119 684 5168 K.
699 5144 726 5155 -
743 5117 873 5183 Missis]
888 5118 1016 5171 simma.
1034 5116 1075 5171 Cl.
1086 5117 1112 5185 fl.
1121 5119 1163 5170 22.
1175 5147 1202 5157 -
1221 5120 1261 5173 44.
1273 5135 1359 5183 morra
1373 5127 1378 5182 Ι
1391 5133 1568 5174 srrcnraorrrr
1580 5125 1586 5182 1
1599 5134 1698 5175 reeasr
1707 5125 1739 5185 Δ,

422 5190 522 5257 mquid,
538 5193 592 5245 ’se
606 5193 690 5256 nepoti
704 5193 792 5245 buseo
809 5192 948 5256 esiPllK,
965 5192 1060 5259 4444444,
1075 5192 1131 5246 ’elle
1146 5195 1279 5262 sepelitis
1293 5210 1348 5250 meo
1364 5201 1399 5249 est
1414 5196 1476 5260 ΗΟ,
1494 5198 1570 5261 quasi
1581 5195 1741 5250 craterrul·

419 5277 512 5332 aerem
526 5267 768 5335 pronuntiationem
783 5267 952 5335 expresserit.
