4367 6109
704 566 771 631 co.
794 567 832 631 v.
862 565 936 631 cn.
957 565 1147 633 xcix-c.
1178 564 1236 651 ss.
1258 561 1448 633 tes-tat.
1677 562 1740 630 tes

417 739 557 813 verbera,
578 757 619 800 ne
641 756 779 811 secures,
800 757 841 800 ne
864 738 1019 802 cruciatus
1041 737 1210 813 sociorum,
1231 758 1272 801 ne
1294 737 1422 820 sanguis
1444 737 1676 811 innocentium,
1698 756 1740 800 ne

418 832 556 915 denique
578 831 673 895 etiam
695 831 869 914 exsanguia
891 850 1024 914 corpora
1051 839 1264 907 mortuorum,
1292 853 1333 896 ne
1361 852 1484 895 maeror
1510 839 1676 914 parentum
1703 849 1740 893 ac

416 927 667 1012 propinquorum
696 924 930 1007 magistratibus
958 927 1073 989 nostris
1095 928 1242 1010 quaestui
1264 934 1372 1009 posset
1393 946 1473 990 esse.
1516 926 1608 989 Hunc
1631 945 1690 1009 ego
1712 923 1740 988 si

417 1029 535 1085 metum
550 1020 675 1084 Siciliae
698 1020 897 1083 damnatione
920 1018 1011 1081 istius
1033 1041 1091 1102 per
1112 1028 1247 1085 vestram
1270 1018 1363 1083 fidem
1385 1029 1417 1083 et
1438 1020 1637 1083 severitatem
1655 1018 1741 1081 deie-

417 1134 507 1188 cero‚
538 1114 675 1189 iudices,
703 1112 779 1176 satis
801 1109 906 1176 officio
930 1131 1014 1186 meo,
1044 1113 1120 1176 satis
1142 1113 1268 1178 illorum
1290 1114 1460 1188 voluntati,
1489 1114 1544 1197 qui
1567 1134 1586 1177 a
1607 1134 1657 1177 me
1678 1113 1777 1176 boott

415 1208 611 1293 petiverunt,
631 1206 750 1272 factum
772 1226 842 1271 esse
862 1205 1046 1270 arbitrabor.

499 1301 535 1364 l..
558 1295 629 1364 t3t.
652 1299 852 1384 Quapropter
873 1301 900 1362 si
922 1318 1017 1382 quern
1039 1298 1120 1362 forte
1142 1301 1318 1376 inveneris,
1342 1301 1395 1387 qui
1416 1301 1478 1364 boc
1496 1300 1608 1364 navale
1623 1302 1740 1367 crimen

416 1401 547 1460 conetur
569 1393 755 1468 defendere,
777 1393 804 1455 is
826 1393 870 1456 ita
892 1391 1056 1456 defendat:
1085 1394 1140 1457 illa
1162 1396 1355 1468 communia,
1378 1416 1461 1479 quae
1483 1396 1522 1459 ad
1545 1414 1671 1457 causam
1694 1396 1741 1458 ni·

415 1489 460 1553 hil
481 1489 655 1572 pertinent,
683 1487 926 1570 praetermittat,
948 1506 998 1548 me
1021 1486 1133 1569 culpae
1156 1487 1311 1552 fortunam
1333 1491 1510 1570 assignare,
1532 1489 1742 1563 calamitatem

416 1581 537 1647 crimini
565 1582 657 1655 dare,
686 1602 735 1645 me
765 1581 967 1645 amissionem
989 1580 1100 1643 classis
1122 1581 1275 1657 obiicere,
1305 1603 1375 1645 cum
1398 1582 1488 1645 multi
1510 1583 1568 1644 viri
1589 1581 1685 1646 fortes
1706 1582 1739 1645 in
1749 1597 1777 1645 to

416 1676 574 1740 communi
603 1677 785 1758 incertoque
818 1674 959 1756 periculo
990 1673 1064 1737 belli
1097 1683 1130 1739 et
1156 1684 1237 1740 terra
1266 1684 1297 1739 et
1323 1678 1401 1740 mari
1424 1697 1519 1760 saepe
1542 1676 1740 1740 offenderint

415 1770 540 1835 Nullam
563 1769 620 1833 tibi
641 1769 752 1833 obiicio
774 1767 947 1830 fortunam:
970 1767 1049 1830 nihil
1072 1776 1135 1844 est,
1158 1769 1241 1854 quod
1258 1779 1435 1834 ceterorum
1460 1790 1510 1833 res
1531 1771 1634 1833 minus
1657 1791 1741 1835 com·

415 1866 508 1928 mode
530 1872 633 1949 gestas
655 1861 814 1946 proferas:
837 1861 915 1925 nihil
939 1870 1002 1935 est,
1026 1864 1113 1947 quod
1135 1864 1303 1928 multorum
1326 1864 1489 1949 naufragia
1510 1866 1654 1929 fortunae
1676 1863 1741 1926 col·

416 1961 505 2043 ligas.
535 1960 601 2041 Ego
616 1976 712 2021 naves
727 1957 838 2019 inanes
851 1954 951 2018 fuisse
967 1955 1052 2030 dico,
1074 1959 1209 2040 remiges
1225 1968 1401 2044 nautasque
1418 1960 1577 2033 dimissos,
1600 1957 1741 2039 reliquos

416 2053 564 2138 stirpibus
597 2051 713 2114 vixisse
745 2050 935 2134 palmarum,
967 2050 1141 2134 praefuisse
1174 2051 1266 2115 classi
1295 2053 1406 2138 populi
1436 2053 1568 2116 llomani
1591 2051 1778 2127 Siculum,tt

416 2157 568 2235 perpetuo
590 2145 684 2212 sociis
706 2153 802 2229 atque
825 2144 932 2207 amicis
947 2143 1194 2228 Syracusanum:
1217 2155 1247 2208 te
1269 2146 1325 2209 illo
1348 2155 1489 2230 tempore
1512 2150 1582 2231 ipso
1601 2147 1741 2230 superio·

480 2409 505 2460 2.
523 2407 651 2472 mooprdo
667 2406 704 2465 V;
723 2405 889 2468 mmnpstom
905 2402 963 2454 rell.
982 2403 1010 2455 0.
1031 2433 1058 2443 -
1079 2417 1164 2454 meror
1180 2405 1211 2462 V,
1230 2421 1299 2457 corr.
1319 2422 1350 2458 ex
1367 2422 1463 2458 mersor
1480 2409 1550 2471 (Bri.
1570 2436 1597 2445 -
1617 2409 1641 2460 3.
1661 2423 1742 2473 quos-

415 2485 473 2550 scot]
490 2485 574 2547 quent
591 2485 619 2532 ii.
635 2508 661 2518 -
681 2480 704 2531 l.
724 2485 748 2531 et
762 2481 892 2529 ceritatem
909 2478 943 2536 V;
963 2486 986 2531 st
1002 2481 1119 2531 uirtutem
1130 2482 1193 2531 dett.
1213 2483 1246 2532 cf.
1260 2483 1295 2532 ad
1312 2485 1353 2533 lV.
1368 2484 1391 2547 g.
1407 2484 1463 2534 443.
1483 2483 1541 2534 coll.
1561 2484 1625 2535 infra
1644 2485 1667 2550 g.
1683 2486 1739 2537 ⁴72.

417 2561 532 2626 [l'rustrn
550 2557 627 2621 igitur
642 2557 724 2606 blaius
742 2556 767 2605 in
785 2555 868 2604 Praei.
888 2567 914 2619 p.
928 2556 980 2605 llV.
994 2558 1155 2618 conquestus
1173 2560 1244 2617 erat,
1263 2561 1292 2607 ut
1308 2558 1365 2608 aliis
1382 2559 1446 2610 locis
1463 2562 1501 2610 sic
1518 2561 1569 2610 boc
1587 2572 1694 2624 quoque
1706 2561 1740 2613 ab

415 2636 525 2688 incautis
543 2633 639 2685 criticis
655 2644 734 2680 verae
751 2630 855 2680 lectioni
871 2632 1002 2681 veritatem
1020 2630 1178 2681 vocabulum
1194 2634 1348 2683 medatem
1365 2633 1504 2685 obtrusum
1518 2647 1591 2694 esse,
1610 2637 1685 2685 cuius
1697 2635 1742 2688 tal·

415 2713 477 2762 sitos
495 2710 521 2759 b.
541 2707 557 2758 l.
576 2710 632 2771 ipsa
650 2704 763 2755 lectione
781 2705 905 2755 codicum
923 2705 986 2756 dett.
1006 2706 1181 2769 redarguitur.
1209 2707 1247 2757 Cf.
1269 2708 1297 2757 V.
1316 2707 1339 2771 ἐ.
1361 2709 1416 2759 t88.
1437 2710 1528 2775 ttius]
1547 2735 1574 2744 —
1594 2710 1616 2759 6.
1635 2711 1740 2778 socium]

414 2785 568 2848 satbsoctum
584 2782 615 2831 V.
638 2809 663 2817 -
683 2780 706 2829 7.
725 2781 747 2828 si
764 2779 844 2844 wem]
862 2781 908 2842 siq.
922 2780 952 2830 V.
968 2807 994 2816 -
1013 2782 1076 2844 (orte
1094 2792 1147 2831 om.
1169 2781 1244 2844 egis.
1260 2809 1286 2817 -
1306 2782 1329 2833 8.
1349 2783 1370 2832 is
1386 2785 1423 2832 ito
1441 2786 1489 2845 tis,
1509 2785 1539 2846 V,
1558 2785 1615 2836 cod.
1631 2788 1738 2838 llureti:

414 2864 463 2912 isto
478 2861 543 2909 dett.
569 2858 608 2907 tto
625 2857 651 2905 h.
665 2854 681 2905 l.
701 2855 815 2905 retertur
831 2854 866 2905 ad
883 2869 927 2913 ea,
950 2869 1018 2919 quae
1036 2857 1100 2906 intra
1118 2860 1266 2920 sequuntur
1284 2857 1344 2908 inde
1361 2873 1376 2908 a
1394 2858 1409 2922 3
1433 2859 1504 2919 tas.;
1523 2874 1592 2924 quae
1609 2862 1635 2911 in
1651 2861 1740 2913 medio

415 2938 498 3003 posita
515 2937 591 2993 sunt,
610 2932 642 2983 ad
662 2932 827 2981 «cunimunis
845 2928 899 2989 ills,
919 2943 987 2994 quae
1005 2931 1039 2980 ad
1051 2944 1161 2981 causam
1179 2933 1239 2983 nibil
1258 2934 1404 2997 pertinent·
1417 2934 1559 2986 refellenda
1573 2939 1647 3000 quasi
1660 2951 1740 3002 prae-

414 3014 513 3064 teriens
529 3007 635 3060 subiicit
651 3004 756 3056 Tullius.
787 3004 860 3065 Quod
879 3008 923 3069 qui
942 3020 993 3056 non
1011 3005 1199 3070 intelligerent,
1226 3012 1272 3059 aut
1289 3008 1437 3079 παρέλκειν
1455 3014 1492 3061 ita
1510 3015 1635 3076 putarunt
1651 3017 1696 3064 aut
1712 3020 1740 3064 ut

414 3089 459 3136 iiio
477 3085 519 3150 (de
537 3085 595 3134 liot.
616 3082 683 3132 coni.
703 3080 818 3141 Scbiitz.)
836 3082 1008 3144 scripserunt.
1030 3106 1055 3117 -
1076 3082 1100 3131 9.
1117 3085 1224 3144 pertinet
1238 3088 1440 3146 praetermittam
1456 3088 1487 3136 V.
1509 3114 1536 3124 -
1555 3089 1643 3150 culpae
1658 3090 1741 3152 (ortu-

413 3174 474 3212 nom
486 3160 507 3208 V
520 3159 590 3221 liin),
609 3159 638 3206 ut
656 3156 757 3207 Ernesti
775 3156 900 3205 coniecit:
919 3157 1150 3233 cuipam-fortunae
1168 3161 1229 3208 cett.
1243 3160 1277 3218 0;
1296 3161 1322 3210 in
1340 3159 1356 3210 λ
1372 3161 1415 3210 tibi
1431 3162 1531 3224 cuipam
1547 3162 1664 3224 fortunae
1680 3177 1739 3216 esse

415 3247 532 3300 traditur.
558 3267 584 3279 -
612 3243 747 3304 odsipoorc
763 3239 823 3289 ilV.
850 3266 877 3275 -
907 3241 945 3289 t0.
965 3242 1053 3300 dores,
1079 3241 1095 3289 i.
1115 3255 1139 3290 e.
1159 3244 1276 3294 darom
1293 3247 1372 3295 etiam
1391 3246 1421 3304 V,
1441 3259 1491 3295 non
1509 3248 1592 3307 daret,
1611 3251 1641 3297 ut
1657 3250 1740 3300 Maius

414 3322 484 3386 legit.
504 3345 531 3355 -
558 3317 653 3367 obicere
670 3316 729 3373 RV,
748 3318 775 3364 et
791 3315 829 3365 sic
847 3313 982 3377 deinceps.
1005 3342 1031 3350 -
1057 3316 1139 3364 metito
1155 3317 1232 3367 liic.
1260 3346 1285 3355 -
1311 3321 1349 3369 tt.
1369 3322 1519 3383 defenderint
1537 3321 1566 3370 V.
1587 3348 1614 3357 -
1639 3323 1678 3372 li.
1696 3323 1741 3373 tibi

415 3410 467 3448 om.
487 3392 564 3456 igis.
585 3419 612 3428 -
632 3390 850 3449 incommodam,
876 3390 1003 3439 comutodu
1021 3390 1097 3453 igis.
1119 3416 1143 3426 -
1166 3391 1205 3441 l3.
1222 3392 1339 3455 fortunae
1355 3395 1417 3445 Ern.
1436 3393 1518 3445 deleri
1537 3395 1626 3446 voluit.
1655 3400 1688 3448 tu
1704 3397 1738 3449 ol.

414 3470 499 3522 lladv.
518 3481 546 3533 p,
564 3465 620 3517 lii.
641 3465 702 3515 bak.
721 3478 746 3528 p.
766 3464 806 3513 st.
832 3490 858 3498 -
885 3463 924 3514 tt.
942 3466 1014 3513 mois
1031 3467 1059 3516 li.
1086 3491 1113 3500 -
1138 3466 1221 3515 ibonis
1238 3469 1297 3519 nv,
1318 3497 1345 3506 -
1363 3483 1414 3519 csso
1430 3471 1484 3520 dico
1501 3471 1578 3534 ugos.
1599 3498 1626 3507 -
1644 3474 1741 3536 reliqua

414 3548 444 3598 V.
464 3546 524 3608 (Bc.)
545 3569 571 3577 -
592 3542 631 3592 to.
646 3545 766 3603 perpetuo
783 3537 860 3588 codd.
880 3541 987 3603 praeter
1001 3541 1031 3601 V,
1051 3542 1076 3592 in
1095 3555 1148 3605 quo
1162 3548 1293 3605 perpetum
1308 3546 1449 3607 sociumque
1464 3546 1551 3595 amicir
1567 3544 1674 3608 teritum
1691 3562 1741 3610 po-

410 3622 465 3685 puli
483 3621 511 3671 ti.
530 3617 598 3668 coni.
618 3616 695 3674 Ern.;
717 3615 890 3676 praepositum
906 3614 974 3663 coni.
993 3615 1036 3666 Or.
1055 3617 1097 3674 λς
1122 3618 1275 3681 praesentiam
1294 3619 1354 3670 cod.
1375 3619 1425 3683 (vel
1442 3622 1541 3680 coeit)
1560 3622 1614 3672 Urs.
1642 3622 1740 3673 «Huius

414 3697 554 3750 lectionem
572 3691 670 3744 codicis
689 3690 802 3755 probnre
820 3703 872 3740 non
889 3702 1013 3754 possum;
1038 3690 1101 3754 quid
1123 3694 1193 3742 enim
1216 3696 1351 3759 repetatur
1364 3696 1518 3758 praetectum
1535 3707 1596 3744 cum
1615 3708 1741 3759 praeces-

414 3771 479 3824 serit
492 3768 662 3832 praefuisset,
691 3780 743 3831 quo
761 3765 844 3816 verbo
865 3766 1037 3815 haecomnia
1055 3764 1131 3829 louge
1149 3766 1294 3830 elegantius
1311 3774 1474 3833 regerentur.
1510 3770 1563 3820 Sed
1580 3782 1667 3834 neque
1684 3771 1741 3820 fla·

414 3846 516 3901 nulium
534 3844 625 3903 sudio,
650 3843 695 3906 qui
713 3840 844 3904 vulgatam
861 3843 896 3891 ita
915 3838 1040 3905 explicat,
1064 3844 1093 3891 ut
1115 3841 1272 3894 adverbium
1286 3850 1406 3907 perpetuo
1423 3846 1476 3904 rei,
1495 3858 1563 3909 quae
1582 3858 1634 3895 non
1652 3845 1742 3909 expri-

414 3927 494 3975 mitur
512 3934 599 3985 neque
618 3917 693 3969 facile
710 3917 880 3977 subauditur,
907 3917 1058 3982 oppositum
1076 3921 1165 3980 putet,
1191 3916 1361 3970 Cleomenem
1384 3932 1481 3983 nempe
1499 3917 1577 3969 classi
1603 3922 1630 3969 P.
1649 3920 1678 3970 ti.
1693 3932 1741 3982 por
1784 3940 1788 3948 ¹

412 3999 509 4060 aliquot
525 3997 575 4046 dios
591 3995 746 4060 praefuisse.
773 3993 884 4044 Omnino
902 3993 986 4055 egitur
1002 3992 1036 4042 de
1053 4006 1105 4042 una
1124 3996 1224 4045 tantum
1242 3995 1408 4058 expeditione
1420 3996 1499 4059 eique
1511 3996 1668 4059 oppositioni
1680 3992 1741 4044 nul-

413 4073 454 4126 lus
471 4074 513 4123 est
528 4069 611 4122 locus.
638 4071 715 4120 Dicas
733 4067 794 4118 licet
810 4067 965 4119 adverbium
983 4081 1031 4132 pro
1049 4069 1179 4118 adiectivo
1196 4069 1271 4133 poni,
1291 4069 1361 4133 quod
1381 4068 1465 4134 probe
1483 4068 1592 4121 latinum
1612 4072 1654 4120 est
1670 4069 1739 4132 (vide

414 4149 485 4200 cort.
508 4145 542 4197 ad
564 4143 624 4196 sall.
644 4147 698 4207 lug.
716 4143 782 4195 XIV.
801 4146 849 4217 tt.
860 4147 887 4194 et
904 4142 966 4192 ibid.
986 4144 1048 4195 Ero.
1067 4146 1109 4194 ttt.
1128 4147 1156 4196 et
1177 4145 1303 4196 Scbvarz.
1323 4145 1356 4196 ed
1375 4144 1437 4196 Plin.
1457 4147 1553 4208 Paneg.
1572 4146 1600 4195 L.
1619 4145 1663 4205 6.),
1681 4145 1739 4196 sive

413 4227 517 4290 potius,
536 4224 565 4271 ut
581 4235 597 4272 o
615 4220 722 4271 Graecis
738 4213 796 4282 ciet,
815 4222 849 4270 ita
867 4221 911 4270 hic
929 4222 1050 4284 usurpari
1064 4226 1199 4282 perpetuo:
1219 4234 1287 4285 quse
1305 4234 1349 4271 res
1366 4219 1489 4285 explicari
1502 4223 1590 4285 potest
1600 4233 1649 4285 per
1660 4221 1740 4272 notis·

414 4302 513 4351 simum
533 4297 673 4348 latinorum
691 4287 777 4357 ὑφέν,
803 4295 907 4359 dequo
931 4297 1028 4345 Pureus
1046 4296 1071 4344 in
1089 4297 1150 4346 Lex.
1170 4294 1252 4346 Plaut.
1271 4299 1298 4347 et
1315 4298 1445 4347 Passerat.
1464 4310 1496 4347 ao
1513 4293 1589 4358 Vulp.
1608 4293 1642 4345 nd
1660 4296 1738 4359 Prop.

413 4377 433 4425 l.
451 4375 492 4435 tt,
510 4375 534 4424 t.
555 4374 582 4423 et
598 4372 669 4423 Cori.
687 4369 722 4421 ad
742 4368 800 4420 Sall.
820 4370 884 4420 illst.
905 4371 928 4420 t.
952 4370 978 4419 in
1003 4373 1068 4420 oret.
1088 4370 1178 4434 Lepid.
1198 4384 1223 4420 n.
1243 4372 1267 4422 6.
1293 4372 1336 4422 Sic
1357 4369 1456 4436 pluries
1478 4376 1536 4420 oste
1555 4369 1626 4432 sacto
1646 4369 1739 4420 Cicero

414 4449 490 4510 dixit,
509 4451 539 4499 nt
555 4446 718 4499 ostendimus
734 4446 768 4496 ad
786 4459 809 4495 c.
829 4446 869 4496 43.
889 4458 937 4509 pro
948 4446 1081 4495 Deiotaro.
1110 4447 1187 4496 Certe
1200 4445 1296 4497 Tullius
1314 4448 1364 4497 boc
1381 4447 1460 4496 dicit:
1479 4445 1615 4496 bominem
1626 4443 1740 4505 Spem

413 4537 502 4575 roomo
519 4523 545 4573 b.
564 4536 588 4573 e.
608 4535 641 4571 er
658 4535 688 4571 en
706 4521 826 4580 civitate,
845 4534 913 4585 quae
931 4521 1045 4571 inarime
1062 4522 1166 4571 inimica
1183 4520 1281 4586 populo
1296 4523 1327 4572 lt.
1345 4522 1393 4572 fuit
1409 4535 1441 4572 ac
1458 4518 1528 4571 bello
1545 4520 1655 4569 demum
1672 4516 1739 4568 sub-

414 4603 482 4657 acta,
499 4600 616 4661 perpetuo
632 4597 703 4647 sociis
719 4603 793 4659 atque
810 4597 896 4645 amicis
912 4594 1000 4661 populi
1018 4596 1047 4646 ti.
1066 4595 1223 4659 praefuisse,
1242 4597 1267 4646 h.
1286 4610 1310 4647 e.
1325 4598 1460 4660 pometum
1479 4608 1559 4660 quem
1571 4605 1666 4643 vocem
1684 4591 1740 4644 vul-

414 4676 490 4737 gatus
507 4672 641 4724 substituit
658 4672 792 4734 ediditque
810 4670 967 4731 Lambinus,
985 4672 1026 4722 vel
1044 4674 1088 4736 qui
1108 4675 1237 4737 perpetuo
1254 4672 1317 4722 socii
1335 4677 1362 4723 et
1378 4673 1455 4723 amici
1474 4675 1501 4723 P.
1520 4671 1549 4721 ti.
1568 4670 1679 4719 luerent.
1702 4668 1737 4720 cf.

414 4762 440 4814 p.
459 4749 526 4799 Sest.
546 4762 570 4799 c.
589 4748 630 4798 nt.
662 4748 705 4797 tto
722 4747 827 4808 oppetas
845 4746 935 4807 inber,
958 4749 1001 4809 qui
1017 4762 1113 4810 semper
1128 4751 1220 4812 socios,
1238 4761 1333 4809 senipcr
1349 4750 1444 4798 amimae
1459 4748 1515 4812 [ott.
1536 4745 1593 4809 [sed
1611 4745 1638 4794 b.
1656 4743 1673 4793 l.
1690 4744 1739 4806 [sit

414 4824 558 4890 adiicituri]
577 4825 650 4874 lianc
667 4821 869 4887 explicationem
886 4835 938 4872 non
956 4823 1115 4874 confirmant
1131 4821 1226 4882 modo,
1245 4834 1338 4873 verum
1356 4824 1436 4873 etiarn
1454 4822 1592 4884 requirunt
1603 4833 1649 4880 ea,
1668 4832 1737 4882 qnae

415 4903 469 4951 toto
486 4912 544 4963 cup.
563 4897 603 4948 32.
622 4911 702 4962 supro
720 4898 859 4948 dicuntur:
883 4897 954 4948 unde
971 4898 1019 4948 bos
1037 4912 1097 4950 esso
1115 4897 1171 4948 illos
1189 4899 1387 4962 cognoscimus,
1412 4899 1454 4961 oui
1470 4899 1497 4947 io
1514 4897 1626 4946 amicitia
1641 4897 1739 4960 fideque

413 4977 440 5027 P.
459 4977 486 5026 tt.
503 4978 622 5038 perpetuo
638 4980 782 5024 manserant
799 4974 831 5038 (ἕ.
845 4974 904 5038 83.).
931 4974 1005 5024 idem
1023 4974 1066 5026 bic
1083 4974 1258 5038 significatur,
1277 4973 1348 5037 quod
1366 4986 1398 5025 eo
1415 4973 1474 5024 loco
1491 4973 1593 5022 eximiis
1610 4973 1673 5021 artis
1690 4983 1738 5021 eo-

415 5049 514 5102 loribus
532 5050 659 5114 pingitur,
679 5050 704 5099 in
722 5062 774 5113 quo
792 5051 834 5099 est
850 5049 883 5100 ad
896 5054 1058 5100 extremum:
1078 5062 1186 5111 quorum
1200 5051 1325 5100 sociorum
1341 5046 1738 5112 operoSgrocosooinobisdicto

414 5125 539 5175 cadmia
555 5129 625 5185 sont,
643 5137 683 5174 eos
699 5124 859 5186 Sprocurooo
876 5126 940 5174 dicto
958 5125 1084 5175 cudentes
1100 5138 1149 5175 esse
1165 5126 1255 5175 immiti
1274 5124 1306 5189 ts.
1319 5125 1396 5188 Sti.»
1425 5126 1517 5174 thsr.
1536 5126 1577 5184 u..
1596 5124 1671 5173 cuius
1689 5135 1737 5173 ex·

414 5199 545 5266 plicationi
561 5201 737 5264 suffragantur
753 5201 855 5265 Zumpt.
874 5205 902 5251 et
918 5200 1044 5251 Halmius.
1069 5202 1104 5250 st
1123 5199 1206 5265 ligura
1224 5195 1274 5263 ὑφ’
1292 5196 1323 5251 ἓν
1339 5201 1410 5266 apud
1427 5201 1582 5250 Ciceronem
1600 5197 1736 5249 rarissima

415 5279 456 5330 est
472 5280 499 5331 et
515 5278 541 5329 iu
558 5275 728 5332 substantivis
746 5274 898 5331 verbalibus
915 5276 971 5328 iere
988 5275 1074 5327 obvia.
1096 5276 1142 5343 (Cf.
1160 5277 1263 5342 Reisigii
1280 5275 1376 5329 soboli.
1393 5290 1421 5344 p.
1433 5275 1481 5328 392
1495 5289 1555 5343 sqq.
1569 5272 1632 5326 ibid.
1646 5275 1735 5344 usas.)
