4367 6109
864 591 1016 659 ORATIO
1037 591 1116 659 PRO
1137 594 1180 658 Μ.
1201 593 1347 658 TULLIO

449 946 1457 969 ..........................................
1488 925 1544 970 ore
1573 905 1698 988 putarit
1725 904 1764 967 ad

450 991 586 1057 officium
608 1017 701 1059 suum
715 1000 890 1080 pertinere,
912 998 1092 1062 adversario
1109 1000 1196 1063 nulla
1210 1001 1242 1063 in
1257 1021 1291 1063 re
1305 1019 1456 1083 parcere:
1480 998 1558 1083 quid
1572 1019 1624 1061 me
1640 1004 1766 1079 oportet

425 1087 586 1153 oTullium
607 1109 665 1173 pro
688 1092 792 1154 Tullio
813 1092 934 1167 lacere,
959 1093 1089 1155 homine
1111 1094 1281 1157 coniuncto
1305 1114 1427 1156 mecum
1449 1113 1514 1156 non
1533 1094 1639 1156 minus
1659 1091 1764 1155 animo

448 1201 543 1266 quam
565 1186 719 1249 nominet
750 1186 796 1249 Ac
817 1186 895 1249 mihi
917 1189 1015 1270 magis
1033 1187 1113 1250 illud
1134 1187 1342 1251 laborandum
1362 1189 1504 1264 videtur,
1525 1188 1765 1270 reciperatores,

447 1282 497 1351 ut,
520 1278 606 1362 quod
628 1288 721 1344 antea
741 1281 821 1344 nihil
842 1282 876 1343 in
897 1282 992 1344 istum
1016 1281 1098 1356 dixi,
1120 1282 1254 1366 probare
1276 1284 1414 1365 possim,
1437 1303 1533 1366 quam
1554 1283 1588 1344 in
1604 1300 1643 1344 eo
1659 1299 1767 1363 reprc-

446 1370 585 1447 hender,
611 1375 697 1458 quod
718 1377 780 1439 boc
802 1382 943 1459 tempore
965 1378 1154 1459 respondeo.
1197 1375 1227 1439 5.
1250 1378 1367 1439 Verum
1389 1385 1421 1440 et
1442 1384 1511 1439 tum
1530 1377 1562 1439 id
1577 1375 1656 1449 ieci,
1679 1374 1768 1459 quod

447 1467 605 1547 oportuit,
627 1475 659 1531 et
678 1489 762 1533 nnnc
783 1468 895 1533 faciam
919 1469 1006 1555 quod
1027 1490 1157 1533 necesse
1179 1477 1236 1533 est.
1268 1472 1348 1533 Nam
1370 1491 1441 1534 cum
1463 1478 1547 1533 esset
1561 1470 1602 1532 dc
1616 1489 1651 1531 re
1669 1488 1768 1552 pecu·

411 1576 438 1626 40
447 1560 548 1624 uiaria
568 1565 798 1639 controversia,
821 1564 908 1648 quod
930 1566 1078 1628 damnum
1102 1565 1208 1627 datum
1232 1568 1274 1628 ll.
1290 1565 1394 1627 Tullio
1410 1564 1603 1639 diceremus,
1626 1563 1768 1627 alienum
1852 1552 1860 1577 ⁹

447 1675 517 1717 mea
545 1664 656 1720 natura
676 1658 841 1722 videbatur
862 1660 1036 1743 quidquam
1059 1660 1098 1722 de
1121 1659 1354 1722 existimatione
1379 1661 1412 1721 P.
1435 1659 1524 1721 Fabii
1547 1659 1669 1733 dicere,
1701 1677 1768 1721 non

447 1748 523 1835 quia
543 1770 594 1814 res
607 1753 768 1833 postulare
783 1774 848 1815 non
862 1754 1032 1816 videretur.
1062 1752 1149 1830 Quid
1165 1774 1240 1836 ergo
1255 1757 1325 1816 esti
1355 1754 1492 1816 Tametsi
1506 1753 1648 1836 postulat
1662 1770 1769 1824 causa,

447 1850 567 1920 000000,
589 1846 650 1907 nisi
665 1847 758 1930 plane
774 1849 859 1931 cogit
872 1848 1031 1930 ingratiis,
1052 1849 1092 1911 ad
1108 1844 1360 1910 maledicendum
1376 1868 1439 1911 non
1455 1846 1545 1910 soleo
1562 1843 1767 1909 descendere.

446 1939 536 2001 Nunc
565 1960 636 2002 cum
666 1949 794 2005 coactus
816 1943 936 2018 dicam,
966 1943 992 2004 si
1015 1943 1093 2026 quid
1115 1941 1196 2004 sorte
1219 1942 1338 2017 dicam,
1368 1949 1473 2005 tamen
1495 1940 1655 2022 idipsum
1676 1957 1770 2001 rere-

411 2032 549 2096 tscunde
570 2033 758 2120 modiceque
780 2036 908 2111 faciam,
931 2044 1051 2098 tantum
1073 2043 1129 2110 ut,
1152 2036 1304 2120 quoniam
1326 2035 1387 2099 sibi
1409 2055 1459 2098 me
1481 2054 1547 2098 000
1569 2053 1639 2097 esse
1661 2032 1769 2095 inimi·

448 2147 519 2190 cum
541 2128 646 2209 potuit
666 2130 771 2212 priore
792 2131 917 2195 actione
939 2131 1053 2193 Fabius
1075 2131 1234 2205 iudicare,
1261 2150 1344 2193 nunc
1366 2131 1408 2192 Μ.
1424 2129 1530 2191 Tullio
1551 2124 1678 2190 fidelem
1701 2146 1769 2190 cer-

446 2228 578 2305 tumque
600 2223 735 2286 amicum
758 2245 827 2288 esse
850 2232 1031 2306 cognoscat.

532 2315 561 2381 6.
584 2319 687 2382 Unum
706 2319 768 2381 boc
791 2320 846 2381 abs
868 2326 916 2393 te,
939 2320 973 2381 L.
990 2318 1134 2395 Quincti,
1156 2319 1309 2401 pervelim
1331 2319 1500 2402 impetrare
1524 2313 1621 2401 (quod
1643 2314 1770 2379 tametsi

448 2431 486 2474 eo
507 2412 599 2487 volo,
628 2413 703 2496 quia
724 2413 802 2475 mibi
825 2413 902 2476 utile
924 2420 989 2487 est,
1020 2420 1124 2476 000000
1147 2414 1202 2475 abs
1225 2420 1255 2475 te
1279 2413 1415 2485 idcirco,
1447 2412 1523 2495 quia
1544 2433 1682 2496 aequum
1705 2418 1769 2487 est,

410 2503 600 2589 apostolo),
624 2513 659 2568 ut
680 2507 724 2570 ita
745 2507 801 2597 tibi
824 2507 957 2569 multum
980 2508 1131 2591 temporis
1146 2507 1185 2568 ad
1201 2506 1369 2569 dicendum
1386 2526 1509 2593 sumas,
1532 2513 1568 2568 ut
1581 2506 1632 2567 bis
1646 2505 1770 2589 aliquid

448 2601 487 2665 ad
509 2600 713 2664 iudicandum
733 2601 906 2685 relinquas.
942 2603 1085 2685 Namque
1115 2608 1207 2663 antea
1236 2619 1301 2662 non
1331 2599 1525 2662 detensionis
1548 2606 1621 2663 tuae
1646 2600 1769 2674 modus,

447 2694 503 2758 sed
525 2714 590 2757 nox
611 2696 669 2758 tibi
690 2695 786 2759 linem
809 2697 933 2759 dicendi
955 2695 1040 2758 fecit.
1084 2696 1176 2756 Nunc
1199 2694 1224 2755 si
1248 2692 1305 2755 tibi
1327 2693 1452 2775 placere
1475 2701 1598 2776 potest,
1622 2713 1663 2756 uc
1685 2692 1770 2755 idem

446 2788 560 2863 iacias,
586 2788 619 2851 id
641 2790 696 2852 abs
718 2797 749 2852 te
769 2790 908 2873 postulo.
952 2792 1061 2873 Neque
1082 2788 1144 2851 hoc
1166 2788 1284 2850 idcirco
1307 2787 1453 2869 postulo,
1483 2787 1570 2870 quod
1594 2794 1624 2850 te
1647 2786 1769 2870 aliquid

448 2902 593 2945 censeam
615 2884 786 2967 praeterire
808 2893 972 2968 oportere,
994 2892 1134 2946 autnon
1157 2903 1253 2967 quam
1276 2882 1476 2944 ornatissime
1498 2888 1531 2944 et
1545 2880 1768 2964 copiosissime

410 2978 569 3053 aedicere,
596 2998 706 3042 verum
734 2986 770 3043 ut
798 2979 896 3043 semel
917 2996 1110 3061 unaquaque
1132 2977 1171 3039 de
1196 2998 1230 3040 re
1254 2976 1358 3039 dicas:
1390 2976 1477 3059 quod
1504 2975 1531 3037 si
1559 2973 1674 3047 iacies,
1705 2994 1769 3037 000

448 3093 575 3147 vereor,
598 3093 637 3138 00
660 3076 795 3138 dicendo
818 3076 886 3138 dies
909 3074 1074 3137 eximatur.

532 3166 561 3232 7.
589 3170 743 3232 Iudicium
772 3177 910 3233 vestrum
939 3176 1002 3242 est,
1031 3167 1275 3250 reciperatores,
1310 3183 1455 3239 oscuras
1484 3181 1641 3226 recurras
1668 3183 1769 3226 rerer

448 3282 530 3326 nono
561 3284 647 3327 uino
678 3284 828 3328 0000000
856 3266 889 3326 Ρ.
911 3264 1001 3326 Facu
1030 3282 1062 3324 vr
1091 3281 1262 3324 noumrcvs
1284 3282 1419 3325 lunaris
1442 3279 1611 3323 colorisve
1635 3276 1768 3323 0000000

448 3378 554 3422 narvu
585 3379 660 3423 usse
690 3360 731 3422 M.
761 3362 892 3423 Tremo.
913 3384 915 3388 ’
933 3358 1011 3420 Eius
1040 3356 1304 3419 reiterationem
1325 3376 1383 3419 nos
1405 3354 1556 3431 lecimus3
1590 3353 1768 3418 aestimatio

411 3460 552 3518 tovcstra
573 3461 635 3528 est;
659 3454 811 3517 iudicium
834 3454 941 3516 datum
963 3452 1064 3515 estin
1086 3452 1310 3535 quadruplum.

533 3544 562 3609 8.
587 3547 664 3611 Cum
686 3567 795 3610 omnes
817 3547 902 3629 leges
926 3545 1095 3629 omniaque
1118 3545 1253 3619 iudicia,
1284 3564 1366 3629 quae
1388 3543 1484 3627 paulo
1507 3543 1653 3626 graviora
1674 3550 1769 3625 atque

449 3640 611 3723 asperiora
631 3642 779 3704 videntur
800 3662 885 3715 esse,
909 3662 948 3703 cx
969 3641 1187 3723 improborum
1209 3641 1376 3724 iniquitate
1399 3645 1430 3701 et
1450 3638 1569 3701 iniuria
1589 3644 1665 3700 nata
1687 3643 1769 3711 sunt,

449 3741 516 3797 tum
537 3734 598 3799 hoc
618 3735 771 3799 iudicium
791 3735 902 3818 paucis
924 3734 1011 3797 hisce
1033 3735 1125 3798 annis
1147 3742 1277 3817 propter
1291 3736 1456 3798 hominum
1470 3732 1585 3796 malam
1601 3738 1770 3796 consuetu·

450 3882 520 3946 ⁴700)
547 3881 651 3933 excedit
675 3879 734 3931 lolia
755 3881 924 3931 Taurinensia
947 3881 1026 3945 (quae
1044 3882 1150 3933 circiter
1168 3882 1230 3932 4550
1248 3881 1404 3944 continent),
1423 3881 1439 3930 i.
1454 3893 1478 3930 e.
1497 3880 1603 3931 circiter
1619 3879 1677 3930 400.
1704 3881 1770 3930 Nam

450 3956 521 4021 quod
546 3956 607 4007 inde
632 3969 646 4006 a
670 3953 758 4005 verbis
776 3969 819 4005 ore
832 3956 931 4018 putavit
947 3957 1067 4018 sequitur
1086 3956 1177 4007 lolium
1194 3955 1412 4015 Ambrosianum,
1438 3953 1508 4004 haud
1527 3953 1607 4005 dubie
1625 3956 1651 4005 in
1668 3955 1770 4019 integro

451 4030 542 4082 codice
564 4030 676 4081 alterurn
699 4031 776 4082 huius
793 4032 918 4081 orationis
942 4030 1013 4081 tuit.»
1032 4032 1107 4082 Kane.
1135 4031 1253 4081 consului.
1271 4030 1367 4094 Prilore
1384 4030 1480 4080 ceticae
1496 4043 1651 4093 summopere
1667 4032 1723 4080 ccvi
1739 4028 1770 4080 00

451 4106 592 4170 offendendo
616 4104 710 4155 Fabio:
734 4107 776 4157 scd
799 4108 899 4167 000000
925 4107 1064 4168 Quinctius,
1090 4112 1186 4157 motato
1208 4106 1352 4169 deferoonis
1374 4104 1479 4169 tenJorc,
1501 4104 1602 4166 potavit
1618 4107 1651 4167 P,
1676 4104 1771 4170 100ον0

450 4182 546 4231 octone
563 4181 641 4230 manis
657 4181 755 4231 0004000
768 4183 889 4232 motionis
899 4196 969 4233 meac
978 4184 1116 4232 reconditos
1126 4182 1215 4241 00000,-
1233 4182 1403 4244 sedquoniam
1417 4181 1468 4243 ipse
1480 4181 1620 4243 Quinctius,
1638 4181 1664 4230 tn
1676 4181 1771 4231 000000

449 4257 495 4306 illo
507 4255 615 4320 prtlcrc,
630 4258 729 4319 000000
745 4259 807 4320 Bo,
826 4259 946 4308 consotei.
970 4256 1067 4321 Pri[ore
1084 4294 1174 4307 .....
1193 4257 1261 4306 Nom
1277 4257 1298 4306 st
1313 4256 1342 4307 1..
1357 4256 1496 4318 Quinctius,
1516 4255 1598 4305 000000
1611 4268 1660 4317 pro
1676 4255 1771 4306 bonine

451 4344 469 4381 0
484 4346 509 4383 re
524 4332 685 4392 0000000000,
711 4333 812 4397 culpmi
828 4338 926 4384 iontem
942 4334 1100 4397 quorundam
1113 4337 1280 4394 patrooomm
1294 4332 1486 4397 m1orcputooit
1502 4331 1533 4381 ll.
1554 4358 1581 4368 -
1605 4331 1629 4380 3.
1647 4326 1771 4382 orneris·

451 4420 536 4457 rimo
548 4410 568 4457 Α
581 4408 651 4472 apud
662 4409 820 4472 Peyronum.
847 4410 929 4461 Maius
946 4412 973 4459 et
983 4407 1101 4459 Kellerus
1116 4407 1202 4458 silent.
1216 4435 1242 4444 —
1262 4408 1286 4458 7.
1301 4408 1412 4471 probare
1423 4407 1517 4469 possim
1533 4419 1610 4467 quam
1627 4419 1690 4457 cum
1708 4408 1772 4457 Cra-

450 4494 525 4532 mero
542 4484 561 4531 B
571 4483 590 4533 0
600 4484 621 4533 Η
631 4484 652 4533 lt
662 4497 667 4531 :
691 4497 782 4535 roomo
797 4523 888 4536 .....
906 4497 1006 4545 nourr
1023 4484 1129 4533 incertis
1147 4482 1270 4534 ductibus
1288 4481 1450 4533 intermediis
1467 4485 1501 4542 Α,
1521 4481 1636 4543 probrosi
1652 4495 1772 4545 00000000

450 4558 478 4617 Ρ,
488 4555 594 4619 probari
603 4560 695 4620 possim
703 4573 779 4621 00000
787 4559 900 4611 Klotzius
908 4560 958 4622 (ed.
972 4573 1011 4623 pr.
1024 4572 1085 4609 nam
1097 4556 1177 4608 altera
1190 4558 1268 4609 huius
1279 4560 1402 4609 orationis
1414 4557 1493 4607 editio
1503 4556 1620 4607 nondum
1632 4558 1769 4621 apparuit).

453 4661 480 4671 -
493 4633 665 4698 incoloeTb.
678 4637 834 4687 Mommsen.
850 4664 876 4673 —
894 4636 1079 4699 repraeteodor
1095 4635 1212 4685 APBll.
1223 4661 1250 4671 -
1270 4636 1308 4684 40.
1322 4636 1430 4685 alienior
1441 4647 1526 4684 ocrea
1543 4634 1570 4683 P.
1585 4660 1612 4670 —
1633 4635 1660 4683 44
1667 4670 1673 4683 .
1685 4632 1723 4698 a]
1742 4634 1769 4695 0.

451 4722 542 4760 errore
560 4712 749 4775 typographico
761 4714 789 4763 0.
802 4741 829 4750 -
845 4712 906 4763 Fabi
922 4714 996 4764 APB
1007 4712 1067 4762 HK.
1082 4738 1110 4747 —
1129 4711 1169 4760 40.
1182 4708 1250 4773 quio]
1262 4723 1321 4769 orm
1331 4713 1360 4760 Α.
1381 4710 1499 4761 Correxit
1513 4708 1605 4759 Maius.
1620 4737 1648 4746 -
1668 4707 1773 4760 raneos

447 4785 559 4849 postulet
574 4786 725 4851 consecet]
743 4787 781 4839 Cl.
794 4801 819 4851 p.
834 4789 952 4848 Quinctio
964 4788 988 4851 5.
1002 4786 1042 4838 43.
1057 4813 1083 4822 -
1098 4785 1138 4837 tl.
1151 4788 1172 4836 si
1184 4801 1207 4849 q.
1220 4787 1238 4850 s.
1253 4786 1335 4835 dicam
1347 4799 1391 4836 om
1414 4786 1441 4834 K.
1458 4813 1485 4821 -
1501 4796 1578 4834 mser
1590 4783 1693 4836 Kellero
1706 4787 1772 4836 testo

452 4864 481 4913 A.
497 4889 525 4899 -
544 4861 583 4911 is.
596 4864 747 4921 romoni.
765 4849 1112 4913 emendavit'neinrrcmus.
1134 4888 1160 4897 -
1179 4862 1219 4911 is.
1234 4861 1318 4922 curos
1334 4859 1497 4910 annona.
1517 4858 1555 4909 cr.
1569 4858 1603 4908 aa
1615 4872 1641 4923 p.
1652 4860 1694 4923 00,
1706 4862 1729 4912 i.
1743 4885 1770 4895 -

452 4938 525 5001 qood]
552 4936 694 4986 evidentur
710 4937 778 4988 duae
795 4937 895 4989 litterae
913 4939 956 4989 bic
967 4937 1072 4988 additae
1090 4938 1184 4999 luisse,
1203 4936 1300 5000 quibus
1318 4933 1442 4985 eruendis
1455 4935 1535 4985 etiam
1547 4933 1696 4985 remedium
1708 4935 1773 4985 che·

452 5015 552 5065 nrieum
569 5012 716 5064 adhibitum
734 5017 783 5065 est.
811 5015 888 5065 Certe
907 5011 968 5064 nihil
985 5013 1175 5064 desideratur·
1193 5014 1268 5062 Krec.
1287 5013 1408 5062 Fortasse
1420 5011 1446 5060 in
1458 5010 1510 5060 fine
1522 5022 1616 5060 versus
1627 5009 1716 5061 addita
1727 5010 1773 5061 tuit

452 5104 504 5142 una
522 5088 563 5141 vel
580 5089 648 5140 duae
666 5087 767 5139 litterae
784 5089 919 5152 sequentis
936 5087 1067 5139 versiculi.
1087 5087 1126 5138 cl.
1144 5101 1199 5137 rior.
1219 5086 1279 5138 lect.
1298 5085 1332 5136 ad
1349 5086 1373 5150 5.
1391 5087 1416 5137 2!
1435 5086 1458 5135 8.
1472 5085 1513 5138 40.
1526 5085 1567 5136 00,
1582 5113 1609 5122 -
1629 5086 1669 5136 40.
1687 5098 1774 5136 oecon

454 5165 570 5215 ΑΡΒΗ.
592 5192 619 5201 -
639 5166 680 5214 00.
698 5164 743 5229 bis]
761 5164 782 5214 ts
797 5165 855 5215 ΑΡ.
870 5192 897 5200 -
915 5164 955 5214 00,
972 5175 1034 5213 rire
1050 5163 1080 5212 rt.
1099 5191 1125 5199 -
1144 5164 1185 5213 at.
1197 5160 1284 5226 arsur]
1301 5160 1340 5212 Ab
1358 5161 1409 5212 hac
1420 5174 1486 5212 voce
1501 5160 1593 5223 incipit
1607 5158 1696 5211 lolium
1708 5160 1773 5211 Tau·

455 5237 559 5287 rinense
576 5237 698 5290 alterum.
718 5266 746 5277 -
764 5240 805 5291 28.
822 5238 859 5305 P.]
876 5240 950 5289 rrum
966 5240 994 5299 T,
1009 5239 1037 5300 ο.
1056 5251 1146 5288 errore
1164 5235 1355 5302 typographico
1372 5236 1401 5285 0.
1423 5261 1449 5271 -
1467 5235 1529 5286 raet
1545 5234 1723 5285 ATPBHK.
1743 5260 1770 5271 -

454 5309 495 5362 29.
512 5312 603 5383 omre]
624 5326 721 5371 rucrrr
736 5314 795 5370 ΑΡ.
815 5342 843 5353 -
860 5312 1002 5368 00000000
1017 5318 1101 5368 orreo
1116 5317 1151 5367 cst
1167 5324 1221 5365 om.
1233 5312 1264 5365 K.
1278 5338 1306 5349 -
1323 5310 1365 5365 34.
1382 5322 1459 5364 curru
1473 5314 1648 5373 10000000
1662 5311 1770 5373 toral.
