4367 6109
488 576 550 645 460
820 583 1143 649 SUPPLEMENTUM
1162 582 1464 648 unuouuulouls

553 743 613 797 pag.
630 731 687 782 434.
712 745 738 780 v.
758 732 781 781 4.
803 745 860 782 cum
881 744 934 783 om.
953 732 984 783 i2
1001 746 1028 797 p.
1051 760 1084 771 -
1106 733 1130 783 3.
1148 734 1170 782 44
1187 732 1292 796 pinnum
1311 732 1344 783 444
1359 730 1391 783 44
1407 744 1433 797 p.
1452 759 1486 771 -
1502 733 1542 784 46.
1560 732 1668 783 ionem
1683 729 1719 781 44
1736 741 1765 795 p.
1783 755 1816 766 -

487 815 595 865 mihimet
610 815 632 864 44
648 828 681 866 ex
696 816 728 867 49
745 817 880 881 Zumptius
901 829 955 867 non
972 815 1063 867 attulit.
1085 844 1120 856 -
1145 817 1184 867 49.
1203 830 1253 868 csso
1269 829 1323 867 om.
1341 816 1382 867 49.
1405 845 1439 855 -
1462 816 1504 868 28.
1522 817 1658 868 deorum
1675 814 1763 866 idem.
1782 841 1815 852 -

480 898 528 950 ’44.
540 899 632 948 iudices
647 899 667 949 44
683 904 760 951 essem
775 898 845 950 bene
856 912 929 965 susp.
941 901 1036 952 Bekius
1053 899 1070 950 Ι.
1083 914 1107 951 4.
1120 914 1146 965 p.
1158 902 1216 951 206.
1234 903 1263 953 In
1275 901 1370 952 endem
1382 900 1406 967 5.
1420 914 1445 952 v.
1458 900 1662 953 28.ve1·borum
1675 898 1814 950 distinctio

487 983 527 1034 sic
543 982 697 1045 corrigenda
715 985 771 1034 est:
789 984 880 1034 scirent
896 997 963 1035 esse:
980 1012 1014 1024 -
1030 998 1103 1046 quem
1118 986 1197 1050 ipiiur
1208 988 1269 1045 cet.;
1289 999 1351 1037 num
1367 986 1393 1037 in
1412 986 1529 1038 oratione
1547 982 1733 1037 anacoluthon
1752 995 1813 1034 esso

488 1067 541 1118 ium
556 1068 691 1132 Zumptius
707 1066 778 1119 bene
795 1069 937 1134 perspexit.
955 1097 989 1107 -
1010 1070 1050 1120 49.
1065 1070 1149 1132 potuit
1164 1069 1211 1132 44,
1229 1083 1310 1134 quam
1328 1069 1469 1122 tectionem
1485 1072 1512 1121 Z.
1530 1083 1584 1121 uon
1601 1069 1687 1121 habet
1704 1069 1752 1133 (ex
1765 1080 1814 1132 po·

487 1149 582 1214 udis).
600 1178 634 1191 -
649 1151 690 1202 30.
708 1153 739 1203 do
752 1153 832 1203 medio
848 1155 945 1204 rimato
960 1153 1001 1204 49.
1019 1181 1053 1191 -
1069 1153 1110 1205 34.
1129 1155 1214 1204 omnio
1230 1155 1267 1204 ito
1283 1154 1413 1219 incoquita
1424 1153 1620 1204 --uidciauiw
1637 1151 1671 1207 44
1687 1165 1718 1217 p.

552 1248 612 1300 pag.
630 1235 687 1287 434.
709 1250 735 1287 v.
754 1236 779 1288 3.
797 1238 888 1300 causis]
907 1238 963 1288 coni
978 1237 1009 1289 44
1026 1251 1062 1305 p.,
1082 1252 1144 1289 cum
1160 1237 1229 1289 linea
1248 1241 1355 1290 4444444
1372 1250 1422 1303 per
1438 1239 1455 1289 4.
1473 1266 1508 1278 -
1523 1238 1547 1289 8.
1566 1239 1663 1300 deiude]
1681 1236 1754 1288 domi
1770 1234 1810 1287 44.

488 1344 521 1359 -
538 1318 577 1371 44.
596 1322 755 1383 quaerendus
770 1321 811 1374 44.
829 1347 862 1360 -
877 1321 978 1387 4444444]
996 1322 1086 1373 boumn
1101 1321 1142 1374 44.
1160 1350 1194 1363 -
1210 1323 1250 1374 46.
1268 1337 1285 1372 4
1301 1323 1330 1376 4.
1348 1321 1388 1374 44.
1404 1349 1432 1360 -
1450 1323 1490 1374 46.
1509 1323 1670 1374 molinorum
1685 1319 1721 1372 44
1738 1334 1766 1386 p.
1779 1348 1812 1361 -

487 1403 528 1457 47.
546 1404 589 1455 4444
605 1406 631 1454 id
647 1419 708 1468 opus
722 1405 798 1470 snserit
814 1420 908 1470 444444
925 1406 966 1456 49.

553 1500 612 1553 pag.
630 1489 687 1540 282.
704 1503 730 1540 v.
744 1491 769 1540 3.
788 1490 828 1556 cc]
846 1495 869 1542 ct
885 1490 916 1543 44
933 1503 959 1556 p.
972 1518 1005 1529 -
1019 1491 1155 1542 vicensimo
1170 1491 1211 1542 28.
1224 1518 1258 1531 -·
1270 1491 1390 1554 portoriis
1406 1490 1438 1542 44
1454 1503 1481 1556 p.
1493 1518 1527 1531 ·-
1543 1489 1568 1542 4.
1580 1491 1618 1541 uti
1631 1490 1722 1554 pusitii
1738 1489 1771 1542 44
1781 1504 1808 1556 p.

489 1598 516 1610 ·-
536 1573 560 1624 6.
578 1574 666 1624 Sicilia
681 1587 734 1625 om.
753 1575 831 1639 Lugg.
847 1578 956 1641 praeter
971 1576 1012 1627 49.
1031 1575 1071 1627 44.
1089 1603 1123 1614 —
1139 1575 1184 1625 icoc
1204 1580 1239 1625 est
1260 1575 1306 1625 ins.
1324 1575 1366 1624 47.
1383 1575 1432 1636 49;
1457 1575 1502 1626 too
1524 1575 1606 1625 444444
1622 1574 1669 1636 44;
1696 1575 1760 1625 daec
1775 1580 1812 1626 444

487 1656 568 1707 insuto
585 1656 641 1708 nell.
659 1659 738 1722 Lugg.
757 1659 828 1723 (hinc
845 1659 1001 1727 corrigenda
1019 1661 1060 1710 est
1076 1659 1164 1710 adnot.
1178 1659 1289 1721 critice.)
1306 1689 1340 1699 -
1356 1660 1381 1710 7.
1398 1660 1511 1710 morinos
1526 1660 1567 1711 49.
1579 1687 1614 1697 -
1627 1657 1770 1722 potuisti
1781 1672 1809 1724 p.

488 1768 522 1780 -
538 1742 562 1792 8.
580 1743 718 1794 Pusionno
734 1744 775 1794 49.
792 1771 826 1782 -
842 1744 866 1793 9.
884 1745 996 1795 Messene
1012 1743 1043 1794 44
1060 1757 1086 1810 p.
1106 1770 1134 1780 -
1154 1744 1194 1794 44.
1213 1744 1341 1808 dciepnrnt
1356 1743 1438 1795 idem.
1455 1771 1489 1781 -
1505 1744 1546 1796 44.
1563 1744 1661 1795 mori
1678 1743 1762 1794 idom.
1776 1771 1811 1782 -

489 1823 529 1876 44.
547 1830 576 1876 ut
590 1839 673 1878 cinnes
688 1840 742 1879 om.
760 1826 791 1879 44
807 1841 833 1893 p.
847 1856 879 1868 -
896 1829 935 1878 44.
955 1834 1068 1891 acceptus
1084 1833 1108 1878 44
1123 1841 1244 1891 empsim
1260 1826 1291 1878 44
1308 1842 1335 1893 p.
1349 1854 1377 1864 -
1397 1829 1439 1879 i8.
1456 1830 1574 1892 confictos
1588 1828 1629 1879 49.
1646 1854 1673 1863 -
1695 1828 1737 1878 49.
1749 1841 1810 1877 444-

487 1923 545 1959 ram
556 1909 661 1962 dett-
676 1911 716 1962 34.
733 1926 788 1963 cum
804 1913 937 1977 manifesto
952 1926 992 1962 res
1006 1913 1134 1978 {tupiiiosn
1147 1912 1163 1962 4.
1176 1911 1218 1962 44.
1236 1912 1413 1976 (desideratur
1430 1912 1529 1978 optima
1545 1911 1622 1963 lectio
1638 1912 1713 1978 opud
1724 1913 1764 1976 Ζ.)
1775 1939 1811 1950 -

488 1993 529 2045 34.
548 1994 679 2057 incipimus
694 1998 773 2060 Lugg.
790 1999 897 2061 prseien
912 1995 952 2047 44.
970 2025 1003 2035 -
1020 1997 1050 2046 de
1066 2009 1119 2047 om.
1138 1995 1169 2046 44
1186 2009 1213 2061 p.
1230 2024 1264 2035 -
1280 1996 1320 2046 37.
1338 1998 1415 2062 desert
1431 1996 1463 2048 44
1479 2011 1506 2061 p.

554 2092 614 2143 pug.
632 2079 689 2130 433.
707 2094 732 2131 v.
751 2079 775 2130 6.
793 2080 961 2131 discessionum
976 2080 1017 2130 29.
1034 2079 1074 2131 46.
1087 2108 1121 2119 -
1138 2081 1162 2132 8.
1179 2082 1234 2145 4444]
1250 2082 1272 2130 is
1287 2082 1328 2132 29.
1345 2109 1371 2117 —
1390 2082 1414 2132 8.
1430 2081 1591 2144 pecuniario
1605 2083 1686 2146 Lugg.
1699 2083 1812 2147 praeter

489 2162 520 2214 47
538 2164 566 2213 44
580 2163 621 2214 49.
639 2191 669 2210 .-
688 2178 770 2215 omncs
786 2165 940 2216 44449-
955 2170 1103 2215 conuentum
1118 2165 1149 2215 V.
1166 2193 1191 2201 -
1212 2167 1252 2216 44.
1271 2165 1334 2231 quis]
1351 2164 1496 2227 quein-
1510 2164 1647 2217 44444444.
1661 2192 1690 2202 -
1706 2164 1747 2217 44.
1758 2180 1813 2216 nos

489 2260 540 2309 quo
555 2248 625 2298 iilum
640 2249 696 2312 copi
708 2248 830 2311 putabam
846 2247 886 2299 44.
902 2277 929 2286 -
949 2250 989 2298 47.
1007 2249 1089 2314 atque]
1108 2255 1135 2299 ut
1146 2250 1182 2310 V;
1201 2252 1306 2312 numo.
1320 2251 1530 2315 superscriptum
1544 2248 1591 2312 444,
1610 2251 1746 2301 incertum
1756 2252 1810 2300 est.

488 2358 522 2369 -
536 2333 582 2381 444
603 2334 695 2397 vivum]
715 2334 857 2383 4444444444
872 2331 904 2384 44
922 2345 947 2397 p.
974 2361 1007 2372 -
1032 2333 1071 2383 49.
1095 2335 1121 2383 in
1141 2334 1268 2384 scribendo
1284 2335 1307 2383 V
1324 2335 1444 2398 egregie,
1470 2337 1499 2385 nt
1513 2333 1609 2385 iocum
1629 2337 1708 2386 4444.
1726 2335 1810 2386 44444.

489 2430 515 2481 p.-
533 2416 591 2467 449.
610 2417 694 2468 effert.
722 2417 796 2478 Quod
813 2418 840 2468 in
857 2417 952 2468 eodem
970 2417 1166 2469 Lindemannus
1183 2419 1290 2484 scripsit
1303 2420 1422 2482 primam
1437 2420 1499 2481 uiri,
1519 2422 1628 2470 secutus
1645 2416 1748 2469 ostilio
1766 2432 1814 2469 co-

489 2498 577 2551 dicem
595 2501 673 2561 Gud.;
692 2514 785 2552 verum
801 2500 947 2553 verborum
963 2501 1084 2553 ordinem
1100 2503 1184 2554 Maius
1202 2517 1235 2553 ex
1251 2517 1300 2555 suo
1313 2502 1373 2554 cod.
1387 2503 1412 2554 in
1424 2503 1468 2554 ed.
1480 2505 1555 2555 Rom.
1569 2503 1651 2555 dedit.
1665 2530 1694 2539 —
1714 2503 1756 2554 49.
1771 2516 1815 2552 44-

488 2585 610 2636 44444444
626 2585 667 2636 44.
677 2613 710 2624 -
726 2586 886 2637 mumoniae
901 2591 924 2637 ct
940 2599 1071 2648 4444444444
1087 2585 1119 2649 V,
1137 2589 1220 2638 reete.
1235 2615 1262 2624 —
1281 2588 1322 2637 22.
1341 2587 1374 2637 ab
1388 2587 1500 2638 omnibus
1510 2589 1587 2652 Lngg.
1599 2589 1709 2652 praeter
1722 2587 1764 2637 49.
1782 2616 1811 2625 -

488 2668 597 2733 obliquiu
614 2668 645 2720 44
662 2683 688 2734 p.
708 2697 735 2706 -
754 2669 795 2720 23.
813 2682 886 2731 quom
902 2684 927 2720 44
941 2675 1004 2719 nunt
1020 2675 1073 2720 tum
1086 2682 1167 2733 paene
1183 2671 1214 2721 V.
1234 2698 1261 2708 -
1281 2672 1322 2722 34.
1340 2673 1429 2723 codam
1446 2672 1470 2722 4.
1488 2672 1513 2722 s.
1531 2673 1572 2722 47.
1591 2670 1636 2722 46;
1656 2671 1769 2734 quodum
1785 2672 1812 2722 6.

489 2752 538 2812 44;
557 2754 681 2816 quondum
697 2753 746 2815 43;
764 2755 870 2805 condem
888 2753 933 2814 44;
951 2768 1040 2819 copam
1055 2755 1097 2804 29.
1112 2782 1139 2790 -
1158 2755 1199 2807 34.
1218 2768 1268 2806 ests
1283 2758 1344 2808 4444
1361 2758 1388 2806 in
1403 2757 1483 2806 lituro
1497 2755 1580 2807 hahet
1592 2756 1624 2818 V,
1643 2768 1813 2820 quemqnam

489 2838 573 2888 444444
590 2840 681 2888 contro
698 2851 758 2889 esse
774 2838 922 2889 affirmavit.
942 2865 969 2874 -
988 2837 1029 2888 34.
1048 2839 1148 2889 emicas
1163 2839 1195 2891 V.
1215 2866 1242 2876 -
1261 2842 1302 2893 34.
1320 2841 1453 2891 tondentur
1469 2841 1499 2890 V.

555 2935 614 2986 pag.
632 2921 689 2973 434.
712 2936 738 2973 v.
756 2923 780 2973 4.
802 2923 922 2974 diiucrmt
938 2923 968 2973 V.
989 2950 1015 2958 -
1039 2923 1063 2973 8.
1080 2925 1233 2987 praestiterit
1247 2923 1281 2977 44
1298 2939 1325 2990 p.
1345 2952 1372 2961 -
1399 2923 1423 2975 4.
1441 2931 1469 2975 ut
1484 2925 1576 2975 4444444
1590 2923 1658 2976 uitae
1674 2924 1759 2975 idem.
1783 2950 1810 2962 -

489 3007 513 3056 3.
532 3006 558 3055 44
575 3019 627 3056 om.
645 3007 686 3057 49.
706 3033 733 3042 -
753 3008 776 3059 8.
795 3008 831 3075 44]
848 3009 882 3057 ad
897 3006 939 3059 44.
959 3033 986 3043 -
1006 3009 1046 3058 44.
1064 3008 1133 3059 iners
1148 3008 1179 3060 44
1196 3023 1223 3074 p.
1242 3035 1270 3046 -
1290 3010 1330 3061 43.
1349 3011 1383 3060 43
1398 3010 1458 3060 isoes
1474 3010 1552 3074 sugg.
1566 3035 1594 3045 -
1614 3008 1655 3060 46.
1672 3009 1763 3073 neque]
1782 3021 1815 3059 44

436 3144 442 3157 .
489 3089 522 3141 28
539 3088 611 3144 solus
628 3104 662 3143 en
678 3092 756 3159 Lsgg.

850 3253 900 3311 An
920 3251 1060 3310 LIBRUM
1079 3251 1132 3311 ΙΙΙ.
1152 3251 1438 3311 Accussilosis.

555 3399 614 3450 psg.
633 3384 690 3435 436.
708 3398 733 3434 v.
751 3385 793 3436 44.
813 3386 865 3446 ouo
881 3383 971 3448 minus]
988 3385 1082 3434 Bukius
1099 3383 1117 3434 l.
1130 3398 1154 3435 o.
1173 3397 1199 3448 p.
1215 3385 1272 3434 497.
1291 3384 1367 3435 44444
1385 3385 1534 3449 suspicatur
1544 3381 1720 3435 scribendum
1732 3394 1811 3434 esse:

491 3482 644 3531 quamquam
658 3471 748 3520 minos.
776 3470 960 3520 :Manifestum
978 3471 1019 3519 est
1035 3469 1086 3518 hoo
1104 3467 1171 3518 velie
1183 3471 1329 3529 oratorem,
1346 3470 1376 3519 nt
1387 3470 1444 3520 eius
1456 3468 1527 3520 modi
1540 3481 1647 3529 eurem,
1665 3480 1719 3530 qua
1732 3468 1814 3518 Cres·

491 3568 536 3605 sus
553 3553 749 3614 continebatur,
768 3551 855 3604 elevet
870 3555 1051 3616 maioremque
1069 3552 1125 3603 iore
1142 3554 1265 3604 ostendat
1281 3555 1307 3603 in
1324 3565 1368 3614 eo,
1389 3554 1433 3617 qui
1450 3553 1520 3603 idem
1537 3553 1685 3603 institutum
1703 3553 1812 3602 maturo

491 3641 576 3689 seinte
594 3642 744 3702 sequntur.»
771 3638 847 3698 Quod
864 3639 885 3689 si
902 3640 974 3688 recte
992 3637 1152 3702 disputatum
1171 3639 1227 3699 est,
1250 3650 1298 3701 pro
1315 3638 1436 3701 sequenti
1453 3637 1540 3697 ctiam,
1567 3637 1639 3700 quod
1655 3649 1710 3700 quo
1728 3635 1811 3686 modo

492 3724 635 3787 corrigeret
651 3721 780 3774 huerebst
796 3723 904 3782 uanius,
922 3723 976 3772 ium
992 3721 1165 3772 scribendum
1181 3721 1294 3772 videtur.

556 3821 615 3873 pag.
633 3806 690 3857 437.
711 3821 737 3857 v.
754 3807 795 3857 44.
813 3820 872 3870 erpo
896 3807 922 3856 44
938 3807 983 3857 isto
1000 3820 1042 3857 rso
1059 3807 1154 3857 Bskius
1171 3819 1197 3870 p.
1216 3806 1273 3856 208.
1296 3805 1332 3855 «i.
1352 3819 1376 3855 o.
1394 3805 1457 3857 hinc
1472 3806 1644 3869 consequitur
1660 3817 1719 3866 me,
1745 3817 1810 3855 oum

492 3893 571 3943 istum
589 3904 665 3941 reum
683 3891 789 3952 iscium,
807 3891 875 3941 44444
892 3891 956 3941 mihi
972 3889 1058 3954 iugem
1076 3893 1219 3941 44444444·
1246 3943 1249 3950 ,

556 3990 616 4041 pag.
634 3976 690 4026 447.
709 3989 734 4025 v.
752 3976 793 4025 44.
812 3975 850 4025 Ex
865 3973 979 4025 lectione
997 3974 1096 4025 codicis
1113 3976 1174 4037 Lug.
1187 3973 1218 4025 44
1236 3974 1421 4037 corrigendum
1437 3973 1558 4024 videtur:
1576 3974 1670 4024 iudicio
1686 3974 1715 4023 44
1730 3973 1810 4025 socios

490 4060 581 4125 4444444,
599 4061 626 4110 in
638 4060 797 4122 provinciam
812 4058 1002 4109 nuncianum?

557 4158 615 4210 pag.
633 4144 690 4194 258.
709 4158 734 4193 v.
754 4145 793 4194 43.
813 4145 866 4206 Quo
881 4142 975 4193 niodo?
998 4145 1060 4207 post
1076 4142 1152 4192 etium
1167 4143 1287 4207 ineptum
1304 4143 1357 4200 est;
1382 4142 1506 4206 equidem
1523 4141 1629 4193 scribo:
1655 4143 1773 4194 4444444444
1788 4144 1810 4192 si

491 4229 547 4292 pius
572 4230 684 4278 edidisset
707 4241 784 4290 quam
808 4233 929 4290 quesitum
947 4232 1035 4276 cutum
1051 4225 1132 4277 esset?
1155 4227 1257 4287 Etiam,
1282 4227 1401 4289 quonium
1416 4228 1579 4291 mopistrutuc
1594 4239 1627 4277 ec
1642 4227 1715 4276 444444
1730 4228 1810 4278 edicto

491 4314 591 4377 ccipere
612 4311 737 4363 44444444.
763 4312 845 4362 Erunt
865 4310 975 4362 fortusse
997 4311 1042 4374 qui
1064 4307 1219 4361 intentione
1236 4310 1354 4362 Vaticani
1370 4312 1481 4372 quando,
1500 4312 1529 4360 ut
1545 4312 1616 4363 idem
1633 4311 1809 4375 significante,

493 4398 672 4461 acquiescunt.

559 4495 617 4547 pag.
636 4482 692 4533 468.
711 4495 737 4531 v.
754 4483 795 4531 44.
813 4480 927 4531 uidebant
943 4492 1015 4544 susp.
1033 4479 1130 4530 Bekius
1146 4493 1173 4544 p.
1191 4479 1249 4529 444.

559 4580 618 4631 pag.
636 4567 693 4617 349.
711 4579 737 4615 v.
755 4565 796 4616 44.
816 4579 879 4628 quae
892 4578 941 4628 pro
957 4565 1082 4627 frumento
1099 4564 1180 4614 444444
1195 4569 1256 4614 essct
1270 4564 1365 4614 Bakius
1380 4577 1408 4628 p.
1425 4564 1483 4615 444.

558 4664 619 4715 pag.
637 4651 693 4700 395.
713 4660 739 4700 ν.
757 4651 781 4700 n.
800 4651 842 4700 scd
857 4652 895 4699 ito
909 4649 980 4698 444444
996 4648 1068 4698 idem
1084 4662 1111 4712 p.
1128 4648 1186 4698 444.
1231 4674 1234 4681 ·

559 4747 618 4799 pog.
637 4732 693 4785 344.
711 4748 737 4785 v.
756 4734 797 4784 28.
815 4735 837 4784 si
852 4734 897 4784 ion
909 4733 1048 4796 probabitis
1063 4737 1086 4784 44
1101 4733 1122 4782 44
1141 4770 1167 4783 ..
1183 4769 1189 4782 .
1206 4731 1346 4783 iudicabitis
1361 4744 1433 4796 susp.
1452 4732 1524 4783 idem
1540 4744 1567 4797 p.
1585 4731 1642 4783 443.

857 4894 906 4950 An
926 4891 1068 4951 LIBRUM
1086 4892 1137 4950 lv.
1156 4889 1441 4952 ACCUSATIONIS.

559 5039 618 5091 pug.
636 5025 693 5076 347.
710 5038 736 5073 v.
755 5025 796 5076 46.
814 5024 874 5074 hoec
888 5025 999 5075 uidelicet
1015 5028 1057 5089 (cx
1073 5022 1149 5087 iud),
1166 5024 1232 5085 quod
1245 5021 1366 5085 puniunt
1382 5035 1454 5088 susp.
1473 5022 1568 5073 Bekius
1585 5037 1611 5088 p.
1630 5022 1688 5072 446.

560 5123 619 5174 pog.
639 5109 695 5160 333.
713 5123 738 5160 v.
757 5110 781 5160 9.
800 5114 838 5169 tu,
858 5110 922 5171 quod
938 5123 983 5173 eqo
995 5109 1118 5172 privatim
1130 5108 1221 5172 nepotii
1236 5120 1336 5171 peram,
1354 5106 1546 5170 intepretatus
1560 5109 1610 5156 eet.
1628 5105 1701 5157 idem
1713 5120 1739 5171 p.
1749 5108 1809 5158 446.

558 5207 618 5258 pug.
637 5193 693 5245 337.
711 5208 737 5245 v.
755 5194 780 5244 6.
798 5194 858 5255 quid
874 5194 1001 5244 existimus
1017 5194 1060 5244 444
1075 5193 1159 5255 succro
1171 5191 1264 5255 poue?
1279 5191 1352 5242 idem
1369 5204 1395 5255 p.
1413 5191 1482 5253 446,
1500 5191 1603 5241 obiecto
1619 5190 1720 5240 iudices.

558 5291 617 5345 pag.
635 5277 692 5330 349.
710 5290 736 5331 v.
753 5279 779 5331 2.
798 5275 884 5328 «44444
900 5276 1013 5329 44444444
1031 5278 1057 5329 44
1071 5277 1199 5328 Iordsnus
1210 5275 1360 5328 deseruisse
1371 5275 1494 5327 videntur
1504 5274 1624 5329 Lumhiui
1634 5277 1661 5325 et
1672 5272 1761 5326 Oreilii
1772 5275 1809 5340 (4)
