<?xml version="1.0" encoding="UTF-8"?>
<!DOCTYPE html PUBLIC "-//W3C//DTD XHTML 1.0 Transitional//EN"
    "http://www.w3.org/TR/xhtml1/DTD/xhtml1-transitional.dtd">
<html xmlns="http://www.w3.org/1999/xhtml" xml:lang="en" lang="en">
 <head>
  <title>
</title>
<meta http-equiv="Content-Type" content="text/html;charset=utf-8" />
  <meta name='ocr-system' content='tesseract 3.04.00' />
  <meta name='ocr-capabilities' content='ocr_page ocr_carea ocr_par ocr_line ocrx_word'/>
</head>
<body>
  <div class='ocr_page' id='page_1' title='image "./operaquaesupers02halmgoog_0510.png"; bbox 0 0 4367 6109; ppageno 0'>
   <div class='ocr_carea' id='block_1_1' title="bbox 457 542 1373 615">
    <p class='ocr_par' dir='ltr' id='par_1_1' title="bbox 457 542 1373 615">
     <span class='ocr_line' id='line_1_1' title="bbox 457 542 1373 615; baseline 0.005 -5"><span class='ocrx_word' id='word_1_1' title='bbox 457 542 520 611; x_wconf 80' lang='grc'><strong>496</strong></span> <span class='ocrx_word' id='word_1_2' title='bbox 864 546 1017 612; x_wconf 80' lang='lat' dir='ltr'>ORATIO</span> <span class='ocrx_word' id='word_1_3' title='bbox 1038 548 1118 614; x_wconf 86' lang='lat' dir='ltr'><strong>PRO</strong></span> <span class='ocrx_word' id='word_1_4' title='bbox 1139 548 1177 613; x_wconf 77' lang='lat' dir='ltr'><strong>A.</strong></span> <span class='ocrx_word' id='word_1_5' title='bbox 1200 547 1373 615; x_wconf 73' lang='lat' dir='ltr'>CAECINA</span> 
     </span>
    </p>
   </div>
   <div class='ocr_carea' id='block_1_2' title="bbox 320 716 1801 4091">
    <p class='ocr_par' dir='ltr' id='par_1_2' title="bbox 320 716 1801 4091">
     <span class='ocr_line' id='line_1_2' title="bbox 456 716 1783 802; baseline 0.002 -20"><span class='ocrx_word' id='word_1_6' title='bbox 456 718 518 782; x_wconf 93' lang='lat' dir='ltr'><strong>boc</strong></span> <span class='ocrx_word' id='word_1_7' title='bbox 539 716 741 780; x_wconf 89' lang='lat' dir='ltr'><strong>interdictum</strong></span> <span class='ocrx_word' id='word_1_8' title='bbox 762 721 910 799; x_wconf 88' lang='lat' dir='ltr'><strong>putamus</strong></span> <span class='ocrx_word' id='word_1_9' title='bbox 932 736 1042 783; x_wconf 90' lang='lat' dir='ltr'><strong>eorum</strong></span> <span class='ocrx_word' id='word_1_10' title='bbox 1064 738 1134 783; x_wconf 88' lang='lat' dir='ltr'><strong>esse</strong></span> <span class='ocrx_word' id='word_1_11' title='bbox 1156 739 1251 783; x_wconf 86' lang='lat' dir='ltr'><strong>causa</strong></span> <span class='ocrx_word' id='word_1_12' title='bbox 1271 718 1497 801; x_wconf 85' lang='lat' dir='ltr'><strong>compositum,</strong></span> <span class='ocrx_word' id='word_1_13' title='bbox 1527 718 1583 802; x_wconf 95' lang='lat' dir='ltr'><strong>qui</strong></span> <span class='ocrx_word' id='word_1_14' title='bbox 1605 739 1640 782; x_wconf 89' lang='lat' dir='ltr'><strong>se</strong></span> <span class='ocrx_word' id='word_1_15' title='bbox 1660 722 1783 802; x_wconf 85' lang='lat' dir='ltr'><strong>praeci·</strong></span> 
     </span>
     <span class='ocr_line' id='line_1_3' title="bbox 456 809 1781 896; baseline 0.002 -21"><span class='ocrx_word' id='word_1_16' title='bbox 456 813 572 895; x_wconf 88' lang='lat' dir='ltr'><strong>pitatos</strong></span> <span class='ocrx_word' id='word_1_17' title='bbox 595 830 635 873; x_wconf 85' lang='lat' dir='ltr'><strong>ex</strong></span> <span class='ocrx_word' id='word_1_18' title='bbox 655 809 735 872; x_wconf 89' lang='lat' dir='ltr'><strong>locis</strong></span> <span class='ocrx_word' id='word_1_19' title='bbox 757 810 974 892; x_wconf 90' lang='lat' dir='ltr'><strong>superioribus</strong></span> <span class='ocrx_word' id='word_1_20' title='bbox 996 813 1194 877; x_wconf 84' lang='lat' dir='ltr'><strong>dicerent-</strong></span> <span class='ocrx_word' id='word_1_21' title='bbox 1209 834 1264 878; x_wconf 86' lang='lat' dir='ltr'><strong>eos</strong></span> <span class='ocrx_word' id='word_1_22' title='bbox 1287 813 1371 877; x_wconf 90' lang='lat' dir='ltr'><strong>enim</strong></span> <span class='ocrx_word' id='word_1_23' title='bbox 1393 832 1467 876; x_wconf 85' lang='lat' dir='ltr'><strong>vere</strong></span> <span class='ocrx_word' id='word_1_24' title='bbox 1489 831 1659 896; x_wconf 90' lang='lat' dir='ltr'><strong>possumus</strong></span> <span class='ocrx_word' id='word_1_25' title='bbox 1674 812 1781 876; x_wconf 91' lang='lat' dir='ltr'><strong>dicere</strong></span> 
     </span>
     <span class='ocr_line' id='line_1_4' title="bbox 456 905 1781 979; baseline 0.001 -10"><span class='ocrx_word' id='word_1_26' title='bbox 456 925 526 969; x_wconf 89' lang='lat' dir='ltr'><strong>esse</strong></span> <span class='ocrx_word' id='word_1_27' title='bbox 541 905 687 969; x_wconf 86' lang='lat' dir='ltr'><strong>deiectos</strong></span> <span class='ocrx_word' id='word_1_28' title='bbox 708 935 768 978; x_wconf 89' lang='lat'><strong>·-,</strong></span> <span class='ocrx_word' id='word_1_29' title='bbox 800 924 858 979; x_wconf 88' lang='lat' dir='ltr'><strong>an,</strong></span> <span class='ocrx_word' id='word_1_30' title='bbox 887 925 957 969; x_wconf 91' lang='lat' dir='ltr'><strong>cum</strong></span> <span class='ocrx_word' id='word_1_31' title='bbox 979 907 1126 971; x_wconf 86' lang='lat' dir='ltr'><strong>volontas</strong></span> <span class='ocrx_word' id='word_1_32' title='bbox 1148 915 1180 971; x_wconf 94' lang='lat' dir='ltr'><strong>et</strong></span> <span class='ocrx_word' id='word_1_33' title='bbox 1201 908 1368 970; x_wconf 89' lang='lat' dir='ltr'><strong>consilium</strong></span> <span class='ocrx_word' id='word_1_34' title='bbox 1389 913 1422 969; x_wconf 89' lang='lat' dir='ltr'><strong>et</strong></span> <span class='ocrx_word' id='word_1_35' title='bbox 1443 906 1601 969; x_wconf 88' lang='lat' dir='ltr'><strong>sententia</strong></span> <span class='ocrx_word' id='word_1_36' title='bbox 1622 906 1781 970; x_wconf 78' lang='lat' dir='ltr'><strong>interdicti</strong></span> 
     </span>
     <span class='ocr_line' id='line_1_5' title="bbox 455 997 1780 1081; baseline 0.003 -21"><span class='ocrx_word' id='word_1_37' title='bbox 455 997 665 1080; x_wconf 79' lang='lat' dir='ltr'><strong>intelligatur,</strong></span> <span class='ocrx_word' id='word_1_38' title='bbox 687 997 913 1080; x_wconf 91' lang='lat' dir='ltr'><strong>impudentiam</strong></span> <span class='ocrx_word' id='word_1_39' title='bbox 936 1019 1089 1062; x_wconf 88' lang='lat' dir='ltr'><strong>sommam</strong></span> <span class='ocrx_word' id='word_1_40' title='bbox 1111 1009 1166 1063; x_wconf 89' lang='lat' dir='ltr'><strong>aut</strong></span> <span class='ocrx_word' id='word_1_41' title='bbox 1187 1000 1352 1063; x_wconf 86' lang='lat' dir='ltr'><strong>stultitiam</strong></span> <span class='ocrx_word' id='word_1_42' title='bbox 1375 1000 1565 1081; x_wconf 77' lang='lat' dir='ltr'><strong>singularem</strong></span> <span class='ocrx_word' id='word_1_43' title='bbox 1587 1000 1780 1081; x_wconf 88' lang='lat' dir='ltr'><strong>putabimus,</strong></span> 
     </span>
     <span class='ocr_line' id='line_1_6' title="bbox 431 1090 1780 1168; baseline 0.004 -16"><span class='ocrx_word' id='word_1_44' title='bbox 431 1090 487 1159; x_wconf 85' lang='lat' dir='ltr'><strong>sin</strong></span> <span class='ocrx_word' id='word_1_45' title='bbox 517 1090 683 1155; x_wconf 81' lang='lat' dir='ltr'><strong>verborum</strong></span> <span class='ocrx_word' id='word_1_46' title='bbox 711 1111 817 1155; x_wconf 91' lang='lat' dir='ltr'><strong>errore</strong></span> <span class='ocrx_word' id='word_1_47' title='bbox 844 1093 980 1168; x_wconf 84' lang='lat' dir='ltr'><strong>versari,</strong></span> <span class='ocrx_word' id='word_1_48' title='bbox 1016 1115 1083 1157; x_wconf 92' lang='lat' dir='ltr'><strong>rem</strong></span> <span class='ocrx_word' id='word_1_49' title='bbox 1112 1101 1145 1157; x_wconf 92' lang='lat' dir='ltr'><strong>et</strong></span> <span class='ocrx_word' id='word_1_50' title='bbox 1172 1113 1298 1157; x_wconf 85' lang='lat' dir='ltr'><strong>causam</strong></span> <span class='ocrx_word' id='word_1_51' title='bbox 1326 1100 1358 1156; x_wconf 88' lang='lat' dir='ltr'><strong>et</strong></span> <span class='ocrx_word' id='word_1_52' title='bbox 1385 1094 1553 1157; x_wconf 87' lang='lat' dir='ltr'><strong>utilitatem</strong></span> <span class='ocrx_word' id='word_1_53' title='bbox 1581 1113 1780 1158; x_wconf 89' lang='lat' dir='ltr'><strong>communem</strong></span> 
     </span>
     <span class='ocr_line' id='line_1_7' title="bbox 453 1183 1233 1272; baseline 0 -22"><span class='ocrx_word' id='word_1_54' title='bbox 453 1206 519 1250; x_wconf 92' lang='lat' dir='ltr'><strong>non</strong></span> <span class='ocrx_word' id='word_1_55' title='bbox 540 1183 721 1268; x_wconf 88' lang='lat' dir='ltr'><strong>relinquere</strong></span> <span class='ocrx_word' id='word_1_56' title='bbox 743 1186 863 1261; x_wconf 92' lang='lat' dir='ltr'><strong>solum,</strong></span> <span class='ocrx_word' id='word_1_57' title='bbox 885 1186 941 1250; x_wconf 85' lang='lat' dir='ltr'><strong>sed</strong></span> <span class='ocrx_word' id='word_1_58' title='bbox 963 1188 1055 1252; x_wconf 88' lang='lat' dir='ltr'><strong>etiam</strong></span> <span class='ocrx_word' id='word_1_59' title='bbox 1076 1189 1233 1272; x_wconf 78' lang='lat' dir='ltr'><strong>proderet</strong></span> 
     </span>
     <span class='ocr_line' id='line_1_8' title="bbox 537 1274 1782 1367; baseline 0.002 -24"><span class='ocrx_word' id='word_1_60' title='bbox 537 1280 652 1343; x_wconf 82' lang='lat' dir='ltr'><strong>xvtll.</strong></span> <span class='ocrx_word' id='word_1_61' title='bbox 681 1274 732 1341; x_wconf 84' lang='lat' dir='ltr'><strong>5t.</strong></span> <span class='ocrx_word' id='word_1_62' title='bbox 760 1281 808 1344; x_wconf 85' lang='lat' dir='ltr'><strong>An</strong></span> <span class='ocrx_word' id='word_1_63' title='bbox 830 1280 889 1343; x_wconf 89' lang='lat' dir='ltr'><strong>boc</strong></span> <span class='ocrx_word' id='word_1_64' title='bbox 913 1281 1044 1345; x_wconf 89' lang='lat' dir='ltr'><strong>dubium</strong></span> <span class='ocrx_word' id='word_1_65' title='bbox 1067 1289 1130 1357; x_wconf 91' lang='lat' dir='ltr'><strong>est,</strong></span> <span class='ocrx_word' id='word_1_66' title='bbox 1163 1284 1240 1367; x_wconf 93' lang='lat' dir='ltr'><strong>quin</strong></span> <span class='ocrx_word' id='word_1_67' title='bbox 1263 1303 1368 1367; x_wconf 91' lang='lat' dir='ltr'><strong>neque</strong></span> <span class='ocrx_word' id='word_1_68' title='bbox 1391 1283 1558 1346; x_wconf 90' lang='lat' dir='ltr'><strong>verborum</strong></span> <span class='ocrx_word' id='word_1_69' title='bbox 1580 1289 1666 1346; x_wconf 86' lang='lat' dir='ltr'><strong>tanta</strong></span> <span class='ocrx_word' id='word_1_70' title='bbox 1687 1283 1782 1365; x_wconf 87' lang='lat' dir='ltr'><strong>copia</strong></span> 
     </span>
     <span class='ocr_line' id='line_1_9' title="bbox 454 1374 1781 1459; baseline 0.002 -20"><span class='ocrx_word' id='word_1_71' title='bbox 454 1375 583 1440; x_wconf 84' lang='lat' dir='ltr'><strong>sitnon</strong></span> <span class='ocrx_word' id='word_1_72' title='bbox 604 1374 697 1438; x_wconf 93' lang='lat' dir='ltr'><strong>modo</strong></span> <span class='ocrx_word' id='word_1_73' title='bbox 719 1376 752 1437; x_wconf 92' lang='lat' dir='ltr'><strong>in</strong></span> <span class='ocrx_word' id='word_1_74' title='bbox 773 1382 881 1438; x_wconf 89' lang='lat' dir='ltr'><strong>nostra</strong></span> <span class='ocrx_word' id='word_1_75' title='bbox 901 1375 1024 1459; x_wconf 90' lang='lat' dir='ltr'><strong>lingua,</strong></span> <span class='ocrx_word' id='word_1_76' title='bbox 1056 1395 1138 1459; x_wconf 88' lang='lat' dir='ltr'><strong>quae</strong></span> <span class='ocrx_word' id='word_1_77' title='bbox 1160 1376 1275 1438; x_wconf 90' lang='lat' dir='ltr'><strong>dicitur</strong></span> <span class='ocrx_word' id='word_1_78' title='bbox 1296 1396 1367 1440; x_wconf 90' lang='lat' dir='ltr'><strong>esse</strong></span> <span class='ocrx_word' id='word_1_79' title='bbox 1389 1376 1500 1459; x_wconf 91' lang='lat' dir='ltr'><strong>inops,</strong></span> <span class='ocrx_word' id='word_1_80' title='bbox 1522 1376 1579 1440; x_wconf 89' lang='lat' dir='ltr'><strong>sed</strong></span> <span class='ocrx_word' id='word_1_81' title='bbox 1601 1398 1641 1441; x_wconf 92' lang='lat' dir='ltr'><strong>ne</strong></span> <span class='ocrx_word' id='word_1_82' title='bbox 1663 1379 1696 1441; x_wconf 94' lang='lat' dir='ltr'><strong>in</strong></span> <span class='ocrx_word' id='word_1_83' title='bbox 1718 1380 1781 1442; x_wconf 89' lang='lat' dir='ltr'><strong>alia</strong></span> 
     </span>
     <span class='ocr_line' id='line_1_10' title="bbox 454 1469 1780 1554; baseline 0.003 -22"><span class='ocrx_word' id='word_1_84' title='bbox 454 1469 583 1554; x_wconf 92' lang='lat' dir='ltr'><strong>quidem</strong></span> <span class='ocrx_word' id='word_1_85' title='bbox 604 1469 679 1542; x_wconf 89' lang='lat' dir='ltr'><strong>ulla,</strong></span> <span class='ocrx_word' id='word_1_86' title='bbox 701 1488 751 1530; x_wconf 88' lang='lat' dir='ltr'><strong>res</strong></span> <span class='ocrx_word' id='word_1_87' title='bbox 773 1474 809 1530; x_wconf 93' lang='lat' dir='ltr'><strong>ut</strong></span> <span class='ocrx_word' id='word_1_88' title='bbox 830 1488 939 1531; x_wconf 90' lang='lat' dir='ltr'><strong>omnes</strong></span> <span class='ocrx_word' id='word_1_89' title='bbox 962 1471 1028 1532; x_wconf 92' lang='lat' dir='ltr'><strong>suis</strong></span> <span class='ocrx_word' id='word_1_90' title='bbox 1050 1469 1143 1531; x_wconf 91' lang='lat' dir='ltr'><strong>certis</strong></span> <span class='ocrx_word' id='word_1_91' title='bbox 1164 1488 1201 1532; x_wconf 86' lang='lat' dir='ltr'><strong>ac</strong></span> <span class='ocrx_word' id='word_1_92' title='bbox 1223 1471 1360 1554; x_wconf 92' lang='lat' dir='ltr'><strong>propriis</strong></span> <span class='ocrx_word' id='word_1_93' title='bbox 1382 1471 1546 1535; x_wconf 85' lang='lat' dir='ltr'><strong>vocabulis</strong></span> <span class='ocrx_word' id='word_1_94' title='bbox 1567 1474 1780 1547; x_wconf 84' lang='lat' dir='ltr'><strong>nominentur,</strong></span> 
     </span>
     <span class='ocr_line' id='line_1_11' title="bbox 412 1561 1781 1648; baseline -0.003 -16"><span class='ocrx_word' id='word_1_95' title='bbox 412 1584 559 1648; x_wconf 60' lang='lat' dir='ltr'><strong>vsorteque</strong></span> <span class='ocrx_word' id='word_1_96' title='bbox 581 1583 656 1628; x_wconf 89' lang='lat' dir='ltr'><strong>vero</strong></span> <span class='ocrx_word' id='word_1_97' title='bbox 680 1561 852 1646; x_wconf 87' lang='lat' dir='ltr'><strong>quidquam</strong></span> <span class='ocrx_word' id='word_1_98' title='bbox 875 1583 954 1646; x_wconf 92' lang='lat' dir='ltr'><strong>opus</strong></span> <span class='ocrx_word' id='word_1_99' title='bbox 976 1564 1017 1625; x_wconf 91' lang='lat' dir='ltr'><strong>sit</strong></span> <span class='ocrx_word' id='word_1_100' title='bbox 1039 1563 1162 1638; x_wconf 89' lang='lat' dir='ltr'><strong>verbis,</strong></span> <span class='ocrx_word' id='word_1_101' title='bbox 1193 1585 1263 1628; x_wconf 92' lang='lat' dir='ltr'><strong>cum</strong></span> <span class='ocrx_word' id='word_1_102' title='bbox 1285 1585 1323 1628; x_wconf 90' lang='lat' dir='ltr'><strong>ea</strong></span> <span class='ocrx_word' id='word_1_103' title='bbox 1345 1585 1412 1639; x_wconf 82' lang='lat' dir='ltr'><strong>res,</strong></span> <span class='ocrx_word' id='word_1_104' title='bbox 1442 1566 1531 1629; x_wconf 93' lang='lat' dir='ltr'><strong>cuius</strong></span> <span class='ocrx_word' id='word_1_105' title='bbox 1561 1586 1655 1629; x_wconf 87' lang='lat' dir='ltr'><strong>causa</strong></span> <span class='ocrx_word' id='word_1_106' title='bbox 1683 1566 1781 1628; x_wconf 87' lang='lat' dir='ltr'><strong>verba</strong></span> 
     </span>
     <span class='ocr_line' id='line_1_12' title="bbox 453 1656 1801 1744; baseline 0 -23"><span class='ocrx_word' id='word_1_107' title='bbox 453 1659 596 1743; x_wconf 88' lang='lat' dir='ltr'><strong>quaesita</strong></span> <span class='ocrx_word' id='word_1_108' title='bbox 618 1658 691 1732; x_wconf 91' lang='lat' dir='ltr'><strong>sint,</strong></span> <span class='ocrx_word' id='word_1_109' title='bbox 712 1656 927 1739; x_wconf 75' lang='lat' dir='ltr'><strong>intelligatur?</strong></span> <span class='ocrx_word' id='word_1_110' title='bbox 971 1658 1059 1733; x_wconf 83' lang='lat' dir='ltr'><strong>Quae</strong></span> <span class='ocrx_word' id='word_1_111' title='bbox 1085 1656 1156 1731; x_wconf 81' lang='lat' dir='ltr'><strong>lex,</strong></span> <span class='ocrx_word' id='word_1_112' title='bbox 1191 1658 1276 1741; x_wconf 94' lang='lat' dir='ltr'><strong>quod</strong></span> <span class='ocrx_word' id='word_1_113' title='bbox 1307 1669 1434 1723; x_wconf 88' lang='lat' dir='ltr'><strong>senatus</strong></span> <span class='ocrx_word' id='word_1_114' title='bbox 1465 1658 1658 1734; x_wconf 91' lang='lat' dir='ltr'><strong>consultum,</strong></span> <span class='ocrx_word' id='word_1_115' title='bbox 1692 1658 1801 1744; x_wconf 93' lang='lat' dir='ltr'><strong>quod·</strong></span> 
     </span>
     <span class='ocr_line' id='line_1_13' title="bbox 452 1750 1779 1836; baseline 0.002 -20"><span class='ocrx_word' id='word_1_116' title='bbox 452 1753 651 1836; x_wconf 82' lang='lat' dir='ltr'><strong>magistratus</strong></span> <span class='ocrx_word' id='word_1_117' title='bbox 673 1750 827 1823; x_wconf 84' lang='lat' dir='ltr'><strong>edictum,</strong></span> <span class='ocrx_word' id='word_1_118' title='bbox 856 1750 941 1834; x_wconf 92' lang='lat' dir='ltr'><strong>quod</strong></span> <span class='ocrx_word' id='word_1_119' title='bbox 962 1750 1076 1814; x_wconf 83' lang='lat' dir='ltr'><strong>foedus</strong></span> <span class='ocrx_word' id='word_1_120' title='bbox 1098 1757 1154 1813; x_wconf 89' lang='lat' dir='ltr'><strong>aot</strong></span> <span class='ocrx_word' id='word_1_121' title='bbox 1173 1753 1295 1833; x_wconf 88' lang='lat' dir='ltr'><strong>pactio,</strong></span> <span class='ocrx_word' id='word_1_122' title='bbox 1325 1752 1427 1836; x_wconf 91' lang='lat' dir='ltr'><strong>qnod,</strong></span> <span class='ocrx_word' id='word_1_123' title='bbox 1449 1761 1485 1816; x_wconf 90' lang='lat' dir='ltr'><strong>ut</strong></span> <span class='ocrx_word' id='word_1_124' title='bbox 1507 1753 1547 1815; x_wconf 91' lang='lat' dir='ltr'><strong>ad</strong></span> <span class='ocrx_word' id='word_1_125' title='bbox 1568 1755 1705 1836; x_wconf 86' lang='lat' dir='ltr'><strong>privatas</strong></span> <span class='ocrx_word' id='word_1_126' title='bbox 1727 1776 1779 1818; x_wconf 91' lang='lat' dir='ltr'><strong>res</strong></span> 
     </span>
     <span class='ocr_line' id='line_1_14' title="bbox 452 1845 1779 1929; baseline 0.002 -20"><span class='ocrx_word' id='word_1_127' title='bbox 452 1846 591 1920; x_wconf 86' lang='lat' dir='ltr'><strong>redeam,</strong></span> <span class='ocrx_word' id='word_1_128' title='bbox 611 1851 840 1919; x_wconf 89' lang='lat' dir='ltr'><strong>testamentum,</strong></span> <span class='ocrx_word' id='word_1_129' title='bbox 862 1864 942 1928; x_wconf 89' lang='lat' dir='ltr'><strong>quae</strong></span> <span class='ocrx_word' id='word_1_130' title='bbox 964 1845 1083 1908; x_wconf 87' lang='lat' dir='ltr'><strong>iudicia</strong></span> <span class='ocrx_word' id='word_1_131' title='bbox 1104 1852 1159 1908; x_wconf 90' lang='lat' dir='ltr'><strong>aut</strong></span> <span class='ocrx_word' id='word_1_132' title='bbox 1180 1846 1401 1928; x_wconf 81' lang='lat' dir='ltr'><strong>stipulationes</strong></span> <span class='ocrx_word' id='word_1_133' title='bbox 1416 1854 1470 1909; x_wconf 90' lang='lat' dir='ltr'><strong>aut</strong></span> <span class='ocrx_word' id='word_1_134' title='bbox 1484 1846 1569 1929; x_wconf 90' lang='lat' dir='ltr'><strong>pacti</strong></span> <span class='ocrx_word' id='word_1_135' title='bbox 1586 1856 1617 1911; x_wconf 92' lang='lat' dir='ltr'><strong>et</strong></span> <span class='ocrx_word' id='word_1_136' title='bbox 1631 1849 1779 1913; x_wconf 83' lang='lat' dir='ltr'><strong>conventi</strong></span> 
     </span>
     <span class='ocr_line' id='line_1_15' title="bbox 452 1937 1778 2022; baseline 0.001 -19"><span class='ocrx_word' id='word_1_137' title='bbox 452 1939 586 2003; x_wconf 78' lang='lat' dir='ltr'><strong>formula</strong></span> <span class='ocrx_word' id='word_1_138' title='bbox 614 1959 679 2002; x_wconf 90' lang='lat' dir='ltr'><strong>non</strong></span> <span class='ocrx_word' id='word_1_139' title='bbox 710 1937 860 2001; x_wconf 85' lang='lat' dir='ltr'><strong>infirmari</strong></span> <span class='ocrx_word' id='word_1_140' title='bbox 889 1957 925 2001; x_wconf 87' lang='lat' dir='ltr'><strong>ac</strong></span> <span class='ocrx_word' id='word_1_141' title='bbox 954 1938 1089 2003; x_wconf 85' lang='lat' dir='ltr'><strong>convelli</strong></span> <span class='ocrx_word' id='word_1_142' title='bbox 1115 1947 1236 2022; x_wconf 90' lang='lat' dir='ltr'><strong>potest,</strong></span> <span class='ocrx_word' id='word_1_143' title='bbox 1265 1942 1291 2003; x_wconf 91' lang='lat' dir='ltr'><strong>si</strong></span> <span class='ocrx_word' id='word_1_144' title='bbox 1319 1940 1359 2004; x_wconf 88' lang='lat' dir='ltr'><strong>ad</strong></span> <span class='ocrx_word' id='word_1_145' title='bbox 1389 1941 1485 2005; x_wconf 90' lang='lat' dir='ltr'><strong>verba</strong></span> <span class='ocrx_word' id='word_1_146' title='bbox 1513 1961 1580 2003; x_wconf 90' lang='lat' dir='ltr'><strong>rem</strong></span> <span class='ocrx_word' id='word_1_147' title='bbox 1611 1942 1778 2006; x_wconf 89' lang='lat' dir='ltr'><strong>dellectere</strong></span> 
     </span>
     <span class='ocr_line' id='line_1_16' title="bbox 415 2033 1779 2117; baseline -0.001 -15"><span class='ocrx_word' id='word_1_148' title='bbox 415 2035 594 2107; x_wconf 79' lang='lat' dir='ltr'><strong>torelimus,</strong></span> <span class='ocrx_word' id='word_1_149' title='bbox 617 2033 783 2096; x_wconf 90' lang='lat' dir='ltr'><strong>consilium</strong></span> <span class='ocrx_word' id='word_1_150' title='bbox 806 2038 911 2095; x_wconf 91' lang='lat' dir='ltr'><strong>autem</strong></span> <span class='ocrx_word' id='word_1_151' title='bbox 934 2053 1060 2106; x_wconf 90' lang='lat' dir='ltr'><strong>eorum,</strong></span> <span class='ocrx_word' id='word_1_152' title='bbox 1083 2033 1137 2116; x_wconf 91' lang='lat' dir='ltr'><strong>qui</strong></span> <span class='ocrx_word' id='word_1_153' title='bbox 1159 2034 1367 2117; x_wconf 90' lang='lat' dir='ltr'><strong>scripserunt,</strong></span> <span class='ocrx_word' id='word_1_154' title='bbox 1390 2041 1421 2096; x_wconf 92' lang='lat' dir='ltr'><strong>et</strong></span> <span class='ocrx_word' id='word_1_155' title='bbox 1442 2035 1597 2098; x_wconf 88' lang='lat' dir='ltr'><strong>rationem</strong></span> <span class='ocrx_word' id='word_1_156' title='bbox 1619 2045 1651 2099; x_wconf 87' lang='lat' dir='ltr'><strong>et</strong></span> <span class='ocrx_word' id='word_1_157' title='bbox 1671 2045 1779 2100; x_wconf 88' lang='lat' dir='ltr'><strong>auoto-</strong></span> 
     </span>
     <span class='ocr_line' id='line_1_17' title="bbox 320 2115 1777 2218; baseline 0 -26"><span class='ocrx_word' id='word_1_158' title='bbox 320 2115 325 2126; x_wconf 73' lang='grc'><strong>’</strong></span> <span class='ocrx_word' id='word_1_159' title='bbox 451 2129 575 2194; x_wconf 89' lang='lat' dir='ltr'><strong>ritatem</strong></span> <span class='ocrx_word' id='word_1_160' title='bbox 596 2127 835 2218; x_wconf 70' lang='lat' dir='ltr'><strong>relinquamus?</strong></span> <span class='ocrx_word' id='word_1_161' title='bbox 878 2123 930 2188; x_wconf 71' lang='lat'><strong>52.</strong></span> <span class='ocrx_word' id='word_1_162' title='bbox 960 2128 1070 2190; x_wconf 91' lang='lat' dir='ltr'><strong>Sermo</strong></span> <span class='ocrx_word' id='word_1_163' title='bbox 1098 2127 1227 2190; x_wconf 87' lang='lat' dir='ltr'><strong>hercule</strong></span> <span class='ocrx_word' id='word_1_164' title='bbox 1258 2137 1290 2191; x_wconf 92' lang='lat' dir='ltr'><strong>et</strong></span> <span class='ocrx_word' id='word_1_165' title='bbox 1318 2127 1482 2192; x_wconf 83' lang='lat' dir='ltr'><strong>familiaris</strong></span> <span class='ocrx_word' id='word_1_166' title='bbox 1513 2136 1544 2192; x_wconf 90' lang='lat' dir='ltr'><strong>et</strong></span> <span class='ocrx_word' id='word_1_167' title='bbox 1574 2130 1777 2213; x_wconf 89' lang='lat' dir='ltr'><strong>quotidianus</strong></span> 
     </span>
     <span class='ocr_line' id='line_1_18' title="bbox 452 2220 1777 2306; baseline -0.002 -20"><span class='ocrx_word' id='word_1_168' title='bbox 452 2243 517 2286; x_wconf 92' lang='lat' dir='ltr'><strong>non</strong></span> <span class='ocrx_word' id='word_1_169' title='bbox 546 2220 743 2295; x_wconf 86' lang='lat' dir='ltr'><strong>cohaerebit,</strong></span> <span class='ocrx_word' id='word_1_170' title='bbox 780 2221 807 2284; x_wconf 86' lang='lat' dir='ltr'><strong>si</strong></span> <span class='ocrx_word' id='word_1_171' title='bbox 833 2221 928 2285; x_wconf 86' lang='lat' dir='ltr'><strong>verba</strong></span> <span class='ocrx_word' id='word_1_172' title='bbox 954 2223 1037 2285; x_wconf 89' lang='lat' dir='ltr'><strong>inter</strong></span> <span class='ocrx_word' id='word_1_173' title='bbox 1064 2240 1123 2283; x_wconf 93' lang='lat' dir='ltr'><strong>nos</strong></span> <span class='ocrx_word' id='word_1_174' title='bbox 1152 2223 1386 2306; x_wconf 85' lang='lat' dir='ltr'><strong>aucupabimur.</strong></span> <span class='ocrx_word' id='word_1_175' title='bbox 1437 2223 1582 2305; x_wconf 88' lang='lat' dir='ltr'><strong>Denique</strong></span> <span class='ocrx_word' id='word_1_176' title='bbox 1610 2222 1777 2304; x_wconf 88' lang='lat' dir='ltr'><strong>imperium</strong></span> 
     </span>
     <span class='ocr_line' id='line_1_19' title="bbox 452 2314 1776 2390; baseline -0.003 -9"><span class='ocrx_word' id='word_1_177' title='bbox 452 2317 656 2382; x_wconf 90' lang='lat' dir='ltr'><strong>domesticum</strong></span> <span class='ocrx_word' id='word_1_178' title='bbox 677 2314 799 2378; x_wconf 89' lang='lat' dir='ltr'><strong>nullom</strong></span> <span class='ocrx_word' id='word_1_179' title='bbox 821 2316 897 2390; x_wconf 89' lang='lat' dir='ltr'><strong>erit,</strong></span> <span class='ocrx_word' id='word_1_180' title='bbox 930 2316 957 2378; x_wconf 92' lang='lat' dir='ltr'><strong>si</strong></span> <span class='ocrx_word' id='word_1_181' title='bbox 978 2315 1112 2378; x_wconf 85' lang='lat' dir='ltr'><strong>servulis</strong></span> <span class='ocrx_word' id='word_1_182' title='bbox 1138 2314 1200 2378; x_wconf 94' lang='lat' dir='ltr'><strong>hoc</strong></span> <span class='ocrx_word' id='word_1_183' title='bbox 1227 2316 1345 2378; x_wconf 88' lang='lat' dir='ltr'><strong>nostris</strong></span> <span class='ocrx_word' id='word_1_184' title='bbox 1375 2316 1639 2389; x_wconf 87' lang='lat' dir='ltr'><strong>concesserimus,</strong></span> <span class='ocrx_word' id='word_1_185' title='bbox 1672 2322 1708 2378; x_wconf 93' lang='lat' dir='ltr'><strong>ut</strong></span> <span class='ocrx_word' id='word_1_186' title='bbox 1736 2315 1776 2378; x_wconf 89' lang='lat' dir='ltr'><strong>ad</strong></span> 
     </span>
     <span class='ocr_line' id='line_1_20' title="bbox 451 2403 1777 2493; baseline -0.002 -19"><span class='ocrx_word' id='word_1_187' title='bbox 451 2411 547 2479; x_wconf 82' lang='lat' dir='ltr'><strong>rerba</strong></span> <span class='ocrx_word' id='word_1_188' title='bbox 568 2409 660 2473; x_wconf 92' lang='lat' dir='ltr'><strong>nobis</strong></span> <span class='ocrx_word' id='word_1_189' title='bbox 683 2407 842 2484; x_wconf 90' lang='lat' dir='ltr'><strong>obediant,</strong></span> <span class='ocrx_word' id='word_1_190' title='bbox 863 2429 929 2472; x_wconf 92' lang='lat' dir='ltr'><strong>non</strong></span> <span class='ocrx_word' id='word_1_191' title='bbox 952 2408 1055 2482; x_wconf 90' lang='lat' dir='ltr'><strong>adid,</strong></span> <span class='ocrx_word' id='word_1_192' title='bbox 1080 2409 1168 2491; x_wconf 91' lang='lat' dir='ltr'><strong>qood</strong></span> <span class='ocrx_word' id='word_1_193' title='bbox 1189 2429 1230 2472; x_wconf 86' lang='lat' dir='ltr'><strong>ex</strong></span> <span class='ocrx_word' id='word_1_194' title='bbox 1250 2410 1356 2474; x_wconf 82' lang='lat' dir='ltr'><strong>verbis</strong></span> <span class='ocrx_word' id='word_1_195' title='bbox 1378 2403 1512 2492; x_wconf 88' lang='lat' dir='ltr'><strong>intelligi</strong></span> <span class='ocrx_word' id='word_1_196' title='bbox 1527 2411 1636 2493; x_wconf 86' lang='lat' dir='ltr'><strong>possit,</strong></span> <span class='ocrx_word' id='word_1_197' title='bbox 1657 2410 1777 2473; x_wconf 92' lang='lat' dir='ltr'><strong>obtem-</strong></span> 
     </span>
     <span class='ocr_line' id='line_1_21' title="bbox 413 2502 1776 2589; baseline -0.005 -17"><span class='ocrx_word' id='word_1_198' title='bbox 413 2510 573 2589; x_wconf 75' lang='lat' dir='ltr'><strong>roperant.</strong></span> <span class='ocrx_word' id='word_1_199' title='bbox 621 2502 784 2586; x_wconf 82' lang='lat' dir='ltr'><strong>Exemplis</strong></span> <span class='ocrx_word' id='word_1_200' title='bbox 816 2523 901 2567; x_wconf 92' lang='lat' dir='ltr'><strong>nunc</strong></span> <span class='ocrx_word' id='word_1_201' title='bbox 928 2503 975 2566; x_wconf 93' lang='lat' dir='ltr'><strong>uti</strong></span> <span class='ocrx_word' id='word_1_202' title='bbox 1005 2503 1154 2567; x_wconf 88' lang='lat' dir='ltr'><strong>videlicet</strong></span> <span class='ocrx_word' id='word_1_203' title='bbox 1191 2503 1268 2566; x_wconf 92' lang='lat' dir='ltr'><strong>mibi</strong></span> <span class='ocrx_word' id='word_1_204' title='bbox 1297 2524 1427 2567; x_wconf 88' lang='lat' dir='ltr'><strong>necesse</strong></span> <span class='ocrx_word' id='word_1_205' title='bbox 1456 2511 1504 2566; x_wconf 91' lang='lat' dir='ltr'><strong>cst</strong></span> <span class='ocrx_word' id='word_1_206' title='bbox 1531 2504 1644 2567; x_wconf 86' lang='lat' dir='ltr'><strong>barum</strong></span> <span class='ocrx_word' id='word_1_207' title='bbox 1671 2523 1776 2567; x_wconf 90' lang='lat' dir='ltr'><strong>rerum</strong></span> 
     </span>
     <span class='ocr_line' id='line_1_22' title="bbox 452 2592 1776 2680; baseline -0.002 -17"><span class='ocrx_word' id='word_1_208' title='bbox 452 2598 605 2664; x_wconf 87' lang='lat' dir='ltr'><strong>omniuml</strong></span> <span class='ocrx_word' id='word_1_209' title='bbox 649 2601 719 2662; x_wconf 91' lang='lat' dir='ltr'><strong>Non</strong></span> <span class='ocrx_word' id='word_1_210' title='bbox 740 2598 876 2660; x_wconf 90' lang='lat' dir='ltr'><strong>occurrit</strong></span> <span class='ocrx_word' id='word_1_211' title='bbox 896 2597 953 2659; x_wconf 89' lang='lat' dir='ltr'><strong>uni</strong></span> <span class='ocrx_word' id='word_1_212' title='bbox 974 2597 1089 2680; x_wconf 90' lang='lat' dir='ltr'><strong>cuique</strong></span> <span class='ocrx_word' id='word_1_213' title='bbox 1119 2592 1256 2660; x_wconf 89' lang='lat' dir='ltr'><strong>vestrum</strong></span> <span class='ocrx_word' id='word_1_214' title='bbox 1284 2598 1372 2660; x_wconf 87' lang='lat' dir='ltr'><strong>aliud</strong></span> <span class='ocrx_word' id='word_1_215' title='bbox 1403 2597 1457 2661; x_wconf 91' lang='lat' dir='ltr'><strong>alii</strong></span> <span class='ocrx_word' id='word_1_216' title='bbox 1486 2598 1519 2660; x_wconf 96' lang='lat' dir='ltr'><strong>in</strong></span> <span class='ocrx_word' id='word_1_217' title='bbox 1548 2597 1633 2661; x_wconf 94' lang='lat' dir='ltr'><strong>omni</strong></span> <span class='ocrx_word' id='word_1_218' title='bbox 1661 2616 1776 2679; x_wconf 89' lang='lat' dir='ltr'><strong>genere</strong></span> 
     </span>
     <span class='ocr_line' id='line_1_23' title="bbox 451 2691 1777 2776; baseline -0.002 -18"><span class='ocrx_word' id='word_1_219' title='bbox 451 2693 648 2776; x_wconf 84' lang='lat' dir='ltr'><strong>exemplum,</strong></span> <span class='ocrx_word' id='word_1_220' title='bbox 670 2691 758 2774; x_wconf 93' lang='lat' dir='ltr'><strong>quod</strong></span> <span class='ocrx_word' id='word_1_221' title='bbox 780 2691 959 2754; x_wconf 90' lang='lat' dir='ltr'><strong>testimonio</strong></span> <span class='ocrx_word' id='word_1_222' title='bbox 982 2691 1038 2764; x_wconf 87' lang='lat' dir='ltr'><strong>sit,</strong></span> <span class='ocrx_word' id='word_1_223' title='bbox 1065 2710 1130 2753; x_wconf 92' lang='lat' dir='ltr'><strong>non</strong></span> <span class='ocrx_word' id='word_1_224' title='bbox 1153 2711 1195 2754; x_wconf 87' lang='lat' dir='ltr'><strong>ex</strong></span> <span class='ocrx_word' id='word_1_225' title='bbox 1215 2691 1318 2754; x_wconf 85' lang='lat' dir='ltr'><strong>verbis</strong></span> <span class='ocrx_word' id='word_1_226' title='bbox 1340 2699 1449 2776; x_wconf 87' lang='lat' dir='ltr'><strong>aptum</strong></span> <span class='ocrx_word' id='word_1_227' title='bbox 1471 2691 1610 2775; x_wconf 89' lang='lat' dir='ltr'><strong>pendere</strong></span> <span class='ocrx_word' id='word_1_228' title='bbox 1632 2693 1697 2766; x_wconf 89' lang='lat' dir='ltr'><strong>ius,</strong></span> <span class='ocrx_word' id='word_1_229' title='bbox 1718 2693 1777 2756; x_wconf 90' lang='lat' dir='ltr'><strong>sed</strong></span> 
     </span>
     <span class='ocr_line' id='line_1_24' title="bbox 353 2783 1775 2868; baseline -0.001 -17"><span class='ocrx_word' id='word_1_230' title='bbox 353 2815 355 2818; x_wconf 47' lang='lat'><em>⁴</em></span> <span class='ocrx_word' id='word_1_231' title='bbox 450 2788 546 2852; x_wconf 89' lang='lat' dir='ltr'><strong>verba</strong></span> <span class='ocrx_word' id='word_1_232' title='bbox 567 2785 683 2850; x_wconf 83' lang='lat' dir='ltr'><strong>servire</strong></span> <span class='ocrx_word' id='word_1_233' title='bbox 704 2785 866 2848; x_wconf 91' lang='lat' dir='ltr'><strong>bominum</strong></span> <span class='ocrx_word' id='word_1_234' title='bbox 888 2783 1031 2847; x_wconf 89' lang='lat' dir='ltr'><strong>consiliis</strong></span> <span class='ocrx_word' id='word_1_235' title='bbox 1053 2785 1359 2850; x_wconf 83' lang='lat' dir='ltr'><strong>etauctoritatibust</strong></span> <span class='ocrx_word' id='word_1_236' title='bbox 1374 2783 1442 2850; x_wconf 63' lang='lat' dir='ltr'><strong>„aa</strong></span> <span class='ocrx_word' id='word_1_237' title='bbox 1464 2786 1584 2849; x_wconf 88' lang='lat' dir='ltr'><strong>Ornate</strong></span> <span class='ocrx_word' id='word_1_238' title='bbox 1600 2793 1633 2849; x_wconf 94' lang='lat' dir='ltr'><strong>et</strong></span> <span class='ocrx_word' id='word_1_239' title='bbox 1646 2787 1775 2868; x_wconf 86' lang='lat' dir='ltr'><strong>copiose</strong></span> 
     </span>
     <span class='ocr_line' id='line_1_25' title="bbox 450 2877 1775 2963; baseline 0 -19"><span class='ocrx_word' id='word_1_240' title='bbox 450 2882 486 2945; x_wconf 92' lang='lat' dir='ltr'><strong>L.</strong></span> <span class='ocrx_word' id='word_1_241' title='bbox 510 2881 648 2953; x_wconf 88' lang='lat' dir='ltr'><strong>Crassus,</strong></span> <span class='ocrx_word' id='word_1_242' title='bbox 671 2879 766 2942; x_wconf 92' lang='lat' dir='ltr'><strong>bomo</strong></span> <span class='ocrx_word' id='word_1_243' title='bbox 789 2878 882 2961; x_wconf 92' lang='lat' dir='ltr'><strong>longe</strong></span> <span class='ocrx_word' id='word_1_244' title='bbox 905 2877 1194 2960; x_wconf 86' lang='lat' dir='ltr'><strong>eloquentissimus,</strong></span> <span class='ocrx_word' id='word_1_245' title='bbox 1216 2879 1311 2961; x_wconf 88' lang='lat' dir='ltr'><strong>paulo</strong></span> <span class='ocrx_word' id='word_1_246' title='bbox 1334 2887 1407 2942; x_wconf 90' lang='lat' dir='ltr'><strong>ante</strong></span> <span class='ocrx_word' id='word_1_247' title='bbox 1431 2899 1524 2963; x_wconf 86' lang='lat' dir='ltr'><strong>quam</strong></span> <span class='ocrx_word' id='word_1_248' title='bbox 1540 2900 1598 2944; x_wconf 91' lang='lat' dir='ltr'><strong>nos</strong></span> <span class='ocrx_word' id='word_1_249' title='bbox 1618 2882 1652 2943; x_wconf 93' lang='lat' dir='ltr'><strong>in</strong></span> <span class='ocrx_word' id='word_1_250' title='bbox 1671 2880 1775 2944; x_wconf 83' lang='lat' dir='ltr'><strong>iorum</strong></span> 
     </span>
     <span class='ocr_line' id='line_1_26' title="bbox 413 2970 1774 3048; baseline -0.005 -5"><span class='ocrx_word' id='word_1_251' title='bbox 413 2975 611 3048; x_wconf 71' lang='lat' dir='ltr'><strong>monimus,</strong></span> <span class='ocrx_word' id='word_1_252' title='bbox 644 2972 764 3036; x_wconf 90' lang='lat' dir='ltr'><strong>iudicio</strong></span> <span class='ocrx_word' id='word_1_253' title='bbox 787 2971 1004 3035; x_wconf 83' lang='lat' dir='ltr'><strong>centumvirali</strong></span> <span class='ocrx_word' id='word_1_254' title='bbox 1025 2970 1106 3034; x_wconf 90' lang='lat' dir='ltr'><strong>banc</strong></span> <span class='ocrx_word' id='word_1_255' title='bbox 1121 2973 1320 3036; x_wconf 73' lang='lat' dir='ltr'><strong>sententiam</strong></span> <span class='ocrx_word' id='word_1_256' title='bbox 1342 2972 1483 3036; x_wconf 83' lang='lat' dir='ltr'><strong>defendit</strong></span> <span class='ocrx_word' id='word_1_257' title='bbox 1504 2980 1537 3036; x_wconf 91' lang='lat' dir='ltr'><strong>et</strong></span> <span class='ocrx_word' id='word_1_258' title='bbox 1563 2973 1669 3048; x_wconf 81' lang='lat' dir='ltr'><strong>facile,</strong></span> <span class='ocrx_word' id='word_1_259' title='bbox 1703 2994 1774 3037; x_wconf 92' lang='lat' dir='ltr'><strong>cum</strong></span> 
     </span>
     <span class='ocr_line' id='line_1_27' title="bbox 451 3064 1774 3150; baseline -0.002 -17"><span class='ocrx_word' id='word_1_260' title='bbox 451 3075 561 3133; x_wconf 88' lang='lat' dir='ltr'><strong>contra</strong></span> <span class='ocrx_word' id='word_1_261' title='bbox 583 3088 656 3131; x_wconf 88' lang='lat' dir='ltr'><strong>eum</strong></span> <span class='ocrx_word' id='word_1_262' title='bbox 677 3065 940 3150; x_wconf 88' lang='lat' dir='ltr'><strong>prudentissimus</strong></span> <span class='ocrx_word' id='word_1_263' title='bbox 962 3064 1067 3138; x_wconf 90' lang='lat' dir='ltr'><strong>bomo,</strong></span> <span class='ocrx_word' id='word_1_264' title='bbox 1090 3065 1129 3140; x_wconf 83' lang='lat' dir='ltr'><strong>Q.</strong></span> <span class='ocrx_word' id='word_1_265' title='bbox 1144 3065 1277 3140; x_wconf 83' lang='lat' dir='ltr'><strong>Mucius,</strong></span> <span class='ocrx_word' id='word_1_266' title='bbox 1300 3067 1429 3141; x_wconf 85' lang='lat' dir='ltr'><strong>diceret,</strong></span> <span class='ocrx_word' id='word_1_267' title='bbox 1451 3068 1595 3149; x_wconf 83' lang='lat' dir='ltr'><strong>probavit</strong></span> <span class='ocrx_word' id='word_1_268' title='bbox 1617 3069 1774 3144; x_wconf 92' lang='lat' dir='ltr'><strong>omnibus,</strong></span> 
     </span>
     <span class='ocr_line' id='line_1_28' title="bbox 449 3157 1774 3244; baseline -0.005 -15"><span class='ocrx_word' id='word_1_269' title='bbox 449 3165 501 3229; x_wconf 83' lang='grc' dir='ltr'><strong>Μ’.</strong></span> <span class='ocrx_word' id='word_1_270' title='bbox 524 3163 669 3235; x_wconf 88' lang='lat' dir='ltr'><strong>Curium,</strong></span> <span class='ocrx_word' id='word_1_271' title='bbox 699 3161 754 3243; x_wconf 91' lang='lat' dir='ltr'><strong>qui</strong></span> <span class='ocrx_word' id='word_1_272' title='bbox 775 3161 868 3223; x_wconf 92' lang='lat' dir='ltr'><strong>heres</strong></span> <span class='ocrx_word' id='word_1_273' title='bbox 889 3159 1051 3222; x_wconf 89' lang='lat' dir='ltr'><strong>institutus</strong></span> <span class='ocrx_word' id='word_1_274' title='bbox 1073 3166 1158 3222; x_wconf 90' lang='lat' dir='ltr'><strong>esset</strong></span> <span class='ocrx_word' id='word_1_275' title='bbox 1184 3160 1245 3233; x_wconf 87' lang='lat' dir='ltr'><strong>ita,</strong></span> <span class='ocrx_word' id='word_1_276' title='bbox 1273 3168 1396 3231; x_wconf 88' lang='lat' dir='ltr'><strong>mortuo</strong></span> <span class='ocrx_word' id='word_1_277' title='bbox 1418 3168 1566 3244; x_wconf 92' lang='lat' dir='ltr'><strong>postumo</strong></span> <span class='ocrx_word' id='word_1_278' title='bbox 1593 3157 1674 3235; x_wconf 89' lang='lat' dir='ltr'><strong>filio,</strong></span> <span class='ocrx_word' id='word_1_279' title='bbox 1702 3182 1774 3224; x_wconf 92' lang='lat' dir='ltr'><strong>cum</strong></span> 
     </span>
     <span class='ocr_line' id='line_1_29' title="bbox 449 3247 1773 3337; baseline -0.002 -17"><span class='ocrx_word' id='word_1_280' title='bbox 449 3247 621 3320; x_wconf 67' lang='lat' dir='ltr'><strong>lilius&#39;non</strong></span> <span class='ocrx_word' id='word_1_281' title='bbox 643 3256 738 3318; x_wconf 92' lang='lat' dir='ltr'><strong>modo</strong></span> <span class='ocrx_word' id='word_1_282' title='bbox 766 3275 832 3318; x_wconf 91' lang='lat' dir='ltr'><strong>non</strong></span> <span class='ocrx_word' id='word_1_283' title='bbox 861 3261 1020 3326; x_wconf 91' lang='lat' dir='ltr'><strong>mortuus,</strong></span> <span class='ocrx_word' id='word_1_284' title='bbox 1054 3253 1111 3315; x_wconf 90' lang='lat' dir='ltr'><strong>sed</strong></span> <span class='ocrx_word' id='word_1_285' title='bbox 1139 3274 1180 3316; x_wconf 93' lang='lat' dir='ltr'><strong>ne</strong></span> <span class='ocrx_word' id='word_1_286' title='bbox 1209 3260 1302 3318; x_wconf 84' lang='lat' dir='ltr'><strong>natus</strong></span> <span class='ocrx_word' id='word_1_287' title='bbox 1332 3254 1461 3337; x_wconf 91' lang='lat' dir='ltr'><strong>quidem</strong></span> <span class='ocrx_word' id='word_1_288' title='bbox 1494 3260 1593 3328; x_wconf 89' lang='lat' dir='ltr'><strong>esset,</strong></span> <span class='ocrx_word' id='word_1_289' title='bbox 1624 3255 1773 3319; x_wconf 89' lang='lat' dir='ltr'><strong>heredem</strong></span> 
     </span>
     <span class='ocr_line' id='line_1_30' title="bbox 451 3347 1774 3433; baseline -0.001 -19"><span class='ocrx_word' id='word_1_290' title='bbox 451 3371 520 3416; x_wconf 88' lang='lat' dir='ltr'><strong>esse</strong></span> <span class='ocrx_word' id='word_1_291' title='bbox 551 3357 705 3433; x_wconf 90' lang='lat' dir='ltr'><strong>oportere.</strong></span> <span class='ocrx_word' id='word_1_292' title='bbox 750 3348 856 3424; x_wconf 86' lang='lat' dir='ltr'><strong>Quid‘l</strong></span> <span class='ocrx_word' id='word_1_293' title='bbox 893 3347 997 3409; x_wconf 86' lang='lat' dir='ltr'><strong>verbis</strong></span> <span class='ocrx_word' id='word_1_294' title='bbox 1025 3347 1086 3409; x_wconf 94' lang='lat' dir='ltr'><strong>boc</strong></span> <span class='ocrx_word' id='word_1_295' title='bbox 1116 3348 1192 3411; x_wconf 89' lang='lat' dir='ltr'><strong>satis</strong></span> <span class='ocrx_word' id='word_1_296' title='bbox 1223 3357 1290 3411; x_wconf 86' lang='lat' dir='ltr'><strong>erat</strong></span> <span class='ocrx_word' id='word_1_297' title='bbox 1318 3352 1467 3412; x_wconf 74' lang='lat' dir='ltr'><strong>cautum?</strong></span> <span class='ocrx_word' id='word_1_298' title='bbox 1501 3349 1642 3413; x_wconf 86' lang='lat' dir='ltr'><strong>Minime.</strong></span> <span class='ocrx_word' id='word_1_299' title='bbox 1686 3351 1774 3426; x_wconf 83' lang='lat' dir='ltr'><strong>Quae</strong></span> 
     </span>
     <span class='ocr_line' id='line_1_31' title="bbox 411 3441 1774 3527; baseline -0.004 -14"><span class='ocrx_word' id='word_1_300' title='bbox 411 3465 500 3513; x_wconf 75' lang='lat' dir='ltr'><strong>tores</strong></span> <span class='ocrx_word' id='word_1_301' title='bbox 521 3445 618 3527; x_wconf 89' lang='lat' dir='ltr'><strong>igitur</strong></span> <span class='ocrx_word' id='word_1_302' title='bbox 638 3443 759 3506; x_wconf 85' lang='lat' dir='ltr'><strong>valuit‘l</strong></span> <span class='ocrx_word' id='word_1_303' title='bbox 774 3441 951 3513; x_wconf 79' lang='lat' dir='ltr'><strong>¹Voluntas,</strong></span> <span class='ocrx_word' id='word_1_304' title='bbox 975 3460 1056 3523; x_wconf 89' lang='lat' dir='ltr'><strong>quae</strong></span> <span class='ocrx_word' id='word_1_305' title='bbox 1078 3441 1105 3504; x_wconf 91' lang='lat' dir='ltr'><strong>si</strong></span> <span class='ocrx_word' id='word_1_306' title='bbox 1128 3443 1231 3505; x_wconf 87' lang='lat' dir='ltr'><strong>tacitis</strong></span> <span class='ocrx_word' id='word_1_307' title='bbox 1253 3443 1346 3505; x_wconf 92' lang='lat' dir='ltr'><strong>nobis</strong></span> <span class='ocrx_word' id='word_1_308' title='bbox 1368 3443 1502 3526; x_wconf 89' lang='lat' dir='ltr'><strong>intelligi</strong></span> <span class='ocrx_word' id='word_1_309' title='bbox 1523 3453 1647 3525; x_wconf 87' lang='lat' dir='ltr'><strong>posset,</strong></span> <span class='ocrx_word' id='word_1_310' title='bbox 1669 3445 1774 3507; x_wconf 91' lang='lat' dir='ltr'><strong>verbis</strong></span> 
     </span>
     <span class='ocr_line' id='line_1_32' title="bbox 450 3535 1773 3620; baseline -0.002 -16"><span class='ocrx_word' id='word_1_311' title='bbox 450 3541 579 3604; x_wconf 92' lang='lat' dir='ltr'><strong>omnino</strong></span> <span class='ocrx_word' id='word_1_312' title='bbox 601 3559 664 3602; x_wconf 93' lang='lat' dir='ltr'><strong>non</strong></span> <span class='ocrx_word' id='word_1_313' title='bbox 685 3546 859 3601; x_wconf 83' lang='lat' dir='ltr'><strong>uteremur:</strong></span> <span class='ocrx_word' id='word_1_314' title='bbox 891 3535 966 3618; x_wconf 89' lang='lat' dir='ltr'><strong>quia</strong></span> <span class='ocrx_word' id='word_1_315' title='bbox 987 3554 1051 3598; x_wconf 91' lang='lat' dir='ltr'><strong>non</strong></span> <span class='ocrx_word' id='word_1_316' title='bbox 1072 3543 1195 3619; x_wconf 84' lang='lat' dir='ltr'><strong>potest,</strong></span> <span class='ocrx_word' id='word_1_317' title='bbox 1225 3537 1319 3600; x_wconf 81' lang='lat' dir='ltr'><strong>verba</strong></span> <span class='ocrx_word' id='word_1_318' title='bbox 1341 3542 1465 3619; x_wconf 87' lang='lat' dir='ltr'><strong>reperta</strong></span> <span class='ocrx_word' id='word_1_319' title='bbox 1487 3544 1577 3611; x_wconf 92' lang='lat' dir='ltr'><strong>sunt,</strong></span> <span class='ocrx_word' id='word_1_320' title='bbox 1605 3557 1669 3600; x_wconf 94' lang='lat' dir='ltr'><strong>non</strong></span> <span class='ocrx_word' id='word_1_321' title='bbox 1691 3558 1773 3620; x_wconf 88' lang='lat' dir='ltr'><strong>quae</strong></span> 
     </span>
     <span class='ocr_line' id='line_1_33' title="bbox 448 3626 1775 3719; baseline -0.005 -20"><span class='ocrx_word' id='word_1_322' title='bbox 448 3634 654 3719; x_wconf 90' lang='lat' dir='ltr'><strong>impedirent,</strong></span> <span class='ocrx_word' id='word_1_323' title='bbox 685 3632 742 3696; x_wconf 87' lang='lat' dir='ltr'><strong>sed</strong></span> <span class='ocrx_word' id='word_1_324' title='bbox 772 3650 852 3714; x_wconf 89' lang='lat' dir='ltr'><strong>quae</strong></span> <span class='ocrx_word' id='word_1_325' title='bbox 881 3628 1058 3692; x_wconf 85' lang='lat' dir='ltr'><strong>indicarent</strong></span> <span class='ocrx_word' id='word_1_326' title='bbox 1078 3630 1285 3693; x_wconf 85' lang='lat' dir='ltr'><strong>voluntatem.</strong></span> <span class='ocrx_word' id='word_1_327' title='bbox 1327 3631 1414 3692; x_wconf 82' lang='lat' dir='ltr'><strong>xlx.</strong></span> <span class='ocrx_word' id='word_1_328' title='bbox 1445 3626 1496 3692; x_wconf 69' lang='lat'><strong>54.</strong></span> <span class='ocrx_word' id='word_1_329' title='bbox 1526 3632 1594 3693; x_wconf 84' lang='lat' dir='ltr'><strong>Lex</strong></span> <span class='ocrx_word' id='word_1_330' title='bbox 1621 3651 1714 3693; x_wconf 90' lang='lat' dir='ltr'><strong>nsum</strong></span> <span class='ocrx_word' id='word_1_331' title='bbox 1742 3640 1775 3694; x_wconf 93' lang='lat' dir='ltr'><strong>et</strong></span> 
     </span>
     <span class='ocr_line' id='line_1_34' title="bbox 449 3723 1774 3793; baseline -0.003 0"><span class='ocrx_word' id='word_1_332' title='bbox 449 3729 667 3793; x_wconf 79' lang='lat' dir='ltr'><strong>auctoritatem</strong></span> <span class='ocrx_word' id='word_1_333' title='bbox 687 3726 778 3789; x_wconf 84' lang='lat' dir='ltr'><strong>londi</strong></span> <span class='ocrx_word' id='word_1_334' title='bbox 800 3725 890 3788; x_wconf 89' lang='lat' dir='ltr'><strong>iubet</strong></span> <span class='ocrx_word' id='word_1_335' title='bbox 910 3743 981 3786; x_wconf 88' lang='lat' dir='ltr'><strong>esse</strong></span> <span class='ocrx_word' id='word_1_336' title='bbox 1003 3723 1184 3787; x_wconf 84' lang='lat' dir='ltr'><strong>biennium:</strong></span> <span class='ocrx_word' id='word_1_337' title='bbox 1214 3732 1247 3787; x_wconf 89' lang='lat' dir='ltr'><strong>at</strong></span> <span class='ocrx_word' id='word_1_338' title='bbox 1267 3725 1386 3787; x_wconf 92' lang='lat' dir='ltr'><strong>utimur</strong></span> <span class='ocrx_word' id='word_1_339' title='bbox 1408 3723 1521 3788; x_wconf 89' lang='lat' dir='ltr'><strong>eodem</strong></span> <span class='ocrx_word' id='word_1_340' title='bbox 1543 3725 1611 3788; x_wconf 91' lang='lat' dir='ltr'><strong>iure</strong></span> <span class='ocrx_word' id='word_1_341' title='bbox 1633 3725 1666 3786; x_wconf 95' lang='lat' dir='ltr'><strong>in</strong></span> <span class='ocrx_word' id='word_1_342' title='bbox 1687 3726 1774 3789; x_wconf 84' lang='lat' dir='ltr'><strong>aedi-</strong></span> 
     </span>
     <span class='ocr_line' id='line_1_35' title="bbox 447 3818 1773 3909; baseline -0.005 -22"><span class='ocrx_word' id='word_1_343' title='bbox 447 3821 524 3898; x_wconf 90' lang='lat' dir='ltr'><strong>bus,</strong></span> <span class='ocrx_word' id='word_1_344' title='bbox 547 3844 628 3909; x_wconf 88' lang='lat' dir='ltr'><strong>quae</strong></span> <span class='ocrx_word' id='word_1_345' title='bbox 649 3823 684 3885; x_wconf 89' lang='lat' dir='ltr'><strong>iu</strong></span> <span class='ocrx_word' id='word_1_346' title='bbox 704 3821 774 3904; x_wconf 90' lang='lat' dir='ltr'><strong>lege</strong></span> <span class='ocrx_word' id='word_1_347' title='bbox 797 3838 860 3882; x_wconf 92' lang='lat' dir='ltr'><strong>non</strong></span> <span class='ocrx_word' id='word_1_348' title='bbox 879 3818 1089 3902; x_wconf 87' lang='lat' dir='ltr'><strong>appellantur.</strong></span> <span class='ocrx_word' id='word_1_349' title='bbox 1113 3818 1147 3881; x_wconf 91' lang='lat' dir='ltr'><strong>Si</strong></span> <span class='ocrx_word' id='word_1_350' title='bbox 1162 3819 1214 3882; x_wconf 85' lang='lat' dir='ltr'><strong>ria</strong></span> <span class='ocrx_word' id='word_1_351' title='bbox 1228 3819 1269 3882; x_wconf 93' lang='lat' dir='ltr'><strong>sit</strong></span> <span class='ocrx_word' id='word_1_352' title='bbox 1282 3819 1464 3894; x_wconf 87' lang='lat' dir='ltr'><strong>immunita,</strong></span> <span class='ocrx_word' id='word_1_353' title='bbox 1485 3819 1588 3893; x_wconf 89' lang='lat' dir='ltr'><strong>iubet,</strong></span> <span class='ocrx_word' id='word_1_354' title='bbox 1611 3838 1674 3902; x_wconf 88' lang='lat' dir='ltr'><strong>qua</strong></span> <span class='ocrx_word' id='word_1_355' title='bbox 1687 3819 1773 3893; x_wconf 82' lang='lat' dir='ltr'><strong>velit,</strong></span> 
     </span>
     <span class='ocr_line' id='line_1_36' title="bbox 410 3912 1774 4000; baseline -0.004 -18"><span class='ocrx_word' id='word_1_356' title='bbox 410 3933 542 4000; x_wconf 76' lang='lat' dir='ltr'><strong>reagere</strong></span> <span class='ocrx_word' id='word_1_357' title='bbox 564 3918 756 3980; x_wconf 77' lang='lat' dir='ltr'><strong>iumentumz</strong></span> <span class='ocrx_word' id='word_1_358' title='bbox 784 3920 890 3997; x_wconf 89' lang='lat' dir='ltr'><strong>potest</strong></span> <span class='ocrx_word' id='word_1_359' title='bbox 910 3912 972 3975; x_wconf 88' lang='lat' dir='ltr'><strong>boc</strong></span> <span class='ocrx_word' id='word_1_360' title='bbox 995 3933 1035 3974; x_wconf 85' lang='lat' dir='ltr'><strong>ex</strong></span> <span class='ocrx_word' id='word_1_361' title='bbox 1064 3913 1142 3996; x_wconf 89' lang='lat' dir='ltr'><strong>ipsis</strong></span> <span class='ocrx_word' id='word_1_362' title='bbox 1164 3913 1269 3977; x_wconf 83' lang='lat' dir='ltr'><strong>verbis</strong></span> <span class='ocrx_word' id='word_1_363' title='bbox 1291 3912 1444 3995; x_wconf 89' lang='lat' dir='ltr'><strong>intelligi,</strong></span> <span class='ocrx_word' id='word_1_364' title='bbox 1474 3912 1584 3987; x_wconf 90' lang='lat' dir='ltr'><strong>licere,</strong></span> <span class='ocrx_word' id='word_1_365' title='bbox 1612 3912 1640 3975; x_wconf 94' lang='lat' dir='ltr'><strong>si</strong></span> <span class='ocrx_word' id='word_1_366' title='bbox 1660 3913 1712 3976; x_wconf 84' lang='lat' dir='ltr'><strong>ria</strong></span> <span class='ocrx_word' id='word_1_367' title='bbox 1733 3913 1774 3976; x_wconf 92' lang='lat' dir='ltr'><strong>sit</strong></span> 
     </span>
     <span class='ocr_line' id='line_1_37' title="bbox 447 4005 1772 4091; baseline -0.007 -15"><span class='ocrx_word' id='word_1_368' title='bbox 447 4012 481 4076; x_wconf 93' lang='lat' dir='ltr'><strong>in</strong></span> <span class='ocrx_word' id='word_1_369' title='bbox 495 4010 615 4075; x_wconf 89' lang='lat' dir='ltr'><strong>Brittiis</strong></span> <span class='ocrx_word' id='word_1_370' title='bbox 629 4009 805 4084; x_wconf 86' lang='lat' dir='ltr'><strong>immunita,</strong></span> <span class='ocrx_word' id='word_1_371' title='bbox 827 4026 932 4089; x_wconf 86' lang='lat' dir='ltr'><strong>agere,</strong></span> <span class='ocrx_word' id='word_1_372' title='bbox 955 4005 981 4070; x_wconf 92' lang='lat' dir='ltr'><strong>si</strong></span> <span class='ocrx_word' id='word_1_373' title='bbox 997 4006 1084 4081; x_wconf 86' lang='lat' dir='ltr'><strong>velit,</strong></span> <span class='ocrx_word' id='word_1_374' title='bbox 1105 4007 1280 4070; x_wconf 89' lang='lat' dir='ltr'><strong>iumentum</strong></span> <span class='ocrx_word' id='word_1_375' title='bbox 1295 4026 1351 4091; x_wconf 89' lang='lat' dir='ltr'><strong>per</strong></span> <span class='ocrx_word' id='word_1_376' title='bbox 1365 4009 1407 4070; x_wconf 87' lang='lat' dir='ltr'><strong>ld.</strong></span> <span class='ocrx_word' id='word_1_377' title='bbox 1423 4007 1533 4071; x_wconf 88' lang='lat' dir='ltr'><strong>Scauri</strong></span> <span class='ocrx_word' id='word_1_378' title='bbox 1547 4006 1772 4070; x_wconf 90' lang='lat' dir='ltr'><strong>Tusculanum.</strong></span> 
     </span>
    </p>
   </div>
   <div class='ocr_carea' id='block_1_3' title="bbox 443 4205 1774 5330">
    <p class='ocr_par' dir='ltr' id='par_1_3' title="bbox 443 4205 1774 5330">
     <span class='ocr_line' id='line_1_38' title="bbox 513 4205 1772 4274; baseline -0.003 -10"><span class='ocrx_word' id='word_1_379' title='bbox 513 4214 538 4265; x_wconf 90' lang='grc'><strong>3.</strong></span> <span class='ocrx_word' id='word_1_380' title='bbox 556 4227 591 4264; x_wconf 81' lang='lat' dir='ltr'><strong>on</strong></span> <span class='ocrx_word' id='word_1_381' title='bbox 606 4225 663 4262; x_wconf 82' lang='lat' dir='ltr'><strong>cum</strong></span> <span class='ocrx_word' id='word_1_382' title='bbox 679 4209 748 4262; x_wconf 69' lang='lat' dir='ltr'><strong>tle:</strong></span> <span class='ocrx_word' id='word_1_383' title='bbox 774 4224 809 4259; x_wconf 82' lang='lat' dir='ltr'><strong>an</strong></span> <span class='ocrx_word' id='word_1_384' title='bbox 824 4223 875 4260; x_wconf 77' lang='lat' dir='ltr'><strong>non</strong></span> <span class='ocrx_word' id='word_1_385' title='bbox 891 4222 948 4260; x_wconf 84' lang='lat' dir='ltr'><strong>com</strong></span> <span class='ocrx_word' id='word_1_386' title='bbox 964 4221 1027 4260; x_wconf 92' lang='lat' dir='ltr'><strong>cnm</strong></span> <span class='ocrx_word' id='word_1_387' title='bbox 1043 4209 1145 4260; x_wconf 84' lang='lat' dir='ltr'><strong>Iuntina</strong></span> <span class='ocrx_word' id='word_1_388' title='bbox 1164 4205 1264 4271; x_wconf 72' lang='lat' dir='ltr'><strong>nto,</strong></span> <span class='ocrx_word' id='word_1_389' title='bbox 1291 4210 1318 4260; x_wconf 89' lang='lat' dir='ltr'><strong>in</strong></span> <span class='ocrx_word' id='word_1_390' title='bbox 1340 4209 1437 4273; x_wconf 88' lang='lat' dir='ltr'><strong>quibus</strong></span> <span class='ocrx_word' id='word_1_391' title='bbox 1459 4208 1525 4259; x_wconf 89' lang='lat' dir='ltr'><strong>haec</strong></span> <span class='ocrx_word' id='word_1_392' title='bbox 1540 4208 1624 4260; x_wconf 82' lang='lat' dir='ltr'><strong>verba</strong></span> <span class='ocrx_word' id='word_1_393' title='bbox 1640 4210 1772 4274; x_wconf 89' lang='lat' dir='ltr'><strong>puoetoa</strong></span> 
     </span>
     <span class='ocr_line' id='line_1_39' title="bbox 446 4282 1772 4358; baseline -0.007 -16"><span class='ocrx_word' id='word_1_394' title='bbox 446 4288 629 4358; x_wconf 86' lang='lat' dir='ltr'><strong>superioribus</strong></span> <span class='ocrx_word' id='word_1_395' title='bbox 645 4285 763 4337; x_wconf 87' lang='lat' dir='ltr'><strong>seiuncta</strong></span> <span class='ocrx_word' id='word_1_396' title='bbox 780 4286 850 4336; x_wconf 90' lang='lat' dir='ltr'><strong>sunt.</strong></span> <span class='ocrx_word' id='word_1_397' title='bbox 870 4283 909 4336; x_wconf 80' lang='lat' dir='ltr'><strong>ot.</strong></span> <span class='ocrx_word' id='word_1_398' title='bbox 926 4282 1055 4335; x_wconf 71' lang='lat' dir='ltr'><strong>Klouium</strong></span> <span class='ocrx_word' id='word_1_399' title='bbox 1072 4284 1116 4335; x_wconf 90' lang='lat' dir='ltr'><strong>ed.</strong></span> <span class='ocrx_word' id='word_1_400' title='bbox 1135 4297 1175 4349; x_wconf 89' lang='lat' dir='ltr'><strong>pr.</strong></span> <span class='ocrx_word' id='word_1_401' title='bbox 1194 4285 1277 4348; x_wconf 89' lang='lat' dir='ltr'><strong>praet.</strong></span> <span class='ocrx_word' id='word_1_402' title='bbox 1296 4298 1322 4349; x_wconf 91' lang='lat' dir='ltr'><strong>p.</strong></span> <span class='ocrx_word' id='word_1_403' title='bbox 1334 4285 1422 4335; x_wconf 80' lang='lat' dir='ltr'><strong>xxw.</strong></span> <span class='ocrx_word' id='word_1_404' title='bbox 1438 4310 1464 4320; x_wconf 91' lang='lat'><em>-</em></span> <span class='ocrx_word' id='word_1_405' title='bbox 1478 4282 1502 4335; x_wconf 85' lang='grc'><strong>4.</strong></span> <span class='ocrx_word' id='word_1_406' title='bbox 1519 4285 1693 4348; x_wconf 74' lang='lat' dir='ltr'><strong>iotdtrgantor</strong></span> <span class='ocrx_word' id='word_1_407' title='bbox 1710 4285 1772 4347; x_wconf 81' lang='lat' dir='ltr'><strong>(oon</strong></span> 
     </span>
     <span class='ocr_line' id='line_1_40' title="bbox 445 4357 1771 4430; baseline -0.008 -12"><span class='ocrx_word' id='word_1_408' title='bbox 445 4363 627 4430; x_wconf 65' lang='lat' dir='ltr'><strong>irretirentur)</strong></span> <span class='ocrx_word' id='word_1_409' title='bbox 643 4363 672 4412; x_wconf 98' lang='lat' dir='ltr'><strong>T.</strong></span> <span class='ocrx_word' id='word_1_410' title='bbox 692 4388 719 4398; x_wconf 94' lang='lat'>-</span> <span class='ocrx_word' id='word_1_411' title='bbox 738 4362 763 4412; x_wconf 84' lang='lat' dir='ltr'><strong>s.</strong></span> <span class='ocrx_word' id='word_1_412' title='bbox 780 4361 888 4411; x_wconf 67' lang='lat' dir='ltr'><strong>meari.</strong></span> <span class='ocrx_word' id='word_1_413' title='bbox 906 4361 967 4411; x_wconf 80' lang='lat' dir='ltr'><strong>item</strong></span> <span class='ocrx_word' id='word_1_414' title='bbox 983 4361 1011 4410; x_wconf 90' lang='lat' dir='ltr'><strong>T.</strong></span> <span class='ocrx_word' id='word_1_415' title='bbox 1022 4385 1049 4396; x_wconf 88' lang='lat'>-</span> <span class='ocrx_word' id='word_1_416' title='bbox 1063 4362 1103 4412; x_wconf 86' lang='grc'><strong>40.</strong></span> <span class='ocrx_word' id='word_1_417' title='bbox 1122 4361 1193 4411; x_wconf 65' lang='lat' dir='ltr'><strong>adro</strong></span> <span class='ocrx_word' id='word_1_418' title='bbox 1210 4373 1263 4410; x_wconf 90' lang='lat' dir='ltr'><strong>om.</strong></span> <span class='ocrx_word' id='word_1_419' title='bbox 1283 4360 1312 4410; x_wconf 88' lang='grc' dir='ltr'><strong>Τ.</strong></span> <span class='ocrx_word' id='word_1_420' title='bbox 1327 4386 1354 4396; x_wconf 90' lang='grc'><strong>-</strong></span> <span class='ocrx_word' id='word_1_421' title='bbox 1367 4359 1406 4409; x_wconf 95' lang='grc'><strong>43.</strong></span> <span class='ocrx_word' id='word_1_422' title='bbox 1425 4364 1448 4409; x_wconf 82' lang='lat' dir='ltr'><strong>st</strong></span> <span class='ocrx_word' id='word_1_423' title='bbox 1463 4357 1561 4410; x_wconf 86' lang='lat' dir='ltr'><strong>delevit</strong></span> <span class='ocrx_word' id='word_1_424' title='bbox 1576 4361 1605 4422; x_wconf 86' lang='lat' dir='ltr'><strong>L,</strong></span> <span class='ocrx_word' id='word_1_425' title='bbox 1622 4358 1730 4411; x_wconf 87' lang='lat' dir='ltr'><strong>seclusit</strong></span> <span class='ocrx_word' id='word_1_426' title='bbox 1740 4360 1771 4408; x_wconf 92' lang='lat'><strong>0.</strong></span> 
     </span>
     <span class='ocr_line' id='line_1_41' title="bbox 447 4433 1773 4500; baseline -0.011 -2"><span class='ocrx_word' id='word_1_427' title='bbox 447 4444 486 4497; x_wconf 81' lang='lat' dir='ltr'><strong>Cf.</strong></span> <span class='ocrx_word' id='word_1_428' title='bbox 505 4442 540 4494; x_wconf 86' lang='lat' dir='ltr'><strong>ad</strong></span> <span class='ocrx_word' id='word_1_429' title='bbox 557 4441 608 4491; x_wconf 83' lang='grc'><strong>4444.</strong></span> <span class='ocrx_word' id='word_1_430' title='bbox 625 4437 669 4486; x_wconf 80' lang='lat' dir='ltr'><strong>vt.</strong></span> <span class='ocrx_word' id='word_1_431' title='bbox 687 4435 712 4497; x_wconf 83' lang='grc'><strong>3,</strong></span> <span class='ocrx_word' id='word_1_432' title='bbox 731 4437 756 4486; x_wconf 90' lang='grc'><strong>4.</strong></span> <span class='ocrx_word' id='word_1_433' title='bbox 776 4461 801 4475; x_wconf 91' lang='grc'><strong>-</strong></span> <span class='ocrx_word' id='word_1_434' title='bbox 824 4435 863 4486; x_wconf 80' lang='lat' dir='ltr'><strong>ts.</strong></span> <span class='ocrx_word' id='word_1_435' title='bbox 883 4433 922 4500; x_wconf 86' lang='lat' dir='ltr'><strong>oc]</strong></span> <span class='ocrx_word' id='word_1_436' title='bbox 940 4440 986 4484; x_wconf 81' lang='lat' dir='ltr'><strong>aut</strong></span> <span class='ocrx_word' id='word_1_437' title='bbox 1000 4433 1150 4496; x_wconf 68' lang='grc'><strong>4444443.</strong></span> <span class='ocrx_word' id='word_1_438' title='bbox 1170 4435 1207 4486; x_wconf 89' lang='lat' dir='ltr'><strong>ct.</strong></span> <span class='ocrx_word' id='word_1_439' title='bbox 1222 4435 1296 4499; x_wconf 72' lang='lat' dir='ltr'><strong>§.tt¹</strong></span> <span class='ocrx_word' id='word_1_440' title='bbox 1310 4462 1337 4472; x_wconf 90' lang='lat'>—</span> <span class='ocrx_word' id='word_1_441' title='bbox 1350 4436 1389 4485; x_wconf 81' lang='lat' dir='ltr'><strong>ts.</strong></span> <span class='ocrx_word' id='word_1_442' title='bbox 1408 4447 1494 4485; x_wconf 82' lang='lat' dir='ltr'><strong>eorum</strong></span> <span class='ocrx_word' id='word_1_443' title='bbox 1510 4449 1563 4487; x_wconf 91' lang='lat' dir='ltr'><strong>om.</strong></span> <span class='ocrx_word' id='word_1_444' title='bbox 1581 4436 1700 4488; x_wconf 86' lang='grc' dir='ltr'><strong>Τ.-46.</strong></span> <span class='ocrx_word' id='word_1_445' title='bbox 1713 4435 1773 4484; x_wconf 80' lang='lat' dir='ltr'><strong>her-</strong></span> 
     </span>
     <span class='ocr_line' id='line_1_42' title="bbox 445 4507 1774 4582; baseline -0.002 -20"><span class='ocrx_word' id='word_1_446' title='bbox 445 4516 507 4582; x_wconf 60' lang='lat' dir='ltr'><strong>mas]</strong></span> <span class='ocrx_word' id='word_1_447' title='bbox 524 4511 661 4566; x_wconf 77' lang='lat' dir='ltr'><strong>mehercule</strong></span> <span class='ocrx_word' id='word_1_448' title='bbox 676 4507 853 4570; x_wconf 68' lang='lat' dir='ltr'><strong>obscuro,</strong></span> <span class='ocrx_word' id='word_1_449' title='bbox 874 4537 902 4548; x_wconf 87' lang='lat'>-</span> <span class='ocrx_word' id='word_1_450' title='bbox 920 4515 943 4559; x_wconf 82' lang='grc' dir='ltr'><strong>οι</strong></span> <span class='ocrx_word' id='word_1_451' title='bbox 960 4515 1021 4562; x_wconf 87' lang='lat' dir='ltr'><strong>ante</strong></span> <span class='ocrx_word' id='word_1_452' title='bbox 1037 4526 1064 4563; x_wconf 89' lang='lat' dir='ltr'><strong>v.</strong></span> <span class='ocrx_word' id='word_1_453' title='bbox 1080 4512 1217 4576; x_wconf 63' lang='lat' dir='ltr'><strong>pernitiosis</strong></span> <span class='ocrx_word' id='word_1_454' title='bbox 1233 4523 1286 4560; x_wconf 92' lang='lat' dir='ltr'><strong>om.</strong></span> <span class='ocrx_word' id='word_1_455' title='bbox 1305 4511 1334 4560; x_wconf 90' lang='lat' dir='ltr'><strong>T.</strong></span> <span class='ocrx_word' id='word_1_456' title='bbox 1346 4538 1374 4548; x_wconf 94' lang='lat'>-</span> <span class='ocrx_word' id='word_1_457' title='bbox 1387 4510 1526 4560; x_wconf 76' lang='lat' dir='ltr'><strong>cotidianus</strong></span> <span class='ocrx_word' id='word_1_458' title='bbox 1541 4512 1570 4561; x_wconf 89' lang='lat' dir='ltr'><strong>T.</strong></span> <span class='ocrx_word' id='word_1_459' title='bbox 1582 4537 1610 4548; x_wconf 84' lang='lat'><em>-</em></span> <span class='ocrx_word' id='word_1_460' title='bbox 1623 4510 1664 4560; x_wconf 89' lang='lat' dir='ltr'><strong>l8.</strong></span> <span class='ocrx_word' id='word_1_461' title='bbox 1681 4511 1774 4560; x_wconf 73' lang='lat' dir='ltr'><strong>oodric</strong></span> 
     </span>
     <span class='ocr_line' id='line_1_43' title="bbox 446 4584 1770 4652; baseline -0.007 -10"><span class='ocrx_word' id='word_1_462' title='bbox 446 4606 500 4646; x_wconf 90' lang='lat' dir='ltr'><strong>om.</strong></span> <span class='ocrx_word' id='word_1_463' title='bbox 513 4592 542 4642; x_wconf 91' lang='lat' dir='ltr'><strong>T.</strong></span> <span class='ocrx_word' id='word_1_464' title='bbox 573 4588 678 4652; x_wconf 81' lang='lat' dir='ltr'><strong>(Deerat</strong></span> <span class='ocrx_word' id='word_1_465' title='bbox 694 4585 762 4639; x_wconf 85' lang='lat' dir='ltr'><strong>haec</strong></span> <span class='ocrx_word' id='word_1_466' title='bbox 778 4586 891 4636; x_wconf 78' lang='lat' dir='ltr'><strong>varietas</strong></span> <span class='ocrx_word' id='word_1_467' title='bbox 911 4585 937 4636; x_wconf 92' lang='lat' dir='ltr'><strong>in</strong></span> <span class='ocrx_word' id='word_1_468' title='bbox 949 4587 996 4636; x_wconf 91' lang='lat' dir='ltr'><strong>Th.</strong></span> <span class='ocrx_word' id='word_1_469' title='bbox 1010 4585 1177 4638; x_wconf 83' lang='lat' dir='ltr'><strong>Mommsenii</strong></span> <span class='ocrx_word' id='word_1_470' title='bbox 1188 4584 1314 4647; x_wconf 72' lang='lat' dir='ltr'><strong>schedis.)</strong></span> <span class='ocrx_word' id='word_1_471' title='bbox 1325 4611 1353 4621; x_wconf 94' lang='lat'>-</span> <span class='ocrx_word' id='word_1_472' title='bbox 1367 4585 1407 4634; x_wconf 84' lang='grc'><strong>49.</strong></span> <span class='ocrx_word' id='word_1_473' title='bbox 1420 4590 1584 4649; x_wconf 76' lang='lat' dir='ltr'><strong>optmrpcrent</strong></span> <span class='ocrx_word' id='word_1_474' title='bbox 1594 4585 1622 4635; x_wconf 91' lang='lat' dir='ltr'><strong>T.</strong></span> <span class='ocrx_word' id='word_1_475' title='bbox 1641 4584 1679 4636; x_wconf 84' lang='lat' dir='ltr'><strong>cl.</strong></span> <span class='ocrx_word' id='word_1_476' title='bbox 1693 4584 1718 4647; x_wconf 72' lang='lat' dir='ltr'><strong>fi.</strong></span> <span class='ocrx_word' id='word_1_477' title='bbox 1729 4584 1770 4634; x_wconf 85' lang='grc'><strong>40.</strong></span> 
     </span>
     <span class='ocr_line' id='line_1_44' title="bbox 447 4655 1768 4727; baseline -0.005 -12"><span class='ocrx_word' id='word_1_478' title='bbox 447 4693 475 4706; x_wconf 92' lang='grc'>-</span> <span class='ocrx_word' id='word_1_479' title='bbox 495 4666 536 4719; x_wconf 70' lang='lat'><strong>22.</strong></span> <span class='ocrx_word' id='word_1_480' title='bbox 555 4661 686 4726; x_wconf 72' lang='lat' dir='ltr'><strong>quodquod</strong></span> <span class='ocrx_word' id='word_1_481' title='bbox 702 4662 730 4711; x_wconf 93' lang='lat' dir='ltr'><strong>T.</strong></span> <span class='ocrx_word' id='word_1_482' title='bbox 745 4684 773 4696; x_wconf 92' lang='lat'>-</span> <span class='ocrx_word' id='word_1_483' title='bbox 792 4667 878 4724; x_wconf 84' lang='lat' dir='ltr'><strong>optom</strong></span> <span class='ocrx_word' id='word_1_484' title='bbox 895 4661 1068 4727; x_wconf 81' lang='lat' dir='ltr'><strong>ETpret</strong></span> <span class='ocrx_word' id='word_1_485' title='bbox 1084 4663 1118 4712; x_wconf 90' lang='lat'><strong>0:</strong></span> <span class='ocrx_word' id='word_1_486' title='bbox 1136 4666 1221 4711; x_wconf 81' lang='lat' dir='ltr'><strong>ectum</strong></span> <span class='ocrx_word' id='word_1_487' title='bbox 1237 4657 1497 4723; x_wconf 69' lang='lat' dir='ltr'><strong>aemqtatietl;</strong></span> <span class='ocrx_word' id='word_1_488' title='bbox 1515 4666 1594 4711; x_wconf 78' lang='lat' dir='ltr'><strong>totum</strong></span> <span class='ocrx_word' id='word_1_489' title='bbox 1610 4655 1724 4710; x_wconf 74' lang='lat' dir='ltr'><strong>leret.</strong></span> <span class='ocrx_word' id='word_1_490' title='bbox 1740 4684 1768 4695; x_wconf 95' lang='lat'><em>-</em></span> 
     </span>
     <span class='ocr_line' id='line_1_45' title="bbox 445 4734 1771 4802; baseline -0.006 -8"><span class='ocrx_word' id='word_1_491' title='bbox 445 4744 487 4795; x_wconf 82' lang='lat' dir='ltr'><strong>ss.</strong></span> <span class='ocrx_word' id='word_1_492' title='bbox 500 4735 678 4792; x_wconf 76' lang='lat' dir='ltr'><strong>omtuocirolc</strong></span> <span class='ocrx_word' id='word_1_493' title='bbox 694 4735 722 4786; x_wconf 94' lang='lat' dir='ltr'><strong>T.</strong></span> <span class='ocrx_word' id='word_1_494' title='bbox 735 4761 762 4771; x_wconf 93' lang='lat'>-</span> <span class='ocrx_word' id='word_1_495' title='bbox 780 4736 821 4786; x_wconf 74' lang='grc'><strong>43.</strong></span> <span class='ocrx_word' id='word_1_496' title='bbox 836 4736 875 4802; x_wconf 84' lang='grc'><strong>0.]</strong></span> <span class='ocrx_word' id='word_1_497' title='bbox 890 4738 989 4799; x_wconf 74' lang='lat' dir='ltr'><strong>quintos</strong></span> <span class='ocrx_word' id='word_1_498' title='bbox 997 4738 1026 4788; x_wconf 84' lang='lat' dir='ltr'><strong>E.</strong></span> <span class='ocrx_word' id='word_1_499' title='bbox 1041 4764 1068 4773; x_wconf 87' lang='lat'><strong>—</strong></span> <span class='ocrx_word' id='word_1_500' title='bbox 1087 4737 1129 4786; x_wconf 80' lang='lat' dir='ltr'><strong>tt.</strong></span> <span class='ocrx_word' id='word_1_501' title='bbox 1147 4736 1203 4800; x_wconf 77' lang='lat' dir='ltr'><strong>lt&#39;]</strong></span> <span class='ocrx_word' id='word_1_502' title='bbox 1222 4735 1266 4785; x_wconf 86' lang='grc'><strong>.44.</strong></span> <span class='ocrx_word' id='word_1_503' title='bbox 1285 4734 1435 4798; x_wconf 83' lang='lat' dir='ltr'><strong>Eekmpt</strong></span> <span class='ocrx_word' id='word_1_504' title='bbox 1451 4737 1478 4786; x_wconf 89' lang='lat' dir='ltr'><strong>et</strong></span> <span class='ocrx_word' id='word_1_505' title='bbox 1493 4737 1523 4785; x_wconf 79' lang='grc' dir='ltr'><strong>Α.</strong></span> <span class='ocrx_word' id='word_1_506' title='bbox 1541 4736 1580 4786; x_wconf 91' lang='lat' dir='ltr'><strong>De</strong></span> <span class='ocrx_word' id='word_1_507' title='bbox 1592 4736 1612 4786; x_wconf 90' lang='lat' dir='ltr'><strong>T</strong></span> <span class='ocrx_word' id='word_1_508' title='bbox 1623 4734 1771 4786; x_wconf 87' lang='lat' dir='ltr'><strong>Harlessios</strong></span> 
     </span>
     <span class='ocr_line' id='line_1_46' title="bbox 445 4807 1771 4872; baseline -0.007 -3"><span class='ocrx_word' id='word_1_509' title='bbox 445 4815 513 4870; x_wconf 86' lang='lat' dir='ltr'><strong>silet.</strong></span> <span class='ocrx_word' id='word_1_510' title='bbox 534 4842 561 4852; x_wconf 97' lang='lat'>-</span> <span class='ocrx_word' id='word_1_511' title='bbox 579 4812 620 4862; x_wconf 75' lang='lat'><strong>28.</strong></span> <span class='ocrx_word' id='word_1_512' title='bbox 639 4811 706 4872; x_wconf 83' lang='lat' dir='ltr'><strong>esset]</strong></span> <span class='ocrx_word' id='word_1_513' title='bbox 724 4823 774 4861; x_wconf 82' lang='lat' dir='ltr'><strong>esso</strong></span> <span class='ocrx_word' id='word_1_514' title='bbox 790 4811 818 4861; x_wconf 93' lang='lat' dir='ltr'><strong>T.</strong></span> <span class='ocrx_word' id='word_1_515' title='bbox 848 4810 922 4862; x_wconf 82' lang='lat' dir='ltr'><strong>Falso</strong></span> <span class='ocrx_word' id='word_1_516' title='bbox 940 4811 974 4862; x_wconf 88' lang='lat' dir='ltr'><strong>ad</strong></span> <span class='ocrx_word' id='word_1_517' title='bbox 990 4826 1017 4862; x_wconf 80' lang='lat' dir='ltr'><strong>u.</strong></span> <span class='ocrx_word' id='word_1_518' title='bbox 1034 4812 1075 4863; x_wconf 76' lang='lat'><strong>27.</strong></span> <span class='ocrx_word' id='word_1_519' title='bbox 1093 4810 1163 4861; x_wconf 86' lang='lat' dir='ltr'><strong>hanc</strong></span> <span class='ocrx_word' id='word_1_520' title='bbox 1180 4807 1321 4860; x_wconf 87' lang='lat' dir='ltr'><strong>lectionem</strong></span> <span class='ocrx_word' id='word_1_521' title='bbox 1338 4807 1439 4859; x_wconf 89' lang='lat' dir='ltr'><strong>rettulit</strong></span> <span class='ocrx_word' id='word_1_522' title='bbox 1455 4808 1591 4862; x_wconf 85' lang='lat' dir='ltr'><strong>terdenos.</strong></span> <span class='ocrx_word' id='word_1_523' title='bbox 1613 4838 1640 4848; x_wconf 93' lang='lat'><em>-</em></span> <span class='ocrx_word' id='word_1_524' title='bbox 1661 4810 1702 4861; x_wconf 77' lang='lat'><strong>29.</strong></span> <span class='ocrx_word' id='word_1_525' title='bbox 1721 4824 1771 4860; x_wconf 78' lang='lat' dir='ltr'><strong>esse</strong></span> 
     </span>
     <span class='ocr_line' id='line_1_47' title="bbox 445 4885 1770 4944; baseline -0.007 -3"><span class='ocrx_word' id='word_1_526' title='bbox 445 4903 500 4944; x_wconf 92' lang='lat' dir='ltr'><strong>om.</strong></span> <span class='ocrx_word' id='word_1_527' title='bbox 518 4891 546 4941; x_wconf 94' lang='lat' dir='ltr'><strong>T.</strong></span> <span class='ocrx_word' id='word_1_528' title='bbox 566 4914 594 4925; x_wconf 96' lang='lat'>-</span> <span class='ocrx_word' id='word_1_529' title='bbox 612 4887 657 4937; x_wconf 82' lang='lat' dir='ltr'><strong>boc</strong></span> <span class='ocrx_word' id='word_1_530' title='bbox 677 4886 739 4936; x_wconf 73' lang='lat' dir='ltr'><strong>sotis</strong></span> <span class='ocrx_word' id='word_1_531' title='bbox 758 4891 813 4936; x_wconf 78' lang='lat' dir='ltr'><strong>erat</strong></span> <span class='ocrx_word' id='word_1_532' title='bbox 833 4891 935 4936; x_wconf 79' lang='lat' dir='ltr'><strong>cautum</strong></span> <span class='ocrx_word' id='word_1_533' title='bbox 956 4887 1019 4937; x_wconf 86' lang='lat' dir='ltr'><strong>ET:</strong></span> <span class='ocrx_word' id='word_1_534' title='bbox 1042 4887 1088 4936; x_wconf 76' lang='lat' dir='ltr'><strong>boe</strong></span> <span class='ocrx_word' id='word_1_535' title='bbox 1108 4890 1210 4935; x_wconf 68' lang='lat' dir='ltr'><strong>camum</strong></span> <span class='ocrx_word' id='word_1_536' title='bbox 1232 4885 1292 4934; x_wconf 84' lang='lat' dir='ltr'><strong>satis</strong></span> <span class='ocrx_word' id='word_1_537' title='bbox 1310 4889 1367 4934; x_wconf 82' lang='lat' dir='ltr'><strong>srot</strong></span> <span class='ocrx_word' id='word_1_538' title='bbox 1386 4886 1415 4942; x_wconf 80' lang='lat' dir='ltr'><strong>lr;</strong></span> <span class='ocrx_word' id='word_1_539' title='bbox 1442 4887 1503 4936; x_wconf 79' lang='lat' dir='ltr'><strong>sotis</strong></span> <span class='ocrx_word' id='word_1_540' title='bbox 1523 4886 1568 4936; x_wconf 79' lang='lat' dir='ltr'><strong>hoc</strong></span> <span class='ocrx_word' id='word_1_541' title='bbox 1592 4891 1693 4936; x_wconf 66' lang='lat' dir='ltr'><strong>camum</strong></span> <span class='ocrx_word' id='word_1_542' title='bbox 1715 4889 1770 4933; x_wconf 78' lang='lat' dir='ltr'><strong>crat</strong></span> 
     </span>
     <span class='ocr_line' id='line_1_48' title="bbox 443 4956 1767 5026; baseline -0.007 -8"><span class='ocrx_word' id='word_1_543' title='bbox 443 4967 500 5019; x_wconf 73' lang='lat' dir='ltr'><strong>al</strong></span> <span class='ocrx_word' id='word_1_544' title='bbox 513 4966 532 5015; x_wconf 88' lang='lat' dir='ltr'>L</span> <span class='ocrx_word' id='word_1_545' title='bbox 546 4959 562 5015; x_wconf 64' lang='grc' dir='ltr'><strong>Β</strong></span> <span class='ocrx_word' id='word_1_546' title='bbox 576 4965 606 5014; x_wconf 92' lang='lat'><strong>0.</strong></span> <span class='ocrx_word' id='word_1_547' title='bbox 625 4986 655 4998; x_wconf 97' lang='lat'><em>-</em></span> <span class='ocrx_word' id='word_1_548' title='bbox 674 4960 714 5012; x_wconf 87' lang='grc'><strong>30.</strong></span> <span class='ocrx_word' id='word_1_549' title='bbox 737 4960 825 5026; x_wconf 81' lang='lat' dir='ltr'><strong>posset]</strong></span> <span class='ocrx_word' id='word_1_550' title='bbox 845 4962 922 5023; x_wconf 84' lang='lat' dir='ltr'><strong>possit</strong></span> <span class='ocrx_word' id='word_1_551' title='bbox 943 4961 971 5010; x_wconf 93' lang='lat' dir='ltr'><strong>T.</strong></span> <span class='ocrx_word' id='word_1_552' title='bbox 992 4987 1019 4996; x_wconf 96' lang='lat'>-</span> <span class='ocrx_word' id='word_1_553' title='bbox 1038 4961 1078 5011; x_wconf 74' lang='grc'><strong>34.</strong></span> <span class='ocrx_word' id='word_1_554' title='bbox 1101 4973 1173 5009; x_wconf 81' lang='lat' dir='ltr'><strong>urum</strong></span> <span class='ocrx_word' id='word_1_555' title='bbox 1193 4959 1367 5009; x_wconf 68' lang='lat' dir='ltr'><strong>auctoritates</strong></span> <span class='ocrx_word' id='word_1_556' title='bbox 1389 4960 1450 5022; x_wconf 89' lang='lat' dir='ltr'><strong>(om.</strong></span> <span class='ocrx_word' id='word_1_557' title='bbox 1469 4960 1501 5024; x_wconf 86' lang='lat' dir='ltr'><strong>et)</strong></span> <span class='ocrx_word' id='word_1_558' title='bbox 1523 4962 1684 5011; x_wconf 88' lang='lat' dir='ltr'><strong>Hotomanus</strong></span> <span class='ocrx_word' id='word_1_559' title='bbox 1708 4956 1767 5009; x_wconf 90' lang='lat' dir='ltr'><strong>coll.</strong></span> 
     </span>
     <span class='ocr_line' id='line_1_49' title="bbox 444 5032 1768 5106; baseline -0.008 -14"><span class='ocrx_word' id='word_1_560' title='bbox 444 5040 534 5106; x_wconf 84' lang='lat' dir='ltr'><strong>Toplc.</strong></span> <span class='ocrx_word' id='word_1_561' title='bbox 553 5051 576 5088; x_wconf 89' lang='lat' dir='ltr'><strong>c.</strong></span> <span class='ocrx_word' id='word_1_562' title='bbox 595 5035 619 5088; x_wconf 85' lang='lat' dir='ltr'><strong>l.</strong></span> <span class='ocrx_word' id='word_1_563' title='bbox 639 5062 667 5072; x_wconf 92' lang='lat'>-</span> <span class='ocrx_word' id='word_1_564' title='bbox 686 5035 726 5086; x_wconf 90' lang='grc'><strong>33.</strong></span> <span class='ocrx_word' id='word_1_565' title='bbox 745 5036 784 5101; x_wconf 79' lang='lat' dir='ltr'><strong>At]</strong></span> <span class='ocrx_word' id='word_1_566' title='bbox 800 5040 824 5087; x_wconf 79' lang='lat' dir='ltr'><strong>st</strong></span> <span class='ocrx_word' id='word_1_567' title='bbox 840 5032 1072 5100; x_wconf 71' lang='lat' dir='ltr'><strong>ompqtdetrt;</strong></span> <span class='ocrx_word' id='word_1_568' title='bbox 1099 5049 1130 5085; x_wconf 88' lang='lat' dir='ltr'><strong>oc</strong></span> <span class='ocrx_word' id='word_1_569' title='bbox 1147 5048 1205 5093; x_wconf 86' lang='lat' dir='ltr'><strong>ea;</strong></span> <span class='ocrx_word' id='word_1_570' title='bbox 1231 5039 1259 5083; x_wconf 79' lang='lat' dir='ltr'><strong>ut</strong></span> <span class='ocrx_word' id='word_1_571' title='bbox 1275 5035 1304 5084; x_wconf 87' lang='lat' dir='ltr'><strong>G.</strong></span> <span class='ocrx_word' id='word_1_572' title='bbox 1325 5060 1351 5068; x_wconf 91' lang='lat'>-</span> <span class='ocrx_word' id='word_1_573' title='bbox 1370 5032 1410 5086; x_wconf 89' lang='grc'><strong>34.</strong></span> <span class='ocrx_word' id='word_1_574' title='bbox 1429 5035 1606 5097; x_wconf 68' lang='lat' dir='ltr'><strong>appanowa</strong></span> <span class='ocrx_word' id='word_1_575' title='bbox 1630 5032 1768 5096; x_wconf 84' lang='lat' dir='ltr'><strong>(Freundio</strong></span> 
     </span>
     <span class='ocr_line' id='line_1_50' title="bbox 444 5107 1768 5178; baseline -0.006 -12"><span class='ocrx_word' id='word_1_576' title='bbox 444 5114 521 5178; x_wconf 82' lang='lat' dir='ltr'><strong>teste)</strong></span> <span class='ocrx_word' id='word_1_577' title='bbox 539 5113 567 5162; x_wconf 91' lang='lat' dir='ltr'><strong>T.</strong></span> <span class='ocrx_word' id='word_1_578' title='bbox 589 5137 616 5146; x_wconf 89' lang='lat'>—</span> <span class='ocrx_word' id='word_1_579' title='bbox 635 5110 676 5162; x_wconf 79' lang='grc'><strong>344.</strong></span> <span class='ocrx_word' id='word_1_580' title='bbox 694 5124 727 5161; x_wconf 78' lang='lat' dir='ltr'><strong>sc</strong></span> <span class='ocrx_word' id='word_1_581' title='bbox 746 5111 806 5174; x_wconf 77' lang='lat' dir='ltr'><strong>ipsis</strong></span> <span class='ocrx_word' id='word_1_582' title='bbox 823 5111 883 5173; x_wconf 86' lang='lat' dir='ltr'><strong>(non</strong></span> <span class='ocrx_word' id='word_1_583' title='bbox 899 5111 975 5174; x_wconf 68' lang='lat' dir='ltr'><strong>ipsos)</strong></span> <span class='ocrx_word' id='word_1_584' title='bbox 992 5108 1073 5159; x_wconf 79' lang='lat' dir='ltr'><strong>vorbis</strong></span> <span class='ocrx_word' id='word_1_585' title='bbox 1092 5110 1128 5159; x_wconf 89' lang='lat' dir='ltr'><strong>T:</strong></span> <span class='ocrx_word' id='word_1_586' title='bbox 1155 5121 1208 5159; x_wconf 91' lang='lat' dir='ltr'><strong>om.</strong></span> <span class='ocrx_word' id='word_1_587' title='bbox 1226 5108 1285 5170; x_wconf 79' lang='lat' dir='ltr'><strong>ipsis</strong></span> <span class='ocrx_word' id='word_1_588' title='bbox 1304 5107 1448 5161; x_wconf 67' lang='lat' dir='ltr'><strong>RALTO.</strong></span> <span class='ocrx_word' id='word_1_589' title='bbox 1473 5136 1500 5146; x_wconf 99' lang='lat'>-</span> <span class='ocrx_word' id='word_1_590' title='bbox 1527 5109 1568 5160; x_wconf 87' lang='grc'><strong>36.</strong></span> <span class='ocrx_word' id='word_1_591' title='bbox 1587 5111 1683 5160; x_wconf 77' lang='lat' dir='ltr'><strong>Brittiis</strong></span> <span class='ocrx_word' id='word_1_592' title='bbox 1706 5111 1768 5172; x_wconf 84' lang='lat' dir='ltr'><strong>(non</strong></span> 
     </span>
     <span class='ocr_line' id='line_1_51' title="bbox 444 5182 1766 5253; baseline -0.006 -11"><span class='ocrx_word' id='word_1_593' title='bbox 444 5188 532 5253; x_wconf 72' lang='grc'><strong>44444444)</strong></span> <span class='ocrx_word' id='word_1_594' title='bbox 553 5188 587 5238; x_wconf 86' lang='lat' dir='ltr'><strong>T:</strong></span> <span class='ocrx_word' id='word_1_595' title='bbox 610 5185 707 5248; x_wconf 67' lang='lat' dir='ltr'><strong>bruniis</strong></span> <span class='ocrx_word' id='word_1_596' title='bbox 727 5187 762 5246; x_wconf 87' lang='lat' dir='ltr'><strong>E;</strong></span> <span class='ocrx_word' id='word_1_597' title='bbox 786 5185 879 5236; x_wconf 80' lang='lat' dir='ltr'><strong>briottts</strong></span> <span class='ocrx_word' id='word_1_598' title='bbox 895 5187 956 5250; x_wconf 83' lang='lat' dir='ltr'><strong>apt</strong></span> <span class='ocrx_word' id='word_1_599' title='bbox 976 5185 1025 5249; x_wconf 85' lang='lat' dir='ltr'><strong>(pr.</strong></span> <span class='ocrx_word' id='word_1_600' title='bbox 1040 5183 1100 5247; x_wconf 82' lang='lat' dir='ltr'><strong>m.);</strong></span> <span class='ocrx_word' id='word_1_601' title='bbox 1124 5182 1202 5234; x_wconf 63' lang='lat' dir='ltr'><strong>bned</strong></span> <span class='ocrx_word' id='word_1_602' title='bbox 1223 5198 1257 5245; x_wconf 85' lang='grc' dir='ltr'><strong>α;</strong></span> <span class='ocrx_word' id='word_1_603' title='bbox 1281 5183 1386 5235; x_wconf 63' lang='lat' dir='ltr'><strong>Bruttiis</strong></span> <span class='ocrx_word' id='word_1_604' title='bbox 1406 5182 1549 5241; x_wconf 71' lang='lat' dir='ltr'><strong>uento</strong></span> <span class='ocrx_word' id='word_1_605' title='bbox 1577 5184 1616 5238; x_wconf 82' lang='lat' dir='ltr'><strong>ct.</strong></span> <span class='ocrx_word' id='word_1_606' title='bbox 1634 5186 1717 5237; x_wconf 87' lang='lat' dir='ltr'><strong>Iosor.</strong></span> <span class='ocrx_word' id='word_1_607' title='bbox 1735 5183 1766 5234; x_wconf 80' lang='lat' dir='ltr'><strong>tt.</strong></span> 
     </span>
     <span class='ocr_line' id='line_1_52' title="bbox 444 5257 1157 5330; baseline -0.013 -12"><span class='ocrx_word' id='word_1_608' title='bbox 444 5266 528 5330; x_wconf 68' lang='lat' dir='ltr'><strong>neap.</strong></span> <span class='ocrx_word' id='word_1_609' title='bbox 545 5273 573 5328; x_wconf 85' lang='lat' dir='ltr'><strong>p.</strong></span> <span class='ocrx_word' id='word_1_610' title='bbox 590 5257 648 5313; x_wconf 82' lang='grc'><strong>448.</strong></span> <span class='ocrx_word' id='word_1_611' title='bbox 671 5258 720 5314; x_wconf 89' lang='lat' dir='ltr'><strong>lul.</strong></span> <span class='ocrx_word' id='word_1_612' title='bbox 737 5258 805 5314; x_wconf 82' lang='lat' dir='ltr'><strong>Flor.</strong></span> <span class='ocrx_word' id='word_1_613' title='bbox 823 5258 866 5312; x_wconf 83' lang='lat' dir='ltr'><strong>ed.</strong></span> <span class='ocrx_word' id='word_1_614' title='bbox 884 5259 949 5311; x_wconf 79' lang='lat' dir='ltr'><strong>lehn</strong></span> <span class='ocrx_word' id='word_1_615' title='bbox 965 5271 993 5326; x_wconf 86' lang='lat' dir='ltr'><strong>p.</strong></span> <span class='ocrx_word' id='word_1_616' title='bbox 1011 5260 1051 5311; x_wconf 80' lang='lat'><strong>25.</strong></span> <span class='ocrx_word' id='word_1_617' title='bbox 1070 5271 1097 5311; x_wconf 85' lang='lat' dir='ltr'><strong>v.</strong></span> <span class='ocrx_word' id='word_1_618' title='bbox 1115 5257 1157 5310; x_wconf 85' lang='grc'><strong>43.</strong></span> 
     </span>
    </p>
   </div>
   <div class='ocr_carea' id='block_1_4' title="bbox 0 0 2188 6105">
    <p class='ocr_par' dir='ltr' id='par_1_4' title="bbox 0 0 2188 6105">
     <span class='ocr_line' id='line_1_53' title="bbox 0 0 2188 6105; baseline 0 0"><span class='ocrx_word' id='word_1_619' title='bbox 0 0 2188 6105; x_wconf 95' lang='lat' dir='ltr'><strong> </strong></span> 
     </span>
    </p>
   </div>
  </div>
 </body>
</html>
