<?xml version="1.0" encoding="UTF-8"?>
<!DOCTYPE html PUBLIC "-//W3C//DTD XHTML 1.0 Transitional//EN"
    "http://www.w3.org/TR/xhtml1/DTD/xhtml1-transitional.dtd">
<html xmlns="http://www.w3.org/1999/xhtml" xml:lang="en" lang="en">
 <head>
  <title>
</title>
<meta http-equiv="Content-Type" content="text/html;charset=utf-8" />
  <meta name='ocr-system' content='tesseract 3.04.00' />
  <meta name='ocr-capabilities' content='ocr_page ocr_carea ocr_par ocr_line ocrx_word'/>
</head>
<body>
  <div class='ocr_page' id='page_1' title='image "./operaquaesupers02halmgoog_0098.png"; bbox 0 0 4367 6109; ppageno 0'>
   <div class='ocr_carea' id='block_1_1' title="bbox 444 502 1434 636">
    <p class='ocr_par' dir='ltr' id='par_1_1' title="bbox 444 502 1434 636">
     <span class='ocr_line' id='line_1_1' title="bbox 444 502 1434 636; baseline -0.001 -10"><span class='ocrx_word' id='word_1_1' title='bbox 444 559 486 626; x_wconf 88' lang='grc'><strong>84</strong></span> <span class='ocrx_word' id='word_1_2' title='bbox 732 557 883 625; x_wconf 82' lang='lat' dir='ltr'>ORATIO</span> <span class='ocrx_word' id='word_1_3' title='bbox 904 557 982 624; x_wconf 80' lang='lat' dir='ltr'><strong>PRO</strong></span> <span class='ocrx_word' id='word_1_4' title='bbox 1004 557 1044 636; x_wconf 84' lang='lat' dir='ltr'><strong>Q.</strong></span> <span class='ocrx_word' id='word_1_5' title='bbox 1066 502 1214 626; x_wconf 79' lang='lat' dir='ltr'><strong>llOSClO</strong></span> <span class='ocrx_word' id='word_1_6' title='bbox 1237 557 1434 626; x_wconf 78' lang='lat' dir='ltr'>COMOEDO</span> 
     </span>
    </p>
   </div>
   <div class='ocr_carea' id='block_1_2' title="bbox 381 725 1774 4195">
    <p class='ocr_par' dir='ltr' id='par_1_2' title="bbox 381 725 1774 4195">
     <span class='ocr_line' id='line_1_2' title="bbox 445 725 1762 816; baseline -0.003 -18"><span class='ocrx_word' id='word_1_7' title='bbox 445 754 532 809; x_wconf 89' lang='lat' dir='ltr'><strong>rum,</strong></span> <span class='ocrx_word' id='word_1_8' title='bbox 561 731 615 816; x_wconf 90' lang='lat' dir='ltr'><strong>qni</strong></span> <span class='ocrx_word' id='word_1_9' title='bbox 641 749 681 793; x_wconf 84' lang='lat' dir='ltr'><strong>ex</strong></span> <span class='ocrx_word' id='word_1_10' title='bbox 708 728 819 792; x_wconf 84' lang='lat' dir='ltr'><strong>Cluvio</strong></span> <span class='ocrx_word' id='word_1_11' title='bbox 849 728 1028 793; x_wconf 90' lang='lat' dir='ltr'><strong>audierunt.</strong></span> <span class='ocrx_word' id='word_1_12' title='bbox 1068 725 1300 813; x_wconf 77' lang='lat' dir='ltr'><strong>[Tesmonrvu</strong></span> <span class='ocrx_word' id='word_1_13' title='bbox 1323 731 1360 793; x_wconf 89' lang='grc' dir='ltr'><strong>Τ.</strong></span> <span class='ocrx_word' id='word_1_14' title='bbox 1382 732 1578 794; x_wconf 73' lang='lat' dir='ltr'><strong>Mamurra</strong></span> <span class='ocrx_word' id='word_1_15' title='bbox 1600 726 1762 794; x_wconf 77' lang='lat' dir='ltr'><strong>Obareis</strong></span> 
     </span>
     <span class='ocr_line' id='line_1_3' title="bbox 447 820 1763 906; baseline -0.003 -14"><span class='ocrx_word' id='word_1_16' title='bbox 447 820 600 906; x_wconf 73' lang='lat' dir='ltr'><strong>onnam]</strong></span> <span class='ocrx_word' id='word_1_17' title='bbox 637 824 746 887; x_wconf 80' lang='lat' dir='ltr'>Utrum</span> <span class='ocrx_word' id='word_1_18' title='bbox 767 822 847 886; x_wconf 89' lang='lat' dir='ltr'><strong>dicis</strong></span> <span class='ocrx_word' id='word_1_19' title='bbox 868 822 984 886; x_wconf 86' lang='lat' dir='ltr'><strong>Luscio</strong></span> <span class='ocrx_word' id='word_1_20' title='bbox 1006 829 1038 885; x_wconf 91' lang='lat' dir='ltr'><strong>et</strong></span> <span class='ocrx_word' id='word_1_21' title='bbox 1057 824 1187 887; x_wconf 85' lang='lat' dir='ltr'><strong>Manilio</strong></span> <span class='ocrx_word' id='word_1_22' title='bbox 1209 844 1249 888; x_wconf 92' lang='lat' dir='ltr'><strong>an</strong></span> <span class='ocrx_word' id='word_1_23' title='bbox 1271 831 1303 887; x_wconf 93' lang='lat' dir='ltr'><strong>et</strong></span> <span class='ocrx_word' id='word_1_24' title='bbox 1325 823 1436 887; x_wconf 86' lang='lat' dir='ltr'><strong>Cluvio</strong></span> <span class='ocrx_word' id='word_1_25' title='bbox 1458 844 1522 887; x_wconf 92' lang='lat' dir='ltr'><strong>non</strong></span> <span class='ocrx_word' id='word_1_26' title='bbox 1544 842 1615 887; x_wconf 90' lang='lat' dir='ltr'><strong>esse</strong></span> <span class='ocrx_word' id='word_1_27' title='bbox 1635 823 1763 888; x_wconf 87' lang='lat' dir='ltr'><strong>creden·</strong></span> 
     </span>
     <span class='ocr_line' id='line_1_4' title="bbox 448 916 1762 1001; baseline -0.002 -16"><span class='ocrx_word' id='word_1_28' title='bbox 448 922 545 985; x_wconf 77' lang='lat' dir='ltr'><strong>dumi</strong></span> <span class='ocrx_word' id='word_1_29' title='bbox 576 916 704 981; x_wconf 78' lang='lat' dir='ltr'><strong>Planius</strong></span> <span class='ocrx_word' id='word_1_30' title='bbox 731 923 827 1001; x_wconf 89' lang='lat' dir='ltr'><strong>atque</strong></span> <span class='ocrx_word' id='word_1_31' title='bbox 856 917 995 999; x_wconf 73' lang='lat' dir='ltr'>apertius</span> <span class='ocrx_word' id='word_1_32' title='bbox 1025 916 1137 980; x_wconf 90' lang='lat' dir='ltr'><strong>dicam.</strong></span> <span class='ocrx_word' id='word_1_33' title='bbox 1179 919 1247 983; x_wconf 84' lang='lat' dir='ltr'><strong>XV.</strong></span> <span class='ocrx_word' id='word_1_34' title='bbox 1277 919 1386 982; x_wconf 84' lang='lat' dir='ltr'>Utrum</span> <span class='ocrx_word' id='word_1_35' title='bbox 1408 917 1540 983; x_wconf 89' lang='lat' dir='ltr'><strong>Luscius</strong></span> <span class='ocrx_word' id='word_1_36' title='bbox 1563 925 1602 982; x_wconf 91' lang='lat' dir='ltr'><strong>et·</strong></span> <span class='ocrx_word' id='word_1_37' title='bbox 1616 919 1762 983; x_wconf 77' lang='lat' dir='ltr'>Manilius</span> 
     </span>
     <span class='ocr_line' id='line_1_5' title="bbox 446 1005 1764 1087; baseline -0.002 -9"><span class='ocrx_word' id='word_1_38' title='bbox 446 1014 525 1079; x_wconf 94' lang='lat' dir='ltr'><strong>nihil</strong></span> <span class='ocrx_word' id='word_1_39' title='bbox 538 1005 586 1074; x_wconf 56' lang='lat' dir='ltr'><strong>&#39;dc</strong></span> <span class='ocrx_word' id='word_1_40' title='bbox 608 1010 667 1074; x_wconf 78' lang='lat' dir='ltr'><strong>HS</strong></span> <span class='ocrx_word' id='word_1_41' title='bbox 691 1028 818 1072; x_wconf 79' lang='lat' dir='ltr'><strong>cccmon</strong></span> <span class='ocrx_word' id='word_1_42' title='bbox 840 1029 881 1072; x_wconf 86' lang='lat' dir='ltr'><strong>ex</strong></span> <span class='ocrx_word' id='word_1_43' title='bbox 904 1008 1015 1074; x_wconf 89' lang='lat' dir='ltr'><strong>Cluvio</strong></span> <span class='ocrx_word' id='word_1_44' title='bbox 1037 1012 1222 1087; x_wconf 90' lang='lat' dir='ltr'><strong>andierunt,</strong></span> <span class='ocrx_word' id='word_1_45' title='bbox 1244 1033 1285 1075; x_wconf 90' lang='lat' dir='ltr'><strong>an</strong></span> <span class='ocrx_word' id='word_1_46' title='bbox 1308 1012 1438 1076; x_wconf 84' lang='lat' dir='ltr'><strong>Cluvius</strong></span> <span class='ocrx_word' id='word_1_47' title='bbox 1460 1011 1575 1076; x_wconf 80' lang='lat' dir='ltr'><strong>salsum</strong></span> <span class='ocrx_word' id='word_1_48' title='bbox 1596 1012 1712 1076; x_wconf 80' lang='lat' dir='ltr'><strong>Luscio</strong></span> <span class='ocrx_word' id='word_1_49' title='bbox 1734 1020 1764 1076; x_wconf 88' lang='lat' dir='ltr'><strong>et</strong></span> 
     </span>
     <span class='ocr_line' id='line_1_6' title="bbox 422 1102 1764 1191; baseline -0.002 -18"><span class='ocrx_word' id='word_1_50' title='bbox 422 1107 576 1173; x_wconf 70' lang='lat' dir='ltr'><strong>tililanilio</strong></span> <span class='ocrx_word' id='word_1_51' title='bbox 599 1104 704 1169; x_wconf 79' lang='lat' dir='ltr'><strong>‹tixitt</strong></span> <span class='ocrx_word' id='word_1_52' title='bbox 735 1104 806 1170; x_wconf 81' lang='lat' dir='ltr'><strong>Hoc</strong></span> <span class='ocrx_word' id='word_1_53' title='bbox 827 1124 886 1187; x_wconf 90' lang='lat' dir='ltr'><strong>ego</strong></span> <span class='ocrx_word' id='word_1_54' title='bbox 909 1102 980 1168; x_wconf 89' lang='lat' dir='ltr'><strong>loco</strong></span> <span class='ocrx_word' id='word_1_55' title='bbox 1004 1105 1109 1169; x_wconf 91' lang='lat' dir='ltr'><strong>soluto</strong></span> <span class='ocrx_word' id='word_1_56' title='bbox 1132 1114 1164 1169; x_wconf 90' lang='lat' dir='ltr'><strong>et</strong></span> <span class='ocrx_word' id='word_1_57' title='bbox 1186 1107 1295 1190; x_wconf 91' lang='lat' dir='ltr'><strong>quieto</strong></span> <span class='ocrx_word' id='word_1_58' title='bbox 1318 1127 1388 1169; x_wconf 91' lang='lat' dir='ltr'><strong>sum</strong></span> <span class='ocrx_word' id='word_1_59' title='bbox 1409 1107 1515 1171; x_wconf 91' lang='lat' dir='ltr'><strong>animo</strong></span> <span class='ocrx_word' id='word_1_60' title='bbox 1538 1115 1586 1182; x_wconf 91' lang='lat' dir='ltr'><strong>ct,</strong></span> <span class='ocrx_word' id='word_1_61' title='bbox 1613 1127 1764 1191; x_wconf 91' lang='lat' dir='ltr'><strong>quorsum</strong></span> 
     </span>
     <span class='ocr_line' id='line_1_7' title="bbox 445 1200 1764 1283; baseline -0.002 -16"><span class='ocrx_word' id='word_1_62' title='bbox 445 1201 565 1267; x_wconf 88' lang='lat' dir='ltr'><strong>recidat</strong></span> <span class='ocrx_word' id='word_1_63' title='bbox 591 1214 781 1283; x_wconf 88' lang='lat' dir='ltr'><strong>responsum</strong></span> <span class='ocrx_word' id='word_1_64' title='bbox 807 1206 915 1273; x_wconf 90' lang='lat' dir='ltr'><strong>tuum,</strong></span> <span class='ocrx_word' id='word_1_65' title='bbox 945 1219 1010 1262; x_wconf 92' lang='lat' dir='ltr'><strong>non</strong></span> <span class='ocrx_word' id='word_1_66' title='bbox 1035 1220 1149 1283; x_wconf 91' lang='lat' dir='ltr'><strong>magno</strong></span> <span class='ocrx_word' id='word_1_67' title='bbox 1172 1220 1269 1283; x_wconf 89' lang='lat' dir='ltr'><strong>opere</strong></span> <span class='ocrx_word' id='word_1_68' title='bbox 1291 1200 1412 1264; x_wconf 89' lang='lat' dir='ltr'><strong>laboro.</strong></span> <span class='ocrx_word' id='word_1_69' title='bbox 1454 1201 1659 1266; x_wconf 87' lang='lat' dir='ltr'><strong>Firmissimis</strong></span> <span class='ocrx_word' id='word_1_70' title='bbox 1683 1201 1764 1267; x_wconf 91' lang='lat' dir='ltr'><strong>enim</strong></span> 
     </span>
     <span class='ocr_line' id='line_1_8' title="bbox 445 1289 1765 1376; baseline -0.001 -16"><span class='ocrx_word' id='word_1_71' title='bbox 445 1304 478 1360; x_wconf 92' lang='lat' dir='ltr'><strong>et</strong></span> <span class='ocrx_word' id='word_1_72' title='bbox 498 1292 704 1359; x_wconf 79' lang='lat' dir='ltr'><strong>sanctissimis</strong></span> <span class='ocrx_word' id='word_1_73' title='bbox 731 1289 923 1357; x_wconf 79' lang='lat' dir='ltr'><strong>testimoniis</strong></span> <span class='ocrx_word' id='word_1_74' title='bbox 944 1291 1085 1355; x_wconf 87' lang='lat' dir='ltr'><strong>virorum</strong></span> <span class='ocrx_word' id='word_1_75' title='bbox 1113 1294 1305 1376; x_wconf 86' lang='lat' dir='ltr'><strong>optimorum</strong></span> <span class='ocrx_word' id='word_1_76' title='bbox 1327 1313 1424 1357; x_wconf 90' lang='lat' dir='ltr'><strong>causa</strong></span> <span class='ocrx_word' id='word_1_77' title='bbox 1444 1294 1551 1358; x_wconf 80' lang='lat' dir='ltr'><strong>Roscii</strong></span> <span class='ocrx_word' id='word_1_78' title='bbox 1573 1295 1765 1359; x_wconf 88' lang='lat' dir='ltr'><strong>communita</strong></span> 
     </span>
     <span class='ocr_line' id='line_1_9' title="bbox 446 1383 1765 1471; baseline -0.003 -17"><span class='ocrx_word' id='word_1_79' title='bbox 446 1398 503 1454; x_wconf 90' lang='lat' dir='ltr'><strong>est.</strong></span> <span class='ocrx_word' id='word_1_80' title='bbox 539 1384 590 1449; x_wconf 92' lang='grc'><strong>44.</strong></span> <span class='ocrx_word' id='word_1_81' title='bbox 613 1386 646 1450; x_wconf 94' lang='lat' dir='ltr'><strong>Si</strong></span> <span class='ocrx_word' id='word_1_82' title='bbox 668 1385 730 1449; x_wconf 89' lang='lat' dir='ltr'><strong>iam</strong></span> <span class='ocrx_word' id='word_1_83' title='bbox 752 1384 810 1447; x_wconf 92' lang='lat' dir='ltr'><strong>tibi</strong></span> <span class='ocrx_word' id='word_1_84' title='bbox 833 1383 1040 1447; x_wconf 89' lang='lat' dir='ltr'><strong>deliberatum</strong></span> <span class='ocrx_word' id='word_1_85' title='bbox 1063 1393 1129 1461; x_wconf 87' lang='lat' dir='ltr'><strong>est,</strong></span> <span class='ocrx_word' id='word_1_86' title='bbox 1152 1386 1267 1470; x_wconf 86' lang='lat' dir='ltr'><strong>quibus</strong></span> <span class='ocrx_word' id='word_1_87' title='bbox 1289 1389 1422 1471; x_wconf 79' lang='lat' dir='ltr'><strong>abroges</strong></span> <span class='ocrx_word' id='word_1_88' title='bbox 1441 1386 1535 1453; x_wconf 88' lang='lat' dir='ltr'><strong>fidem</strong></span> <span class='ocrx_word' id='word_1_89' title='bbox 1550 1388 1765 1464; x_wconf 86' lang='lat' dir='ltr'><strong>iurisiurandi,</strong></span> 
     </span>
     <span class='ocr_line' id='line_1_10' title="bbox 445 1478 1767 1567; baseline -0.002 -18"><span class='ocrx_word' id='word_1_90' title='bbox 445 1482 613 1567; x_wconf 85' lang='lat' dir='ltr'><strong>responde.</strong></span> <span class='ocrx_word' id='word_1_91' title='bbox 656 1479 788 1544; x_wconf 83' lang='lat' dir='ltr'><strong>Manilio</strong></span> <span class='ocrx_word' id='word_1_92' title='bbox 811 1486 843 1542; x_wconf 93' lang='lat' dir='ltr'><strong>et</strong></span> <span class='ocrx_word' id='word_1_93' title='bbox 866 1478 981 1542; x_wconf 84' lang='lat' dir='ltr'><strong>Luscio</strong></span> <span class='ocrx_word' id='word_1_94' title='bbox 1004 1499 1100 1562; x_wconf 90' lang='lat' dir='ltr'><strong>negas</strong></span> <span class='ocrx_word' id='word_1_95' title='bbox 1123 1501 1193 1544; x_wconf 88' lang='lat' dir='ltr'><strong>csse</strong></span> <span class='ocrx_word' id='word_1_96' title='bbox 1216 1483 1435 1547; x_wconf 70' lang='lat' dir='ltr'><strong>credendum?</strong></span> <span class='ocrx_word' id='word_1_97' title='bbox 1471 1484 1546 1559; x_wconf 89' lang='lat' dir='ltr'><strong>Dic,</strong></span> <span class='ocrx_word' id='word_1_98' title='bbox 1576 1484 1670 1547; x_wconf 90' lang='lat' dir='ltr'><strong>aude.</strong></span> <span class='ocrx_word' id='word_1_99' title='bbox 1712 1482 1767 1547; x_wconf 89' lang='lat' dir='ltr'><strong>Est</strong></span> 
     </span>
     <span class='ocr_line' id='line_1_11' title="bbox 409 1573 1765 1661; baseline -0.002 -18"><span class='ocrx_word' id='word_1_100' title='bbox 409 1583 518 1643; x_wconf 77' lang='lat' dir='ltr'><strong>⁴⁰tuae</strong></span> <span class='ocrx_word' id='word_1_101' title='bbox 540 1574 773 1649; x_wconf 83' lang='lat' dir='ltr'><strong>contumaciae,</strong></span> <span class='ocrx_word' id='word_1_102' title='bbox 796 1573 995 1655; x_wconf 76' lang='lat' dir='ltr'><strong>arrogantiae</strong></span> <span class='ocrx_word' id='word_1_103' title='bbox 1010 1573 1157 1657; x_wconf 87' lang='lat' dir='ltr'><strong>vitaeque</strong></span> <span class='ocrx_word' id='word_1_104' title='bbox 1172 1574 1339 1640; x_wconf 86' lang='lat' dir='ltr'><strong>universae</strong></span> <span class='ocrx_word' id='word_1_105' title='bbox 1355 1596 1428 1640; x_wconf 83' lang='lat' dir='ltr'><strong>vox.</strong></span> <span class='ocrx_word' id='word_1_106' title='bbox 1461 1577 1567 1653; x_wconf 79' lang='lat' dir='ltr'><strong>Ouidi</strong></span> <span class='ocrx_word' id='word_1_107' title='bbox 1590 1583 1765 1661; x_wconf 84' lang='lat' dir='ltr'><strong>exspectas,</strong></span> 
     </span>
     <span class='ocr_line' id='line_1_12' title="bbox 447 1666 1766 1759; baseline -0.003 -22"><span class='ocrx_word' id='word_1_108' title='bbox 447 1693 542 1759; x_wconf 88' lang='lat' dir='ltr'><strong>qnam</strong></span> <span class='ocrx_word' id='word_1_109' title='bbox 563 1690 639 1734; x_wconf 84' lang='lat' dir='ltr'><strong>mox</strong></span> <span class='ocrx_word' id='word_1_110' title='bbox 660 1689 718 1752; x_wconf 92' lang='lat' dir='ltr'><strong>ego</strong></span> <span class='ocrx_word' id='word_1_111' title='bbox 732 1668 883 1732; x_wconf 91' lang='lat' dir='ltr'><strong>Luscium</strong></span> <span class='ocrx_word' id='word_1_112' title='bbox 905 1673 938 1730; x_wconf 91' lang='lat' dir='ltr'><strong>et</strong></span> <span class='ocrx_word' id='word_1_113' title='bbox 952 1666 1116 1730; x_wconf 84' lang='lat' dir='ltr'><strong>Manilium</strong></span> <span class='ocrx_word' id='word_1_114' title='bbox 1132 1667 1234 1731; x_wconf 92' lang='lat' dir='ltr'><strong>dicam</strong></span> <span class='ocrx_word' id='word_1_115' title='bbox 1250 1668 1362 1734; x_wconf 90' lang='lat' dir='ltr'><strong>ordine</strong></span> <span class='ocrx_word' id='word_1_116' title='bbox 1385 1691 1455 1734; x_wconf 90' lang='lat' dir='ltr'><strong>esse</strong></span> <span class='ocrx_word' id='word_1_117' title='bbox 1471 1680 1645 1746; x_wconf 87' lang='lat' dir='ltr'><strong>senatores,</strong></span> <span class='ocrx_word' id='word_1_118' title='bbox 1664 1677 1766 1735; x_wconf 85' lang='lat' dir='ltr'><strong>aetate</strong></span> 
     </span>
     <span class='ocr_line' id='line_1_13' title="bbox 446 1760 1766 1850; baseline -0.002 -20"><span class='ocrx_word' id='word_1_119' title='bbox 446 1765 581 1850; x_wconf 83' lang='lat' dir='ltr'><strong>grandes</strong></span> <span class='ocrx_word' id='word_1_120' title='bbox 603 1771 690 1837; x_wconf 87' lang='lat' dir='ltr'><strong>natu,</strong></span> <span class='ocrx_word' id='word_1_121' title='bbox 711 1770 824 1826; x_wconf 90' lang='lat' dir='ltr'><strong>natura</strong></span> <span class='ocrx_word' id='word_1_122' title='bbox 838 1767 965 1824; x_wconf 89' lang='lat' dir='ltr'><strong>sanctos</strong></span> <span class='ocrx_word' id='word_1_123' title='bbox 980 1767 1011 1822; x_wconf 87' lang='lat' dir='ltr'><strong>et</strong></span> <span class='ocrx_word' id='word_1_124' title='bbox 1028 1760 1212 1843; x_wconf 89' lang='lat' dir='ltr'><strong>religiosos,</strong></span> <span class='ocrx_word' id='word_1_125' title='bbox 1234 1762 1337 1846; x_wconf 90' lang='lat' dir='ltr'><strong>copiis</strong></span> <span class='ocrx_word' id='word_1_126' title='bbox 1350 1764 1396 1828; x_wconf 88' lang='lat' dir='ltr'><strong>rei</strong></span> <span class='ocrx_word' id='word_1_127' title='bbox 1410 1764 1575 1830; x_wconf 80' lang='lat' dir='ltr'><strong>familiaris</strong></span> <span class='ocrx_word' id='word_1_128' title='bbox 1590 1764 1766 1848; x_wconf 87' lang='lat' dir='ltr'><strong>locupletes</strong></span> 
     </span>
     <span class='ocr_line' id='line_1_14' title="bbox 446 1853 1767 1944; baseline -0.002 -19"><span class='ocrx_word' id='word_1_129' title='bbox 446 1869 479 1925; x_wconf 89' lang='lat' dir='ltr'><strong>et</strong></span> <span class='ocrx_word' id='word_1_130' title='bbox 497 1859 712 1944; x_wconf 72' lang='lat' dir='ltr'><strong>pecuniosos?</strong></span> <span class='ocrx_word' id='word_1_131' title='bbox 743 1858 814 1919; x_wconf 90' lang='lat' dir='ltr'><strong>Non</strong></span> <span class='ocrx_word' id='word_1_132' title='bbox 835 1854 965 1918; x_wconf 79' lang='lat' dir='ltr'><strong>faciam:</strong></span> <span class='ocrx_word' id='word_1_133' title='bbox 987 1853 1067 1917; x_wconf 91' lang='lat' dir='ltr'><strong>nihil</strong></span> <span class='ocrx_word' id='word_1_134' title='bbox 1088 1855 1166 1917; x_wconf 91' lang='lat' dir='ltr'><strong>mihi</strong></span> <span class='ocrx_word' id='word_1_135' title='bbox 1189 1856 1367 1932; x_wconf 83' lang='lat' dir='ltr'><strong>detraham,</strong></span> <span class='ocrx_word' id='word_1_136' title='bbox 1389 1860 1546 1922; x_wconf 87' lang='lat' dir='ltr'><strong>cumillis</strong></span> <span class='ocrx_word' id='word_1_137' title='bbox 1568 1867 1699 1923; x_wconf 84' lang='lat' dir='ltr'><strong>exactae</strong></span> <span class='ocrx_word' id='word_1_138' title='bbox 1716 1877 1767 1923; x_wconf 85' lang='lat' dir='ltr'><strong>ae·</strong></span> 
     </span>
     <span class='ocr_line' id='line_1_15' title="bbox 447 1945 1768 2038; baseline -0.002 -16"><span class='ocrx_word' id='word_1_139' title='bbox 447 1957 521 2022; x_wconf 90' lang='lat' dir='ltr'><strong>tatis</strong></span> <span class='ocrx_word' id='word_1_140' title='bbox 544 1945 764 2038; x_wconf 79' lang='lat' dir='ltr'><strong>[severissime]</strong></span> <span class='ocrx_word' id='word_1_141' title='bbox 778 1950 926 2024; x_wconf 80' lang='lat' dir='ltr'><strong>fructum,</strong></span> <span class='ocrx_word' id='word_1_142' title='bbox 949 1968 1044 2032; x_wconf 89' lang='lat' dir='ltr'><strong>quem</strong></span> <span class='ocrx_word' id='word_1_143' title='bbox 1059 1958 1257 2027; x_wconf 87' lang='lat' dir='ltr'><strong>meruemnt,</strong></span> <span class='ocrx_word' id='word_1_144' title='bbox 1279 1953 1460 2017; x_wconf 87' lang='lat' dir='ltr'><strong>retribuam.</strong></span> <span class='ocrx_word' id='word_1_145' title='bbox 1492 1955 1592 2038; x_wconf 83' lang='lat' dir='ltr'><strong>Magis</strong></span> <span class='ocrx_word' id='word_1_146' title='bbox 1606 1955 1768 2021; x_wconf 88' lang='lat' dir='ltr'><strong>meaado·</strong></span> 
     </span>
     <span class='ocr_line' id='line_1_16' title="bbox 410 2043 1769 2130; baseline 0 -17"><span class='ocrx_word' id='word_1_147' title='bbox 410 2048 599 2113; x_wconf 73' lang='lat' dir='ltr'><strong>t¹5lescentia</strong></span> <span class='ocrx_word' id='word_1_148' title='bbox 629 2044 752 2128; x_wconf 77' lang='lat' dir='ltr'><strong>indiget</strong></span> <span class='ocrx_word' id='word_1_149' title='bbox 775 2044 903 2109; x_wconf 89' lang='lat' dir='ltr'><strong>illorum</strong></span> <span class='ocrx_word' id='word_1_150' title='bbox 932 2043 1018 2105; x_wconf 88' lang='lat' dir='ltr'><strong>bona</strong></span> <span class='ocrx_word' id='word_1_151' title='bbox 1046 2043 1280 2108; x_wconf 83' lang='lat' dir='ltr'><strong>existimatione</strong></span> <span class='ocrx_word' id='word_1_152' title='bbox 1302 2065 1397 2130; x_wconf 89' lang='lat' dir='ltr'><strong>quarn</strong></span> <span class='ocrx_word' id='word_1_153' title='bbox 1419 2046 1545 2110; x_wconf 89' lang='lat' dir='ltr'><strong>illorum</strong></span> <span class='ocrx_word' id='word_1_154' title='bbox 1567 2048 1769 2113; x_wconf 89' lang='lat' dir='ltr'><strong>severissima</strong></span> 
     </span>
     <span class='ocr_line' id='line_1_17' title="bbox 381 2134 1769 2216; baseline -0.001 -7"><span class='ocrx_word' id='word_1_155' title='bbox 381 2144 385 2155; x_wconf 88' lang='lat'><strong><em>‘</em></strong></span> <span class='ocrx_word' id='word_1_156' title='bbox 447 2150 593 2209; x_wconf 88' lang='lat' dir='ltr'><strong>senectus</strong></span> <span class='ocrx_word' id='word_1_157' title='bbox 615 2140 775 2205; x_wconf 85' lang='lat' dir='ltr'><strong>desiderat</strong></span> <span class='ocrx_word' id='word_1_158' title='bbox 796 2158 899 2202; x_wconf 88' lang='lat' dir='ltr'><strong>meam</strong></span> <span class='ocrx_word' id='word_1_159' title='bbox 919 2136 1055 2200; x_wconf 89' lang='lat' dir='ltr'><strong>laudem.</strong></span> <span class='ocrx_word' id='word_1_160' title='bbox 1108 2134 1158 2200; x_wconf 84' lang='grc'><strong>45.</strong></span> <span class='ocrx_word' id='word_1_161' title='bbox 1181 2139 1251 2201; x_wconf 84' lang='lat' dir='ltr'><strong>Tibi</strong></span> <span class='ocrx_word' id='word_1_162' title='bbox 1272 2160 1366 2214; x_wconf 88' lang='lat' dir='ltr'><strong>vero,</strong></span> <span class='ocrx_word' id='word_1_163' title='bbox 1393 2140 1484 2216; x_wconf 88' lang='lat' dir='ltr'><strong>Piso,</strong></span> <span class='ocrx_word' id='word_1_164' title='bbox 1514 2142 1571 2205; x_wconf 92' lang='lat' dir='ltr'><strong>diu</strong></span> <span class='ocrx_word' id='word_1_165' title='bbox 1592 2142 1769 2207; x_wconf 82' lang='lat' dir='ltr'><strong>deliberan-</strong></span> 
     </span>
     <span class='ocr_line' id='line_1_18' title="bbox 448 2232 1770 2319; baseline 0 -18"><span class='ocrx_word' id='word_1_166' title='bbox 448 2239 524 2302; x_wconf 93' lang='lat' dir='ltr'><strong>dum</strong></span> <span class='ocrx_word' id='word_1_167' title='bbox 545 2243 578 2299; x_wconf 93' lang='lat' dir='ltr'><strong>et</strong></span> <span class='ocrx_word' id='word_1_168' title='bbox 598 2232 863 2319; x_wconf 83' lang='lat' dir='ltr'><strong>concoquendum</strong></span> <span class='ocrx_word' id='word_1_169' title='bbox 884 2237 948 2306; x_wconf 90' lang='lat' dir='ltr'><strong>est,</strong></span> <span class='ocrx_word' id='word_1_170' title='bbox 976 2237 1082 2293; x_wconf 89' lang='lat' dir='ltr'><strong>utrum</strong></span> <span class='ocrx_word' id='word_1_171' title='bbox 1108 2234 1216 2315; x_wconf 89' lang='lat' dir='ltr'><strong>potius</strong></span> <span class='ocrx_word' id='word_1_172' title='bbox 1238 2233 1396 2297; x_wconf 87' lang='lat' dir='ltr'><strong>Chaereae</strong></span> <span class='ocrx_word' id='word_1_173' title='bbox 1418 2235 1555 2299; x_wconf 88' lang='lat' dir='ltr'><strong>iniurato</strong></span> <span class='ocrx_word' id='word_1_174' title='bbox 1577 2237 1612 2300; x_wconf 95' lang='lat' dir='ltr'><strong>in</strong></span> <span class='ocrx_word' id='word_1_175' title='bbox 1634 2257 1693 2301; x_wconf 90' lang='lat' dir='ltr'><strong>sna</strong></span> <span class='ocrx_word' id='word_1_176' title='bbox 1713 2237 1770 2300; x_wconf 88' lang='lat' dir='ltr'><strong>lite</strong></span> 
     </span>
     <span class='ocr_line' id='line_1_19' title="bbox 447 2325 1771 2408; baseline -0.002 -12"><span class='ocrx_word' id='word_1_177' title='bbox 447 2353 489 2396; x_wconf 88' lang='lat' dir='ltr'><strong>an</strong></span> <span class='ocrx_word' id='word_1_178' title='bbox 516 2329 647 2395; x_wconf 85' lang='lat' dir='ltr'><strong>Manilio</strong></span> <span class='ocrx_word' id='word_1_179' title='bbox 671 2333 702 2392; x_wconf 91' lang='lat' dir='ltr'><strong>et</strong></span> <span class='ocrx_word' id='word_1_180' title='bbox 721 2326 837 2390; x_wconf 90' lang='lat' dir='ltr'><strong>Luscio</strong></span> <span class='ocrx_word' id='word_1_181' title='bbox 860 2325 970 2388; x_wconf 89' lang='lat' dir='ltr'><strong>iuratis</strong></span> <span class='ocrx_word' id='word_1_182' title='bbox 991 2325 1025 2387; x_wconf 93' lang='lat' dir='ltr'><strong>in</strong></span> <span class='ocrx_word' id='word_1_183' title='bbox 1048 2325 1152 2388; x_wconf 91' lang='lat' dir='ltr'><strong>alieno</strong></span> <span class='ocrx_word' id='word_1_184' title='bbox 1174 2325 1294 2390; x_wconf 91' lang='lat' dir='ltr'><strong>iudicio</strong></span> <span class='ocrx_word' id='word_1_185' title='bbox 1316 2327 1436 2392; x_wconf 87' lang='lat' dir='ltr'><strong>eredas.</strong></span> <span class='ocrx_word' id='word_1_186' title='bbox 1468 2330 1624 2394; x_wconf 79' lang='lat' dir='ltr'><strong>ltelietnm</strong></span> <span class='ocrx_word' id='word_1_187' title='bbox 1642 2339 1707 2408; x_wconf 89' lang='lat' dir='ltr'><strong>est,</strong></span> <span class='ocrx_word' id='word_1_188' title='bbox 1733 2337 1771 2394; x_wconf 89' lang='lat' dir='ltr'><strong>ut</strong></span> 
     </span>
     <span class='ocr_line' id='line_1_20' title="bbox 449 2418 1771 2509; baseline -0.001 -20"><span class='ocrx_word' id='word_1_189' title='bbox 449 2425 594 2489; x_wconf 84' lang='lat' dir='ltr'><strong>Cluvium</strong></span> <span class='ocrx_word' id='word_1_190' title='bbox 614 2421 728 2486; x_wconf 79' lang='lat' dir='ltr'><strong>falsum</strong></span> <span class='ocrx_word' id='word_1_191' title='bbox 750 2419 869 2482; x_wconf 81' lang='lat' dir='ltr'><strong>dixisse</strong></span> <span class='ocrx_word' id='word_1_192' title='bbox 883 2418 999 2480; x_wconf 89' lang='lat' dir='ltr'><strong>Luscio</strong></span> <span class='ocrx_word' id='word_1_193' title='bbox 1022 2425 1054 2480; x_wconf 94' lang='lat' dir='ltr'><strong>et</strong></span> <span class='ocrx_word' id='word_1_194' title='bbox 1077 2418 1207 2483; x_wconf 86' lang='lat' dir='ltr'><strong>Manilio</strong></span> <span class='ocrx_word' id='word_1_195' title='bbox 1228 2420 1414 2485; x_wconf 88' lang='lat' dir='ltr'><strong>contendat:</strong></span> <span class='ocrx_word' id='word_1_196' title='bbox 1436 2425 1524 2506; x_wconf 89' lang='lat' dir='ltr'><strong>quod</strong></span> <span class='ocrx_word' id='word_1_197' title='bbox 1545 2425 1572 2487; x_wconf 89' lang='lat' dir='ltr'><strong>si</strong></span> <span class='ocrx_word' id='word_1_198' title='bbox 1592 2424 1684 2501; x_wconf 78' lang='lat' dir='ltr'><strong>facit,</strong></span> <span class='ocrx_word' id='word_1_199' title='bbox 1706 2444 1771 2509; x_wconf 87' lang='lat' dir='ltr'><strong>qua</strong></span> 
     </span>
     <span class='ocr_line' id='line_1_21' title="bbox 412 2512 1770 2604; baseline -0.002 -20"><span class='ocrx_word' id='word_1_200' title='bbox 412 2517 646 2604; x_wconf 65' lang='lat' dir='ltr'><strong>²0impudentia</strong></span> <span class='ocrx_word' id='word_1_201' title='bbox 674 2522 738 2590; x_wconf 88' lang='lat' dir='ltr'><strong>est,</strong></span> <span class='ocrx_word' id='word_1_202' title='bbox 768 2531 881 2575; x_wconf 88' lang='lat' dir='ltr'><strong>eumne</strong></span> <span class='ocrx_word' id='word_1_203' title='bbox 903 2518 1016 2574; x_wconf 91' lang='lat' dir='ltr'><strong>testem</strong></span> <span class='ocrx_word' id='word_1_204' title='bbox 1037 2512 1246 2595; x_wconf 84' lang='lat' dir='ltr'><strong>improbabit,</strong></span> <span class='ocrx_word' id='word_1_205' title='bbox 1269 2535 1364 2598; x_wconf 88' lang='lat' dir='ltr'><strong>quem</strong></span> <span class='ocrx_word' id='word_1_206' title='bbox 1385 2516 1522 2579; x_wconf 90' lang='lat' dir='ltr'><strong>iudicem</strong></span> <span class='ocrx_word' id='word_1_207' title='bbox 1543 2519 1710 2600; x_wconf 74' lang='lat' dir='ltr'><strong>probarit?</strong></span> <span class='ocrx_word' id='word_1_208' title='bbox 1739 2519 1770 2582; x_wconf 90' lang='lat' dir='ltr'><strong>ei</strong></span> 
     </span>
     <span class='ocr_line' id='line_1_22' title="bbox 449 2605 1770 2698; baseline -0.003 -18"><span class='ocrx_word' id='word_1_209' title='bbox 449 2615 577 2698; x_wconf 91' lang='lat' dir='ltr'><strong>negabit</strong></span> <span class='ocrx_word' id='word_1_210' title='bbox 598 2608 683 2675; x_wconf 90' lang='lat' dir='ltr'><strong>credi</strong></span> <span class='ocrx_word' id='word_1_211' title='bbox 706 2613 868 2691; x_wconf 87' lang='lat' dir='ltr'><strong>oportere,</strong></span> <span class='ocrx_word' id='word_1_212' title='bbox 890 2605 942 2669; x_wconf 93' lang='lat' dir='ltr'><strong>cui</strong></span> <span class='ocrx_word' id='word_1_213' title='bbox 964 2605 1032 2688; x_wconf 90' lang='lat' dir='ltr'><strong>ipse</strong></span> <span class='ocrx_word' id='word_1_214' title='bbox 1054 2607 1246 2671; x_wconf 72' lang='lat' dir='ltr'><strong>crediderit?</strong></span> <span class='ocrx_word' id='word_1_215' title='bbox 1269 2608 1338 2673; x_wconf 90' lang='lat' dir='ltr'><strong>eius</strong></span> <span class='ocrx_word' id='word_1_216' title='bbox 1361 2608 1448 2672; x_wconf 93' lang='lat' dir='ltr'><strong>testis</strong></span> <span class='ocrx_word' id='word_1_217' title='bbox 1469 2611 1509 2677; x_wconf 92' lang='lat' dir='ltr'><strong>ad</strong></span> <span class='ocrx_word' id='word_1_218' title='bbox 1524 2611 1662 2675; x_wconf 90' lang='lat' dir='ltr'><strong>iudicem</strong></span> <span class='ocrx_word' id='word_1_219' title='bbox 1675 2609 1770 2676; x_wconf 88' lang='lat' dir='ltr'><strong>iidem</strong></span> 
     </span>
     <span class='ocr_line' id='line_1_23' title="bbox 448 2695 1769 2790; baseline -0.002 -17"><span class='ocrx_word' id='word_1_220' title='bbox 448 2706 635 2779; x_wconf 88' lang='lat' dir='ltr'><strong>infirmabit,</strong></span> <span class='ocrx_word' id='word_1_221' title='bbox 663 2702 753 2766; x_wconf 92' lang='lat' dir='ltr'><strong>cuius</strong></span> <span class='ocrx_word' id='word_1_222' title='bbox 774 2705 905 2783; x_wconf 89' lang='lat' dir='ltr'><strong>propter</strong></span> <span class='ocrx_word' id='word_1_223' title='bbox 927 2695 1019 2761; x_wconf 90' lang='lat' dir='ltr'><strong>fidem</strong></span> <span class='ocrx_word' id='word_1_224' title='bbox 1042 2707 1074 2763; x_wconf 87' lang='lat' dir='ltr'><strong>et</strong></span> <span class='ocrx_word' id='word_1_225' title='bbox 1095 2701 1282 2784; x_wconf 90' lang='lat' dir='ltr'><strong>religionem</strong></span> <span class='ocrx_word' id='word_1_226' title='bbox 1304 2703 1419 2766; x_wconf 92' lang='lat' dir='ltr'><strong>indicis</strong></span> <span class='ocrx_word' id='word_1_227' title='bbox 1440 2712 1536 2768; x_wconf 87' lang='lat' dir='ltr'><strong>testes</strong></span> <span class='ocrx_word' id='word_1_228' title='bbox 1559 2708 1769 2790; x_wconf 71' lang='lat' dir='ltr'><strong>compararit?</strong></span> 
     </span>
     <span class='ocr_line' id='line_1_24' title="bbox 450 2792 1771 2888; baseline -0.001 -23"><span class='ocrx_word' id='word_1_229' title='bbox 450 2822 545 2888; x_wconf 87' lang='lat' dir='ltr'><strong>quem</strong></span> <span class='ocrx_word' id='word_1_230' title='bbox 567 2818 626 2882; x_wconf 91' lang='lat' dir='ltr'><strong>ego</strong></span> <span class='ocrx_word' id='word_1_231' title='bbox 648 2798 675 2860; x_wconf 89' lang='lat' dir='ltr'><strong>si</strong></span> <span class='ocrx_word' id='word_1_232' title='bbox 695 2796 810 2859; x_wconf 83' lang='lat' dir='ltr'><strong>serrem</strong></span> <span class='ocrx_word' id='word_1_233' title='bbox 832 2792 984 2866; x_wconf 90' lang='lat' dir='ltr'><strong>iudicem,</strong></span> <span class='ocrx_word' id='word_1_234' title='bbox 1005 2793 1150 2878; x_wconf 83' lang='lat' dir='ltr'><strong>reingere</strong></span> <span class='ocrx_word' id='word_1_235' title='bbox 1173 2816 1237 2859; x_wconf 95' lang='lat' dir='ltr'><strong>non</strong></span> <span class='ocrx_word' id='word_1_236' title='bbox 1257 2796 1400 2874; x_wconf 87' lang='lat' dir='ltr'><strong>deberet,</strong></span> <span class='ocrx_word' id='word_1_237' title='bbox 1423 2819 1495 2861; x_wconf 92' lang='lat' dir='ltr'><strong>cnm</strong></span> <span class='ocrx_word' id='word_1_238' title='bbox 1516 2806 1629 2863; x_wconf 90' lang='lat' dir='ltr'><strong>testem</strong></span> <span class='ocrx_word' id='word_1_239' title='bbox 1651 2801 1771 2884; x_wconf 88' lang='lat' dir='ltr'><strong>produ-</strong></span> 
     </span>
     <span class='ocr_line' id='line_1_25' title="bbox 450 2884 1770 2976; baseline 0.002 -20"><span class='ocrx_word' id='word_1_240' title='bbox 450 2917 535 2970; x_wconf 81' lang='lat' dir='ltr'><strong>cam,</strong></span> <span class='ocrx_word' id='word_1_241' title='bbox 567 2891 797 2976; x_wconf 89' lang='lat' dir='ltr'><strong>reprehendere</strong></span> <span class='ocrx_word' id='word_1_242' title='bbox 830 2887 979 2951; x_wconf 86' lang='lat' dir='ltr'><strong>audebit‘t</strong></span> <span class='ocrx_word' id='word_1_243' title='bbox 1028 2887 1111 2950; x_wconf 87' lang='lat' dir='ltr'><strong>XVI.</strong></span> <span class='ocrx_word' id='word_1_244' title='bbox 1139 2884 1190 2950; x_wconf 87' lang='grc'><strong>46.</strong></span> <span class='ocrx_word' id='word_1_245' title='bbox 1223 2891 1307 2953; x_wconf 89' lang='lat' dir='ltr'><strong>Dicit</strong></span> <span class='ocrx_word' id='word_1_246' title='bbox 1328 2891 1428 2966; x_wconf 86' lang='lat' dir='ltr'><strong>enim,</strong></span> <span class='ocrx_word' id='word_1_247' title='bbox 1459 2893 1580 2975; x_wconf 83' lang='lat' dir='ltr'><strong>inquit,</strong></span> <span class='ocrx_word' id='word_1_248' title='bbox 1613 2895 1770 2959; x_wconf 84' lang='lat' dir='ltr'><strong>iniuratus</strong></span> 
     </span>
     <span class='ocr_line' id='line_1_26' title="bbox 412 2981 1771 3070; baseline 0 -16"><span class='ocrx_word' id='word_1_249' title='bbox 412 2990 565 3055; x_wconf 75' lang='lat' dir='ltr'><strong>²⁵Luscio</strong></span> <span class='ocrx_word' id='word_1_250' title='bbox 591 2993 623 3050; x_wconf 92' lang='lat' dir='ltr'><strong>et</strong></span> <span class='ocrx_word' id='word_1_251' title='bbox 644 2985 784 3049; x_wconf 81' lang='lat' dir='ltr'><strong>Manilio.</strong></span> <span class='ocrx_word' id='word_1_252' title='bbox 828 2983 862 3046; x_wconf 89' lang='lat' dir='ltr'><strong>si</strong></span> <span class='ocrx_word' id='word_1_253' title='bbox 884 2981 1004 3045; x_wconf 89' lang='lat' dir='ltr'><strong>diceret</strong></span> <span class='ocrx_word' id='word_1_254' title='bbox 1024 2981 1156 3059; x_wconf 88' lang='lat' dir='ltr'><strong>iuratus,</strong></span> <span class='ocrx_word' id='word_1_255' title='bbox 1177 2984 1346 3047; x_wconf 74' lang='lat' dir='ltr'><strong>crederes?</strong></span> <span class='ocrx_word' id='word_1_256' title='bbox 1374 2986 1415 3048; x_wconf 80' lang='lat' dir='ltr'><strong>At</strong></span> <span class='ocrx_word' id='word_1_257' title='bbox 1437 2986 1515 3070; x_wconf 91' lang='lat' dir='ltr'><strong>quid</strong></span> <span class='ocrx_word' id='word_1_258' title='bbox 1535 2987 1668 3053; x_wconf 89' lang='lat' dir='ltr'><strong>interest</strong></span> <span class='ocrx_word' id='word_1_259' title='bbox 1688 2991 1771 3053; x_wconf 91' lang='lat' dir='ltr'><strong>inter</strong></span> 
     </span>
     <span class='ocr_line' id='line_1_27' title="bbox 449 3074 1770 3166; baseline -0.001 -19"><span class='ocrx_word' id='word_1_260' title='bbox 449 3084 612 3166; x_wconf 90' lang='lat' dir='ltr'><strong>periurum</strong></span> <span class='ocrx_word' id='word_1_261' title='bbox 634 3087 667 3144; x_wconf 88' lang='lat' dir='ltr'><strong>et</strong></span> <span class='ocrx_word' id='word_1_262' title='bbox 687 3078 896 3141; x_wconf 85' lang='lat' dir='ltr'><strong>mendaceml</strong></span> <span class='ocrx_word' id='word_1_263' title='bbox 933 3074 997 3151; x_wconf 84' lang='lat' dir='ltr'><strong>Qui</strong></span> <span class='ocrx_word' id='word_1_264' title='bbox 1019 3077 1145 3140; x_wconf 90' lang='lat' dir='ltr'><strong>mentiri</strong></span> <span class='ocrx_word' id='word_1_265' title='bbox 1167 3078 1262 3151; x_wconf 86' lang='lat' dir='ltr'><strong>solet,</strong></span> <span class='ocrx_word' id='word_1_266' title='bbox 1284 3079 1426 3161; x_wconf 88' lang='lat' dir='ltr'><strong>peierare</strong></span> <span class='ocrx_word' id='word_1_267' title='bbox 1448 3081 1624 3145; x_wconf 87' lang='lat' dir='ltr'><strong>consuerit.</strong></span> <span class='ocrx_word' id='word_1_268' title='bbox 1667 3081 1770 3160; x_wconf 85' lang='lat' dir='ltr'><strong>Quem</strong></span> 
     </span>
     <span class='ocr_line' id='line_1_28' title="bbox 450 3171 1769 3260; baseline 0 -20"><span class='ocrx_word' id='word_1_269' title='bbox 450 3197 529 3260; x_wconf 93' lang='lat' dir='ltr'><strong>ego,</strong></span> <span class='ocrx_word' id='word_1_270' title='bbox 561 3183 596 3238; x_wconf 92' lang='lat' dir='ltr'><strong>ut</strong></span> <span class='ocrx_word' id='word_1_271' title='bbox 616 3173 802 3247; x_wconf 86' lang='lat' dir='ltr'><strong>mentiatur,</strong></span> <span class='ocrx_word' id='word_1_272' title='bbox 823 3171 972 3232; x_wconf 88' lang='lat' dir='ltr'><strong>inducere</strong></span> <span class='ocrx_word' id='word_1_273' title='bbox 993 3191 1141 3252; x_wconf 88' lang='lat' dir='ltr'><strong>possum,</strong></span> <span class='ocrx_word' id='word_1_274' title='bbox 1164 3179 1200 3234; x_wconf 92' lang='lat' dir='ltr'><strong>nt</strong></span> <span class='ocrx_word' id='word_1_275' title='bbox 1213 3171 1351 3255; x_wconf 87' lang='lat' dir='ltr'><strong>peieret,</strong></span> <span class='ocrx_word' id='word_1_276' title='bbox 1374 3191 1506 3236; x_wconf 85' lang='lat' dir='ltr'><strong>exorare</strong></span> <span class='ocrx_word' id='word_1_277' title='bbox 1531 3172 1624 3238; x_wconf 82' lang='lat' dir='ltr'><strong>facile</strong></span> <span class='ocrx_word' id='word_1_278' title='bbox 1645 3183 1769 3258; x_wconf 88' lang='lat' dir='ltr'><strong>potero.</strong></span> 
     </span>
     <span class='ocr_line' id='line_1_29' title="bbox 449 3261 1770 3351; baseline 0 -17"><span class='ocrx_word' id='word_1_279' title='bbox 449 3271 545 3345; x_wconf 90' lang='lat' dir='ltr'><strong>Nam,</strong></span> <span class='ocrx_word' id='word_1_280' title='bbox 577 3267 633 3351; x_wconf 88' lang='lat' dir='ltr'><strong>qui</strong></span> <span class='ocrx_word' id='word_1_281' title='bbox 654 3266 752 3331; x_wconf 92' lang='lat' dir='ltr'><strong>semel</strong></span> <span class='ocrx_word' id='word_1_282' title='bbox 773 3285 793 3328; x_wconf 92' lang='lat' dir='ltr'><strong>a</strong></span> <span class='ocrx_word' id='word_1_283' title='bbox 813 3263 946 3327; x_wconf 83' lang='lat' dir='ltr'><strong>veritate</strong></span> <span class='ocrx_word' id='word_1_284' title='bbox 971 3261 1115 3339; x_wconf 85' lang='lat' dir='ltr'><strong>deflexit,</strong></span> <span class='ocrx_word' id='word_1_285' title='bbox 1137 3265 1189 3328; x_wconf 94' lang='lat' dir='ltr'><strong>hic</strong></span> <span class='ocrx_word' id='word_1_286' title='bbox 1212 3266 1335 3329; x_wconf 90' lang='lat' dir='ltr'><strong>minore</strong></span> <span class='ocrx_word' id='word_1_287' title='bbox 1356 3266 1512 3349; x_wconf 89' lang='lat' dir='ltr'><strong>religione</strong></span> <span class='ocrx_word' id='word_1_288' title='bbox 1533 3267 1574 3329; x_wconf 89' lang='lat' dir='ltr'><strong>ad</strong></span> <span class='ocrx_word' id='word_1_289' title='bbox 1595 3270 1770 3351; x_wconf 86' lang='lat' dir='ltr'><strong>periurium</strong></span> 
     </span>
     <span class='ocr_line' id='line_1_30' title="bbox 450 3356 1771 3450; baseline 0.002 -23"><span class='ocrx_word' id='word_1_290' title='bbox 450 3385 546 3450; x_wconf 88' lang='lat' dir='ltr'><strong>quam</strong></span> <span class='ocrx_word' id='word_1_291' title='bbox 574 3363 614 3425; x_wconf 90' lang='lat' dir='ltr'><strong>ad</strong></span> <span class='ocrx_word' id='word_1_292' title='bbox 643 3359 842 3423; x_wconf 84' lang='lat' dir='ltr'><strong>mendacium</strong></span> <span class='ocrx_word' id='word_1_293' title='bbox 864 3356 995 3440; x_wconf 90' lang='lat' dir='ltr'><strong>perduci</strong></span> <span class='ocrx_word' id='word_1_294' title='bbox 1018 3359 1193 3421; x_wconf 86' lang='lat' dir='ltr'><strong>consuevit.</strong></span> <span class='ocrx_word' id='word_1_295' title='bbox 1238 3358 1318 3435; x_wconf 87' lang='lat' dir='ltr'><strong>Quis</strong></span> <span class='ocrx_word' id='word_1_296' title='bbox 1340 3361 1426 3423; x_wconf 93' lang='lat' dir='ltr'><strong>enim</strong></span> <span class='ocrx_word' id='word_1_297' title='bbox 1448 3360 1672 3445; x_wconf 88' lang='lat' dir='ltr'><strong>deprecatione</strong></span> <span class='ocrx_word' id='word_1_298' title='bbox 1695 3365 1771 3429; x_wconf 88' lang='lat' dir='ltr'><strong>deo-</strong></span> 
     </span>
     <span class='ocr_line' id='line_1_31' title="bbox 413 3447 1770 3540; baseline 0.001 -19"><span class='ocrx_word' id='word_1_299' title='bbox 413 3463 529 3533; x_wconf 67' lang='lat' dir='ltr'><strong>ttrum,</strong></span> <span class='ocrx_word' id='word_1_300' title='bbox 550 3475 616 3520; x_wconf 91' lang='lat' dir='ltr'><strong>non</strong></span> <span class='ocrx_word' id='word_1_301' title='bbox 637 3453 850 3518; x_wconf 89' lang='lat' dir='ltr'><strong>conscientiae</strong></span> <span class='ocrx_word' id='word_1_302' title='bbox 872 3447 933 3514; x_wconf 90' lang='lat' dir='ltr'><strong>fide</strong></span> <span class='ocrx_word' id='word_1_303' title='bbox 956 3456 1196 3516; x_wconf 72' lang='lat' dir='ltr'><strong>commovetur?</strong></span> <span class='ocrx_word' id='word_1_304' title='bbox 1239 3455 1410 3537; x_wconf 85' lang='lat' dir='ltr'><strong>Propterea</strong></span> <span class='ocrx_word' id='word_1_305' title='bbox 1431 3475 1513 3539; x_wconf 89' lang='lat' dir='ltr'><strong>quae</strong></span> <span class='ocrx_word' id='word_1_306' title='bbox 1532 3475 1638 3540; x_wconf 85' lang='lat' dir='ltr'><strong>poena</strong></span> <span class='ocrx_word' id='word_1_307' title='bbox 1659 3458 1699 3521; x_wconf 88' lang='lat' dir='ltr'><strong>ab</strong></span> <span class='ocrx_word' id='word_1_308' title='bbox 1722 3457 1770 3522; x_wconf 90' lang='lat' dir='ltr'><strong>dis</strong></span> 
     </span>
     <span class='ocr_line' id='line_1_32' title="bbox 449 3545 1771 3628; baseline 0.001 -14"><span class='ocrx_word' id='word_1_309' title='bbox 449 3547 679 3614; x_wconf 87' lang='lat' dir='ltr'><strong>immortalibus</strong></span> <span class='ocrx_word' id='word_1_310' title='bbox 701 3545 845 3628; x_wconf 88' lang='lat' dir='ltr'><strong>periuro,</strong></span> <span class='ocrx_word' id='word_1_311' title='bbox 867 3545 946 3608; x_wconf 92' lang='lat' dir='ltr'><strong>haec</strong></span> <span class='ocrx_word' id='word_1_312' title='bbox 969 3545 1079 3608; x_wconf 87' lang='lat' dir='ltr'><strong>eadem</strong></span> <span class='ocrx_word' id='word_1_313' title='bbox 1101 3545 1245 3610; x_wconf 90' lang='lat' dir='ltr'><strong>mendaci</strong></span> <span class='ocrx_word' id='word_1_314' title='bbox 1267 3549 1438 3612; x_wconf 90' lang='lat' dir='ltr'><strong>constituta</strong></span> <span class='ocrx_word' id='word_1_315' title='bbox 1459 3558 1517 3613; x_wconf 82' lang='lat' dir='ltr'><strong>est</strong></span> <span class='ocrx_word' id='word_1_316' title='bbox 1544 3551 1616 3614; x_wconf 90' lang='lat' dir='ltr'><strong>Non</strong></span> <span class='ocrx_word' id='word_1_317' title='bbox 1631 3552 1717 3615; x_wconf 89' lang='lat' dir='ltr'><strong>enim</strong></span> <span class='ocrx_word' id='word_1_318' title='bbox 1731 3571 1771 3615; x_wconf 85' lang='lat' dir='ltr'><strong>ex</strong></span> 
     </span>
     <span class='ocr_line' id='line_1_33' title="bbox 450 3638 1771 3731; baseline 0.001 -23"><span class='ocrx_word' id='word_1_319' title='bbox 450 3646 597 3728; x_wconf 89' lang='lat' dir='ltr'><strong>pactione</strong></span> <span class='ocrx_word' id='word_1_320' title='bbox 617 3641 802 3714; x_wconf 86' lang='lat' dir='ltr'><strong>verborum,</strong></span> <span class='ocrx_word' id='word_1_321' title='bbox 825 3638 940 3723; x_wconf 89' lang='lat' dir='ltr'><strong>quibus</strong></span> <span class='ocrx_word' id='word_1_322' title='bbox 962 3640 1181 3703; x_wconf 90' lang='lat' dir='ltr'><strong>iusiurandum</strong></span> <span class='ocrx_word' id='word_1_323' title='bbox 1196 3642 1493 3725; x_wconf 87' lang='lat' dir='ltr'><strong>comprehenditur,</strong></span> <span class='ocrx_word' id='word_1_324' title='bbox 1515 3643 1570 3708; x_wconf 90' lang='lat' dir='ltr'><strong>sed</strong></span> <span class='ocrx_word' id='word_1_325' title='bbox 1585 3665 1626 3709; x_wconf 85' lang='lat' dir='ltr'><strong>ex</strong></span> <span class='ocrx_word' id='word_1_326' title='bbox 1639 3643 1771 3731; x_wconf 85' lang='lat' dir='ltr'><strong>perfidia</strong></span> 
     </span>
     <span class='ocr_line' id='line_1_34' title="bbox 451 3733 1771 3818; baseline 0.002 -16"><span class='ocrx_word' id='word_1_327' title='bbox 451 3746 483 3802; x_wconf 91' lang='lat' dir='ltr'><strong>et</strong></span> <span class='ocrx_word' id='word_1_328' title='bbox 503 3737 640 3811; x_wconf 90' lang='lat' dir='ltr'><strong>malitia,</strong></span> <span class='ocrx_word' id='word_1_329' title='bbox 662 3755 721 3818; x_wconf 89' lang='lat' dir='ltr'><strong>per</strong></span> <span class='ocrx_word' id='word_1_330' title='bbox 742 3755 837 3818; x_wconf 89' lang='lat' dir='ltr'><strong>qnam</strong></span> <span class='ocrx_word' id='word_1_331' title='bbox 859 3733 994 3797; x_wconf 91' lang='lat' dir='ltr'><strong>insidiae</strong></span> <span class='ocrx_word' id='word_1_332' title='bbox 1013 3733 1187 3798; x_wconf 89' lang='lat' dir='ltr'><strong>tenduntur</strong></span> <span class='ocrx_word' id='word_1_333' title='bbox 1200 3735 1311 3810; x_wconf 92' lang='lat' dir='ltr'><strong>alicui,</strong></span> <span class='ocrx_word' id='word_1_334' title='bbox 1334 3737 1366 3798; x_wconf 92' lang='lat' dir='ltr'><strong>di</strong></span> <span class='ocrx_word' id='word_1_335' title='bbox 1376 3736 1574 3800; x_wconf 72' lang='lat' dir='ltr'><strong>&#39;immortales</strong></span> <span class='ocrx_word' id='word_1_336' title='bbox 1587 3738 1771 3816; x_wconf 87' lang='lat' dir='ltr'><strong>hominibus</strong></span> 
     </span>
     <span class='ocr_line' id='line_1_35' title="bbox 449 3825 1770 3913; baseline 0.002 -18"><span class='ocrx_word' id='word_1_337' title='bbox 449 3831 542 3895; x_wconf 89' lang='lat' dir='ltr'><strong>irasci</strong></span> <span class='ocrx_word' id='word_1_338' title='bbox 564 3836 595 3893; x_wconf 93' lang='lat' dir='ltr'><strong>et</strong></span> <span class='ocrx_word' id='word_1_339' title='bbox 617 3848 799 3893; x_wconf 88' lang='lat' dir='ltr'><strong>suscensere</strong></span> <span class='ocrx_word' id='word_1_340' title='bbox 821 3835 1024 3891; x_wconf 88' lang='lat' dir='ltr'><strong>consuerunt.</strong></span> <span class='ocrx_word' id='word_1_341' title='bbox 1060 3825 1111 3890; x_wconf 88' lang='grc'><strong>47.</strong></span> <span class='ocrx_word' id='word_1_342' title='bbox 1132 3831 1174 3892; x_wconf 76' lang='lat' dir='ltr'><strong>At</strong></span> <span class='ocrx_word' id='word_1_343' title='bbox 1195 3849 1253 3913; x_wconf 88' lang='lat' dir='ltr'><strong>ego</strong></span> <span class='ocrx_word' id='word_1_344' title='bbox 1274 3830 1336 3893; x_wconf 89' lang='lat' dir='ltr'><strong>hoc</strong></span> <span class='ocrx_word' id='word_1_345' title='bbox 1359 3851 1399 3894; x_wconf 84' lang='lat' dir='ltr'><strong>ex</strong></span> <span class='ocrx_word' id='word_1_346' title='bbox 1419 3833 1577 3895; x_wconf 89' lang='lat' dir='ltr'><strong>contrario</strong></span> <span class='ocrx_word' id='word_1_347' title='bbox 1594 3834 1770 3899; x_wconf 87' lang='lat' dir='ltr'><strong>contendo:</strong></span> 
     </span>
     <span class='ocr_line' id='line_1_36' title="bbox 413 3920 1772 4009; baseline 0.004 -21"><span class='ocrx_word' id='word_1_348' title='bbox 413 3925 552 3988; x_wconf 53' lang='lat' dir='ltr'><strong>&amp;levior</strong></span> <span class='ocrx_word' id='word_1_349' title='bbox 578 3929 662 3987; x_wconf 91' lang='lat' dir='ltr'><strong>esset</strong></span> <span class='ocrx_word' id='word_1_350' title='bbox 690 3921 860 3985; x_wconf 86' lang='lat' dir='ltr'><strong>auctoritas</strong></span> <span class='ocrx_word' id='word_1_351' title='bbox 882 3920 1002 3996; x_wconf 86' lang='lat' dir='ltr'><strong>Cluvii,</strong></span> <span class='ocrx_word' id='word_1_352' title='bbox 1031 3923 1057 3984; x_wconf 94' lang='lat' dir='ltr'><strong>si</strong></span> <span class='ocrx_word' id='word_1_353' title='bbox 1081 3924 1199 3987; x_wconf 90' lang='lat' dir='ltr'><strong>diceret</strong></span> <span class='ocrx_word' id='word_1_354' title='bbox 1219 3924 1356 3999; x_wconf 87' lang='lat' dir='ltr'><strong>iuratus,</strong></span> <span class='ocrx_word' id='word_1_355' title='bbox 1385 3944 1480 4009; x_wconf 89' lang='lat' dir='ltr'><strong>quam</strong></span> <span class='ocrx_word' id='word_1_356' title='bbox 1502 3945 1586 3990; x_wconf 92' lang='lat' dir='ltr'><strong>nunc</strong></span> <span class='ocrx_word' id='word_1_357' title='bbox 1607 3936 1672 4005; x_wconf 88' lang='lat' dir='ltr'><strong>est,</strong></span> <span class='ocrx_word' id='word_1_358' title='bbox 1701 3950 1772 3994; x_wconf 89' lang='lat' dir='ltr'><strong>eum</strong></span> 
     </span>
     <span class='ocr_line' id='line_1_37' title="bbox 451 4015 1772 4102; baseline 0.004 -21"><span class='ocrx_word' id='word_1_359' title='bbox 451 4018 529 4081; x_wconf 90' lang='lat' dir='ltr'><strong>dicit</strong></span> <span class='ocrx_word' id='word_1_360' title='bbox 554 4017 720 4080; x_wconf 86' lang='lat' dir='ltr'><strong>iniuratus.</strong></span> <span class='ocrx_word' id='word_1_361' title='bbox 764 4017 844 4078; x_wconf 91' lang='lat' dir='ltr'><strong>Tum</strong></span> <span class='ocrx_word' id='word_1_362' title='bbox 872 4015 957 4078; x_wconf 90' lang='lat' dir='ltr'><strong>enim</strong></span> <span class='ocrx_word' id='word_1_363' title='bbox 983 4015 1117 4078; x_wconf 81' lang='lat' dir='ltr'><strong>forsitan</strong></span> <span class='ocrx_word' id='word_1_364' title='bbox 1146 4016 1297 4099; x_wconf 92' lang='lat' dir='ltr'><strong>improbis</strong></span> <span class='ocrx_word' id='word_1_365' title='bbox 1324 4019 1418 4081; x_wconf 92' lang='lat' dir='ltr'><strong>nimis</strong></span> <span class='ocrx_word' id='word_1_366' title='bbox 1445 4018 1580 4102; x_wconf 89' lang='lat' dir='ltr'><strong>cupidus</strong></span> <span class='ocrx_word' id='word_1_367' title='bbox 1600 4022 1772 4100; x_wconf 86' lang='lat' dir='ltr'><strong>videretur,</strong></span> 
     </span>
     <span class='ocr_line' id='line_1_38' title="bbox 451 4108 1774 4195; baseline 0.005 -22"><span class='ocrx_word' id='word_1_368' title='bbox 451 4111 523 4195; x_wconf 89' lang='lat' dir='ltr'><strong>qni,</strong></span> <span class='ocrx_word' id='word_1_369' title='bbox 553 4129 617 4194; x_wconf 89' lang='lat' dir='ltr'><strong>qua</strong></span> <span class='ocrx_word' id='word_1_370' title='bbox 638 4110 677 4172; x_wconf 89' lang='lat' dir='ltr'><strong>de</strong></span> <span class='ocrx_word' id='word_1_371' title='bbox 698 4130 733 4172; x_wconf 86' lang='lat' dir='ltr'><strong>re</strong></span> <span class='ocrx_word' id='word_1_372' title='bbox 754 4109 852 4170; x_wconf 87' lang='lat' dir='ltr'><strong>iudex</strong></span> <span class='ocrx_word' id='word_1_373' title='bbox 872 4108 1003 4183; x_wconf 82' lang='lat' dir='ltr'><strong>fuisset,</strong></span> <span class='ocrx_word' id='word_1_374' title='bbox 1033 4111 1123 4173; x_wconf 90' lang='lat' dir='ltr'><strong>testis</strong></span> <span class='ocrx_word' id='word_1_375' title='bbox 1153 4118 1253 4174; x_wconf 90' lang='lat' dir='ltr'><strong>esset:</strong></span> <span class='ocrx_word' id='word_1_376' title='bbox 1283 4132 1367 4176; x_wconf 92' lang='lat' dir='ltr'><strong>nnnc</strong></span> <span class='ocrx_word' id='word_1_377' title='bbox 1391 4112 1537 4176; x_wconf 92' lang='lat' dir='ltr'><strong>omnibus</strong></span> <span class='ocrx_word' id='word_1_378' title='bbox 1558 4113 1697 4180; x_wconf 90' lang='lat' dir='ltr'><strong>inimicis</strong></span> <span class='ocrx_word' id='word_1_379' title='bbox 1717 4136 1774 4181; x_wconf 92' lang='lat' dir='ltr'><strong>ne-</strong></span> 
     </span>
    </p>
   </div>
   <div class='ocr_carea' id='block_1_3' title="bbox 445 4285 1777 5328">
    <p class='ocr_par' dir='ltr' id='par_1_3' title="bbox 445 4285 1777 5328">
     <span class='ocr_line' id='line_1_39' title="bbox 515 4285 1771 4347; baseline 0.009 -11"><span class='ocrx_word' id='word_1_380' title='bbox 515 4287 539 4338; x_wconf 91' lang='lat' dir='ltr'><strong>t.</strong></span> <span class='ocrx_word' id='word_1_381' title='bbox 558 4287 729 4338; x_wconf 79' lang='lat' dir='ltr'><strong>Tasrrsomrs</strong></span> <span class='ocrx_word' id='word_1_382' title='bbox 744 4311 784 4323; x_wconf 93' lang='lat'><strong>--</strong></span> <span class='ocrx_word' id='word_1_383' title='bbox 801 4285 901 4336; x_wconf 75' lang='lat' dir='ltr'><strong>eccam</strong></span> <span class='ocrx_word' id='word_1_384' title='bbox 917 4298 970 4337; x_wconf 91' lang='lat' dir='ltr'><strong>om.</strong></span> <span class='ocrx_word' id='word_1_385' title='bbox 989 4287 1110 4338; x_wconf 80' lang='lat' dir='ltr'><strong>aGltA.</strong></span> <span class='ocrx_word' id='word_1_386' title='bbox 1137 4287 1243 4338; x_wconf 76' lang='lat' dir='ltr'><strong>Addidit</strong></span> <span class='ocrx_word' id='word_1_387' title='bbox 1262 4288 1433 4341; x_wconf 88' lang='lat' dir='ltr'><strong>Hotomanus.</strong></span> <span class='ocrx_word' id='word_1_388' title='bbox 1455 4317 1481 4327; x_wconf 91' lang='lat'><em>-</em></span> <span class='ocrx_word' id='word_1_389' title='bbox 1504 4290 1529 4340; x_wconf 76' lang='lat'><strong>2.</strong></span> <span class='ocrx_word' id='word_1_390' title='bbox 1547 4291 1641 4343; x_wconf 79' lang='lat' dir='ltr'><strong>mantio</strong></span> <span class='ocrx_word' id='word_1_391' title='bbox 1657 4292 1723 4347; x_wconf 79' lang='grc'><strong>444.</strong></span> <span class='ocrx_word' id='word_1_392' title='bbox 1743 4322 1771 4333; x_wconf 93' lang='grc'>-</span> 
     </span>
     <span class='ocr_line' id='line_1_40' title="bbox 449 4360 1772 4437; baseline 0.009 -25"><span class='ocrx_word' id='word_1_393' title='bbox 449 4361 473 4412; x_wconf 88' lang='grc'><strong>3.</strong></span> <span class='ocrx_word' id='word_1_394' title='bbox 491 4361 601 4410; x_wconf 81' lang='lat' dir='ltr'><strong>mentius</strong></span> <span class='ocrx_word' id='word_1_395' title='bbox 617 4361 680 4412; x_wconf 78' lang='lat' dir='ltr'><strong>MA.</strong></span> <span class='ocrx_word' id='word_1_396' title='bbox 701 4389 727 4397; x_wconf 86' lang='lat'>—</span> <span class='ocrx_word' id='word_1_397' title='bbox 746 4360 770 4413; x_wconf 86' lang='grc'><strong>4.</strong></span> <span class='ocrx_word' id='word_1_398' title='bbox 787 4361 881 4424; x_wconf 72' lang='lat' dir='ltr'><strong>falsum</strong></span> <span class='ocrx_word' id='word_1_399' title='bbox 896 4363 924 4411; x_wconf 85' lang='lat' dir='ltr'><strong>L.</strong></span> <span class='ocrx_word' id='word_1_400' title='bbox 943 4363 1031 4413; x_wconf 80' lang='lat' dir='ltr'><strong>Luscio</strong></span> <span class='ocrx_word' id='word_1_401' title='bbox 1047 4378 1076 4414; x_wconf 85' lang='grc' dir='ltr'><strong>α.</strong></span> <span class='ocrx_word' id='word_1_402' title='bbox 1099 4390 1125 4398; x_wconf 92' lang='grc'><strong>-</strong></span> <span class='ocrx_word' id='word_1_403' title='bbox 1144 4365 1168 4413; x_wconf 83' lang='lat'><strong>5.</strong></span> <span class='ocrx_word' id='word_1_404' title='bbox 1186 4363 1279 4413; x_wconf 81' lang='lat' dir='ltr'><strong>manlio</strong></span> <span class='ocrx_word' id='word_1_405' title='bbox 1295 4367 1386 4416; x_wconf 77' lang='lat' dir='ltr'><strong>alth.</strong></span> <span class='ocrx_word' id='word_1_406' title='bbox 1402 4393 1428 4401; x_wconf 95' lang='lat'>—</span> <span class='ocrx_word' id='word_1_407' title='bbox 1447 4364 1472 4415; x_wconf 81' lang='lat'><strong>6.</strong></span> <span class='ocrx_word' id='word_1_408' title='bbox 1489 4365 1593 4430; x_wconf 81' lang='lat' dir='ltr'><strong>recidat]</strong></span> <span class='ocrx_word' id='word_1_409' title='bbox 1610 4369 1701 4421; x_wconf 75' lang='lat' dir='ltr'><strong>taedet</strong></span> <span class='ocrx_word' id='word_1_410' title='bbox 1716 4370 1772 4437; x_wconf 87' lang='lat' dir='ltr'><strong>(sic)</strong></span> 
     </span>
     <span class='ocr_line' id='line_1_41' title="bbox 449 4436 1771 4506; baseline 0.01 -22"><span class='ocrx_word' id='word_1_411' title='bbox 449 4437 487 4498; x_wconf 82' lang='lat' dir='ltr'><strong>u,</strong></span> <span class='ocrx_word' id='word_1_412' title='bbox 506 4436 590 4485; x_wconf 83' lang='lat' dir='ltr'><strong>tendat</strong></span> <span class='ocrx_word' id='word_1_413' title='bbox 606 4436 635 4485; x_wconf 81' lang='grc' dir='ltr'><strong>Α.</strong></span> <span class='ocrx_word' id='word_1_414' title='bbox 651 4462 678 4472; x_wconf 94' lang='grc'>-</span> <span class='ocrx_word' id='word_1_415' title='bbox 696 4449 846 4500; x_wconf 78' lang='lat' dir='ltr'><strong>mugaopcre</strong></span> <span class='ocrx_word' id='word_1_416' title='bbox 862 4436 1038 4491; x_wconf 76' lang='lat' dir='ltr'><strong>acuant.</strong></span> <span class='ocrx_word' id='word_1_417' title='bbox 1054 4465 1080 4473; x_wconf 95' lang='lat'><em>-</em></span> <span class='ocrx_word' id='word_1_418' title='bbox 1100 4439 1124 4490; x_wconf 86' lang='grc'><strong>9.</strong></span> <span class='ocrx_word' id='word_1_419' title='bbox 1142 4438 1306 4489; x_wconf 77' lang='lat' dir='ltr'><strong>Mantioah.</strong></span> <span class='ocrx_word' id='word_1_420' title='bbox 1322 4467 1349 4475; x_wconf 95' lang='lat'>-</span> <span class='ocrx_word' id='word_1_421' title='bbox 1369 4441 1409 4490; x_wconf 88' lang='grc'><strong>40.</strong></span> <span class='ocrx_word' id='word_1_422' title='bbox 1424 4440 1489 4503; x_wconf 81' lang='lat' dir='ltr'><strong>Quid</strong></span> <span class='ocrx_word' id='word_1_423' title='bbox 1504 4445 1729 4506; x_wconf 59' lang='lat' dir='ltr'><strong>mamurtina.</strong></span> <span class='ocrx_word' id='word_1_424' title='bbox 1743 4474 1771 4485; x_wconf 93' lang='lat'>-</span> 
     </span>
     <span class='ocr_line' id='line_1_42' title="bbox 449 4509 1774 4583; baseline 0.01 -24"><span class='ocrx_word' id='word_1_425' title='bbox 449 4510 489 4559; x_wconf 88' lang='grc'><strong>44.</strong></span> <span class='ocrx_word' id='word_1_426' title='bbox 507 4509 631 4559; x_wconf 77' lang='lat' dir='ltr'><strong>Manlium</strong></span> <span class='ocrx_word' id='word_1_427' title='bbox 642 4511 670 4558; x_wconf 79' lang='grc' dir='ltr'><strong>Α.</strong></span> <span class='ocrx_word' id='word_1_428' title='bbox 686 4537 713 4545; x_wconf 98' lang='grc'><strong>-</strong></span> <span class='ocrx_word' id='word_1_429' title='bbox 733 4510 773 4560; x_wconf 68' lang='lat' dir='ltr'><strong>tt.</strong></span> <span class='ocrx_word' id='word_1_430' title='bbox 791 4511 876 4576; x_wconf 85' lang='lat' dir='ltr'><strong>copiis]</strong></span> <span class='ocrx_word' id='word_1_431' title='bbox 892 4511 996 4574; x_wconf 72' lang='lat' dir='ltr'><strong>fortune</strong></span> <span class='ocrx_word' id='word_1_432' title='bbox 1006 4516 1030 4562; x_wconf 88' lang='lat' dir='ltr'><strong>ct</strong></span> <span class='ocrx_word' id='word_1_433' title='bbox 1040 4513 1118 4574; x_wconf 83' lang='lat' dir='ltr'><strong>copiis</strong></span> <span class='ocrx_word' id='word_1_434' title='bbox 1129 4514 1156 4563; x_wconf 86' lang='lat' dir='ltr'><strong>L.</strong></span> <span class='ocrx_word' id='word_1_435' title='bbox 1171 4541 1198 4550; x_wconf 90' lang='lat'><em>-</em></span> <span class='ocrx_word' id='word_1_436' title='bbox 1217 4512 1257 4563; x_wconf 89' lang='grc'><strong>43.</strong></span> <span class='ocrx_word' id='word_1_437' title='bbox 1270 4515 1331 4564; x_wconf 78' lang='lat' dir='ltr'><strong>cibit</strong></span> <span class='ocrx_word' id='word_1_438' title='bbox 1346 4515 1406 4564; x_wconf 83' lang='lat' dir='ltr'><strong>mibi</strong></span> <span class='ocrx_word' id='word_1_439' title='bbox 1422 4516 1560 4583; x_wconf 77' lang='lat' dir='ltr'><strong>detrabunt]</strong></span> <span class='ocrx_word' id='word_1_440' title='bbox 1576 4533 1628 4570; x_wconf 79' lang='lat' dir='ltr'><strong>aon</strong></span> <span class='ocrx_word' id='word_1_441' title='bbox 1643 4519 1774 4571; x_wconf 63' lang='lat' dir='ltr'><strong>mabam</strong></span> 
     </span>
     <span class='ocr_line' id='line_1_43' title="bbox 450 4583 1774 4656; baseline 0.013 -25"><span class='ocrx_word' id='word_1_442' title='bbox 450 4597 483 4645; x_wconf 84' lang='grc' dir='ltr'><strong>α,</strong></span> <span class='ocrx_word' id='word_1_443' title='bbox 502 4596 532 4632; x_wconf 84' lang='lat' dir='ltr'><strong>ae</strong></span> <span class='ocrx_word' id='word_1_444' title='bbox 542 4583 603 4632; x_wconf 82' lang='lat' dir='ltr'><strong>mibi</strong></span> <span class='ocrx_word' id='word_1_445' title='bbox 615 4583 745 4634; x_wconf 61' lang='lat' dir='ltr'><strong>medium</strong></span> <span class='ocrx_word' id='word_1_446' title='bbox 755 4585 802 4636; x_wconf 84' lang='lat' dir='ltr'><strong>l&#39;h.</strong></span> <span class='ocrx_word' id='word_1_447' title='bbox 813 4586 969 4637; x_wconf 81' lang='lat' dir='ltr'><strong>Mommsen.</strong></span> <span class='ocrx_word' id='word_1_448' title='bbox 986 4614 1012 4623; x_wconf 95' lang='lat'>-</span> <span class='ocrx_word' id='word_1_449' title='bbox 1033 4587 1107 4637; x_wconf 71' lang='lat' dir='ltr'><strong>«fort.</strong></span> <span class='ocrx_word' id='word_1_450' title='bbox 1121 4588 1210 4637; x_wconf 81' lang='lat' dir='ltr'><strong>astutis</strong></span> <span class='ocrx_word' id='word_1_451' title='bbox 1220 4590 1369 4640; x_wconf 74' lang='lat' dir='ltr'><strong>severimtmc</strong></span> <span class='ocrx_word' id='word_1_452' title='bbox 1379 4596 1497 4641; x_wconf 67' lang='lat' dir='ltr'><strong>auctae»</strong></span> <span class='ocrx_word' id='word_1_453' title='bbox 1511 4605 1563 4656; x_wconf 79' lang='lat' dir='ltr'><strong>mg.</strong></span> <span class='ocrx_word' id='word_1_454' title='bbox 1574 4593 1606 4656; x_wconf 71' lang='lat'><strong>2;</strong></span> <span class='ocrx_word' id='word_1_455' title='bbox 1624 4595 1774 4648; x_wconf 69' lang='lat' dir='ltr'><strong>nossem</strong></span> 
     </span>
     <span class='ocr_line' id='line_1_44' title="bbox 449 4655 1776 4728; baseline 0.011 -21"><span class='ocrx_word' id='word_1_456' title='bbox 449 4655 565 4720; x_wconf 82' lang='lat' dir='ltr'><strong>glossam</strong></span> <span class='ocrx_word' id='word_1_457' title='bbox 577 4669 637 4707; x_wconf 87' lang='lat' dir='ltr'><strong>esse</strong></span> <span class='ocrx_word' id='word_1_458' title='bbox 650 4656 819 4722; x_wconf 89' lang='lat' dir='ltr'><strong>desumptam</strong></span> <span class='ocrx_word' id='word_1_459' title='bbox 831 4673 845 4710; x_wconf 88' lang='lat' dir='ltr'><strong>e</strong></span> <span class='ocrx_word' id='word_1_460' title='bbox 858 4673 884 4710; x_wconf 84' lang='lat' dir='ltr'><strong>r.</strong></span> <span class='ocrx_word' id='word_1_461' title='bbox 895 4662 935 4710; x_wconf 80' lang='lat' dir='ltr'><strong>ib.</strong></span> <span class='ocrx_word' id='word_1_462' title='bbox 948 4664 1083 4726; x_wconf 78' lang='lat' dir='ltr'><strong>perspexit</strong></span> <span class='ocrx_word' id='word_1_463' title='bbox 1093 4663 1140 4713; x_wconf 86' lang='lat' dir='ltr'><strong>Tb.</strong></span> <span class='ocrx_word' id='word_1_464' title='bbox 1154 4665 1314 4723; x_wconf 83' lang='lat' dir='ltr'><strong>Mommsen;</strong></span> <span class='ocrx_word' id='word_1_465' title='bbox 1333 4666 1421 4728; x_wconf 86' lang='lat' dir='ltr'><strong>itaque</strong></span> <span class='ocrx_word' id='word_1_466' title='bbox 1433 4664 1600 4719; x_wconf 85' lang='lat' dir='ltr'><strong>seclusimus.</strong></span> <span class='ocrx_word' id='word_1_467' title='bbox 1615 4697 1643 4706; x_wconf 97' lang='lat'>-</span> <span class='ocrx_word' id='word_1_468' title='bbox 1662 4670 1703 4722; x_wconf 78' lang='grc'><strong>43.</strong></span> <span class='ocrx_word' id='word_1_469' title='bbox 1719 4668 1776 4721; x_wconf 79' lang='lat' dir='ltr'><strong>asti·</strong></span> 
     </span>
     <span class='ocr_line' id='line_1_45' title="bbox 448 4732 1774 4803; baseline 0.011 -22"><span class='ocrx_word' id='word_1_470' title='bbox 448 4732 557 4781; x_wconf 78' lang='lat' dir='ltr'><strong>matteras</strong></span> <span class='ocrx_word' id='word_1_471' title='bbox 568 4733 625 4793; x_wconf 69' lang='grc' dir='ltr'><strong>αθ,</strong></span> <span class='ocrx_word' id='word_1_472' title='bbox 637 4732 798 4784; x_wconf 73' lang='lat' dir='ltr'><strong>estimatione</strong></span> <span class='ocrx_word' id='word_1_473' title='bbox 809 4735 845 4796; x_wconf 86' lang='lat' dir='ltr'><strong>bl,</strong></span> <span class='ocrx_word' id='word_1_474' title='bbox 864 4736 1033 4786; x_wconf 80' lang='lat' dir='ltr'><strong>aestimatione</strong></span> <span class='ocrx_word' id='word_1_475' title='bbox 1041 4740 1071 4787; x_wconf 83' lang='grc' dir='ltr'><strong>Α.</strong></span> <span class='ocrx_word' id='word_1_476' title='bbox 1082 4737 1275 4802; x_wconf 70' lang='lat' dir='ltr'><strong>(mistimuttoac</strong></span> <span class='ocrx_word' id='word_1_477' title='bbox 1285 4741 1338 4790; x_wconf 90' lang='lat' dir='ltr'><strong>iarn</strong></span> <span class='ocrx_word' id='word_1_478' title='bbox 1349 4741 1470 4803; x_wconf 83' lang='lat' dir='ltr'><strong>Iuntina.)</strong></span> <span class='ocrx_word' id='word_1_479' title='bbox 1482 4769 1509 4778; x_wconf 90' lang='lat'><em>-</em></span> <span class='ocrx_word' id='word_1_480' title='bbox 1526 4743 1567 4794; x_wconf 87' lang='grc'><strong>48.</strong></span> <span class='ocrx_word' id='word_1_481' title='bbox 1576 4745 1671 4795; x_wconf 66' lang='lat' dir='ltr'><strong>moade</strong></span> <span class='ocrx_word' id='word_1_482' title='bbox 1681 4742 1774 4796; x_wconf 75' lang='lat' dir='ltr'><strong>aur.</strong></span> 
     </span>
     <span class='ocr_line' id='line_1_46' title="bbox 452 4807 1773 4878; baseline 0.01 -23"><span class='ocrx_word' id='word_1_483' title='bbox 452 4834 479 4843; x_wconf 96' lang='lat'>-</span> <span class='ocrx_word' id='word_1_484' title='bbox 497 4807 610 4857; x_wconf 84' lang='lat' dir='ltr'><strong>relictum</strong></span> <span class='ocrx_word' id='word_1_485' title='bbox 625 4807 721 4858; x_wconf 79' lang='lat' dir='ltr'><strong>aunt:</strong></span> <span class='ocrx_word' id='word_1_486' title='bbox 738 4807 862 4868; x_wconf 64' lang='lat' dir='ltr'><strong>ratonem</strong></span> <span class='ocrx_word' id='word_1_487' title='bbox 873 4807 979 4863; x_wconf 64' lang='lat' dir='ltr'>ALOO.</span> <span class='ocrx_word' id='word_1_488' title='bbox 993 4837 1019 4846; x_wconf 96' lang='lat'>-</span> <span class='ocrx_word' id='word_1_489' title='bbox 1039 4811 1079 4861; x_wconf 85' lang='grc'><strong>49.</strong></span> <span class='ocrx_word' id='word_1_490' title='bbox 1091 4812 1185 4862; x_wconf 81' lang='lat' dir='ltr'><strong>manlio</strong></span> <span class='ocrx_word' id='word_1_491' title='bbox 1196 4813 1258 4864; x_wconf 78' lang='lat' dir='ltr'><strong>MA.</strong></span> <span class='ocrx_word' id='word_1_492' title='bbox 1274 4842 1302 4851; x_wconf 96' lang='lat'>-</span> <span class='ocrx_word' id='word_1_493' title='bbox 1320 4816 1601 4878; x_wconf 78' lang='lat' dir='ltr'><strong>qeaimpudcoticcst?</strong></span> <span class='ocrx_word' id='word_1_494' title='bbox 1617 4819 1674 4874; x_wconf 67' lang='lat' dir='ltr'><strong>Li.</strong></span> <span class='ocrx_word' id='word_1_495' title='bbox 1690 4846 1718 4857; x_wconf 92' lang='lat'>-</span> <span class='ocrx_word' id='word_1_496' title='bbox 1731 4818 1773 4870; x_wconf 72' lang='lat'><strong>20.</strong></span> 
     </span>
     <span class='ocr_line' id='line_1_47' title="bbox 448 4881 1777 4956; baseline 0.008 -24"><span class='ocrx_word' id='word_1_497' title='bbox 448 4881 544 4946; x_wconf 71' lang='lat' dir='ltr'><strong>amcos]</strong></span> <span class='ocrx_word' id='word_1_498' title='bbox 554 4895 611 4933; x_wconf 76' lang='lat' dir='ltr'><strong>cren</strong></span> <span class='ocrx_word' id='word_1_499' title='bbox 621 4895 653 4933; x_wconf 79' lang='lat' dir='ltr'><strong>ac</strong></span> <span class='ocrx_word' id='word_1_500' title='bbox 663 4896 691 4931; x_wconf 88' lang='grc' dir='ltr'><strong>α.</strong></span> <span class='ocrx_word' id='word_1_501' title='bbox 707 4908 734 4918; x_wconf 92' lang='grc'><strong>-</strong></span> <span class='ocrx_word' id='word_1_502' title='bbox 748 4882 778 4947; x_wconf 82' lang='lat' dir='ltr'><strong>cs]</strong></span> <span class='ocrx_word' id='word_1_503' title='bbox 790 4896 822 4933; x_wconf 86' lang='lat' dir='ltr'><strong>ca</strong></span> <span class='ocrx_word' id='word_1_504' title='bbox 832 4898 861 4934; x_wconf 88' lang='grc' dir='ltr'><strong>α.</strong></span> <span class='ocrx_word' id='word_1_505' title='bbox 871 4910 897 4920; x_wconf 90' lang='grc'>-</span> <span class='ocrx_word' id='word_1_506' title='bbox 911 4885 952 4934; x_wconf 80' lang='lat' dir='ltr'><strong>at.</strong></span> <span class='ocrx_word' id='word_1_507' title='bbox 962 4887 1036 4948; x_wconf 75' lang='lat' dir='ltr'><strong>fidem</strong></span> <span class='ocrx_word' id='word_1_508' title='bbox 1047 4898 1101 4936; x_wconf 89' lang='lat' dir='ltr'><strong>om.</strong></span> <span class='ocrx_word' id='word_1_509' title='bbox 1114 4901 1174 4937; x_wconf 85' lang='lat' dir='ltr'><strong>a.—</strong></span> <span class='ocrx_word' id='word_1_510' title='bbox 1187 4887 1228 4936; x_wconf 77' lang='lat'><strong>22.</strong></span> <span class='ocrx_word' id='word_1_511' title='bbox 1241 4889 1396 4951; x_wconf 70' lang='lat' dir='ltr'><strong>compararit</strong></span> <span class='ocrx_word' id='word_1_512' title='bbox 1407 4888 1537 4941; x_wconf 85' lang='lat' dir='ltr'><strong>Halmius:</strong></span> <span class='ocrx_word' id='word_1_513' title='bbox 1551 4892 1707 4956; x_wconf 78' lang='lat' dir='ltr'><strong>conparabit</strong></span> <span class='ocrx_word' id='word_1_514' title='bbox 1716 4892 1777 4944; x_wconf 66' lang='lat' dir='ltr'><strong>Met</strong></span> 
     </span>
     <span class='ocr_line' id='line_1_48' title="bbox 449 4956 1774 5025; baseline 0.011 -20"><span class='ocrx_word' id='word_1_515' title='bbox 449 4956 578 5018; x_wconf 80' lang='lat' dir='ltr'><strong>Oronx,</strong></span> <span class='ocrx_word' id='word_1_516' title='bbox 596 4957 760 5019; x_wconf 79' lang='lat' dir='ltr'><strong>comparabat</strong></span> <span class='ocrx_word' id='word_1_517' title='bbox 776 4957 890 5012; x_wconf 67' lang='lat' dir='ltr'>ALOO.</span> <span class='ocrx_word' id='word_1_518' title='bbox 906 4985 934 4994; x_wconf 85' lang='lat'>-</span> <span class='ocrx_word' id='word_1_519' title='bbox 952 4960 993 5010; x_wconf 72' lang='lat'><strong>23.</strong></span> <span class='ocrx_word' id='word_1_520' title='bbox 1012 4960 1075 5025; x_wconf 80' lang='lat' dir='ltr'><strong>cum]</strong></span> <span class='ocrx_word' id='word_1_521' title='bbox 1094 4975 1150 5011; x_wconf 86' lang='lat' dir='ltr'><strong>eum</strong></span> <span class='ocrx_word' id='word_1_522' title='bbox 1166 4963 1262 5014; x_wconf 80' lang='lat' dir='ltr'><strong>cumb.</strong></span> <span class='ocrx_word' id='word_1_523' title='bbox 1278 4991 1305 5000; x_wconf 94' lang='lat'><em>-</em></span> <span class='ocrx_word' id='word_1_524' title='bbox 1323 4964 1364 5015; x_wconf 78' lang='lat' dir='ltr'><strong>at.</strong></span> <span class='ocrx_word' id='word_1_525' title='bbox 1378 4965 1445 5015; x_wconf 84' lang='lat' dir='ltr'><strong>Dicit</strong></span> <span class='ocrx_word' id='word_1_526' title='bbox 1461 4967 1555 5017; x_wconf 81' lang='lat' dir='ltr'><strong>aGll:</strong></span> <span class='ocrx_word' id='word_1_527' title='bbox 1574 4965 1774 5021; x_wconf 60' lang='lat' dir='ltr'><strong>narrante.</strong></span> 
     </span>
     <span class='ocr_line' id='line_1_49' title="bbox 450 5028 1775 5118; baseline 0.014 -40"><span class='ocrx_word' id='word_1_528' title='bbox 450 5028 489 5079; x_wconf 87' lang='lat' dir='ltr'><strong>ct.</strong></span> <span class='ocrx_word' id='word_1_529' title='bbox 502 5041 528 5079; x_wconf 83' lang='lat' dir='ltr'><strong>r.</strong></span> <span class='ocrx_word' id='word_1_530' title='bbox 541 5029 582 5080; x_wconf 87' lang='grc'><strong>36.</strong></span> <span class='ocrx_word' id='word_1_531' title='bbox 594 5042 622 5095; x_wconf 89' lang='lat' dir='ltr'><strong>p.</strong></span> <span class='ocrx_word' id='word_1_532' title='bbox 635 5031 675 5082; x_wconf 74' lang='lat'><strong>85.</strong></span> <span class='ocrx_word' id='word_1_533' title='bbox 688 5044 715 5081; x_wconf 89' lang='lat' dir='ltr'><strong>v.</strong></span> <span class='ocrx_word' id='word_1_534' title='bbox 727 5032 752 5083; x_wconf 76' lang='lat'><strong>².</strong></span> <span class='ocrx_word' id='word_1_535' title='bbox 768 5059 795 5069; x_wconf 92' lang='lat'><em>-</em></span> <span class='ocrx_word' id='word_1_536' title='bbox 808 5033 849 5083; x_wconf 76' lang='lat'><strong>25.</strong></span> <span class='ocrx_word' id='word_1_537' title='bbox 862 5033 956 5084; x_wconf 85' lang='lat' dir='ltr'><strong>montio</strong></span> <span class='ocrx_word' id='word_1_538' title='bbox 966 5036 1027 5086; x_wconf 82' lang='grc'><strong>444.</strong></span> <span class='ocrx_word' id='word_1_539' title='bbox 1044 5063 1071 5073; x_wconf 92' lang='lat'><em>-</em></span> <span class='ocrx_word' id='word_1_540' title='bbox 1084 5037 1183 5101; x_wconf 83' lang='lat' dir='ltr'><strong>diceret]</strong></span> <span class='ocrx_word' id='word_1_541' title='bbox 1195 5039 1325 5091; x_wconf 68' lang='lat' dir='ltr'><strong>anissis</strong></span> <span class='ocrx_word' id='word_1_542' title='bbox 1338 5053 1400 5091; x_wconf 93' lang='lat' dir='ltr'><strong>cnm</strong></span> <span class='ocrx_word' id='word_1_543' title='bbox 1412 5041 1505 5093; x_wconf 87' lang='lat' dir='ltr'><strong>codice</strong></span> <span class='ocrx_word' id='word_1_544' title='bbox 1519 5043 1612 5095; x_wconf 85' lang='lat' dir='ltr'><strong>Ursini.</strong></span> <span class='ocrx_word' id='word_1_545' title='bbox 1626 5072 1654 5083; x_wconf 95' lang='lat'>-</span> <span class='ocrx_word' id='word_1_546' title='bbox 1666 5045 1775 5118; x_wconf 58' lang='lat' dir='ltr'><strong>wnteq</strong></span> 
     </span>
     <span class='ocr_line' id='line_1_50' title="bbox 448 5103 1776 5180; baseline 0.014 -28"><span class='ocrx_word' id='word_1_547' title='bbox 448 5103 574 5155; x_wconf 69' lang='lat' dir='ltr'><strong>intractus</strong></span> <span class='ocrx_word' id='word_1_548' title='bbox 589 5119 610 5155; x_wconf 89' lang='grc' dir='ltr'>α</span> <span class='ocrx_word' id='word_1_549' title='bbox 618 5107 639 5156; x_wconf 85' lang='lat' dir='ltr'><strong>G</strong></span> <span class='ocrx_word' id='word_1_550' title='bbox 646 5105 680 5158; x_wconf 84' lang='lat' dir='ltr'><strong>ti.</strong></span> <span class='ocrx_word' id='word_1_551' title='bbox 695 5131 723 5144; x_wconf 88' lang='lat'>-</span> <span class='ocrx_word' id='word_1_552' title='bbox 742 5105 783 5157; x_wconf 80' lang='lat'><strong>28.</strong></span> <span class='ocrx_word' id='word_1_553' title='bbox 801 5107 898 5158; x_wconf 81' lang='lat' dir='ltr'><strong>minore</strong></span> <span class='ocrx_word' id='word_1_554' title='bbox 911 5108 958 5158; x_wconf 88' lang='lat' dir='ltr'><strong>Th.</strong></span> <span class='ocrx_word' id='word_1_555' title='bbox 971 5110 1133 5162; x_wconf 82' lang='lat' dir='ltr'><strong>Mommsen:</strong></span> <span class='ocrx_word' id='word_1_556' title='bbox 1151 5126 1201 5163; x_wconf 80' lang='lat' dir='ltr'><strong>noo</strong></span> <span class='ocrx_word' id='word_1_557' title='bbox 1211 5115 1308 5167; x_wconf 81' lang='lat' dir='ltr'><strong>minore</strong></span> <span class='ocrx_word' id='word_1_558' title='bbox 1327 5131 1347 5165; x_wconf 87' lang='grc' dir='ltr'><em>α</em></span> <span class='ocrx_word' id='word_1_559' title='bbox 1355 5119 1376 5168; x_wconf 87' lang='lat' dir='ltr'>G</span> <span class='ocrx_word' id='word_1_560' title='bbox 1384 5118 1410 5169; x_wconf 85' lang='lat' dir='ltr'><strong>bl</strong></span> <span class='ocrx_word' id='word_1_561' title='bbox 1417 5120 1453 5180; x_wconf 81' lang='lat' dir='ltr'><strong>A,</strong></span> <span class='ocrx_word' id='word_1_562' title='bbox 1471 5132 1522 5168; x_wconf 78' lang='lat' dir='ltr'><strong>coc</strong></span> <span class='ocrx_word' id='word_1_563' title='bbox 1531 5121 1629 5172; x_wconf 80' lang='lat' dir='ltr'><strong>maiore</strong></span> <span class='ocrx_word' id='word_1_564' title='bbox 1640 5133 1702 5172; x_wconf 90' lang='lat' dir='ltr'><strong>cum</strong></span> <span class='ocrx_word' id='word_1_565' title='bbox 1713 5121 1776 5171; x_wconf 91' lang='lat' dir='ltr'><strong>lun-</strong></span> 
     </span>
     <span class='ocr_line' id='line_1_51' title="bbox 450 5177 1776 5262; baseline 0.017 -34"><span class='ocrx_word' id='word_1_566' title='bbox 450 5179 503 5229; x_wconf 92' lang='lat' dir='ltr'><strong>tina</strong></span> <span class='ocrx_word' id='word_1_567' title='bbox 515 5177 591 5232; x_wconf 73' lang='lat' dir='ltr'><strong>bio.</strong></span> <span class='ocrx_word' id='word_1_568' title='bbox 607 5180 694 5240; x_wconf 77' lang='lat' dir='ltr'><strong>-aa</strong></span> <span class='ocrx_word' id='word_1_569' title='bbox 711 5182 896 5245; x_wconf 69' lang='lat' dir='ltr'><strong>prmdicatiecs</strong></span> <span class='ocrx_word' id='word_1_570' title='bbox 912 5198 940 5234; x_wconf 93' lang='grc' dir='ltr'><strong>α.</strong></span> <span class='ocrx_word' id='word_1_571' title='bbox 956 5211 983 5221; x_wconf 92' lang='grc'><strong>-</strong></span> <span class='ocrx_word' id='word_1_572' title='bbox 1002 5185 1042 5236; x_wconf 88' lang='grc'><strong>30.</strong></span> <span class='ocrx_word' id='word_1_573' title='bbox 1060 5187 1193 5239; x_wconf 69' lang='lat' dir='ltr'><strong>macena</strong></span> <span class='ocrx_word' id='word_1_574' title='bbox 1209 5189 1356 5243; x_wconf 85' lang='lat' dir='ltr'><strong>Tumebus.</strong></span> <span class='ocrx_word' id='word_1_575' title='bbox 1372 5220 1399 5232; x_wconf 89' lang='grc'><strong>-</strong></span> <span class='ocrx_word' id='word_1_576' title='bbox 1418 5192 1458 5260; x_wconf 84' lang='lat' dir='ltr'><strong>ab]</strong></span> <span class='ocrx_word' id='word_1_577' title='bbox 1476 5207 1494 5246; x_wconf 86' lang='lat' dir='ltr'><strong>c</strong></span> <span class='ocrx_word' id='word_1_578' title='bbox 1510 5209 1538 5248; x_wconf 91' lang='grc' dir='ltr'><strong>α.</strong></span> <span class='ocrx_word' id='word_1_579' title='bbox 1550 5220 1579 5238; x_wconf 92' lang='lat'><strong>·-</strong></span> <span class='ocrx_word' id='word_1_580' title='bbox 1594 5194 1635 5249; x_wconf 76' lang='lat'><strong>32.</strong></span> <span class='ocrx_word' id='word_1_581' title='bbox 1648 5193 1776 5262; x_wconf 73' lang='lat' dir='ltr'><strong>poeticas]</strong></span> 
     </span>
     <span class='ocr_line' id='line_1_52' title="bbox 445 5254 1370 5328; baseline 0.014 -21"><span class='ocrx_word' id='word_1_582' title='bbox 445 5255 592 5318; x_wconf 71' lang='lat' dir='ltr'><strong>bosedone</strong></span> <span class='ocrx_word' id='word_1_583' title='bbox 602 5254 665 5312; x_wconf 83' lang='lat' dir='ltr'><strong>cod.</strong></span> <span class='ocrx_word' id='word_1_584' title='bbox 677 5257 803 5311; x_wconf 69' lang='lat' dir='ltr'><strong>Ursini·</strong></span> <span class='ocrx_word' id='word_1_585' title='bbox 816 5257 1115 5328; x_wconf 63' lang='lat' dir='ltr'><strong>armassemus:</strong></span> <span class='ocrx_word' id='word_1_586' title='bbox 1129 5276 1270 5320; x_wconf 67' lang='lat' dir='ltr'><strong>mascaro</strong></span> <span class='ocrx_word' id='word_1_587' title='bbox 1280 5268 1370 5320; x_wconf 83' lang='lat' dir='ltr'><strong>ceteri.</strong></span> 
     </span>
    </p>
   </div>
   <div class='ocr_carea' id='block_1_4' title="bbox 0 0 2204 6100">
    <p class='ocr_par' dir='ltr' id='par_1_4' title="bbox 0 0 2204 6100">
     <span class='ocr_line' id='line_1_53' title="bbox 0 0 2204 6100; baseline 0 0"><span class='ocrx_word' id='word_1_588' title='bbox 0 0 2204 6100; x_wconf 95' lang='lat' dir='ltr'><strong> </strong></span> 
     </span>
    </p>
   </div>
  </div>
 </body>
</html>
