4367 6109
1364 474 1394 529 Q

314 686 316 696 k
411 596 473 666 iti
810 598 1130 673 SUPPLEMENTUM
1149 607 1449 672 annonariam

478 780 537 832 pag.
556 766 612 817 443.
630 779 656 816 v.
675 765 699 817 i.
718 766 801 830 4444444
817 766 921 817 444499.
942 792 968 804 -
988 766 1028 816 49.
1043 766 1201 829 4444444444
1217 767 1240 815 t.
1259 765 1299 817 44.
1315 764 1356 816 45.
1369 763 1410 816 48.
1430 792 1457 803 -
1474 764 1552 830 suuis
1566 764 1632 816 4444414
1648 763 1683 815 99
1698 777 1726 831 4.

415 873 444 886 ·-
460 852 502 902 34.
519 849 650 901 nominem
666 850 705 901 99.
725 876 752 885 -
770 849 811 901 33.
829 851 856 899 in
872 863 926 900 orn.
944 849 976 900 99
992 863 1019 916 4.

476 944 536 1000 pag.
555 933 611 985 444.
628 946 655 984 u.
674 935 698 985 7.
716 933 811 997 usqua
826 947 852 986 ss
866 934 980 998 44444444
995 934 1028 985 99
1045 933 1104 987 rou.
1123 936 1204 986 44444.
1224 960 1251 972 -
1275 934 1299 985 8.
1317 933 1370 1001 sibu]
1388 932 1432 985 4454
1446 935 1525 998 Lnga.
1545 961 1574 972 -
1593 933 1618 984 9.
1637 937 1729 985 orata·

411 1029 471 1069 rum
487 1020 550 1069 item
567 1031 669 1069 omnes.
688 1045 716 1055 -
735 1017 775 1069 34.
794 1031 905 1082 quaeque
919 1018 1028 1069 iniuriae
1043 1018 1084 1069 99.

477 1115 537 1167 peg.
557 1103 612 1152 445.
630 1115 656 1153 v.
675 1104 698 1152 4.
715 1102 743 1152 in
759 1115 806 1165 pua
823 1102 972 1153 atterutrum
987 1101 1019 1155 99
1037 1102 1099 1165 (nou
1115 1102 1221 1152 4444444444
1237 1102 1338 1165 umen).
1358 1127 1386 1139 -
1411 1101 1435 1153 4.
1452 1101 1496 1152 isos
1509 1102 1603 1152 44444444
1619 1113 1727 1164 ornnes,

413 1187 444 1236 ut
459 1185 570 1237 videtur.
591 1212 618 1221 —
642 1188 667 1236 5.
685 1199 734 1236 csse
750 1198 803 1237 orn.
821 1185 853 1237 49
871 1188 898 1237 44
913 1189 941 1238 L.
961 1213 988 1222 -
1013 1186 1037 1236 5.
1055 1187 1170 1237 4444444144
1185 1185 1257 1237 44144
1273 1186 1314 1236 99.
1336 1213 1361 1223 -
1387 1190 1411 1236 ct
1431 1199 1481 1236 esse
1501 1187 1606 1251 4444444
1624 1184 1730 1237 14414444

413 1269 503 1333 Lego..
524 1268 574 1321 sed
595 1271 718 1322 omittunt
737 1270 867 1336 444444144
889 1275 914 1320 ct
934 1272 995 1322 ante
1016 1269 1049 1319 ab
1064 1282 1158 1321 omnes
1179 1272 1286 1335 4444444
1300 1269 1341 1321 99.
1369 1267 1449 1334 (inse
1465 1269 1572 1323 14451514
1587 1269 1728 1334 4444441444

412 1366 440 1418 4.
458 1353 509 1415 38.)
529 1381 556 1390 -
582 1355 623 1406 44.
638 1354 715 1417 possit
730 1353 762 1403 99
779 1366 805 1418 4.
832 1380 859 1390 -
888 1355 929 1406 48.
946 1367 1000 1405 mos
1015 1359 1050 1404 444
1064 1354 1152 1404 5444444
1169 1355 1231 1418 (om.
1248 1353 1283 1416 444)
1300 1354 1333 1404 99
1348 1366 1376 1418 4.
1395 1379 1424 1389 -
1451 1353 1492 1405 49.
1512 1353 1611 1404 Veseris
1627 1355 1729 1404 nomine

412 1438 494 1488 4444444
510 1438 550 1488 99.
570 1463 597 1474 -
616 1440 657 1489 99.
674 1440 801 1501 44444444
816 1440 832 1488 5
849 1452 875 1503 p.
893 1439 917 1489 5.
935 1437 993 1499 99.;
1017 1439 1039 1488 si
1055 1444 1178 1501 apparent
1195 1437 1225 1489 44
1242 1451 1283 1503 4.;
1303 1438 1324 1486 si
1340 1443 1464 1500 appareat
1480 1440 1504 1488 4.
1523 1437 1563 1489 44.
1582 1450 1666 1500 4444.,
1684 1437 1726 1489 45.

413 1519 470 1580 48.;
489 1523 510 1570 44
523 1527 609 1585 pateat
624 1524 721 1574 54444.
735 1523 842 1586 (14414444
858 1523 935 1587 igitur
950 1523 1086 1586 sipareret
1096 1523 1137 1574 97.
1150 1523 1201 1586 49.]
1216 1549 1243 1560 -
1260 1522 1301 1573 93.
1314 1521 1387 1587 4444444]
1404 1526 1501 1572 tantam
1511 1522 1553 1572 99.
1568 1549 1596 1559 -
1614 1521 1659 1573 34.
1671 1523 1730 1573 Nu·

413 1607 465 1656 cius
481 1607 528 1657 29:
545 1607 638 1657 iiutius
653 1605 710 1658 4414.
724 1633 752 1644 -
770 1605 810 1658 34.
829 1619 879 1659 esse
895 1619 948 1658 om.
961 1607 986 1657 5.
998 1608 1039 1658 97.
1052 1606 1093 1658 49.
1110 1633 1137 1643 -·
1155 1605 1195 1657 35.
1214 1605 1298 1671 444444
1309 1605 1411 1658 circaeo
1423 1607 1514 1670 pocula
1525 1618 1621 1656 4444444
1633 1608 1727 1670 aaa..

413 1693 443 1742 ut
459 1690 571 1742 videtur.

477 1788 537 1840 pag.
557 1776 613 1826 445.
630 1788 657 1826 v.
669 1773 694 1829 i.
711 1776 832 1827 4444444444
848 1775 919 1827 44144
931 1775 972 1827 49.
991 1803 1019 1813 -
1038 1776 1062 1826 9.
1081 1775 1146 1838 quod
1161 1776 1182 1825 si
1197 1776 1230 1826 99
1247 1788 1279 1826 44
1291 1788 1359 1826 4444.
1374 1799 1401 1814 -
1421 1776 1461 1826 44.
1479 1775 1545 1837 quod
1560 1779 1584 1825 44
1599 1775 1729 1825 &ctum

413 1860 446 1910 99
462 1862 543 1911 recte.
564 1886 591 1897 -
614 1860 655 1910 95.
672 1861 707 1910 Ac
722 1861 778 1911 4444
793 1861 891 1912 habent
909 1872 1003 1911 omnes
1018 1862 1126 1926 4444444
1141 1862 1157 1911 5
1174 1861 1203 1911 44
1216 1859 1258 1913 49.
1278 1885 1305 1897 -
1326 1860 1366 1910 97.
1385 1861 1406 1910 41
1422 1859 1536 1922 superior
1551 1859 1639 1909 ccuris
1653 1858 1729 1910 rebus

414 1945 534 2008 1444.-
553 1944 594 1994 34.
611 1944 717 2006 reperiri
729 1957 800 2008 44444
815 1945 854 1996 99.
871 1971 898 1981 -
917 1945 957 1996 39.
973 1943 1066 2006 pattici
1081 1943 1163 1995 habet
1179 1944 1260 1997 etiam
1277 1941 1317 1997 49.
1332 1970 1360 1980 -
1378 1943 1419 1995 33.
1434 1955 1517 2006 posses
1531 1955 1587 1993 44444
1602 1942 1651 1994 974
1668 1955 1728 1994 eum

410 2028 489 2092 possis
505 2028 566 2090 (non
579 2029 668 2090 posses)
686 2026 742 2078 4411.
760 2029 838 2093 Legg.
1554 2035 1556 2042 '

479 2125 538 2177 pag.
556 2112 613 2162 447.
635 2125 661 2162 v.
679 2112 705 2163 9.
722 2127 778 2164 mm
798 2114 839 2165 444
861 2111 932 2165 44144
953 2112 1035 2164 1441444
1051 2114 1066 2164 5
1082 2125 1126 2178 4.;
1152 2113 1194 2176 qui
1209 2110 1266 2163 4411.
1284 2112 1341 2162 sine
1357 2124 1426 2173 4444,
1454 2111 1525 2176 qnod
1541 2111 1568 2163 in
1584 2110 1647 2162 4544.
1665 2113 1726 2163 4444.

412 2197 587 2262 praetermitti
605 2209 657 2248 non
673 2196 773 2249 debuit.
793 2224 820 2235 -
839 2198 863 2249 5.
881 2198 983 2263 44444444]
1000 2197 1104 2261 9444444
1118 2197 1150 2248 99
1167 2210 1208 2262 4.;
1228 2197 1314 2260 putant
1330 2209 1399 2247 corr.
1419 2219 1446 2233 -
1465 2197 1490 2248 8.
1507 2195 1633 2248 4444444444
1647 2196 1681 2247 99
1700 2198 1730 2247 et

413 2280 430 2334 4
446 2279 497 2331 aiii.
518 2307 545 2317 —
564 2282 603 2332 49.
623 2295 640 2332 4
656 2282 746 2332 Siculis
761 2283 788 2333 et
804 2281 900 2333 deinde
916 2283 1033 2333 asardis
1048 2280 1080 2333 49
1098 2284 1124 2333 44
1140 2279 1156 2333 4
1173 2279 1224 2331 4111.
1236 2306 1264 2317 -
1284 2278 1323 2330 44.
1341 2280 1390 2344 [seit
1405 2292 1458 2331 orn.
1472 2280 1549 2344 Legg.
1562 2282 1671 2345 praeter
1681 2280 1726 2332 99.

416 2392 443 2403 -
462 2365 501 2415 49.
513 2365 637 2416 icantur
651 2371 686 2418 est
700 2379 779 2417 causa
794 2366 835 2417 99.
855 2368 916 2431 (nou
932 2380 1010 2417 causa
1025 2371 1074 2427 est,
1092 2365 1166 2417 44414
1176 2365 1214 2428 Ζ.)
1233 2391 1261 2401 -
1279 2364 1321 2414 97.
1335 2369 1447 2428 patrona
1461 2364 1494 2415 sit
1508 2362 1541 2415 49
1552 2375 1622 2415 4444.
1636 2364 1726 2415 44994

409 2453 516 2511 patrata
531 2450 562 2499 444
577 2447 609 2501 49
619 2463 646 2515 4.
660 2454 687 2501 44
697 2452 712 2501 7
723 2450 788 2501 dett.
806 2452 867 2514 (non
883 2465 962 2502 casua
973 2455 1080 2514 patrata
1094 2451 1141 2509 sit;
1160 2448 1255 2500 44114444
1270 2448 1341 2501 enirn
1357 2447 1496 2511 londanus,
1515 2461 1577 2500 cum
1593 2449 1632 2499 444
1646 2461 1730 2499 casm

413 2537 439 2585 in
456 2532 520 2583 dett.
539 2533 667 2600 inveniri.)
687 2561 714 2572 -
732 2534 773 2586 39.
790 2534 838 2600 444]
855 2537 898 2597 aui
914 2537 955 2586 cut
971 2537 995 2587 6.
1018 2534 1052 2587 ci.
1069 2546 1150 2599 44444
1165 2547 1191 2586 v.
1209 2535 1235 2585 9.

477 2630 537 2682 pag.
556 2617 612 2670 448.
637 2631 662 2668 v.
681 2619 721 2669 45.
739 2621 775 2670 14.
792 2620 926 2682 carnutum
942 2621 1020 2684 4444.
1037 2621 1146 2684 4444444
1161 2617 1208 2679 49,
1232 2617 1277 2682 qui
1293 2615 1357 2668 41444
1374 2629 1480 2681 quoqne
1497 2628 1662 2683 praenomen
1681 2615 1731 2667 1.*

413 2698 484 2752 solus
501 2702 628 2760 semanim
647 2715 671 2752 v.
690 2703 746 2753 444.
765 2703 784 2752 i.
802 2701 828 2767 4.
846 2703 870 2754 4.
891 2730 918 2739 -
937 2705 977 2755 99.
994 2704 1172 2768 [4444441444.
1191 2705 1297 2768 4444444
1313 2700 1353 2752 49.
1374 2728 1401 2738 -
1426 2701 1467 2752 98.
1485 2705 1508 2751 44
1524 2700 1731 2764 incontaminatis

413 2784 445 2836 99
461 2799 488 2851 p.
509 2811 536 2821 -
554 2787 594 2837 35.
612 2785 669 2836 ion.
687 2786 905 2850 intepmrimasoue
920 2788 960 2838 99.
981 2815 1008 2824 -
1026 2787 1066 2840 43.
1084 2787 1190 2850 requirit
1206 2797 1299 2836 omnes
1316 2787 1423 2851 praeter
1438 2784 1479 2836 49.

479 2882 538 2934 444.
558 2870 613 2920 449.
631 2882 656 2919 v.
670 2870 693 2921 3.
708 2871 879 2934 praepositam
894 2873 935 2922 99.
950 2898 977 2908 —
998 2872 1023 2922 7.
1040 2870 1187 2934 4444444444
1203 2870 1283 2920 etiem
1293 2869 1334 2921 99.
1350 2897 1377 2906 -
1397 2869 1436 2919 49.
1450 2869 1542 2932 4444444
1557 2869 1668 2919 1444444444
1684 2868 1728 2918 99.

416 2979 443 2990 -
462 2954 502 3005 49.
520 2958 603 3004 nasac
620 2954 652 3004 99
669 2956 727 3005 445
744 2954 795 3005 eiii.
816 2981 843 2992 —
862 2956 890 3008 in
906 2956 938 3010 99
956 2958 996 3010 444
1012 2956 1080 3010 heco
1096 2953 1272 3025 subscriptio:
1292 2955 1329 3009 u.
1348 2953 1419 3006 714449
1435 2953 1558 3010 accone
1573 2953 1604 3007 44
1619 2964 1731 3004 accusa-

413 3045 466 3091 tore
481 3038 542 3089 44544
553 3039 654 3105 primus
668 3038 778 3108 44444444.

913 3221 965 3278 AD
983 3218 1180 3278 ACT10NEM
1200 3219 1223 3276 1.

478 3372 630 3437 inscnpuo:
653 3371 741 3434 44444
756 3348 874 3421 eimau
890 3371 935 3429 44;
962 3371 1013 3420 nc.
1030 3371 1138 3420 4444444
1154 3371 1183 3428 4;
1201 3369 1391 3420 unacum
1406 3370 1434 3418 n
1451 3369 1477 3420 4.
1497 3370 1597 3420 umen
1613 3367 1677 3419 noer
1694 3370 1727 3419 n.

413 3437 481 3507 5.’5.
498 3457 539 3506 97.
558 3456 604 3515 454
630 3455 798 3505 Accusationis
818 3455 846 3503 444
866 3455 892 3505 0.
913 3454 1013 3503 Verrem
1033 3453 1098 3503 actio
1118 3454 1138 3504 1.
1161 3452 1206 3510 49ς
1234 3452 1264 3504 44
1285 3455 1312 3503 44
1331 3451 1363 3503 48
1383 3453 1550 3517 inscriptione
1572 3455 1674 3502 carent.
1698 3478 1725 3490 -

414 3541 454 3590 49.
473 3541 540 3591 Dicit
557 3539 629 3590 Nieb.
647 3541 673 3590 in
690 3540 807 3603 margine
824 3537 907 3588 verbu
924 3551 992 3602 quae
1016 3536 1166 3602 exemplum
1184 3540 1270 3587 54444.
1294 3536 1375 3587 1441444
1396 3539 1506 3588 «44444444
1524 3538 1566 3587 sed
1585 3541 1610 3592 44
1632 3537 1726 3599 apua·

413 3623 508 3675 deesse
526 3626 551 3674 in
567 3624 608 3675 99.
626 3623 666 3675 49.
685 3623 726 3675 48.
745 3624 867 3686 (etiamne
884 3622 994 3684 44459),
1013 3624 1040 3672 et
1050 3624 1136 3687 pergit
1146 3620 1256 3673 deinde:
1277 3620 1368 3672 «deest
1379 3622 1404 3671 in
1417 3622 1432 3671 5
1444 3608 1580 3686 reliquis»,
1598 3620 1646 3672 sed
1661 3621 1726 3686 quid

413 3709 440 3760 in
457 3710 498 3759 4444
514 3709 583 3759 desit
599 3707 666 3771 (iant.
684 3706 769 3758 441444
786 3709 890 3767 Romae,
910 3708 952 3757 cni
969 3706 1036 3757 linea
1054 3705 1125 3771 apud
1139 3705 1433 3768 4414144444544444441,
1452 3718 1503 3756 non
1515 3704 1659 3756 indicatum
1673 3707 1723 3756 est.

414 3793 548 3844 Habemus
565 3793 642 3857 igitur
658 3790 783 3842 14441444
801 3804 933 3853 onorem,
951 3791 996 3855 qni
1013 3792 1061 3842 nisi
1078 3792 1197 3855 inspecto
1214 3793 1342 3856 44444444
1358 3791 1464 3855 Legum.
1477 3792 1550 3841 certe
1561 3789 1655 3854 corrigi
1672 3802 1726 3840 non

413 3880 509 3942 potest.
530 3905 556 3914 -
575 3878 616 3928 99.
632 3876 786 3939 pumenius
802 3878 843 3927 444
859 3877 885 3926 in
904 3877 926 3926 4.
945 3876 986 3926 99.
1004 3875 1046 3926 49.
1064 3873 1105 3927 48.

477 3975 537 4026 pag.
557 3963 612 4012 495.
631 3975 656 4012 v.
675 3960 699 4012 4.
718 3975 749 4011 ac
763 3961 837 4025 sactis
852 3959 892 4011 49.
911 3985 937 3997 -
957 3962 981 4011 5.
999 3974 1041 4023 spe
1056 3965 1080 4011 44
1091 3962 1181 4023 praui.
1200 3962 1280 4011 etism
1295 3959 1336 4011 99.
1352 3985 1379 3997 -
1399 3961 1439 4010 44.
1457 3959 1521 4010 iuris
1535 3957 1628 4009 445444
1643 3961 1725 4025 Legg.

414 4058 520 4108 amnes,
540 4045 761 4109 44444441444444
778 4043 855 4097 lectio
872 4044 906 4095 414
923 4044 1036 4096 iordane
1053 4043 1165 4109 relinqui
1182 4058 1233 4095 non
1252 4043 1375 4095 debebat.
1402 4071 1430 4081 -
1454 4046 1493 4096 45.
1511 4044 1538 4094 44
1554 4043 1644 4095 adnot
1663 4047 1726 4095 ente

413 4130 511 4181 iudiciis
526 4142 651 4181 numerus
669 4131 700 4180 45
717 4127 855 4181 addendus
873 4131 925 4190 444,
943 4142 1004 4179 cnm
1022 4127 1245 4194 444444444144414
1262 4129 1415 4193 discrepans
1432 4126 1466 4178 ad
1481 4140 1541 4178 444.
1553 4127 1683 4178 4444445444.
1696 4156 1725 4165 -

395 4249 397 4252 <
414 4215 455 4265 47.
473 4215 608 4265 acturam
623 4214 655 4264 99
672 4226 698 4278 4.
712 4215 736 4264 5.
757 4240 784 4249 -
803 4213 844 4265 93.
861 4211 904 4265 44.
922 4213 953 4264 49
970 4211 1058 4264 sotus:
1076 4215 1112 4264 44.
1129 4211 1186 4264 reli.
1201 4241 1228 4251 -
1249 4213 1290 4265 94.
1308 4212 1445 4264 conatam
1461 4214 1539 4277 Legg.
1557 4214 1663 4276 practer
1680 4212 1725 4264 99.

416 4326 443 4337 -
461 4300 502 4349 95.
521 4299 637 4361 eripuisse
654 4298 732 4348 4414444
744 4296 785 4346 99.
800 4324 827 4333 -
845 4298 886 4347 97.
905 4311 980 4359 444444
996 4302 1031 4347 est
1045 4299 1134 4347 44444
1150 4297 1181 4348 99
1197 4311 1240 4362 4.;
1261 4310 1323 4348 num
1340 4302 1375 4348 cst
1391 4298 1470 4347 etiem
1487 4299 1548 4347 44444
1565 4295 1726 4356 4414444444,

414 4383 554 4447 ignoratur.
574 4406 602 4420 -
621 4382 662 4433 39.
679 4385 829 4443 conatusque
845 4394 898 4432 om.
916 4381 949 4431 99
964 4395 990 4446 p.
1010 4383 1070 4445 (non
1087 4381 1169 4432 habet
1184 4381 1338 4446 Zumptius.)
1351 4407 1378 4417 -
1394 4381 1510 4445 patefecit
1526 4381 1604 4453 Lnga.
1616 4383 1726 4445 4444444

413 4468 437 4518 t.
456 4466 496 4518 48.
516 4494 542 4503 -
562 4466 603 4519 34.
621 4466 698 4516 4444444
714 4466 754 4515 99.
1573 4513 1575 4516 ,

478 4564 538 4616 pag.
557 4552 613 4601 494.
638 4563 663 4600 v.
680 4551 705 4600 9.
728 4549 762 4600 ed
784 4548 924 4602 lectionem
944 4550 972 4600 in
987 4550 1100 4600 Siciliam
1121 4550 1262 4612 mainsendi
1278 4553 1305 4600 44
1321 4549 1417 4600 deinde
1434 4551 1461 4599 in
1476 4549 1595 4601 Achaiam
1611 4547 1675 4600 nihii
1693 4563 1728 4600 ex

413 4637 491 4700 legg.
510 4638 628 4686 4444444444
646 4637 687 4685 est
703 4634 752 4686 nisi
769 4649 801 4686 ex
818 4635 863 4686 29:
886 4636 937 4698 4444.
955 4636 982 4685 in
999 4635 1065 4696 Sic.;
1086 4633 1209 4685 4441444444
1228 4635 1306 4698 igitur
1321 4647 1415 4686 omnes
1431 4635 1595 4685 accusativos
1612 4632 1726 4685 14444444.

415 4749 443 4758 ·-
461 4720 486 4771 4.
504 4721 526 4769 is
542 4732 595 4770 um.
614 4720 691 4783 Lngg.
709 4722 815 4785 4444444
831 4720 871 4770 99.
895 4747 923 4755 -
946 4720 970 4770 5.
988 4721 1038 4770 Sic.
1053 4733 1101 4783 per
1116 4724 1194 4770 totam
1209 4720 1241 4770 99
1258 4732 1284 4783 p.
1310 4746 1337 4756 κ
1362 4719 1386 4770 8.
1404 4725 1483 4782 pascet
1500 4719 1578 4769 etiem
1595 4719 1675 4782 Lnga.
1696 4745 1726 4754 -

415 4807 454 4855 44.
472 4811 500 4855 ut
517 4818 569 4855 om.
588 4805 628 4855 99.
644 4833 671 4841 -
691 4806 731 4854 45.
749 4809 802 4855 tum
818 4817 871 4854 ons.
890 4805 968 4868 Legg.
986 4805 1092 4869 4444444
1108 4804 1149 4854 99.
1164 4831 1191 4840 -
1211 4805 1250 4854 45.
1268 4803 1332 4867 mun]
1350 4805 1377 4853 in
1393 4803 1425 4854 99
1441 4817 1467 4868 p.
1483 4830 1510 4839 -
1530 4803 1569 4853 47.
1588 4801 1667 4866 bonis]
1683 4817 1729 4853 re-

413 4889 458 4940 bus
473 4890 504 4940 99
521 4903 547 4954 4.
563 4915 589 4924 -
608 4889 649 4938 95.
667 4901 716 4939 sese
733 4902 786 4939 om.
798 4888 831 4939 99
841 4902 867 4953 4.
883 4914 910 4924 -
929 4890 970 4939 93.
989 4890 1086 4951 4444444]
1102 4888 1195 4939 4444499
1206 4901 1232 4953 4.
1248 4912 1275 4924 -
1293 4888 1334 4938 96.
1354 4887 1547 4952 5944444499.
1562 4913 1589 4924 -
1609 4887 1649 4938 30.
1665 4902 1730 4951 pro-

411 4976 485 5039 licere
500 4972 630 5035 9944144,
648 4971 704 5023 reli.
719 4975 848 5038 44444444.
863 5000 890 5010 -
908 4973 953 5024 1444
969 4973 1031 5035 (om.
1046 4971 1171 5036 44444444)
1189 4971 1221 5023 99
1232 4985 1258 5037 4.
1277 4971 1315 5035 (44
1325 4974 1367 5024 est
1377 4972 1403 5023 in
1412 4975 1456 5036 ,Ἲς
1473 4973 1519 5023 hoc
1530 4970 1664 5022 5445444444
1675 4970 1726 5033 49;

413 5058 459 5107 isac
475 5057 559 5108 54454.
574 5063 657 5119 praet.
676 5055 732 5108 reii.
761 5084 788 5092 -—
815 5057 855 5107 34.
872 5071 930 5120 444.
949 5058 1018 5107 itan.
1037 5058 1115 5120 Legg.
1140 5083 1168 5092 -
1195 5056 1235 5108 35.
1259 5060 1304 5106 aut
1323 5058 1396 5118 44444
1417 5057 1497 5107 etiem
1518 5056 1565 5118 99,
1591 5057 1675 5107 recte.
1695 5081 1725 5092 ·-

414 5140 454 5191 35.
472 5143 611 5190 conuictam
627 5141 673 5202 49,
691 5143 830 5191 4444444444
846 5141 889 5201 99;
908 5143 1065 5191 coniunctam
1081 5139 1138 5192 4411.

479 5238 537 5290 444.
558 5227 613 5276 499.
632 5240 657 5277 v.
671 5227 694 5276 4.
709 5227 787 5288 possit
802 5227 878 5289 Lnga.
894 5251 921 5261 -
940 5225 964 5275 5.
982 5229 1006 5276 st
1021 5236 1076 5277 4444.
1087 5226 1129 5276 99.
1143 5251 1172 5262 -
1190 5225 1214 5275 7.
1229 5225 1354 5287 piu-imas
1369 5226 1435 5275 series
1449 5223 1572 5276 44454499.
1586 5249 1615 5260 -
1632 5223 1658 5275 8.
1672 5229 1728 5275 44444

413 5321 469 5360 cum
485 5310 563 5375 icgg.
580 5310 727 5380 praeteri.
744 5311 785 5361 97.
810 5334 840 5353 ··
861 5321 934 5361 surm
953 5309 1031 5361 4444444
1051 5309 1115 5361 4444444
1134 5320 1228 5362 amnes
1243 5311 1351 5375 4444444
1366 5308 1407 5362 49.
1426 5334 1455 5346 -
1472 5309 1497 5360 9.
1514 5309 1556 5360 cut
1571 5312 1594 5359 44
1608 5308 1723 5375 44444444,
