4367 6109
451 546 514 615 tao
819 548 1191 632 mvananuacrro
1214 549 1395 615 seorsus

449 718 573 802 potuitl
605 716 700 803 LXV.
722 709 793 778 407.
815 714 966 779 Homines
988 724 1108 791 tenues,
1132 716 1265 782 obscuro
1281 717 1352 782 loeo
1366 717 1442 791 nati,
1463 715 1634 797 navigante
1657 711 1775 777 adeunt

449 811 490 875 ad
512 830 551 874 ea
570 810 649 885 loca,
672 829 753 893 quae
774 829 947 894 numquam
967 819 1060 874 antea
1080 808 1236 887 viderunt,
1258 811 1312 875 ubi
1334 830 1439 895 neque
1461 810 1527 873 uoti
1543 827 1616 871 esse
1632 807 1684 881 iis,
1707 824 1771 890 quo

450 911 614 979 venerunt,
635 923 742 987 neque
764 922 888 986 semper
908 924 980 967 oum
1002 904 1214 986 cognitoribus
1236 926 1306 969 esse
1328 911 1470 988 possunt.
1502 902 1570 966 Ilao
1583 920 1653 965 una
1667 908 1774 964 tamen

448 996 564 1063 fiducia
585 997 717 1061 civitatis
739 1016 803 1061 non
825 998 920 1060 modo
946 995 1030 1079 apud
1058 1004 1182 1061 nostros
1210 1000 1425 1081 magistratus,
1456 996 1511 1081 qui
1541 1004 1574 1060 et
1602 994 1713 1079 legum
1741 1000 1773 1057 et

426 1091 691 1156 rexistimationis
713 1090 853 1175 periculo
883 1091 1098 1166 eontinentur,
1126 1112 1229 1175 neque
1259 1090 1344 1174 apud
1367 1093 1451 1155 cives
1472 1090 1576 1154 solum
1596 1091 1772 1163 Romanos,

449 1185 503 1269 qui
525 1191 558 1249 et
578 1184 732 1248 sermonis
754 1192 787 1248 et
807 1185 885 1247 iuris
907 1193 939 1248 et
959 1183 1126 1248 multarum
1155 1206 1260 1249 rerum
1290 1186 1440 1248 societate
1461 1185 1559 1248 iuneti
1580 1191 1674 1258 sunt,
1703 1180 1772 1245 iore

448 1299 482 1343 se
504 1286 590 1343 tutos
611 1278 817 1343 arbitrantur:
840 1278 907 1353 sed,
929 1296 1129 1363 quormque
1151 1279 1312 1352 venerint,
1334 1278 1416 1342 bano
1437 1277 1498 1342 sibi
1519 1298 1586 1341 rem
1609 1274 1771 1361 praesidio

448 1380 575 1455 sperant
595 1371 743 1436 futuram.
787 1366 858 1434 l68.
887 1371 977 1434 Tolle
998 1372 1080 1435 hano
1102 1393 1206 1457 spem,
1240 1371 1316 1436 tolle
1344 1371 1404 1436 boo
1433 1372 1627 1454 praesidium
1649 1368 1771 1433 civibus

447 1466 613 1529 Romanis:
636 1468 791 1530 constitue
813 1465 890 1529 nihil
912 1486 982 1529 esse
1000 1465 1070 1548 opis
1085 1467 1118 1529 in
1131 1466 1191 1529 bae
1205 1485 1293 1540 voce,
1317 1484 1396 1528 crvrs
1410 1466 1560 1529 4444444444
1575 1484 1655 1529 svn:
1677 1480 1771 1547 porra

410 1565 438 1611 ⁴⁰
448 1559 576 1643 impune
597 1566 773 1643 praetorem
794 1566 850 1623 aut
869 1558 965 1623 alium
987 1559 1160 1643 quemlibet
1181 1559 1387 1642 supplicium,
1418 1557 1505 1643 quod
1525 1558 1620 1633 velit,
1641 1557 1676 1620 in
1699 1576 1771 1620 eum

448 1653 652 1739 constituere,
674 1654 730 1737 qui
751 1672 786 1717 se
808 1653 908 1715 civem
925 1653 1101 1716 Romanum
1122 1672 1192 1716 esse
1214 1653 1309 1727 dieat,
1333 1651 1512 1737 quodsum
1534 1652 1606 1735 quis
1629 1652 1770 1733 ignoret:

448 1746 510 1809 iarn
533 1766 642 1811 omnes
663 1745 860 1830 provincias,
888 1746 951 1810 iam
980 1746 1086 1810 omnia
1112 1767 1225 1830 regna,
1254 1748 1316 1811 iam
1346 1767 1455 1811 omnes
1477 1746 1593 1811 liberas
1616 1745 1771 1818 civitates,

447 1840 510 1904 iam
538 1861 664 1905 omnem
691 1840 800 1905 orbem
827 1847 997 1914 terrarum,
1031 1840 1086 1922 qui
1115 1860 1240 1923 semper
1271 1839 1388 1904 nostris
1421 1839 1603 1904 hominibus
1633 1838 1771 1901 maxime

448 1936 560 2017 patuit,
574 1935 694 1999 civibus
707 1934 855 1998 Romanis
870 1934 930 1998 ista
943 1932 1128 1996 defensione
1143 1934 1361 2016 praecluseris.
1392 1932 1498 2009 Quidi
1520 1933 1547 1997 si
1562 1933 1598 1996 4..
1613 1930 1771 2007 Precium,

411 2029 589 2112 aequitem
615 2030 803 2101 Romanum,
838 2026 894 2110 qui
923 2035 990 2090 tum
1022 2028 1055 2089 in
1087 2028 1194 2091 Sicilia
1226 2036 1306 2104 erat,
1338 2027 1536 2102 nominabat,
1569 2026 1712 2091 etiamne
1738 2020 1772 2088 id

447 2142 596 2205 magnum
609 2120 677 2196 fuit,
698 2122 886 2184 Panormum
901 2120 1022 2183 litteras
1036 2122 1179 2185 mittere?
1207 2123 1409 2186 Asservasses
1422 2121 1594 2197 bominem,
1617 2118 1772 2185 custodiis

447 2218 704 2299 Mamertinorum
721 2223 844 2279 tuorum
862 2216 1001 2280 vinctum
1022 2213 1162 2280 clausum
1182 2216 1356 2290 habuisses,
1379 2214 1453 2278 dum
1469 2217 1625 2279 Panos-mo
1640 2214 1772 2278 Preciae

446 2312 578 2375 reniret.
615 2309 826 2393 cognosceret
845 2309 1022 2383 hominem,
1045 2308 1166 2392 aliquid
1188 2308 1371 2373 desummo
1395 2309 1551 2392 supplicio
1573 2308 1773 2374 remiseras:

447 2405 474 2468 si
495 2405 662 2488 ignoraret,
684 2410 768 2478 turn,
789 2404 816 2467 si
837 2403 881 2467 ita
902 2403 958 2466 tibi
979 2402 1156 2478 videretur,
1177 2402 1239 2466 boo
1262 2403 1339 2467 iuris
1361 2402 1395 2466 in
1416 2422 1525 2466 omnes
1549 2404 1772 2475 constitueret,

409 2505 492 2575 roua
514 2499 569 2583 qui
590 2517 695 2580 neque
716 2496 772 2560 tibi
794 2504 886 2560 notus
905 2504 989 2559 esset
1002 2516 1107 2579 neque
1122 2498 1316 2581 cognitorem
1330 2496 1520 2581 locupletem
1536 2496 1637 2572 daret,
1659 2514 1774 2580 quam-

446 2592 493 2655 vis
515 2590 595 2656 civis
616 2591 777 2655 Romanus
800 2596 892 2665 esset,
913 2591 947 2653 in
969 2610 1095 2653 orueem
1117 2592 1290 2655 tolleretur.

530 2685 640 2749 LXVl.
670 2678 741 2747 460.
770 2683 833 2747 Sed
859 2684 937 2767 quid
966 2703 1025 2767 434
1051 2685 1144 2769 plura
1172 2686 1210 2748 de
1239 2684 1358 2749 Gavio‘l
1392 2684 1482 2769 quasi
1512 2691 1547 2749 tu
1568 2683 1669 2747 Gavio
1704 2690 1775 2747 tum

446 2779 544 2845 fueris
572 2778 704 2843 infestus
732 2799 769 2843 ao
798 2798 863 2844 non
891 2779 1028 2852 nomini,
1061 2780 1187 2860 generi,
1221 2779 1283 2842 iuri
1316 2778 1431 2842 civium
1458 2778 1575 2842 hostis:
1613 2798 1678 2842 non
1712 2776 1773 2851 illi,

446 2874 593 2958 inquam}
620 2871 842 2955 bomini„sed
871 2892 984 2935 causae
1013 2873 1170 2936 communi
1197 2873 1349 2937 libertatis
1372 2873 1515 2936 inimicus
1536 2871 1637 2937 luisti.
1683 2869 1773 2947 Quid

409 2969 531 3033 uenim
552 2966 694 3042 attinuit,
716 2986 788 3029 oum
808 2967 986 3030 Mamertini
1008 2974 1211 3050 moneatque
1233 2969 1375 3031 instituto
1397 2987 1455 3030 suo
1477 2986 1602 3030 erucem
1623 2966 1775 3031 fixissem

447 3070 520 3144 post
541 3059 651 3124 urbem
672 3060 706 3122 in
725 3060 779 3123 ria
792 3061 950 3143 Pompeia,
972 3068 1003 3122 te
1024 3060 1132 3124 iubere
1154 3061 1187 3123 in
1209 3081 1247 3124 ea
1268 3069 1357 3144 parte
1370 3058 1476 3145 ligere,
1500 3080 1581 3145 quae
1595 3059 1637 3124 ad
1651 3059 1773 3123 iratum

447 3162 611 3238 spectaret,
634 3159 667 3216 et
686 3154 746 3217 boo
768 3152 896 3227 addere,
919 3154 1004 3238 quod
1026 3175 1141 3238 negare
1163 3154 1251 3219 nullo
1273 3154 1367 3219 modo
1389 3162 1490 3239 potes,
1512 3153 1598 3238 quod
1620 3153 1774 3218 omnibus

446 3247 648 3312 audientibus
681 3247 787 3311 dixisti
820 3247 940 3330 palam,
973 3253 1004 3311 te
1036 3248 1153 3313 ideireo
1190 3248 1279 3313 illum
1310 3249 1415 3312 locum
1447 3246 1602 3331 deligere,
1635 3254 1671 3311 ut
1705 3246 1773 3320 ille,

448 3342 596 3425 quoniam
617 3361 653 3405 se
675 3341 775 3405 civem
796 3340 970 3404 Romanum
1000 3362 1069 3406 esse
1092 3343 1227 3418 diceret,
1257 3363 1298 3406 ex
1319 3362 1412 3405 erues
1434 3342 1558 3406 ltaliam
1580 3360 1711 3405 eernere
1734 3358 1775 3403 ao

410 3434 577 3498 aeonum
598 3455 689 3499 suam
710 3435 890 3518 prospicere
914 3439 1043 3518 posset?
1086 3437 1197 3521 ltaque
1226 3436 1282 3500 illa
1308 3457 1385 3501 erun
1415 3436 1500 3510 sola,
1527 3433 1667 3509 iudices,
1698 3439 1777 3517 post

449 3529 607 3595 conditam
633 3530 810 3595 Messanam
838 3528 893 3591 illo
923 3530 956 3591 in
984 3529 1053 3593 loeo
1081 3528 1145 3594 fixa
1173 3538 1237 3595 est:
1270 3530 1377 3594 Italiae
1406 3534 1593 3613 conspectus
1626 3527 1666 3590 ad
1702 3545 1775 3589 eam

448 3643 514 3686 rem
536 3623 575 3686 ab
597 3624 658 3686 isto
681 3620 821 3686 delectus
844 3633 907 3698 est,
938 3630 973 3687 ut
993 3623 1048 3686 ille
1070 3624 1103 3687 in
1133 3624 1241 3687 dolore
1269 3626 1474 3707 cruciatuque
1497 3622 1634 3684 monens
1656 3638 1775 3703 peran-

449 3724 540 3797 gusto
561 3715 642 3781 fretu
665 3716 769 3780 divisa
788 3717 948 3781 servitutis
975 3738 1012 3781 ao
1033 3718 1185 3781 libertatis
1207 3720 1275 3782 iura
1297 3724 1517 3802 cognosceret,
1547 3714 1637 3780 ltalia
1665 3721 1775 3779 autam

449 3809 612 3874 alumnum
633 3831 726 3876 suum
747 3811 906 3874 servitutis
929 3819 1070 3875 extremo
1097 3832 1280 3896 summoque
1308 3812 1462 3896 supplicio
1485 3809 1616 3873 affixum
1636 3806 1774 3873 rideret.

412 3896 521 3965 44470.
542 3903 677 3969 Facinus
698 3913 747 3968 est
766 3904 884 3969 vincire
907 3907 1008 3969 civem
1022 3907 1207 3981 Romanum,
1229 3905 1331 3968 scelus
1352 3905 1528 3980 verberare,
1546 3921 1648 3989 prope
1671 3900 1775 3986 parri·

517 4185 541 4234 4.
560 4185 699 4245 matam
715 4184 776 4235 edd.
794 4186 858 4236 vett.
878 4184 949 4235 Gellii
966 4187 985 4235 4.
1004 4187 1029 4236 3.
1048 4188 1075 4236 44
1091 4186 1145 4237 duo
1162 4186 1240 4238 codd.
1258 4185 1394 4239 barberini
1410 4200 1453 4251 ap.
1472 4189 1558 4238 Garat.
1576 4188 1609 4238 ll.
1623 4214 1651 4226 -
1669 4186 1695 4237 3.
1714 4189 1776 4237 anta

451 4258 529 4322 4339.
543 4286 571 4296 -
583 4259 705 4324 Mouet]
723 4260 839 4309 adieram
858 4260 919 4322 (om.
937 4258 989 4324 ubi)
1007 4259 1070 4311 Geli.
1085 4288 1112 4295 -
1126 4261 1150 4312 3.
1168 4275 1264 4325 emper
1279 4276 1332 4313 orn.
1351 4261 1428 4325 4339.
1444 4289 1470 4298 -
1484 4261 1574 4326 tamea]
1592 4266 1692 4313 44444444
1708 4260 1774 4312 edd.

451 4336 515 4383 vett.
533 4330 614 4383 Gellii.
629 4361 656 4370 -
670 4335 694 4384 3.
712 4348 737 4385 se
753 4347 806 4385 om.
826 4336 903 4399 4339.
920 4363 946 4372 -
960 4336 984 4387 8.
1003 4341 1113 4399 spectant
1124 4336 1202 4401 4339.
1219 4365 1245 4374 -
1259 4350 1309 4388 esse
1323 4336 1437 4400 staturam
1448 4337 1516 4399 4349
1529 4339 1556 4387 44
1566 4337 1582 4389 4
1593 4336 1648 4399 alii,
1667 4336 1690 4388 H
1701 4344 1729 4400 ψ
1741 4336 1773 4396 S;

449 4409 564 4472 [murum
580 4410 647 4472 4337
659 4409 690 4461 44
702 4409 734 4461 48
752 4412 778 4460 44
795 4410 891 4461 Gellius
909 4412 942 4475 lin
960 4410 1038 4475 4348,
1056 4413 1120 4462 item
1136 4414 1163 4463 io
1180 4412 1249 4476 4344
1266 4411 1339 4463 loeus
1355 4409 1428 4462 Gellii
1445 4413 1565 4477 citaturi·,
1588 4426 1638 4463 em
1657 4412 1776 4476 [44444444

452 4483 529 4547 4343.
555 4483 587 4534 44.
606 4486 708 4549 Zumpt.
728 4487 755 4535 et
770 4485 813 4535 04.
832 4486 858 4535 2.
877 4512 906 4523 -
926 4486 965 4537 40,
984 4486 1061 4537 alium
1084 4488 1225 4550 oaouptom
1247 4488 1325 4552 4339.
1344 4514 1372 4523 ·-
1392 4486 1433 4537 44.
1455 4500 1511 4538 mm
1533 4488 1588 4550 ouis
1607 4486 1690 4552 agas:
1718 4485 1777 4547 orsis

452 4558 516 4609 dett.
530 4559 559 4608 0.
574 4584 602 4593 -
616 4558 656 4609 44.
674 4558 731 4622 isla]
749 4560 796 4609 bae
812 4560 889 4623 4339.
904 4588 931 4598 -
942 4562 1051 4612 Pretium
1066 4562 1149 4625 43ὶ9;
1168 4563 1268 4613 liaciaam
1284 4560 1326 4613 vel
1343 4562 1439 4612 4444444444
1454 4561 1510 4613 rell.
1529 4564 1606 4626 4433.
1622 4588 1649 4598 -
1662 4561 1705 4610 444.
1718 4564 1776 4609 erat

452 4634 535 4698 433οε
552 4634 700 4685 morabatur
715 4632 829 4684 Vindob.
848 4647 888 4684 nr.
902 4635 972 4691 439.;
989 4634 1165 4699 sepeliebatur
1180 4637 1279 4688 Victor.
1293 4637 1326 4698 0;
1345 4649 1398 4687 om.
1417 4635 1482 4687 dett.
1497 4664 1524 4673 -
1542 4634 1688 4687 omnioabat
1703 4634 1776 4698 11329

451 4708 564 4760 Vindob.
584 4723 624 4760 nr.
638 4709 694 4759 439.
713 4710 742 4757 S:
760 4708 938 4759 nominabatur
954 4709 1018 4761 dett.
1033 4738 1060 4747 -
1074 4711 1114 4760 40.
1132 4711 1463 4762 44444444444--444444444
1479 4711 1568 4774 codd,
1586 4710 1635 4763 sed
1647 4709 1716 4775 4339
1733 4723 1777 4761 ω-

452 4797 561 4833 44444444
578 4782 611 4845 (v.
629 4782 714 4835 Madv.
733 4797 759 4847 p.
774 4784 855 4847 433.);
874 4784 1181 4836 anemone-babuisse
1198 4787 1227 4836 0.
1242 4814 1269 4823 —
1283 4787 1323 4836 47.
1342 4786 1502 4849 cumamque
1518 4788 1546 4837 L.
1561 4814 1588 4824 -
1600 4787 1702 4838 Preciae
1717 4799 1774 4838 om.

454 4857 530 4921 4339.
544 4883 571 4892 -
585 4857 625 4909 49.
643 4858 665 4906 si
681 4855 778 4908 delevit
788 4857 926 4918 Manutius,
945 4857 1049 4910 inclusit
1061 4860 1089 4911 0.
1109 4860 1142 4912 44.
1155 4861 1240 4912 Beier.
1253 4861 1287 4912 ad
1298 4861 1347 4912 or.
1360 4862 1389 4912 T.
1402 4862 1432 4912 ll.
1446 4875 1473 4928 p.
1486 4860 1543 4913 344.
1558 4887 1585 4898 -
1599 4862 1640 4915 20.
1652 4867 1727 4913 som
1741 4861 1777 4912 rit

453 4932 531 4997 4389.
552 4960 580 4970 -
597 4934 638 4984 33.
661 4946 730 4983 moro
751 4934 847 4997 Naue:
870 4935 969 4984 aomina
988 4936 1067 4987 codd.
1087 4962 1115 4972 -
1134 4938 1175 4988 29.
1193 4938 1311 5000 quoniam
1333 4938 1401 5001 4349
1419 4936 1451 4989 48
1468 4938 1490 4988 Η
1507 4942 1546 5000 ab:
1569 4937 1612 4999 pai
1628 4937 1673 4987 444.
1693 4937 1723 4989 0.
1743 4961 1772 4973 -

453 5009 494 5058 34.
512 5008 539 5057 io
556 5008 617 5073 loro]
641 5007 667 5057 ia
687 5019 741 5058 our.
764 5007 841 5070 4344.
863 5034 890 5045 -
908 5008 948 5059 33.
971 5010 1038 5073 fretu
1057 5009 1127 5075 Lgl2
1148 5008 1294 5063 6404414.
1313 5009 1354 5063 49.
1380 5009 1448 5074 (eall.
1467 5011 1567 5063 Charis.
1586 5025 1613 5077 p.
1631 5010 1672 5063 44.
1696 5010 1773 5063 bind.

452 5083 534 5134 Prisc.
553 5084 573 5135 1.
593 5098 619 5149 p.
637 5080 717 5145 44444
741 5082 806 5147 [rato
822 5084 867 5133 ott.
887 5107 914 5120 -·
934 5082 974 5134 34.
992 5084 1102 5149 defixum
1123 5085 1205 5150 4339ς
1231 5100 1262 5137 ao
1275 5088 1357 5152 fluum
1373 5086 1485 5137 vindob.
1504 5100 1544 5137 nr.
1562 5085 1619 5148 64.;
1645 5099 1677 5137 ea
1690 5087 1775 5152 m

454 5155 527 5215 reil.;
551 5158 632 5222 444444
649 5158 714 5208 Non.
732 5167 759 5222 p.
777 5156 848 5219 alb,
874 5160 990 5223 affectam
1005 5159 1118 5225 Hervag.
1138 5186 1166 5196 -
1184 5162 1224 5213 34.
1245 5161 1340 5213 sisoim
1350 5162 1676 5216 neowan-mrem
1691 5160 1772 5226 4339.

459 5229 562 5292 Quintil.
579 5230 645 5283 Vlll.
663 5229 688 5296 4,
706 5229 746 5283 l.:
763 5230 1186 5290 oiaoiri--osrberasi--aawi
1201 5238 1246 5289 444.
1264 5237 1294 5289 0.
