4367 6109
446 563 507 637 l88
823 580 865 642 lN
885 577 1052 643 VERREM
1072 576 1196 644 acrio
1219 578 1401 644 SECUNDA

446 747 551 820 nulla,
572 747 631 809 nisi
654 768 723 811 cum
744 747 822 810 nihil
843 748 991 815 intererat
1011 746 1111 811 istius.
1137 740 1409 831 Lege'Hioronica
1429 748 1546 813 iudicia
1567 749 1766 834 plurimarum

445 841 724 904 controversiarum
746 840 867 904 sublata
887 862 951 905 uno
973 844 1099 906 nomine
1121 844 1244 906 omnia:
1272 843 1312 907 de
1334 853 1490 907 conventu
1511 864 1548 905 ac
1569 844 1768 925 negotiatori-

445 933 504 997 bus
525 935 604 998 nulli
624 934 754 998 iudices.
798 934 954 1011 Quantam
976 944 1161 1020 potestatem
1181 936 1344 1011 habuerit,
1366 937 1494 1001 videtis:
1527 956 1676 1021 quaeres
1699 957 1769 1020 ges·

447 1029 537 1102 serit,
561 1031 749 1111 cognoscite.

421 1134 436 1183 t
529 1124 614 1186 xlv.
636 1119 686 1186 35.
709 1123 873 1188 Heraclius
896 1133 944 1187 est
964 1125 1110 1189 Hieronis
1130 1120 1229 1199 tilius,
1253 1127 1483 1210 Syracusanus,
1504 1126 1599 1190 homo
1614 1129 1647 1190 in
1660 1127 1768 1211 primis

445 1218 530 1280 domi
552 1237 626 1281 suae
648 1218 763 1282 nobilis
785 1226 817 1282 et
837 1227 909 1284 ante
931 1221 1015 1284 hunc
1035 1227 1210 1305 praetorem
1232 1221 1283 1283 vel
1304 1220 1580 1304 pecuniosissimus
1603 1209 1769 1305 Syracusa·

445 1330 572 1385 norum,
594 1332 678 1375 nunc
699 1313 787 1377 nulla
816 1313 876 1377 alia
903 1314 1077 1378 calamitate
1100 1315 1161 1376 nisi
1182 1313 1273 1376 istius
1295 1315 1425 1378 avaritia
1445 1322 1539 1398 atque
1561 1316 1673 1379 iniuria
1694 1335 1769 1400 pau·

444 1405 609 1490 perrimus.
642 1406 724 1469 Huic
744 1407 903 1471 hereditas
925 1408 963 1472 'ad
988 1408 1047 1471 HS
1069 1408 1162 1471 facile
1177 1408 1283 1470 tricies
1297 1408 1386 1470 venit
1401 1414 1586 1471 testamento
1600 1407 1767 1492 propinqui

445 1498 510 1571 sui,
539 1499 696 1564 Heraclii:
724 1500 818 1585 plena
846 1501 956 1565 domus
985 1502 1095 1565 caelati
1124 1502 1245 1583 argenti
1273 1502 1382 1583 optimi
1410 1501 1591 1585 multaeque
1614 1500 1768 1583 stragulae

407 1593 540 1656 tovcstis
562 1593 834 1678 pretiosorumque
856 1596 1099 1679 mancipiorum:
1122 1595 1236 1679 quibus
1258 1595 1291 1657 in
1314 1593 1407 1657 rebus
1430 1595 1519 1657 istius
1539 1594 1723 1679 cupiditates
1738 1601 1770 1656 et

445 1688 583 1750 insanias
606 1687 677 1770 quis
699 1689 845 1770 ignorati
875 1691 950 1752 Erat
969 1691 1001 1751 in
1024 1709 1169 1751 sermone
1191 1709 1258 1764 res,
1281 1708 1424 1771 magnam
1444 1689 1610 1773 pecuniam
1623 1689 1768 1752 Heraclio

446 1782 605 1844 relictam:
630 1802 695 1846 non
717 1782 818 1846 solum
839 1782 1016 1846 Heraclium
1039 1782 1182 1858 divitem,
1206 1783 1261 1846 sed
1285 1784 1378 1846 etiam
1399 1789 1542 1846 ornatum
1564 1781 1768 1868 supellectile,

444 1881 590 1958 argento,
612 1882 719 1950 reste,
742 1876 905 1960 mancipiis
919 1875 1066 1940 futurum.
1099 1875 1151 1939 36.
1174 1877 1271 1940 Audit
1290 1877 1369 1941 haec
1385 1879 1477 1940 etiam
1492 1878 1607 1939 Verres
1622 1882 1654 1939 et
1667 1875 1768 1960 primo

444 1969 498 2033 illo
521 1990 578 2032 suo
599 1969 716 2034 leviore
739 1966 869 2033 artificio
890 1972 1067 2035 Heraclium
1089 1971 1216 2054 aggredi
1240 1978 1385 2047 conatur,
1414 1979 1448 2034 ut
1470 1992 1542 2034 eum
1563 1978 1653 2054 roget
1672 1970 1769 2054 inspi-

407 2065 571 2138 ttcienda,
601 2084 682 2147 quae
704 2083 768 2127 non
789 2063 909 2127 reddat
952 2065 1073 2128 Deinde
1102 2086 1120 2129 a
1146 2064 1334 2149 quibusdam
1358 2066 1562 2148 Syracusanis
1584 2064 1770 2129 admonetur

444 2157 486 2240 (hi
507 2166 611 2221 autem
630 2158 756 2241 quidam
779 2166 868 2220 erant
888 2158 999 2221 aflines
1020 2160 1120 2234 istius,
1143 2180 1276 2242 quorum
1299 2161 1357 2222 iste
1375 2179 1489 2222 uxores
1505 2179 1675 2244 numquam
1692 2160 1769 2222 alie·

443 2272 500 2315 nas
523 2251 728 2326 existimavit,
751 2252 937 2317 Cleomenes
953 2261 984 2315 et
997 2253 1165 2327 Aeschrio,
1188 2254 1242 2336 qui
1257 2260 1407 2337 quantum
1423 2252 1508 2337 apud
1522 2254 1614 2315 istum
1630 2261 1661 2315 et
1676 2273 1768 2335 quam

443 2346 526 2428 turpi
548 2344 587 2407 de
610 2365 703 2409 causa
723 2347 894 2430 potuerint,
918 2367 958 2409 ex
979 2347 1112 2431 reliquis
1127 2345 1308 2410 criminibus
1331 2344 1542 2429 intelligetisl:
1564 2346 1609 2420 hi,
1630 2353 1666 2409 ut
1688 2345 1768 2418 dico,

442 2439 603 2503 hominem
625 2439 796 2503 admonent
814 2460 880 2504 rem
895 2461 965 2504 esse
983 2441 1191 2525 praeclaram,
1213 2440 1359 2503 refertam
1375 2439 1520 2503 omnibus
1534 2440 1645 2503 rebus:
1667 2440 1768 2523 ipsum

406 2540 547 2597 rtautem
576 2535 755 2598 Heraclium
787 2534 945 2597 hominem
980 2556 1049 2598 esse
1079 2535 1227 2598 maiorem
1259 2544 1349 2608 natu,
1385 2554 1450 2597 non
1486 2533 1768 2618 promptissimum:

444 2649 515 2692 eum
537 2638 660 2712 praeter
680 2628 844 2691 Marcellos
864 2636 1045 2713 patronum,
1069 2649 1164 2712 quem
1187 2649 1243 2691 suo
1264 2629 1332 2690 iure
1354 2627 1441 2690 adire
1456 2635 1510 2689 aut
1522 2626 1681 2710 appellare
1696 2647 1769 2710 pos-

444 2728 501 2796 set,
521 2722 637 2785 hnbere
660 2723 836 2786 neminem:
859 2742 928 2785 esse
947 2722 979 2784 in
993 2743 1031 2785 eo
1048 2728 1250 2796 testamento,
1274 2743 1337 2805 quo
1352 2722 1405 2784 ille
1420 2721 1512 2783 heres
1528 2729 1611 2784 esset
1625 2722 1770 2805 scriptus,

443 2822 477 2877 ut
499 2822 615 2878 statuas
637 2817 669 2878 in
690 2816 846 2901 palaestra
868 2816 997 2879 deberet
1018 2836 1145 2900 ponere.
1179 2817 1356 2889 Faciamus,
1379 2823 1414 2878 ut
1434 2814 1632 2898 palaestritae
1653 2806 1771 2896 negen't

444 2928 485 2972 ex
506 2917 690 2974 testamento
706 2931 777 2974 esse
794 2912 927 2996 positas:
949 2919 1057 2995 petant
1069 2911 1286 2985 hereditatem,
1310 2910 1393 2994 quod
1412 2931 1481 2973 eam
1495 2909 1670 2994 palaestrae
1685 2931 1770 2973 corn·

406 3004 570 3067 remissam
593 3025 662 3068 esse
684 3005 799 3068 dicant.
834 3001 884 3067 37.
907 3006 1025 3068 Placuit
1045 3006 1124 3068 ratio
1146 3006 1245 3068 Verri.
1279 3007 1357 3067 Nam
1379 3003 1440 3066 hoc
1458 3004 1560 3066 animo
1574 3004 1770 3089 providebat,

445 3118 515 3163 cum
537 3105 622 3162 tanta
643 3098 803 3161 hereditas
824 3098 858 3160 in
881 3101 1122 3162 controversiam
1143 3099 1284 3162 venisset
1304 3096 1486 3180 iudicioque
1507 3104 1678 3181 peteretur,
1700 3097 1769 3160 fieri

444 3212 508 3256 non
529 3213 623 3277 possa
652 3200 686 3255 ut
714 3194 782 3255 sine
810 3191 926 3276 praeda
948 3192 1016 3275 ipse
1040 3192 1225 3256 discederet.
1268 3190 1428 3274 Approbat
1449 3191 1634 3255 consilium:
1662 3198 1771 3255 auctor
1864 3241 1867 3246 .

445 3295 507 3360 est,
539 3293 574 3348 ut
604 3307 698 3370 quam
725 3286 859 3369 primum
887 3306 980 3368 agere
1008 3287 1160 3371 incipiant
1180 3286 1404 3368 hominemque
1425 3284 1459 3348 id
1480 3285 1606 3358 aetatis,
1640 3286 1769 3350 minime

444 3379 624 3462 litigiosum,
647 3400 741 3464 quam
757 3379 1035 3444 tumultuosissime
1049 3381 1240 3444 adoriantur.
1269 3380 1338 3442 XV.
1362 3378 1514 3442 Scribitur
1527 3379 1673 3443 Heraclio
1688 3379 1769 3442 dica.

407 3473 547 3537 tol’rimo
567 3474 720 3537 mirantur
737 3493 845 3537 omnes
860 3474 1088 3556 improbitatem
1104 3474 1295 3538 calumniae:
1319 3472 1434 3536 deinde
1449 3472 1504 3556 qui
1519 3472 1614 3536 istum
1629 3482 1768 3547 nossent,

445 3566 556 3653 partim
578 3567 832 3651 suspicabantur,
855 3568 966 3651 partim
989 3570 1082 3653 plane
1096 3569 1243 3633 videbant
1264 3567 1418 3631 adiectum
1442 3586 1511 3629 esse
1532 3568 1658 3631 oculum
1679 3569 1770 3631 here-

382 3685 387 3693 ’
445 3661 544 3726 ditati.
587 3662 711 3726 Interea
740 3662 807 3725 dies
835 3662 979 3736 advenit,
1009 3684 1072 3746 quo
1103 3663 1154 3725 die
1180 3683 1250 3725 sese
1272 3682 1313 3724 ex
1335 3662 1475 3725 instituto
1497 3681 1533 3725 ac
1554 3661 1624 3744 lego
1646 3661 1771 3745 Rupilia

445 3755 528 3820 dicas
550 3757 730 3819 sortiturum
752 3756 912 3840 Syracusis
934 3758 993 3820 iste
1017 3757 1177 3821 edixerat:
1203 3764 1328 3839 paratus
1350 3756 1390 3819 ad
1411 3755 1493 3819 hanc
1515 3754 1615 3819 dicam
1636 3755 1770 3819 sortien-

445 3849 516 3911 dam
537 3857 676 3913 venerat.
720 3852 799 3912 Tum
821 3871 893 3913 eum
916 3850 1008 3913 docet
1028 3851 1190 3916 Heraclius
1212 3869 1276 3914 non
1298 3870 1392 3933 posse
1414 3849 1520 3913 codic
1542 3849 1661 3921 sortiri,
1685 3847 1770 3931 quod

407 3942 498 4005 estex
519 3944 644 4026 Rupilia
665 3952 786 4006 vetaret
807 3943 919 4007 diebus
940 3965 1007 4007 xxx
1030 3946 1132 4009 sortiri
1155 3944 1271 4018 dicam,
1295 3943 1409 4027 quibus
1431 3945 1543 4026 scripta
1565 3948 1659 4004 esset
1694 3942 1770 4005 Dies

444 4058 511 4104 xxx
532 4037 672 4102 nondum
693 4038 825 4101 fuerant.
860 4038 1011 4122 Sperabat
1032 4039 1212 4112 Heraclius,
1235 4039 1261 4100 si
1283 4037 1371 4100 illum
1393 4035 1476 4099 diem
1498 4036 1674 4118 effugisset,
1697 4044 1769 4100 ante

445 4133 572 4196 alteram
594 4134 785 4196 sortitionem
808 4132 847 4207 Q.
861 4134 1001 4207 Arrium,
1025 4153 1119 4217 quem
1140 4133 1299 4215 provincia
1319 4139 1384 4195 tum
1406 4131 1541 4194 maxime
1560 4131 1769 4213 exspectabat,

445 4246 668 4290 successurum.
711 4223 762 4288 38.
785 4227 847 4289 lste
869 4227 1013 4290 omnibus
1036 4226 1113 4290 dicis
1135 4225 1219 4288 diem
1235 4224 1355 4288 distulit
1372 4231 1404 4287 et
1417 4244 1486 4288 eam
1502 4223 1585 4286 diem
1600 4225 1769 4298 constituit,

510 4459 534 4510 3.
556 4460 630 4523 pessit
646 4458 693 4509 dtt.
709 4485 736 4496 -
754 4459 984 4521 summouisse
1000 4459 1115 4523 semper)
1133 4459 1201 4522 Lghl
1210 4460 1239 4509 B.
1255 4485 1283 4494 -
1302 4458 1327 4509 o.
1345 4463 1368 4507 ct
1385 4470 1437 4507 orn.
1449 4456 1517 4520 Lgtt
1530 4470 1556 4521 p.
1570 4469 1605 4506 m.
1619 4481 1648 4494 -
1667 4459 1691 4508 7.
1703 4472 1771 4508 cirne

443 4537 480 4602 m]
491 4550 536 4586 nec
551 4537 605 4586 ullo
616 4535 684 4599 1.ng
696 4549 722 4600 p.
736 4548 804 4586 m.·-
824 4536 864 4586 to.
880 4537 1095 4598 pretiosorumque
1106 4533 1174 4598 1.ng
1185 4547 1212 4599 p.
1226 4547 1263 4584 m.
1275 4549 1299 4595 φ
1311 4531 1370 4584 coll.
1385 4533 1409 4597 5.
1422 4531 1473 4582 lis
1489 4532 1772 4595 pretiosissimorumque

445 4614 489 4662 ott.
508 4611 538 4661 0.
558 4638 585 4648 -
609 4612 649 4662 tl.
667 4610 780 4660 insanias
796 4609 865 4673 Lgtr
882 4624 909 4676 p.
928 4624 964 4661 m.
983 4625 1006 4672 φ
1023 4612 1098 4660 Asc:
1116 4610 1243 4659 insoniam
1260 4611 1305 4659 ott.
1326 4635 1354 4644 -
1373 4608 1412 4657 tr.
1431 4606 1546 4656 relictam
1561 4605 1710 4670 egialo:
1727 4622 1771 4658 oe·

444 4687 508 4736 obse
523 4685 637 4735 relictam
646 4685 761 4747 tatem
778 4686 872 4735 centem
888 4685 936 4735 dtt.
949 4686 978 4735 0.
991 4713 1018 4721 -
1036 4685 1183 4747 supellectile
1198 4681 1267 4746 Lglt
1279 4696 1305 4747 p.
1319 4695 1355 4732 m.
1375 4681 1425 4743 (tv.
1444 4680 1469 4743 S.
1483 4681 1548 4743 97.);
1565 4683 1707 4743 supellectili
1724 4687 1769 4733 cll.

446 4762 476 4812 0.
491 4788 518 4797 -
532 4759 572 4811 ll.
586 4760 678 4810 leniore
689 4759 756 4824 Lata
767 4773 794 4825 p.
808 4773 844 4811 nr.
859 4759 996 4826 [Optimetl
1011 4786 1038 4796 -
1056 4759 1213 4822 inspiciamdo
1225 4757 1293 4820 Lgta
1310 4771 1337 4823 p.
1351 4770 1387 4807 m.
1402 4783 1425 4792 -
1450 4758 1490 4806 te.
1503 4757 1668 4807 menese:
1685 4760 1710 4807 bi
1721 4773 1772 4808 ou·

445 4840 493 4886 teor
504 4861 541 4873 -·
551 4835 698 4898 intelligetis.
716 4836 748 4885 lli
758 4848 817 4899 sqq.
836 4835 991 4886 distinxerat
1002 4836 1045 4885 Or.
1058 4864 1085 4872 -
1107 4835 1146 4884 to.
1162 4847 1256 4883 arvoree
1271 4834 1316 4882 iate
1333 4831 1381 4881 dtt.
1391 4831 1420 4881 0.
1436 4855 1464 4867 -
1483 4832 1524 4881 te.
1536 4832 1637 4882 mum
1652 4834 1772 4896 mtertom

444 4910 512 4959 coni.
531 4910 559 4959 l..
579 4935 607 4945 -
625 4910 667 4959 il.
685 4923 729 4958 sao
746 4911 802 4959 iure
817 4911 839 4960 Α
857 4911 918 4974 ng.
937 4913 1044 4974 practer
1059 4908 1105 4966 lt,
1126 4922 1159 4959 ex
1176 4921 1245 4972 quo,
1263 4910 1293 4958 ut
1309 4921 1341 4957 ex
1358 4909 1391 4967 B,
1410 4905 1473 4957 nibil
1490 4906 1650 4959 diversitatis
1666 4922 1682 4957 a
1699 4908 1769 4971 vulg.

445 4986 579 5034 enotatum
598 4988 651 5034 cst:
670 4986 726 5034 iure
741 4999 786 5034 sao
803 4984 890 5049 vulgo,
908 4986 938 5036 0.
954 5009 981 5021 -
1000 4986 1041 5034 ἢ
1060 4990 1121 5035 osset
1136 4986 1242 5046 scriptus
1258 4981 1326 5046 Lgl2
1343 4995 1369 5046 p.
1388 4994 1440 5031 m.:
1459 4986 1528 5040 acm,
1545 4982 1665 5043 scriptun
1682 4984 1727 5032 ctt.
1740 4984 1769 5033 0.

444 5061 588 5123 Utrumque
605 5073 655 5124 per
671 5058 773 5122 linguae
790 5058 862 5121 leges
879 5058 941 5109 licet
957 5059 1055 5118 dicere,
1074 5072 1125 5108 nec
1136 5056 1254 5108 debebat
1264 5058 1401 5120 Zumptius
1417 5054 1571 5105 latinitatem
1589 5055 1709 5119 vulgatae
1726 5056 1773 5106 ad-

445 5132 580 5194 dubitare,
600 5146 669 5199 quae
687 5134 836 5184 detenditur
852 5134 930 5185 simili
948 5131 1069 5197 exemplo
1081 5133 1105 5196 ὅ.
1118 5133 1175 5184 ⁴27.
1193 5133 1220 5183 ln
1238 5146 1269 5184 re
1286 5133 1392 5197 ancipiti
1409 5133 1538 5197 optimum
1550 5132 1671 5183 codicem
1686 5136 1771 5185 secuti

445 5221 546 5259 sumus.
567 5235 593 5243 -
616 5207 657 5259 at.
676 5211 832 5259 commissam
848 5222 898 5259 csse
916 5208 1016 5272 egita
1034 5209 1071 5270 (in
1089 5211 1110 5260 a
1127 5211 1283 5260 commissam
1299 5222 1314 5258 a
1331 5221 1386 5259 sec.
1405 5221 1442 5259 m.
1461 5206 1604 5267 additum):
1622 5209 1772 5259 commisisse

446 5285 491 5336 etl.
512 5309 539 5320 -
557 5284 598 5338 38.
617 5285 678 5335 dicis
692 5284 761 5355 agla
777 5298 805 5351 p.
824 5297 860 5334 m.
880 5285 948 5337 Fbt:
965 5284 1064 5334 tudiciis
1079 5286 1126 5335 ctt.
