4367 6109
467 597 529 667 448
834 595 876 658 IN
897 594 1062 661 VERREM
1083 588 1207 659 ACTIO
1229 591 1433 660 SECUNDA·

465 790 528 855 que
549 763 728 831 iucunditas
751 781 846 846 quam
868 764 929 828 ista
942 765 1106 847 voluptas,
1128 784 1212 849 quae
1232 765 1408 848 percipitur
1428 782 1470 828 ex
1489 761 1623 827 libidine
1645 770 1677 826 et
1698 765 1787 846 cupi-

464 865 570 927 ditate.
607 857 708 923 Multo
731 855 916 940 diligentius
937 858 1054 923 habere
1077 859 1149 923 dico
1165 860 1334 924 Servilium
1356 857 1507 942 praedam
1525 857 1639 943 populi
1653 858 1786 920 Romani

463 976 559 1042 quam
581 961 613 1018 te
633 959 688 1016 tua
708 950 793 1014 furta
814 958 924 1015 notata
945 959 1041 1037 atque
1063 954 1248 1036 perscripta.
1280 954 1383 1016 xxii.
1404 950 1456 1016 58.
1478 953 1572 1017 Dices
1587 959 1642 1016 tua
1657 971 1789 1036 quoque

461 1051 552 1133 sigua
584 1053 617 1110 et
647 1047 771 1111 tabulas
798 1047 899 1130 pictas
930 1058 1116 1113 ornamento
1138 1050 1209 1112 urbi
1230 1047 1367 1131 loroque
1388 1046 1501 1131 populi
1523 1047 1657 1110 Romani
1678 1046 1788 1108 tuisse.

437 1141 605 1207 oblemini:
627 1140 693 1205 vidi
715 1141 810 1204 simul
832 1161 904 1204 eum
924 1144 1045 1225 populo
1068 1145 1211 1207 Romano
1234 1143 1341 1207 iorum
1356 1141 1585 1225 comitiumque
1600 1142 1788 1205 adornatum

459 1235 499 1301 ad
522 1235 662 1318 speciem
683 1232 851 1318 magnifico
874 1245 1005 1313 ornatu,
1028 1240 1068 1302 ad
1090 1258 1219 1302 sensum
1239 1237 1530 1320 cogitationemque
1551 1236 1666 1299 acerbo
1689 1242 1721 1298 et
1741 1235 1789 1296 lu·

457 1330 571 1414 gabri3
603 1329 669 1393 vidi
699 1331 858 1395 collucere
887 1332 994 1396 omnia
1015 1332 1108 1397 furtis
1135 1333 1215 1407 tuis,
1248 1332 1365 1414 praeda
1388 1330 1641 1414 provinciarum,
1676 1330 1787 1413 spoliis

457 1423 617 1487 sociorum
646 1430 742 1507 atque
770 1425 956 1488 amicorum.
1000 1426 1073 1503 Quo
1097 1428 1227 1511 quidem
1255 1433 1414 1508 tempore,
1446 1424 1583 1499 iudices,
1616 1426 1677 1489 iste
1699 1445 1787 1507 spem

457 1517 627 1581 maximam
655 1517 854 1602 reliquorum
883 1539 1014 1604 quoque
1043 1531 1246 1605 peccatorum
1269 1527 1382 1583 nactus
1404 1527 1462 1584 cst.
1504 1519 1594 1583 Vidit
1615 1521 1699 1582 enim
1721 1539 1787 1593 eos,

420 1626 448 1674 44
456 1614 514 1700 qui
536 1633 570 1677 se
591 1609 785 1679 iudiciorum
808 1616 957 1679 dominos
979 1614 1044 1678 dici
1066 1613 1234 1689 volebant,
1261 1614 1374 1676 harum
1397 1611 1606 1697 cupiditatum
1629 1634 1700 1678 esse
1723 1633 1788 1677 scr-

455 1728 524 1773 vos.
570 1704 621 1769 59.
655 1708 741 1772 Socii
770 1730 846 1774 vero
874 1711 1085 1793 nationesque
1115 1715 1243 1771 exterae
1271 1726 1361 1790 spem
1389 1708 1531 1770 omnium
1559 1716 1627 1771 tum
1648 1708 1787 1791 primum

456 1805 642 1869 abiecerunt
663 1824 769 1867 rerum
791 1825 829 1869 ac
850 1805 1049 1869 fortunarum
1071 1823 1217 1878 suarum,
1239 1809 1409 1886 propterea
1423 1802 1511 1885 quod
1533 1822 1610 1866 casu
1628 1802 1724 1884 legati
1748 1822 1787 1864 ex

454 1899 532 1963 Asia
553 1904 650 1982 atque
671 1897 791 1963 Achaia
812 1899 941 1983 plurimi
963 1900 1082 1962 Romae
1105 1905 1181 1960 tuuc
1203 1896 1351 1971 luerunt,
1381 1895 1436 1980 qui
1464 1897 1597 1960 deorum
1619 1897 1788 1960 simulacra

456 2014 497 2057 ex
518 1993 585 2058 suis
607 1993 690 2057 tanis
712 1995 838 2058 sublata
859 1996 894 2057 in
915 1993 986 2057 foro
1009 1992 1256 2066 venerabantur3
1280 1991 1422 2074 itemque
1444 1998 1548 2054 cetera
1570 1992 1661 2074 signa
1682 1998 1715 2054 et
1736 2011 1787 2054 or-

419 2095 605 2153 linamenta
635 2109 708 2152 cum
736 2094 981 2173 cognoscerent,
1012 2088 1075 2151 alia
1105 2086 1168 2149 alio
1197 2085 1230 2148 in
1256 2085 1329 2148 loco
1351 2084 1550 2149 lacrimantes
1572 2084 1787 2151 intuebantur.

456 2182 601 2258 Quorum
629 2183 771 2246 omnium
799 2182 885 2246 hunc
912 2201 1091 2245 sermonem
1122 2188 1188 2242 tum
1210 2200 1280 2243 esse
1302 2179 1527 2243 audiebamus:
1560 2181 1671 2244 44444ιί4
1701 2201 1787 2254 esse,

456 2276 543 2362 quod
566 2276 738 2361 quisquam
760 2274 919 2339 dubitaret
940 2277 979 2339 de
1002 2275 1101 2339 exitio
1124 2274 1285 2338 sociorum
1303 2281 1400 2358 atque
1414 2275 1605 2351 amicorum,
1628 2296 1701 2339 cum
1715 2275 1788 2360 qui-

456 2373 528 2436 dem
550 2370 697 2436 viderent
717 2372 751 2435 in
773 2371 844 2435 loro
865 2371 980 2455 populi
994 2369 1146 2443 Romani,
1169 2390 1234 2453 quo
1258 2370 1292 2432 in
1313 2370 1385 2432 loco
1409 2376 1520 2444 antea,
1544 2370 1600 2452 qui
1623 2371 1718 2433 sociis
1740 2370 1789 2432 iu·

455 2467 554 2531 iurias
575 2465 732 2542 lacerant,
755 2467 897 2530 accusari
921 2473 953 2529 et
975 2464 1181 2528 condemnari
1204 2463 1365 2537 solebant,
1396 2464 1442 2525 ibi
1464 2484 1534 2527 esse
1555 2463 1661 2547 palam
1683 2465 1789 2548 posita

418 2572 509 2637 toea,
542 2581 626 2646 quae
656 2561 695 2625 ab
726 2561 822 2625 sociis
849 2580 908 2644 per
935 2560 1038 2624 scelus
1067 2559 1174 2623 ablata
1194 2566 1367 2642 ereptaque
1390 2565 1526 2622 essent.»
1571 2557 1622 2622 60.
1644 2560 1706 2623 llic
1728 2579 1787 2641 ego

456 2676 522 2719 non
544 2657 681 2720 arbitror
701 2656 792 2718 illum
814 2662 1003 2738 negaturum
1026 2655 1117 2739 signa
1139 2674 1173 2718 se
1194 2653 1348 2739 plurima,
1373 2652 1496 2717 tabulas
1518 2654 1620 2737 pictas
1643 2654 1789 2718 innume·

456 2750 573 2814 rabiles
599 2751 734 2827 habere;
763 2749 836 2825 sed,
858 2757 895 2813 ut
916 2750 1048 2832 opinor,
1078 2750 1161 2814 solet
1182 2749 1277 2821 haec,
1300 2766 1382 2831 quae
1404 2748 1511 2831 rapuit
1532 2755 1564 2812 et
1583 2746 1707 2812 furatus
1730 2755 1788 2824 est,

456 2864 698 2930 nonnumquam
728 2846 835 2908 dicere
864 2864 898 2907 se
928 2845 1057 2919 emisse,
1086 2844 1239 2928 quoniam
1261 2841 1391 2925 quidem
1418 2841 1451 2904 iu
1473 2841 1642 2917 Achaiam,
1670 2843 1787 2919 Asiam,

457 2940 675 3025 Pamphyliam
707 2946 837 3022 sumptu
868 2938 998 3021 publico
1028 2946 1060 3002 et
1088 2937 1257 3020 legationis
1284 2937 1414 2999 nomine
1442 2943 1598 3000 mercator
1624 2938 1788 3021 signorum

420 3035 703 3118 sotsbularumque
725 3034 883 3116 pictarum
905 3034 1021 3097 missus
1044 3040 1101 3096 est.
1134 3031 1251 3093 xxiii.
1273 3030 1383 3093 Habeo
1399 3038 1431 3093 et
1453 3031 1543 3096 istius
1559 3039 1591 3095 et
1604 3033 1704 3115 patris
1719 3033 1789 3097 eius

459 3122 606 3212 [accepti]
629 3128 754 3191 tabulas
777 3147 902 3202 omues,
931 3147 1011 3211 quas
1035 3125 1276 3210 diligentissime
1304 3123 1368 3207 legi
1395 3131 1492 3209 atque
1514 3125 1647 3210 digessi,
1678 3129 1789 3214 patris,

459 3223 566 3306 quoad
587 3221 682 3297 vixit,
703 3229 790 3298 tuas,
814 3222 921 3306 quoad
943 3222 991 3285 ais
1012 3229 1043 3284 te
1066 3220 1251 3284 confecisse.
1294 3221 1372 3282 Nam
1396 3220 1430 3283 iu
1453 3221 1530 3297 isto,
1561 3221 1700 3300 iudices,
1726 3222 1790 3286 boc

458 3334 577 3380 novum
597 3315 773 3397 reperietis.
807 3316 963 3379 Audimus
986 3314 1126 3398 aliquem
1148 3314 1273 3378 tabulas
1294 3333 1471 3397 numquam
1490 3314 1683 3393 coniecisse,
1707 3337 1790 3401 quae

459 3416 508 3472 est
529 3409 640 3491 opinio
660 3409 827 3473 hominum
850 3412 889 3473 de
912 3412 953 3473 bl.
975 3409 1116 3472 Antonio
1138 3409 1233 3484 ialsa3
1255 3429 1329 3472 nam
1350 3407 1427 3471 iecit
1448 3408 1712 3491 diligentissime:
1736 3431 1791 3475 vc·

421 3514 530 3566 sorum
557 3503 686 3566 sithoc
712 3523 814 3587 genus
841 3504 975 3589 aliquod
1004 3505 1133 3568 minime
1162 3502 1372 3587 probandum.
1415 3504 1570 3567 Audimus
1600 3505 1700 3569 alium
1724 3527 1790 3570 non

460 3597 500 3660 ab
528 3597 620 3660 initio
649 3595 780 3674 iecisse,
810 3598 866 3662 sed
888 3618 929 3661 ex
959 3606 1102 3682 tempore
1132 3598 1241 3684 aliquo
1265 3598 1461 3662 coniecisse:
1494 3607 1543 3663 est
1563 3599 1672 3685 aliqua
1695 3602 1790 3664 etiam

459 3692 594 3755 huiusce
619 3692 666 3755 rei
693 3692 785 3755 ratio.
830 3693 900 3756 lloc
928 3713 1004 3756 vero
1034 3713 1152 3756 novum
1175 3701 1206 3756 et
1228 3693 1398 3757 ridiculum
1421 3699 1484 3769 est,
1515 3695 1602 3777 quod
1622 3693 1676 3758 hic
1696 3694 1791 3758 nobis

526 3895 549 3947 ³.
566 3897 708 3961 persetpto
724 3899 756 3947 04
768 3897 810 3958 4ς
826 3897 932 3949 444444.
945 3897 1006 3949 Lbi:
1025 3899 1151 3962 descripta
1167 3898 1214 3949 dit.
1227 3899 1256 3950 0.
1272 3927 1299 3937 -
1317 3898 1343 3951 i.
1357 3905 1508 3951 macomeria
1524 3896 1615 3951 dito.
1631 3927 1659 3937 -
1677 3899 1703 3950 a.
1716 3899 1792 3951 odor·

458 3975 550 4022 uotum
571 3971 715 4023 delendum
739 3972 843 4024 censuit
863 3974 898 4032 L,
925 3975 952 4023 at
969 3973 1001 4023 ci.
1021 3973 1171 4024 41444444.
1190 3975 1243 4033 44..
1261 3987 1343 4039 quem
1359 3975 1449 4027 locam
1466 3975 1591 4027 iudicavit
1606 3975 1693 4025 Garat.
1712 3974 1744 4025 11.
1761 4000 1790 4012 -

460 4046 501 4097 40.
519 4060 544 4097 se
559 4048 612 4098 iod.
631 4049 696 4099 dom.
716 4048 766 4099 dici
781 4050 812 4098 A.
832 4048 865 4098 S:
883 4049 936 4098 iad.
954 4062 980 4099 se
995 4049 1061 4100 dom.
1081 4050 1131 4099 dici
1147 4051 1306 4114 (4444349ς
1333 4052 1386 4101 iad.
1403 4066 1429 4102 se
1445 4052 1495 4103 dici
1511 4053 1576 4103 doira
1595 4065 1628 4112 ςς
1651 4050 1704 4101 iisd.
1723 4050 1790 4101 dom.

459 4135 485 4172 sc
500 4124 550 4173 dici
566 4122 656 4174 dito.
672 4151 700 4160 -
719 4125 760 4175 44.
779 4125 923 4176 obscenae
939 4126 971 4174 Gi
986 4123 1068 4188 blf:
1088 4126 1198 4177 obiecere
1215 4127 1263 4178 dtt.
1281 4154 1309 4162 -
1328 4126 1369 4179 il.
1386 4128 1455 4191 44444
1470 4127 1522 4178 aab
1538 4126 1617 4190 ugia.
1632 4151 1659 4160 -
1678 4125 1738 4177 itero
1749 4125 1793 4188 qui

461 4197 506 4248 03.
528 4223 555 4234 -
570 4199 615 4249 44,
633 4212 659 4249 se
676 4201 708 4250 Gi
721 4200 857 4265 brigid:
875 4213 926 4251 rece
942 4200 990 4251 dtt.
1010 4202 1038 4252 0.
1060 4229 1087 4238 -
1106 4201 1147 4253 23.
1165 4203 1264 4262 quidem
1280 4214 1334 4251 om.
1354 4203 1400 4252 Gi.
1422 4229 1449 4238 -
1467 4200 1508 4252 ai.
1526 4200 1626 4251 comino
1642 4211 1700 4249 4444
1716 4199 1793 4263 44444-

458 4272 499 4322 rto
515 4278 538 4323 ct
555 4273 681 4324 4444444444
696 4279 822 4324 mercator
839 4276 867 4324 L.
887 4288 918 4325 ex
935 4278 995 4326 Asc.
1022 4279 1057 4327 At
1073 4276 1107 4327 ci.
1124 4276 1210 4327 Madv.
1230 4275 1264 4326 de
1280 4278 1340 4326 Asc.
1359 4289 1386 4340 p.
1406 4276 1462 4326 400.
1484 4303 1511 4311 --
1538 4276 1579 4326 05.
1598 4272 1675 4324 babeo
1690 4273 1723 4335 A,
1746 4272 1793 4336 qui

458 4350 550 4399 tamen
567 4348 602 4398 ab
619 4348 676 4400 aliis
694 4348 744 4413 legi
760 4351 793 4400 ab
809 4365 837 4400 eo
854 4353 881 4401 ct
897 4349 994 4401 deinde
1011 4354 1097 4415 occepi
1114 4353 1171 4416 (pro
1189 4352 1291 4413 accepts]
1310 4352 1520 4402 commemorat:
1546 4350 1623 4400 babeo
1637 4362 1691 4401 om.
1710 4348 1790 4400 codd.

460 4423 515 4474 Cic.
528 4427 636 4489 praeter
647 4426 684 4488 Lg
695 4426 720 4485 6,
739 4426 785 4489 qui
796 4424 879 4476 babet
889 4425 920 4476 ab
937 4440 973 4476 eo.
989 4454 1016 4463 -
1035 4428 1102 4477 444444
1113 4429 1159 4477 Gt.
1174 4454 1201 4462 -
1220 4427 1261 4476 26.
1275 4427 1359 4489 accepi
1371 4426 1407 4476 03
1419 4428 1479 4491 433.
1494 4439 1597 4478 omues.
1614 4425 1648 4511 34.
1661 4432 1698 4490 ψ.
1711 4426 1791 4476 44444.

460 4499 523 4563 (om.
540 4500 635 4561 babeo).
661 4502 692 4551 in
709 4500 787 4553 codd.
806 4503 867 4553 Asc.
886 4505 914 4553 et
930 4504 1066 4554 Ciceronis
1083 4503 1135 4552 iam
1153 4501 1297 4565 antiquitus
1314 4500 1451 4552 turbatum
1467 4515 1529 4553 esse
1546 4503 1665 4567 apparet.
1684 4500 1720 4552 cl.
1732 4501 1793 4551 Bai·

457 4576 507 4625 ter.
527 4575 560 4624 ad
577 4578 637 4626 Asc.
656 4577 742 4627 bindv.
762 4575 778 4627 l.
798 4576 814 4627 i.
832 4590 859 4642 p.
873 4578 913 4628 09.
932 4580 987 4630 Rau
1004 4581 1023 4628 1.
1042 4591 1069 4642 p.
1083 4576 1140 4628 484.
1167 4577 1294 4628 sedatae
1312 4576 1394 4628 dubio
1412 4578 1507 4640 accepti
1523 4578 1551 4627 h.
1569 4575 1586 4628 l.
1604 4577 1726 4643 ineptum
1740 4577 1791 4626 est.

457 4649 526 4699 Nam
549 4664 594 4701 res
610 4650 649 4701 sic
666 4664 727 4703 sese
744 4651 840 4703 habet:
859 4654 989 4704 Asconius
1011 4651 1146 4717 duplicem
1166 4653 1360 4702 commemorat
1376 4651 1536 4716 scripturam
1553 4651 1630 4703 babeo
1647 4652 1675 4703 et
1690 4651 1790 4714 uocem

457 4722 540 4774 altera
558 4725 640 4789 haec,
659 4739 674 4775 a
691 4725 837 4790 glossatore
856 4729 927 4790 orta,
946 4729 972 4778 in
989 4726 1135 4778 verborum
1152 4725 1274 4777 ordinem
1291 4741 1307 4777 a
1323 4725 1431 4776 librario
1448 4727 1556 4791 recepta
1568 4729 1623 4788 est;
1642 4739 1711 4792 quae
1728 4738 1793 4778 cnm

456 4800 574 4866 ineptam
592 4801 752 4854 sententiam
768 4802 811 4855 vel
836 4802 914 4868 plane
932 4802 1031 4855 nullam
1048 4802 1182 4864 alliceret,
1206 4803 1234 4851 iu
1250 4804 1344 4864 accepti
1361 4803 1461 4853 mutata
1479 4803 1536 4863 est,
1559 4803 1590 4852 ut
1606 4800 1701 4867 aliquis
1717 4802 1792 4852 certe

457 4886 553 4926 seusus
570 4874 703 4926 subesset.
734 4878 787 4928 scd
804 4891 884 4928 nemo
901 4892 1031 4943 umquam
1047 4880 1097 4931 has
1113 4878 1212 4930 4444444
1231 4891 1253 4928 s.
1271 4878 1388 4928 rationes
1405 4876 1566 4928 domesticas
1583 4878 1678 4940 occepta·
1693 4875 1793 4927 tabulas

457 4949 522 4999 dixit
539 4951 610 5013 (uam
628 4951 699 5001 Orat.
718 4952 743 5015 g.
758 4953 814 5003 448.
834 4954 928 5016 accepti
944 4954 1045 5007 tabulae
1061 4955 1172 5007 alteram
1189 4954 1293 5005 tautmn
1311 4955 1444 5003 44444444]
1460 4952 1670 5005 domesticarum
1686 4955 1793 5018 partem

458 5022 607 5088 significant
628 5028 731 5089 capena
752 5025 848 5079 tabulis
870 5028 1007 5095 exclusis),
1031 5030 1079 5081 sed
1097 5032 1143 5081 aut
1158 5025 1314 5092 simpliciter
1329 5026 1429 5077 4444444
1444 5030 1474 5078 44
1489 5028 1516 5078 h.
1534 5025 1567 5090 l.,
1596 5030 1642 5079 aut
1658 5030 1753 5093 accepti
1769 5032 1794 5079 et

456 5102 559 5165 capena
579 5100 686 5154 4444444.
711 5104 744 5155 ci.
763 5118 791 5169 p.
810 5106 887 5156 Rosc.
906 5105 981 5156 Com.
1002 5104 1026 5169 S.
1045 5106 1127 5156 4-9.
1153 5108 1245 5170 itaque
1263 5102 1315 5153 hoc
1334 5101 1467 5167 glossema
1483 5103 1560 5155 uncis
1577 5101 1742 5155 inclusimus.
1762 5127 1788 5141 -

457 5174 499 5226 28.
518 5177 661 5229 4404444444
677 5179 725 5230 Ga.
746 5206 773 5214 -
792 5178 833 5230 29.
851 5180 887 5229 44.
905 5178 1012 5230 Antonio
1028 5181 1058 5241 A,
1077 5181 1197 5247 Zumpt:
1214 5179 1321 5231 Antonio
1338 5179 1417 5231 codd.
1436 5180 1466 5231 0.
1481 5207 1509 5218 -
1526 5179 1592 5244 feti]
1609 5179 1668 5246 lepti
1683 5195 1714 5243 ςς
1732 5179 1794 5244 lepte

458 5251 490 5299 Gi
503 5251 529 5301 4.
548 5252 580 5303 ei.
599 5252 634 5305 ad
651 5253 675 5320 fi.
695 5254 736 5305 37.
757 5282 785 5291 -
803 5253 899 5320 veram]
916 5261 1003 5307 otram
1019 5257 1052 5307 Gi
1065 5257 1090 5307 4.
1111 5283 1139 5293 -
1158 5256 1198 5308 30.
1216 5255 1360 5306 oubam
1375 5255 1499 5322 begli.
1519 5281 1547 5295 -
1565 5252 1610 5308 ³2:
1624 5254 1706 5314 4444444
1721 5252 1791 5318 (liti

457 5321 578 5378 4444444444
593 5328 640 5380 Gi.
667 5326 808 5396 vulgatam
825 5331 915 5384 tuctur
929 5333 991 5385 Asc.
1010 5330 1044 5386 ci.
1062 5343 1113 5386 nos
1130 5332 1164 5385 ad
1181 5331 1287 5386 caecin
1305 5344 1333 5400 p.
1352 5331 1410 5384 290.
1781 5332 1784 5339 '
