4367 6109
679 582 748 647 nu.
770 581 810 646 11.
840 579 914 647 cn.
935 579 1183 650 xum-xrs
1208 576 1266 666 33
1287 576 1437 647 ta-tr.
1485 596 1494 609 ·
1703 575 1759 644 aar

441 747 563 832 inquiet
582 748 714 834 aliquis,
735 749 862 815 donarit
882 751 999 835 populo
1014 753 1208 838 Syramrsano
1222 751 1309 818 illam
1323 752 1541 817 hereditatem.
1556 781 1598 798 -
1618 748 1766 825 Primum,

442 842 469 904 si
488 841 522 904 id
544 840 684 908 confiteri
705 844 814 919 velim,
837 852 942 909 tamen
963 848 1057 911 istum
1078 848 1294 911 condemnetis
1315 866 1445 911 necesse
1468 852 1532 909 est:
1553 865 1658 929 neque
1680 844 1765 907 enim

442 936 627 1017 permissum
649 945 710 1012 est,
731 944 766 1000 ut
787 939 915 1021 impune
936 940 1028 1004 nobis
1048 941 1156 1016 liceat,
1177 940 1263 1026 quod
1278 941 1370 1005 alicui
1386 941 1608 1025 eripuerimus,
1629 937 1661 1002 id
1675 937 1766 1002 alteri

443 1028 576 1093 tradere.
607 1032 724 1094 Vemm
746 1051 787 1094 ex
808 1032 868 1096 ista
888 1035 1048 1117 reperietis
1069 1035 1242 1098 hereditate
1262 1036 1356 1099 istum
1371 1035 1414 1097 ita
1427 1033 1625 1118 praedatum,
1645 1039 1681 1097 ut
1694 1051 1765 1115 per·

441 1143 539 1206 pauca
558 1125 677 1188 occulte
698 1124 824 1190 lecerit:
846 1127 996 1211 populum
1020 1125 1173 1212 [quidem]
1198 1129 1426 1212 Syracusanum
1447 1128 1481 1191 in
1496 1129 1664 1191 maximam
1685 1126 1789 1190 invi-s

442 1216 525 1280 diam
548 1238 604 1282 sua
624 1218 765 1294 infamia,
795 1218 899 1284 alieno
920 1223 1060 1306 praemio
1082 1225 1281 1308 pervenisse:
1311 1242 1427 1306 paucos
1449 1222 1676 1307 Syracusanos,
1699 1240 1764 1295 eos,

441 1310 495 1393 qui
517 1331 551 1373 se
573 1331 657 1375 nunc
677 1313 802 1397 publice
823 1313 1011 1380 laudationis
1032 1337 1126 1381 causa
1146 1317 1270 1381 venisse
1293 1314 1413 1392 dicunt,
1444 1324 1477 1379 et
1503 1324 1578 1380 tune
1598 1315 1764 1401 participes

440 1404 574 1487 praedae
604 1406 703 1470 fuisse
731 1415 764 1471 et
789 1428 872 1471 nunc
900 1429 964 1472 non
993 1409 1033 1474 ad
1055 1412 1145 1473 istius
1166 1410 1394 1485 laudationem,
1427 1409 1484 1474 sed
1506 1410 1546 1474 ad
1569 1429 1765 1474 communem

440 1499 539 1564 litium
561 1502 810 1567 aestimationem
831 1505 967 1568 venisse.
1010 1505 1220 1588 Posteaquam
1242 1503 1405 1568 damnatus
1421 1513 1470 1568 est
1483 1504 1613 1578 absens,
1636 1523 1700 1566 non
1715 1522 1766 1565 so·

439 1593 503 1657 lum
526 1595 613 1659 illius
634 1597 835 1673 hereditatis,
864 1598 904 1662 dc
936 1617 1000 1684 qua
1020 1598 1252 1681 ambigebatur,
1282 1619 1364 1681 quae
1387 1607 1453 1662 erat
1474 1597 1534 1662 Hs
1556 1597 1679 1672 tricies,
1707 1595 1765 1659 sed
1775 1607 1803 1654 to

439 1690 576 1753 omnium
598 1691 752 1755 honorum
773 1700 974 1774 paternorum
1002 1693 1103 1775 ipsius
1125 1692 1280 1766 Heraclii,
1308 1711 1391 1776 quae
1413 1713 1478 1756 non
1498 1693 1601 1755 minor
1622 1697 1690 1755 erat
1709 1710 1765 1774 pe·

438 1783 545 1856 cunia,
566 1783 740 1867 palaestrae
758 1785 1038 1869 Syracusanorum,
1059 1787 1121 1850 hoc
1141 1794 1189 1850 est
1209 1787 1429 1870 Syracusanis,
1450 1786 1609 1871 possessio
1624 1784 1764 1850 traditur.

438 1871 488 1943 46.
512 1874 601 1951 Quae
623 1886 671 1941 est
691 1881 752 1942 ista
773 1884 940 1963 praetura‘l
972 1880 1076 1964 Eripis
1098 1881 1322 1955 hereditatem,
1345 1901 1426 1964 quae
1448 1887 1617 1944 venerata
1638 1877 1766 1963 propin·

439 1991 518 2053 quo,
540 1980 669 2035 venerat
690 1980 893 2049 testamento,
920 1982 1050 2038 venerat
1071 1975 1211 2058 legibus3
1241 1994 1322 2059 quae
1344 1975 1427 2038 hona
1448 1974 1491 2049 is,
1521 1975 1576 2058 qui
1598 1979 1766 2037 testamen·

438 2071 502 2127 tum
530 2064 661 2141 lecerat,
698 2067 771 2131 huic
799 2068 944 2133 Heraclio
972 2075 1045 2132 ante
1073 2068 1251 2152 aliquanto,
1283 2087 1376 2151 quarn
1402 2075 1450 2131 est
1470 2075 1628 2142 mortuus,
1661 2068 1803 2131 omniars

438 2159 555 2222 utenda
583 2179 620 2222 ac
647 2160 841 2245 possidenda
868 2162 1056 2238 tradiderat3
1085 2164 1174 2226 cuius
1203 2161 1406 2235 hereditatis,
1435 2182 1505 2224 cum
1525 2161 1581 2225 ille
1603 2162 1765 2246 aliquanto

437 2261 508 2316 ante
537 2262 568 2317 te
599 2263 774 2338 praetorem
797 2265 881 2320 esset
902 2265 1057 2330 mortuus,
1086 2256 1298 2319 controversia
1318 2254 1422 2319 suerat
1442 2255 1544 2328 nulla,
1573 2256 1766 2320 mentionem

436 2347 552 2411 iecerat
572 2367 676 2413 nemo.
719 2351 806 2413 XIX.
828 2352 945 2415 Verum
967 2358 1051 2414 esto:
1082 2351 1168 2433 eripe
1190 2348 1398 2413 hereditatem
1418 2349 1618 2432 propinquis,
1649 2348 1691 2411 da
1710 2367 1766 2432 pa·

435 2441 600 2518 laestritis;
629 2443 782 2528 praedare
809 2444 843 2508 in
869 2445 960 2510 honis
991 2444 1104 2508 alienis
1130 2444 1259 2507 nomine
1287 2443 1436 2518 civitatis,
1467 2450 1572 2506 everte
1593 2443 1697 2526 leges,
1719 2448 1766 2504 te-

436 2543 603 2610 stamenta,
624 2537 800 2601 voluntates
826 2546 1032 2611 mortuorum,
1063 2538 1131 2601 iura
1154 2539 1317 2601 vivorum:
1349 2557 1423 2600 num
1451 2537 1544 2600 etiam
1569 2537 1676 2620 patriis
1701 2535 1803 2600 lle-ao

435 2628 564 2692 raclium
594 2630 687 2694 bonis
716 2632 882 2695 exturbare
908 2632 1070 2716 oportuit?
1118 2630 1181 2707 Qui
1211 2630 1342 2695 simulac
1362 2630 1515 2714 profugit,
1547 2651 1642 2714 quam
1663 2631 1766 2715 impu·

436 2721 562 2797 denter,
596 2744 689 2808 quam
716 2725 837 2809 palam,
871 2747 965 2810 quam
990 2726 1119 2799 acerbe,
1153 2725 1186 2788 di
1212 2725 1421 2800 immortales,
1454 2724 1509 2788 illa
1536 2725 1620 2788 bona
1645 2724 1766 2808 direpta

436 2817 525 2880 suntl
548 2838 642 2900 quam
663 2819 719 2881 illa
740 2840 791 2882 res
813 2820 993 2883 calamitosa
1014 2819 1178 2892 lleraclio,
1209 2827 1399 2903 quaestuosa
1420 2818 1527 2893 Verri,
1551 2819 1649 2901 turpis
1672 2817 1765 2900 Syra·

436 2912 575 2985 cusanis,
598 2913 777 2977 miseranda
798 2914 943 2977 omnihus
965 2913 1141 2979 videbaturl
1175 2916 1254 2977 Nam
1274 2912 1354 2976 illud
1369 2912 1499 2997 quidem
1513 2913 1618 2977 statim
1633 2917 1764 2982 curatur,

435 3012 470 3068 ut
490 3005 647 3089 quidquid
668 3007 777 3070 caelati
800 3007 920 3090 argenti
941 3006 1002 3071 suit
1022 3011 1056 3072 in
1077 3008 1142 3071 illis
1163 3008 1255 3071 bonis
1286 3006 1326 3068 ad
1349 3007 1443 3070 istum
1465 3005 1638 3079 deleratur,
1674 3002 1802 3087 quid-ss

436 3099 513 3183 quid
536 3099 767 3165 Corinthiorum
788 3122 949 3177 vasonum,
972 3102 1128 3185 stragulae
1151 3103 1255 3167 restis.
1296 3100 1382 3163 Haec
1403 3120 1497 3164 nemo
1513 3098 1674 3163 dubitabat
1687 3096 1763 3180 quin

435 3213 499 3256 non
526 3194 621 3258 modo
651 3217 691 3258 ex
713 3195 767 3260 illa
788 3196 882 3260 domo
904 3203 993 3280 capta
1014 3204 1045 3261 et
1066 3215 1233 3279 oppressa,
1262 3213 1371 3257 verum
1394 3213 1436 3257 ex
1456 3200 1522 3257 tota
1542 3191 1702 3277 provincia
1723 3189 1764 3255 ad

436 3289 527 3352 istum
549 3291 734 3373 comportari
755 3311 885 3355 necesse
907 3298 1002 3354 esset.
1033 3290 1191 3373 Mancipia
1212 3307 1293 3372 quae
1315 3286 1414 3352 voluit
1434 3285 1583 3360 abduxit,
1606 3284 1669 3349 alia
1683 3281 1764 3347 divi·

435 3384 494 3446 sit:
518 3383 620 3448 auctio
640 3383 721 3447 facta
743 3391 806 3457 est,
828 3386 863 3447 in
884 3404 948 3468 qua
969 3383 1080 3447 cohors
1101 3383 1190 3448 istius
1212 3383 1327 3446 invicta
1349 3381 1506 3444 dominata
1527 3387 1584 3444 est.
1628 3375 1679 3440 47.
1701 3377 1764 3441 Ve-

433 3499 502 3540 rum
524 3476 603 3540 illud
625 3485 672 3540 est
694 3477 907 3561 praeelamm:
930 3477 1133 3561 Syracusani,
1157 3476 1211 3560 qui
1230 3475 1431 3561 praefuerant
1443 3473 1493 3538 his
1507 3474 1645 3539 Beraclii
1661 3474 1801 3548 bonisne

434 3572 529 3635 verbo
552 3571 750 3653 redigendis,
773 3592 808 3634 re
831 3571 1042 3655 dissipandis,
1064 3569 1241 3634 reddebant
1262 3589 1371 3632 eorum
1392 3569 1588 3651 negotiorum
1610 3567 1763 3633 rationem

434 3664 466 3727 in
489 3674 619 3729 senatu:
648 3664 792 3728 dicebant
814 3664 1001 3749 scyphorum
1023 3665 1111 3748 paria
1131 3662 1305 3746 complura,
1333 3660 1461 3744 hydrias
1483 3668 1664 3744 argenteas,
1692 3679 1764 3743 pre·

433 3759 546 3822 tiosam
567 3764 685 3821 vestem
708 3758 893 3840 stragulam,
915 3757 1013 3822 multa
1035 3757 1191 3840 mancipia
1211 3756 1349 3840 pretiosa
1362 3756 1452 3818 Verri
1475 3754 1548 3818 data
1570 3775 1656 3818 esse:
1679 3752 1764 3816 dice·

433 3852 524 3926 bant,
555 3858 708 3936 quantum
737 3852 851 3935 cuique
880 3852 947 3914 eius
977 3853 1063 3914 iussu
1092 3870 1290 3914 nummorum
1319 3857 1403 3912 esset
1430 3848 1545 3913 datum.
1589 3847 1764 3912 Gemebant

434 3948 634 4030 Syracusani,
665 3946 721 4008 sed
749 3954 853 4008 tamen
881 3945 1091 4029 patiebantur.
1134 3945 1276 4027 Repente
1298 3943 1446 4006 recitatur
1465 3963 1530 4007 uno
1551 3942 1680 4006 nomine
1702 3940 1802 4009 {ase

435 4058 492 4105 cca
521 4041 608 4103 milia
637 4041 724 4102 iussu
754 4041 905 4124 praetoris
935 4039 1007 4103 data
1028 4059 1109 4102 esse.
1152 4039 1203 4099 Fit
1224 4039 1377 4100 maximus
1400 4035 1517 4099 clamor
1537 4037 1678 4100 omnium
1698 4054 1763 4097 non

435 4134 527 4197 modo
549 4134 659 4218 optimi
682 4133 835 4217 cuiusque
857 4154 961 4217 neque
985 4153 1110 4206 eorum,
1133 4132 1245 4216 quihus
1265 4130 1428 4213 indignum
1443 4149 1566 4214 semper
1580 4129 1682 4193 risum
1697 4135 1763 4192 erat

499 4461 522 4511 4.
540 4461 621 4523 inquit
638 4460 685 4522 434
703 4458 735 4510 ll
753 4471 779 4522 p.
797 4469 833 4507 m.
860 4455 961 4508 Eadem
979 4457 1119 4508 diversitas
1135 4458 1282 4522 scripturae
1300 4454 1393 4507 estad
1411 4455 1527 4506 Herenn.
1545 4455 1577 4504 ll.
1597 4452 1621 4518 5.
1641 4451 1695 4515 34,
1716 4450 1763 4504 nbi

432 4535 552 4588 similiter
568 4547 714 4600 pronomen
732 4533 857 4596 quispiam
874 4535 916 4584 est
931 4532 1060 4583 additum.
1081 4560 1109 4570 —
1133 4531 1158 4584 4.
1176 4533 1252 4582 mum
1268 4533 1305 4582 itu
1321 4530 1390 4595 4342
1407 4544 1434 4596 p.
1454 4543 1503 4580 m.:
1522 4530 1560 4579 ita
1575 4531 1650 4579 beron
1667 4530 1712 4579 ctt.
1731 4529 1761 4579 0.

434 4637 461 4651 —
480 4614 505 4662 5.
524 4612 622 4674 quidem
639 4624 693 4660 om.
713 4607 781 4672 4343
798 4621 825 4672 p.
838 4621 874 4659 m.
895 4631 922 4643 -
943 4609 968 4657 7.
986 4621 1053 4657 cunc
1070 4621 1095 4658 se
1112 4607 1248 4670 4339444.
1269 4634 1296 4643 -
1315 4606 1339 4656 8.
1358 4606 1400 4655 scd
1416 4604 1603 4655 eo--oentsso
1619 4617 1673 4654 om.
1694 4601 1762 4667 4344

432 4701 459 4752 p.
471 4701 508 4738 ru.
527 4689 557 4737 N.
578 4712 605 4722 —
625 4685 664 4734 to.
683 4685 734 4734 118.
753 4682 811 4750 Q-CC
826 4682 895 4746 4344
911 4696 938 4747 p.
952 4695 1004 4741 m.;
1023 4683 1073 4733 448.
1092 4682 1151 4733 000
1167 4683 1226 4733 Far.
1242 4708 1268 4721 -
1289 4683 1330 4732 45.
1346 4682 1442 4745 [cecat
1458 4680 1493 4741 44,
1510 4680 1588 4730 irus.
1602 4681 1634 4730 bl.
1654 4692 1679 4743 p.
1692 4679 1760 4728 265:

430 4763 542 4826 fecerant
558 4761 626 4824 4344
645 4773 671 4824 p.
685 4773 736 4818 m.;
754 4761 812 4822 [ecit
828 4761 874 4810 ctt.
888 4758 917 4808 0.
938 4783 965 4793 —
985 4757 1025 4807 46.
1045 4763 1103 4807 cate
1119 4758 1181 4819 clip.
1195 4756 1264 4821 4343
1275 4755 1370 4820 vulgo:
1389 4756 1450 4818 aliq,
1469 4759 1528 4805 enta
1538 4754 1665 4817 4339443
1683 4754 1760 4802 Arus.

432 4839 528 4898 Meas,
546 4837 677 4897 eliquanto
695 4848 748 4884 om.
762 4835 810 4885 dtt.
831 4860 859 4871 -
877 4834 919 4883 st.
937 4833 980 4894 qui
997 4830 1065 4895 Lgii
1082 4830 1177 4894 vulgo:
1197 4846 1244 4895 quc
1262 4846 1284 4884 s.
1297 4846 1361 4895 quoe
1378 4834 1424 4883 ott.
1440 4858 1467 4868 -
1486 4829 1527 4881 44.
1546 4831 1599 4879 iam
1615 4827 1677 4877 illud
1693 4824 1762 4890 4344

432 4926 459 4977 p.
479 4925 514 4962 m.
535 4935 562 4948 ·-
582 4914 624 4961 25.
642 4909 689 4961 Alii
708 4910 884 4973 distinguunt:
912 4908 1055 4971 deseratur,
1077 4907 1342 4970 pompam-cesus,
1361 4907 1421 4957 haec
1437 4918 1497 4970 sqq.
1518 4929 1546 4941 -
1565 4904 1606 4953 43.
1624 4902 1763 4964 moacacpto

433 4988 460 5038 F.
481 5012 508 5025 -
526 4988 640 5037 volueret
656 4984 724 5048 4344
743 4998 769 5048 p.
788 4999 824 5036 nr.
845 5012 873 5020 -
895 4983 936 5034 34.
958 4996 987 5033 re
1003 4982 1152 5044 dissipandis
1168 4980 1237 5044 Lgte
1254 4997 1281 5046 p.
1298 4996 1351 5033 m.:
1373 4995 1402 5031 rc
1417 4979 1588 5043 dispertiendis
1611 4977 1641 5040 [s.
1660 4977 1762 5037 dispcr-

433 5061 528 5123 ts'cads's)
546 5063 592 5111 ott.
611 5062 639 5110 0.
661 5086 687 5094 —
707 5060 747 5108 32.
766 5059 906 5122 compluria
923 5059 1028 5121 Agroet.
1047 5071 1073 5121 p.
1092 5058 1166 5108 4464.
1186 5084 1214 5094 -
1233 5057 1358 5120 pretiosos
1373 5054 1442 5120 4344
1459 5056 1521 5105 Fhl.
1541 5079 1568 5088 ·-
1588 5050 1628 5102 33.
1647 5050 1763 5115 scapula

434 5136 570 5199 434343.
591 5162 618 5172 -
635 5136 715 5184 matta
732 5148 786 5185 orn.
800 5133 867 5199 4343
880 5147 920 5198 pr.
934 5146 981 5189 m.;
999 5132 1105 5181 mattam
1121 5133 1182 5183 444.
1199 5134 1233 5183 At
1249 5131 1282 5182 ci.
1300 5131 1325 5196 ἓ.
1344 5131 1384 5183 35.
1404 5156 1431 5166 -
1450 5130 1512 5180 dote
1527 5141 1576 5179 esse
1595 5126 1666 5176 Verri
1683 5126 1710 5176 F.
1731 5149 1758 5161 —

435 5211 475 5260 344.
492 5211 599 5261 recitant
615 5211 692 5272 4349.
713 5236 740 5244 -
760 5209 800 5260 30.
819 5209 877 5260 000
891 5208 962 5257 mitio
979 5205 1047 5270 4343
1064 5219 1090 5270 p.
1104 5219 1141 5256 m.
1159 5207 1216 5269 44φ
1234 5209 1261 5257 et
1278 5207 1317 5257 sic
1333 5205 1358 5270 5.
1376 5207 1433 5266 bb,
1452 5204 1511 5257 000
1525 5202 1709 5266 quinquaginta
1723 5215 1759 5253 m.

435 5286 457 5335 N
474 5286 501 5336 et
517 5286 555 5336 sic
573 5284 597 5348 4.
610 5286 650 5336 34.
663 5312 691 5323 -
710 5285 772 5335 dcto
787 5297 836 5336 esse
853 5282 921 5347 4344
938 5296 964 5348 p.
978 5295 1030 5342 m.;
1049 5282 1112 5332 dcta
1127 5283 1172 5333 ctt.
1191 5281 1221 5331 0.
