4367 6109
774 567 1113 636 curvor-xrs
1141 564 1370 652 sets-se.
1671 563 1734 631 cea

412 739 575 823 proprium
602 739 695 803 nohis
721 738 932 823 reliquerunt,
963 738 1039 822 quin
1069 739 1102 802 id
1130 738 1238 803 venire
1259 738 1378 802 iubeat.
1421 734 1471 801 tu.
1495 736 1588 813 Quod
1610 732 1733 822 partum

411 833 528 897 recenti
550 833 680 897 victoria
703 835 836 897 maiores
850 834 940 897 vohis
962 834 995 895 in
1017 834 1175 897 sociorum
1196 833 1326 897 urbibus
1347 853 1384 896 ae
1398 829 1515 896 linibus
1529 839 1562 894 et
1574 831 1734 895 vinculum

410 927 497 1010 pacis
526 934 559 989 et
585 935 821 991 monumentum
850 927 925 990 belli
956 928 1169 1012 reliquerunt,
1197 928 1230 991 id
1252 948 1308 992 vos
1329 929 1369 992 ah
1397 927 1460 990 illis
1482 932 1644 1008 acceptum
1673 923 1735 986 hoc

411 1026 538 1084 anctore
559 1019 727 1084 vendetis?

495 1114 555 1179 Hic
582 1113 658 1177 mihi
685 1134 856 1199 parumper
886 1124 1005 1178 mentes
1028 1123 1165 1190 vestras,
1200 1115 1355 1190 Quirites,
1389 1135 1587 1179 commovere
1614 1113 1759 1188 videor,³

412 1209 486 1272 dum
508 1207 663 1292 patefacio
684 1209 774 1272 vohis
797 1229 877 1292 quas
899 1210 952 1271 isti
982 1210 1108 1291 penitus
1130 1209 1288 1272 abstrusas
1310 1209 1441 1271 insidias
1463 1229 1497 1272 se
1519 1209 1663 1292 posuisse
1685 1227 1735 1270 ar·

411 1303 568 1365 hitrantur
596 1309 706 1365 eontra
735 1302 790 1366 Cn.
813 1302 952 1384 Pompeii
975 1300 1170 1383 dignitatem.
1213 1302 1253 1364 Et
1280 1302 1373 1375 mihi,
1403 1322 1537 1385 quaeso,
1566 1302 1735 1384 ignoscite,

413 1399 439 1459 si
461 1396 587 1479 appello
608 1395 702 1459 talem
723 1396 825 1459 virum
840 1397 975 1478 saepius.
1008 1396 1073 1456 Vos
1088 1395 1166 1458 mihi
1180 1395 1317 1479 praetori
1331 1396 1460 1459 hiennio
1474 1403 1563 1469 ante,
1586 1394 1735 1470 Quirites,

412 1490 474 1552 hoc
496 1490 607 1553 eodem
628 1490 663 1552 in
685 1490 756 1551 loco
778 1508 945 1572 personam
966 1489 1048 1552 hanc
1067 1489 1278 1573 imposuistis,
1303 1497 1340 1552 ut
1368 1490 1621 1572 quibuscumque
1639 1489 1735 1551 rehus

413 1602 538 1666 possem
559 1582 645 1646 illius
667 1583 806 1646 absentis
828 1583 1011 1665 dignitatem
1033 1583 1197 1645 rohisenm
1218 1602 1284 1646 una
1303 1591 1418 1647 tuerer.
1449 1585 1521 1647 Feci
1536 1583 1639 1647 adhue
1653 1595 1773 1666 quaeso

413 1678 517 1758 potui,
539 1696 644 1759 neque
666 1675 876 1739 familiaritate
901 1676 984 1739 illius
1006 1675 1160 1739 adductus
1181 1696 1240 1740 nec
1262 1697 1319 1759 spe
1340 1677 1469 1740 honoris
1490 1686 1587 1762 atque
1608 1677 1736 1760 amplis·

413 1771 511 1833 simae
534 1771 711 1852 dignitatis,
733 1788 828 1852 quam
843 1788 918 1853 ego,
941 1771 1001 1833 etsi
1023 1770 1141 1833 libente
1162 1771 1237 1845 illo,
1258 1778 1363 1833 tamen
1386 1770 1516 1833 ahsente
1536 1771 1592 1833 illo
1609 1791 1667 1854 per
1679 1791 1735 1834 vos

413 1870 602 1928 consecutus
622 1884 703 1927 snm.
746 1861 797 1925 50.
821 1863 922 1940 Quam
946 1865 986 1926 oh
1008 1885 1074 1927 rem
1096 1884 1167 1926 onus
1189 1864 1362 1947 intelligam
1384 1870 1481 1926 totam
1499 1864 1582 1927 hane
1602 1863 1669 1927 lere
1690 1863 1737 1925 le·

413 1977 483 2039 gem
505 1958 544 2019 ad
566 1955 652 2019 illius
673 1976 752 2039 opes
767 1958 952 2021 evertendas
966 1965 1127 2042 umquam
1142 1957 1319 2020 machinam
1334 1958 1524 2040 comparari,
1547 1965 1580 2020 et
1592 1958 1735 2020 resistam

413 2050 554 2113 consiliis
575 2049 741 2114 hominum
762 2059 794 2114 et
814 2047 973 2134 perficiam
995 2051 1153 2134 profecto,
1175 2050 1261 2134 quod
1284 2070 1343 2133 ego
1362 2049 1474 2125 rideo,
1494 2059 1531 2114 ut
1545 2050 1577 2114 id
1592 2071 1649 2115 ros
1665 2050 1774 2112 uni-sc

412 2145 495 2208 versi
516 2165 579 2207 non
602 2145 705 2208 solum
724 2145 849 2219 ridere,
871 2145 1088 2207 verumetiam
1110 2152 1220 2207 tenere
1240 2145 1379 2227 possitis.
1414 2144 1502 2206 xlx.
1523 2144 1615 2207 lubet
1629 2144 1736 2207 venire

413 2256 495 2321 quae
516 2237 739 2312 Attalensium,
761 2259 844 2322 quae
865 2238 1075 2312 Phaselitum,
1097 2257 1179 2321 quae
1195 2237 1443 2322 Olympenorum
1456 2236 1590 2314 inerint,
1612 2257 1737 2321 agrum-

413 2345 476 2416 que
498 2334 689 2416 Agerensem
711 2341 743 2398 et
763 2331 977 2396 Oroandicum
999 2341 1032 2396 et
1052 2331 1265 2395 Gedusanum.
1301 2332 1387 2395 Haec
1408 2333 1442 2395 P.
1458 2332 1583 2396 Servilii
1601 2331 1736 2415 imperio

414 2435 444 2489 et
466 2426 621 2517 victoria,
644 2427 809 2490 clarissimi
831 2426 903 2500 viri,
930 2432 1034 2490 vestra
1062 2426 1251 2490 factasunt.
1287 2425 1440 2509 Adiungit
1457 2446 1549 2510 agros
1571 2426 1737 2509 Bithyniae

413 2521 528 2602 regios,
550 2520 666 2603 quihus
686 2539 771 2584 nunc
791 2520 949 2603 publicani
969 2520 1134 2596 fruuntur,
1157 2520 1270 2584 deinde
1285 2519 1436 2585 Attalicos
1451 2540 1542 2603 agros
1556 2521 1590 2583 in
1603 2520 1774 2584 Cherro-at

413 2634 508 2689 neso;
530 2614 564 2676 in
584 2615 786 2689 Macedonia,
815 2615 871 2696 qui
893 2614 976 2696 regis
998 2614 1132 2697 Philippi
1154 2615 1222 2677 sive
1244 2615 1357 2677 Persae
1377 2611 1521 2687 inerunt,
1544 2615 1599 2697 qui
1619 2615 1695 2677 item
1717 2632 1737 2675 a

414 2707 595 2770 censoribus
610 2708 704 2772 locati
718 2713 801 2782 sunt,
817 2708 835 2740 ¹*
849 2706 867 2740 ³⁸
883 2715 915 2770 et
925 2708 1134 2770 certissimum
1149 2707 1292 2790 vectigal.
1315 2702 1366 2768 tit.
1381 2706 1539 2770 Adscrihit
1561 2707 1663 2771 eidem
1681 2727 1736 2771 au·

414 2801 509 2863 ctioni
525 2799 703 2865 Corinthios
717 2820 819 2883 agros,
842 2802 965 2884 opimos
984 2809 1015 2863 et
1029 2799 1158 2875 fertiles,
1181 2810 1212 2864 et
1228 2800 1435 2883 Cyrenenses,
1451 2801 1507 2885 qui
1521 2801 1653 2885 Apionis
1667 2801 1736 2865 fue-

414 2901 503 2968 mnt,
525 2902 558 2958 et
575 2914 666 2976 agros
682 2895 717 2957 in
732 2895 887 2977 Hispania
905 2902 1034 2977 propter
1048 2894 1271 2978 Karthaginem
1281 2915 1395 2959 novam
1413 2902 1446 2958 et
1466 2896 1500 2957 in
1514 2894 1617 2959 Africa
1635 2898 1735 2980 ipsam

412 2995 552 3051 veterem
579 2988 802 3070 Karthaginem
823 2989 947 3051 vendit:
981 3007 1074 3070 quam
1103 2987 1253 3051 videlicet
1280 2989 1313 3050 P.
1332 2987 1499 3051 Africanus
1520 3008 1586 3052 nou
1606 2998 1774 3074 propterea

413 3082 598 3164 religionem
619 3081 731 3146 sedum
753 3082 879 3145 illarum
900 3101 937 3143 ac
958 3081 1123 3144 vetustatis
1145 3080 1186 3143 de
1206 3081 1332 3144 consilii
1352 3083 1507 3145 sententia
1531 3086 1736 3159 consecrarit,

414 3197 472 3239 nec
493 3184 528 3238 ut
550 3178 618 3261 ipse
639 3176 729 3239 locus
751 3195 876 3250 eorum,
898 3175 953 3257 qui
975 3195 1045 3238 cum
1068 3176 1127 3239 hac
1147 3175 1226 3238 urhe
1241 3176 1281 3238 dc
1297 3175 1430 3257 imperio
1445 3182 1619 3253 certumst,
1641 3179 1736 3242 vesti·

413 3271 463 3351 gia
491 3270 675 3333 calamitatis
698 3268 895 3343 ostenderet,
923 3266 979 3330 sed
1001 3288 1065 3331 non
1086 3268 1147 3332 fuit
1167 3275 1231 3332 tam
1253 3269 1405 3351 diligens,
1427 3289 1521 3353 quam
1544 3277 1592 3333 est
1612 3271 1736 3345 Rullus,

414 3373 467 3427 aut
487 3365 621 3428 sortasse
643 3370 816 3446 emptorem
838 3363 869 3425 ei
891 3362 961 3426 loco
975 3363 1114 3446 reperire
1128 3382 1194 3425 non
1208 3362 1320 3445 potuit.
1343 3364 1459 3427 Verum
1473 3362 1556 3425 inter
1569 3363 1628 3428 hos
1643 3384 1736 3449 agros

415 3458 535 3540 regios,
556 3465 664 3539 captos
685 3455 844 3519 retemhus
865 3456 959 3519 hellis
979 3456 1095 3519 virtute
1116 3475 1310 3520 summorum
1332 3457 1570 3539 imperatorum,
1594 3459 1773 3543 adiungitao

415 3552 518 3634 regios
539 3570 630 3634 agros
651 3548 859 3624 Mithridatis,
881 3549 935 3634 qui
956 3549 990 3616 in
1011 3549 1242 3634 Paphlagonia,
1265 3550 1321 3634 qui
1341 3551 1374 3612 in
1388 3550 1507 3623 Ponto,
1530 3549 1586 3634 qui
1606 3552 1642 3614 in
1657 3552 1737 3636 Cap·

415 3644 550 3727 padocia
570 3644 714 3718 luerunt,
735 3651 771 3707 ut
791 3662 848 3706 eos
870 3643 1038 3707 decemviri
1059 3644 1207 3708 vendant
1242 3641 1294 3706 52.
1317 3644 1405 3706 itane
1418 3645 1514 3707 vorot
1535 3662 1601 3708 non
1614 3646 1737 3728 legibus

415 3738 514 3813 datis,
542 3757 607 3801 non
633 3736 748 3801 auditis
769 3737 875 3801 verbis
906 3737 1123 3822 imperatoris,
1151 3737 1293 3802 nondum
1315 3737 1455 3821 denique
1475 3736 1560 3801 hello
1582 3738 1737 3813 coniecto,

415 3852 486 3894 cum
508 3851 566 3894 rex
585 3830 798 3907 Mithridates,
821 3831 936 3895 amisso
957 3831 1113 3906 exercitu,
1134 3850 1233 3914 regno
1249 3832 1416 3916 expulsus,
1437 3838 1542 3895 tamcn
1563 3832 1598 3895 in
1618 3831 1739 3895 ultimis

480 4141 504 4190 4.
522 4139 600 4206 nohis]
615 4139 683 4190 vohis
699 4139 842 4192 EFGFO.
862 4165 891 4176 -
908 4138 1061 4200 retinam
1078 4141 1110 4190 F:
1129 4138 1275 4202 retiqriertst
1291 4139 1382 4189 ceteri.
1396 4163 1423 4174 -
1443 4138 1505 4200 quis
1519 4137 1662 4189 io--isiii
1677 4137 1739 4189 rsti-

415 4221 591 4278 gocnmtom.
609 4217 637 4267 F.
657 4241 684 4250 -
704 4214 727 4264 3.
745 4214 1152 4274 monasteriomittentes.
1172 4240 1199 4249 -
1223 4212 1438 4275 roiinqwentss.
1463 4238 1490 4247 -
1514 4212 1738 4276 6.qoomisti·-

414 4291 569 4341 arbitrentur
584 4292 617 4352 1.;
637 4303 699 4353 quoa
714 4289 968 4340 isti--orhitrsctor
984 4287 1010 4342 s.
1028 4315 1055 4324 -
1074 4289 1179 4338 insidias
1195 4300 1249 4338 om.
1267 4288 1297 4339 E.
1310 4314 1338 4322 -
1356 4287 1381 4336 7.
1396 4286 1497 4349 pompei
1513 4287 1569 4337 EF.
1584 4313 1612 4322 -
1630 4286 1656 4337 9.
1673 4287 1739 4336 lione

411 4379 548 4428 personam
563 4366 591 4415 F.
611 4392 638 4401 -
656 4365 799 4427 inposuistis
813 4365 842 4416 E.
862 4390 889 4400 -
910 4365 950 4414 tt.
968 4375 1046 4425 mos
1060 4376 1105 4427 spo
1120 4364 1149 4414 F.
1168 4388 1198 4400 -
1218 4363 1259 4412 ⁴2.
1276 4362 1319 4412 itio
1335 4363 1396 4427 post
1411 4374 1436 4412 v.
1450 4361 1549 4412 simia
1564 4374 1627 4412 cum
1643 4363 1672 4412 F.
1685 4362 1738 4412 lta-

415 4441 487 4489 nntio
506 4441 538 4504 (a.
557 4437 639 4502 teat.)
662 4452 717 4489 om.
735 4440 764 4489 L.
790 4466 818 4476 -
841 4440 978 4490 iniciam
996 4437 1061 4488 hooc
1078 4437 1136 4487 EF:
1158 4438 1224 4486 hooc
1247 4441 1327 4487 totam
1343 4434 1457 4491 ALFO.
1477 4463 1506 4474 ·-
1529 4437 1570 4486 t5.
1586 4436 1658 4486 video
1674 4435 1736 4486 EF:

413 4517 483 4566 video
500 4514 646 4577 conuocat
660 4510 775 4566 ALEO.
796 4539 823 4550 -
843 4512 883 4562 tr.
902 4512 1071 4563 monson
1086 4512 1176 4572 EFF;
1203 4513 1357 4563 ammaon
1373 4513 1403 4562 G.
1422 4510 1460 4563 Cl.
1479 4512 1499 4561 l.
1518 4510 1543 4575 5.
1561 4513 1586 4562 5.
1606 4537 1634 4546 —
1649 4510 1739 4572 piaci-

413 4589 489 4639 tstom
511 4590 602 4647 EFA3
624 4587 785 4649 phositistaou
803 4589 833 4636 G.
860 4586 1017 4638 Emendavit
1034 4587 1181 4650 Naugerius
1197 4588 1224 4638 in
1241 4587 1284 4638 ed.
1302 4585 1404 4638 Aldina.
1432 4613 1459 4623 -
1486 4584 1661 4647 oiinminonsn
1678 4584 1737 4645 Εἲς

415 4665 603 4727 dimnpinoiaon
620 4664 678 4713 GA.
705 4660 861 4713 Emendavit
878 4662 1023 4725 Naugerius
1040 4662 1066 4712 in
1083 4660 1127 4712 ed.
1145 4660 1246 4713 Aldina.
1273 4662 1312 4714 cl.
1330 4663 1350 4712 1.
1368 4662 1392 4726 §-
1410 4661 1435 4712 a.
1460 4687 1489 4699 -
1512 4661 1552 4711 ts.
1571 4660 1740 4710 Oroandicum

415 4740 571 4790 Garatonius
589 4736 656 4802 (coll.
675 4735 739 4787 Flin.
753 4739 784 4789 N.
798 4737 829 4787 Η.
842 4738 873 4787 V.
892 4751 916 4788 e.
928 4738 969 4788 27.
988 4736 1013 4799 5.
1025 4735 1066 4786 st.
1086 4741 1110 4786 σ.
1123 4735 1164 4785 32.
1183 4735 1207 4798 S.
1220 4737 1300 4800 llll:
1319 4736 1460 4786 misico»
1475 4736 1507 4796 ῖς
1526 4735 1671 4785 Oriodieasm
1688 4734 1737 4785 EA

415 4812 499 4869 420.
520 4838 547 4848 -
567 4812 726 4863 &ersom
742 4813 804 4873 EP;
821 4813 983 4877 pecunius
999 4814 1032 4870 03
1057 4810 1216 4861 (3434444444
1232 4824 1324 4862 errore
1339 4814 1445 4875 typogr.
1464 4812 1492 4861 l..
1511 4836 1539 4846 -
1557 4810 1643 4861 samii
1659 4809 1688 4860 E.
1707 4834 1736 4845 -

415 4889 455 4938 49.
473 4886 651 4938 summor.
668 4887 863 4939 44441444.-
881 4888 923 4938 20.
940 4884 1202 4952 monopodios
1219 4885 1287 4936 4·“.-
1305 4885 1467 4936 monasio
1483 4884 1518 4945 E;
1535 4883 1737 4944 dicum&

414 4963 557 5013 chenonem
573 4963 605 5021 T;
623 4962 760 5014 Chiam
776 4964 813 5023 A3
832 4962 997 5014 ctioricnaw
1013 4960 1044 5011 0.
1064 4983 1091 4996 ·-
1110 4960 1151 5011 at.
1165 4973 1240 5023 perae
1255 4960 1312 5012 EF.
1327 4987 1355 4996 -
1372 4960 1431 5010 itan
1446 4958 1618 5009 socessoribus
1633 4956 1691 5008 EF.
1708 4982 1736 4995 -

414 5039 455 5088 22.
473 5037 549 5088 iocati
564 5041 633 5099 iamt,
650 5038 792 5089 mouimus
807 5042 831 5089 at
845 5038 1008 5089 certissimam
1024 5033 1161 5087 Gebhardt
1176 5036 1207 5086 tl.
1225 5037 1280 5100 p.7
1297 5049 1354 5100 sq.;
1372 5034 1453 5085 iocari
1468 5034 1559 5096 missi,
1576 5033 1739 5085 witnom

414 5112 516 5181 Ussing.
537 5137 565 5148 -
582 5111 661 5163 cidon
677 5114 710 5164 L:
729 5113 794 5163 ideo
809 5110 951 5166 EFAFO.
969 5138 996 5149 -
1014 5112 1056 5163 23.
1073 5111 1199 5162 cortisttioa
1214 5111 1270 5162 EF.
1290 5138 1319 5148 -
1335 5109 1377 5162 hl.
1395 5113 1513 5173 mesas
1528 5109 1584 5160 EF.
1599 5134 1628 5144 -
1645 5107 1739 5158 26.oe-

415 5186 634 5238 consitionimF:
652 5185 872 5247 adsidam,
889 5185 1102 5237 munima
1118 5185 1209 5237 ceteri.
1228 5183 1268 5236 Cl.
1285 5198 1313 5250 p.
1331 5184 1416 5235 Sestio
1432 5182 1457 5247 5.
1475 5182 1558 5236 sa·
1577 5181 1734 5244 «41444.-

309 5328 313 5335 g
415 5255 1670 5325 occisiones.-samsrrmasnaocinnamomo-tenonis.
