4367 6109
759 594 1386 682 cn.xxvr-xxv11.ss.or-7a.
1666 593 1729 662 aas

416 787 474 832 nos
495 766 641 851 periculi,
666 767 776 852 quanti
797 768 858 851 ipsi
879 768 994 843 velint,
1022 769 1208 832 decemviris
1230 769 1364 832 tradant
1399 770 1503 854 Atque
1523 769 1586 833 hoc
1607 789 1730 833 carmen

415 861 466 924 hic
486 860 629 924 tribunus
650 862 751 944 plebis
773 882 836 924 uon
858 861 962 937 vobis,
985 862 1040 926 sed
1063 863 1124 926 sibi
1145 864 1229 926 intus
1251 864 1345 926 canit.
1381 861 1432 926 69.
1454 863 1557 928 Habet
1577 883 1731 939 socerum,

414 954 514 1016 virum
535 954 706 1035 optimum,
729 955 784 1038 qui
805 963 925 1018 tantum
947 957 1011 1038 agri
1032 957 1064 1018 in
1088 955 1151 1019 illis
1174 958 1218 1020 rei
1242 956 1387 1040 publicae
1404 958 1541 1021 tenebris
1556 958 1731 1039 occupavit,

414 1052 564 1129 quantum
594 1049 781 1129 concupivit.
823 1047 905 1110 Huic
935 1048 1103 1112 subvenire
1134 1051 1200 1113 vult
1226 1052 1443 1114 succumbenti
1472 1051 1534 1113 iam
1562 1057 1594 1114 et
1622 1070 1731 1133 presso

414 1138 553 1201 Sullanis
574 1140 723 1202 oneribus
745 1140 921 1221 gratissima
947 1141 1034 1224 lege,
1061 1149 1096 1204 ut
1118 1142 1210 1204 liceat
1231 1143 1277 1205 illi
1299 1144 1449 1207 iuvidiam
1472 1144 1648 1228 deponere,
1677 1156 1757 1226 pe-ts

414 1232 537 1294 cuniam
560 1234 706 1296 condere.
747 1235 789 1296 Et
809 1254 865 1296 vos
887 1254 952 1296 non
975 1233 1141 1309 dubitatis,
1170 1235 1248 1317 quin
1270 1237 1434 1317 vectigalia
1456 1245 1560 1300 vestra
1580 1239 1733 1314 vendatis,

412 1326 547 1409 plurimo
575 1327 727 1390 maiorum
756 1335 930 1390 vestrorum
959 1327 1111 1409 sanguine
1143 1335 1175 1390 et
1202 1327 1316 1390 sudore
1340 1330 1501 1411 quaesita,
1530 1339 1565 1394 ut
1586 1331 1733 1395 Sullanos

413 1438 610 1502 possessores
625 1420 743 1482 divitiis
758 1422 916 1503 augeatis,
940 1419 1081 1502 periculo
1098 1420 1259 1483 liberetis?
1290 1419 1341 1483 70.
1356 1424 1432 1485 Nam
1449 1422 1488 1485 ad
1504 1425 1585 1487 hanc
1601 1426 1735 1507 emptio·

413 1534 486 1576 nem
509 1512 747 1577 decemviralem
769 1515 832 1577 duo
848 1533 963 1596 genera
977 1533 1123 1595 agrorum
1144 1522 1304 1597 spectant,
1327 1515 1476 1589 Quirites.
1506 1517 1622 1580 Eorum
1637 1538 1733 1581 unum

413 1613 541 1690 propter
568 1608 719 1670 iuvidiam
750 1609 868 1671 domini
890 1607 1033 1690 fugiunt,
1065 1606 1198 1669 alterum
1218 1613 1346 1691 propter
1366 1610 1552 1672 vastitatem.
1588 1609 1734 1673 Sullanus
1744 1626 1772 1672 44

413 1721 488 1783 ager
515 1720 534 1762 a
562 1701 654 1763 certis
680 1700 859 1764 hominibus
889 1700 1041 1762 latissime
1072 1701 1273 1763 continuatus
1310 1708 1426 1762 tautam
1453 1702 1548 1765 habet
1574 1702 1735 1779 invidiam,

414 1805 450 1859 ut
469 1794 535 1858 veri
557 1815 593 1859 ac
615 1794 705 1857 tortis
728 1795 844 1857 tribuni
867 1794 968 1876 plebis
990 1792 1158 1856 stridorem
1182 1814 1278 1856 unum
1301 1793 1438 1876 perterre
1453 1815 1518 1856 non
1532 1797 1641 1878 possit.
1676 1795 1735 1858 llic

414 1909 489 1972 ager
510 1889 627 1962 omnis,
650 1907 780 1971 quoquo
802 1890 903 1970 pretio
926 1894 1089 1969 coemptus
1112 1887 1188 1961 erit,
1222 1895 1326 1950 tamen
1349 1889 1467 1968 ingenti
1489 1889 1623 1971 pecunia
1645 1890 1735 1952 nohis

415 1983 590 2045 inducetur.
611 1981 752 2044 Alterum
767 2001 866 2062 genus
881 2000 1042 2062 agrorum,
1064 1988 1193 2064 propter
1207 1981 1403 2043 sterilitatem
1417 1980 1587 2055 incultum,
1609 1989 1737 2064 propter

415 2076 627 2160 pestilentiam
647 2082 771 2138 vastum
793 2083 887 2157 atque
910 2076 1085 2148 desertum,
1109 2082 1229 2136 emetur
1250 2074 1290 2136 ab
1312 2074 1369 2147 iis,
1393 2074 1447 2156 qui
1470 2093 1525 2136 eos
1546 2074 1655 2137 vident
1676 2075 1774 2138 sibila

416 2189 503 2243 esse,
526 2170 553 2232 si
575 2189 638 2233 non
660 2168 877 2242 vendiderint,
899 2167 1135 2252 relinquendos.
1171 2168 1210 2229 Et
1224 2167 1370 2229 nimirum
1386 2167 1419 2229 id
1434 2175 1498 2242 est,
1521 2166 1606 2252 quod
1621 2168 1737 2231 abhoc

415 2263 541 2326 tribuno
566 2261 669 2344 plebis
691 2261 808 2324 dictum
831 2270 880 2323 cst
900 2262 933 2324 in
957 2269 1085 2337 senatu,
1108 2261 1258 2322 urbanam
1280 2259 1403 2343 plebem
1424 2261 1555 2323 nimium
1571 2262 1604 2323 in
1623 2281 1656 2323 re
1680 2281 1738 2344 pu·

416 2355 497 2420 blica
513 2375 624 2438 posse,
647 2354 958 2418 exhauriendam
982 2374 1089 2417 esse:
1112 2353 1172 2416 hoc
1188 2352 1272 2416 enim
1286 2352 1383 2416 verbo
1399 2361 1447 2416 est
1467 2374 1559 2428 usus,
1582 2355 1673 2439 quasi
1695 2353 1736 2417 de

416 2449 522 2534 aliqua
543 2451 667 2512 sentina
688 2468 724 2511 ac
745 2467 812 2511 non
833 2448 873 2511 de
896 2448 1085 2531 optimorum
1109 2447 1225 2510 civium
1247 2466 1361 2530 genere
1383 2445 1576 2530 loqueretur.
1606 2447 1736 2510 XXVII.

415 2538 466 2605 74.
489 2544 553 2605 Vos
574 2561 667 2615 vero,
689 2541 846 2616 Quirites,
868 2542 896 2604 si
918 2561 967 2603 me
988 2540 1099 2603 audire
1113 2541 1226 2615 vultis,
1247 2541 1380 2604 retinete
1398 2542 1491 2603 istam
1504 2540 1775 2624 possessionemao

415 2637 548 2720 gratiae,
570 2635 742 2709 libertatis,
765 2635 1000 2717 suffragiorum,
1030 2633 1207 2716 dignitatis,
1229 2634 1332 2707 urhis,
1358 2633 1436 2708 lori,
1458 2634 1620 2709 ludorum,
1641 2633 1738 2697 lesto-

415 2750 484 2793 rum
508 2728 648 2801 dierum,
671 2734 845 2790 ceterorum
862 2728 1002 2790 omnium
1017 2726 1268 2799 commodorum,
1290 2726 1349 2788 nisi
1363 2725 1443 2789 torte
1458 2727 1603 2791 mavultis
1618 2727 1737 2790 relictis

416 2824 467 2887 his
489 2824 584 2886 rebus
606 2830 701 2905 atque
722 2821 781 2886 hac
803 2821 873 2883 luce
894 2822 941 2884 rei
962 2820 1109 2902 publicae
1131 2820 1164 2882 in
1188 2820 1350 2902 Sipontina
1374 2820 1514 2883 siccitate
1529 2830 1583 2885 aut
1602 2823 1635 2885 in
1651 2822 1738 2885 Sala·

416 2919 561 3002 pinorum
582 2915 780 2998 pestilentiae
801 2915 916 2977 tinibus
938 2914 1030 2977 liullo
1053 2913 1133 2977 duce
1155 2912 1313 2976 collocari.
1348 2915 1389 2976 At
1416 2913 1516 2988 dicat,
1544 2935 1624 3000 quos
1646 2936 1737 2999 agros

418 3018 576 3094 empturus
604 3009 658 3083 sit;
688 3007 848 3082 ostendat,
877 3016 908 3070 et
937 3008 1013 3090 quid
1044 3017 1075 3070 et
1097 3008 1211 3090 quibus
1233 3007 1361 3070 daturus
1385 3007 1437 3070 sit.
1480 3009 1518 3071 Ut
1545 3030 1636 3084 vero,
1667 3029 1775 3077 cumas

417 3124 524 3167 omnes
546 3103 657 3176 urbes,
685 3122 793 3184 agros,
824 3102 1003 3184 vectigalia,
1034 3120 1130 3184 regna
1150 3099 1343 3174 vendiderit,
1365 3109 1431 3164 tum
1452 3121 1579 3166 arenam
1600 3103 1739 3188 aliquam

417 3206 471 3260 aut
491 3196 623 3280 paludes
646 3204 744 3269 emat,
767 3195 799 3257 id
814 3215 871 3258 vos
893 3196 1042 3278 potestis,
1065 3214 1201 3278 quaeso,
1223 3193 1419 3257 concederet
1442 3193 1640 3279 Quamquam
1658 3195 1738 3258 illud

417 3298 465 3352 est
486 3289 662 3371 egregium,
685 3288 771 3373 quod
794 3288 853 3351 hac
875 3289 944 3370 lege
965 3298 1037 3352 ante
1060 3289 1165 3351 omnia
1186 3294 1341 3362 veneunt,
1362 3294 1434 3350 ante
1452 3290 1605 3372 pecuniae
1620 3308 1739 3371 cogun-

417 3392 467 3446 tur
490 3392 522 3445 et
544 3389 782 3455 coacervantur,
804 3401 897 3464 quam
920 3381 1011 3464 gleba
1032 3402 1097 3446 uua
1118 3389 1250 3445 ematur.
1277 3380 1398 3444 Deinde
1420 3382 1482 3444 emi
1504 3383 1608 3457 iubet,
1630 3383 1669 3446 ah
1690 3382 1738 3443 iu·

416 3480 480 3540 vito
494 3484 587 3541 vetat.
622 3472 672 3536 72.
690 3474 833 3550 Quaero,
862 3476 889 3538 si
911 3477 965 3558 qui
981 3476 1080 3539 velint
1101 3475 1238 3540 vendere
1260 3498 1324 3541 non
1346 3478 1480 3551 fuerint,
1506 3479 1581 3563 quid
1603 3479 1774 3564 pecuniaao

420 3569 498 3633 fieti
530 3569 657 3632 Referre
685 3569 719 3631 in
746 3569 900 3631 aerarium
929 3569 981 3630 lex
1004 3577 1104 3642 vetat,
1135 3570 1220 3652 exigi
1248 3572 1403 3653 prohibet.
1446 3572 1545 3655 lgitur
1570 3572 1738 3655 pecuniam

422 3683 545 3727 omnem
567 3663 735 3725 decemviri
756 3664 922 3736 tenebunt,
945 3662 1034 3726 vobis
1055 3681 1130 3744 ager
1151 3683 1216 3726 non
1234 3673 1363 3727 emetur.
1397 3666 1606 3748 vectigalibus
1621 3664 1739 3727 abalie-

416 3758 516 3831 natis,
537 3756 631 3820 sociis
652 3756 788 3830 vexatis,
810 3756 937 3840 regibus
959 3765 1055 3840 atque
1077 3757 1223 3821 omuibus
1245 3759 1390 3841 gentibus
1406 3760 1592 3835 exinanitis,
1613 3758 1661 3821 illi
1683 3778 1739 3842 pe-

417 3851 526 3915 cunias
555 3848 730 3924 habebunt,
761 3870 816 3913 vos
846 3869 939 3933 agros
966 3869 1031 3914 non
1053 3849 1217 3914 hahebitis.
1254 3851 1371 3926 Facile,
1402 3852 1523 3937 inquit,
1544 3852 1740 3916 adducentur

417 3944 571 4029 pecuniae
600 3941 830 4025 magnitudine,
860 3951 896 4006 ut
917 3945 1014 4007 velint
1034 3944 1184 4008 vendere.
1218 3945 1302 4027 Ergo
1325 3965 1362 4008 ea
1382 3946 1436 4010 lex
1458 3953 1521 4020 est,
1550 3965 1613 4031 qua
1633 3952 1775 4011 nosuaas

418 4038 591 4102 vendamus
614 4038 722 4119 quanti
743 4038 919 4121 possimus,
945 4036 1050 4101 aliena
1073 4057 1213 4102 emamus
1236 4041 1347 4122 quanti
1368 4058 1566 4123 possessores
1587 4039 1696 4103 velint.

502 4128 553 4194 73.
574 4132 678 4214 Atque
705 4131 738 4193 in
765 4130 824 4195 hos
855 4151 964 4213 agros,
994 4130 1050 4215 qui
1072 4131 1131 4195 hac
1152 4131 1221 4213 lege
1244 4132 1340 4215 empti
1363 4133 1441 4207 sint,
1469 4131 1606 4195 colonias
1627 4132 1667 4195 ab
1687 4131 1738 4195 his

486 4456 510 4509 4.
529 4464 552 4509 44
564 4471 649 4521 proso
666 4457 799 4509 Halmius:
817 4472 932 4522 accesso
950 4460 1033 4518 EFP;
1052 4472 1167 4522 oppresso
1183 4457 1273 4518 aim
1292 4464 1367 4521 atoue
1382 4471 1496 4521 oppresso
1512 4459 1581 4508 1..-
1602 4460 1627 4508 a.
1644 4457 1740 4521 9444444-

417 4548 491 4585 soma
507 4532 639 4585 Halmius:
657 4534 731 4596 graui
747 4546 794 4583 suo
809 4533 857 4584 EF
865 4530 955 4594 430;
975 4534 1093 4598 94444444
1108 4547 1156 4584 sao
1171 4535 1204 4593 L3
1227 4539 1304 4598 gruta
1320 4547 1368 4583 suu
1385 4532 1520 4584 Gebhardt
1534 4532 1553 4582 l.
1571 4530 1588 4582 l.
1606 4533 1648 4582 111.
1666 4543 1693 4595 p.
1707 4531 1738 4581 40

420 4622 479 4673 sqq.
501 4636 527 4644 —
547 4609 572 4658 6.
589 4613 613 4657 et
627 4620 671 4657 oos
688 4606 806 4656 dubitatis
822 4609 864 4670 qui
879 4623 904 4658 o.
922 4622 946 4658 o.
964 4610 1076 4660 vendatis
1092 4611 1124 4668 F;
1150 4610 1182 4660 Et
1197 4621 1241 4658 vos
1257 4608 1386 4671 4444444444,
1404 4609 1464 4671 qum
1479 4622 1504 4658 o.
1521 4621 1546 4658 o.
1563 4620 1613 4657 noo
1628 4605 1740 4656 4444444444

418 4685 446 4733 L.
467 4711 494 4720 -
513 4684 537 4734 7.
555 4683 703 4744 oestromm]
720 4687 830 4732 4444444444)
841 4683 897 4734 EF.
913 4710 940 4719 —
959 4685 1000 4736 44.
1016 4690 1097 4749 posset
1108 4685 1128 4736 E
1139 4686 1156 4735 F
1166 4688 1196 4734 Α.
1215 4684 1371 4735 Emendavit
1381 4686 1526 4749 Naugerius
1542 4685 1568 4733 in
1581 4682 1624 4732 ed.
1636 4680 1736 4732 Aldina.

420 4785 447 4794 -
467 4758 507 4808 43.
527 4763 621 4820 unctos
638 4759 666 4808 E.
686 4784 713 4793 -
733 4757 802 4808 nodis
818 4759 909 4808 EFA:
926 4759 995 4808 vobis
1010 4771 1070 4809 cum
1089 4758 1133 4808 ed.
1148 4760 1250 4809 Iuntina
1267 4755 1349 4810 Llo.
1368 4786 1396 4796 -
1415 4761 1454 4810 ts.
1473 4773 1513 4809 eos
1528 4758 1610 4808 uident
1626 4754 1679 4820 4444]
1696 4756 1739 4805 444-

419 4834 475 4883 dent
491 4846 532 4882 eos
545 4833 591 4883 sibi
607 4845 647 4883 eos
663 4832 692 4883 E.
708 4858 734 4868 -
754 4834 795 4882 46.
813 4833 976 4882 madidarent
992 4835 1048 4885 FP.
1061 4861 1088 4870 -
1106 4835 1133 4884 id
1149 4832 1263 4884 Klotzius
1280 4833 1332 4896 (ed.
1346 4834 1409 4899 pr.):
1427 4834 1492 4885 idem
1507 4834 1597 4890 EFP;
1614 4831 1642 4880 id
1656 4832 1739 4892 ipsam

418 4909 449 4966 T;
467 4905 662 4960 caecutio.
678 4932 705 4942 -
725 4906 764 4956 t8.
781 4907 855 4958 aerbo
872 4921 924 4958 om.
939 4910 1052 4959 EFPA.
1071 4908 1177 4959 Addidit
1188 4911 1341 4973 ilervagius.
1357 4937 1383 4947 -
1403 4910 1444 4960 49.
1462 4908 1501 4973 oc]
1519 4913 1542 4958 et
1558 4909 1585 4958 F.
1600 4934 1628 4944 -
1645 4907 1686 4956 20.
1699 4920 1738 4957 re

418 4983 496 5032 tinere
511 4983 539 5032 E.
555 5008 582 5017 -
602 4983 643 5032 22.
660 4982 708 5030 hiis
722 4982 814 5037 44444444
829 4983 901 5033 rebus
917 4985 935 5033 F
943 4998 949 5042 ;
975 4983 1013 5032 itis
1027 4983 1100 5034 440444
1115 4985 1208 5035 relictis
1223 4987 1252 5035 T.
1273 5011 1299 5020 —-
1318 4985 1358 5035 23.
1376 4985 1506 5047 sepontino
1521 4983 1609 5042 EFP3
1633 4981 1739 5044 4444444444

418 5059 447 5108 Τ.
461 5083 488 5092 -
508 5057 662 5119 solptisronun
679 5053 787 5108 erut.
809 5084 836 5093 -
863 5057 904 5108 44.
922 5059 960 5120 44]
978 5063 1005 5108 ot
1021 5059 1085 5118 siF;
1112 5065 1157 5109 cat
1173 5058 1320 5111 Turnebus.
1344 5087 1372 5095 -
1398 5059 1440 5109 26.
1457 5060 1578 5108 toreuma
1595 5059 1680 5108 EFA.
1707 5083 1735 5092 -

419 5132 459 5182 28.
481 5132 593 5198 4444444]
615 5133 745 5182 mutarunt
765 5136 795 5183 G.
815 5159 842 5169 -
862 5134 901 5185 30.
922 5134 1031 5195 omnia
1052 5132 1169 5189 usui:
1194 5136 1315 5196 pxamico
1335 5135 1425 5192 EF03
1448 5134 1552 5196 necatio
1577 5133 1631 5195 (sio)
1653 5135 1682 5184 P.
1707 5160 1735 5168 -

420 5207 459 5256 34.
473 5209 514 5270 flet
529 5212 553 5258 et
568 5207 661 5270 reservo
672 5207 691 5257 F.
701 5209 718 5257 F
727 5209 784 5257 ΡΑ.
803 5207 959 5258 Emendavit
969 5208 1024 5259 Nic.
1037 5207 1169 5271 Angelius.
1184 5235 1211 5244 —
1230 5208 1270 5260 33.
1288 5210 1399 5259 comdiis
1410 5220 1463 5259 om.
1476 5209 1502 5260 l.
1518 5233 1546 5242 -
1558 5205 1598 5261 3l.
1611 5208 1738 5259 adduam

419 5286 462 5332 tur
477 5282 533 5333 EF.
552 5308 579 5317 -
599 5281 639 5333 37.
657 5288 715 5337 sint
730 5283 759 5336 E.
773 5308 801 5321 -
819 5283 856 5336 itia
872 5285 904 5336 l':
922 5284 954 5337 iis
970 5284 1062 5336 ceteri.
1085 5282 1124 5338 Cl.
1142 5295 1168 5348 p.
1186 5283 1243 5340 630.
1261 5296 1288 5338 v.
1305 5283 1329 5333 7.
1431 5327 1438 5342 .
