4367 6109
643 608 761 675 ner.
791 606 866 673 on.
887 607 1227 676 xxxrv-xxxrr.
1256 605 1313 694 ps.
1335 603 1483 673 ert-or.
1675 603 1737 670 rer

407 778 449 841 de
471 777 573 842 classe
593 778 707 862 populi
727 780 877 854 Romani,
910 799 1005 864 quum
1034 779 1092 843 tibi
1114 779 1238 844 Milesia
1259 778 1387 854 civitas,
1416 785 1453 842 ut
1473 786 1505 843 te
1526 796 1737 861 prosequere·

406 880 473 948 tur,
502 872 660 948 dedisset,
687 892 785 937 ausus
806 894 841 937 es
862 875 1026 938 venderet
1070 875 1104 937 si
1127 881 1158 937 te
1179 874 1364 957 magnitudo
1386 870 1551 947 maleficii,
1582 872 1609 936 si
1632 871 1738 935 homi·

406 988 485 1030 num
506 966 699 1031 existimatio
721 987 787 1032 non
810 969 976 1042 movebat,
998 988 1039 1031 ne
1059 967 1140 1030 illud
1156 968 1286 1051 quidem
1305 968 1485 1051 cogitabas,
1506 967 1603 1031 huius
1618 968 1737 1051 impro-

406 1060 531 1125 bissimi
559 1059 636 1124 furti
664 1062 731 1126 sive
761 1061 842 1125 adeo
864 1062 1004 1125 nefariae
1026 1062 1163 1145 praedae
1184 1070 1248 1124 tarn
1270 1061 1427 1125 illustrem
1450 1082 1487 1125 ac
1510 1069 1573 1126 tarn
1595 1062 1736 1125 nobilem

407 1156 568 1220 civitatem
589 1161 703 1219 testem
723 1157 889 1220 futuram?
930 1152 982 1217 88.
1004 1156 1053 1218 lln
1076 1156 1153 1239 quin
1175 1163 1240 1220 tum
1265 1155 1320 1218 Cn.
1335 1155 1501 1218 Dolabella
1519 1158 1552 1219 in
1567 1177 1657 1231 eum,
1679 1155 1735 1239 qui
1759 1175 1775 1224 e

408 1253 438 1315 ei
465 1251 654 1335 myoparoni
679 1249 860 1333 praefuerat
888 1249 1085 1332 Milesiisque
1114 1269 1181 1311 rem
1209 1258 1330 1332 gestam
1353 1251 1565 1325 renuntiarat,
1595 1249 1738 1316 animad-

408 1353 531 1411 vertere
563 1353 619 1408 tuo
654 1352 766 1427 rogatu
793 1353 925 1408 conatus
954 1351 1003 1406 est
1032 1343 1366 1427 renuntiationemque
1395 1345 1480 1419 eius,
1509 1366 1591 1429 quae
1615 1344 1737 1409 eratin

408 1440 552 1525 publicas
573 1439 695 1502 litteras
716 1438 816 1503 relatu
836 1439 965 1501 illorum
986 1437 1128 1520 legibus,
1150 1437 1220 1501 tolli
1241 1438 1394 1514 iusserat,
1417 1439 1536 1502 idcirco
1558 1447 1590 1503 te
1612 1461 1652 1503 ox
1673 1439 1736 1501 hoc

409 1534 540 1598 crimine
562 1532 706 1616 elapsum
729 1554 799 1597 esse
821 1533 1042 1596 arbitrabare?
1085 1532 1218 1594 XXXV.
1240 1532 1376 1595 Multum
1399 1540 1429 1596 te
1451 1533 1513 1597 ista
1533 1532 1647 1596 fefellit
1667 1533 1739 1616 opi·

409 1629 484 1703 nio,
505 1634 538 1691 et
559 1627 690 1711 quidem
712 1626 820 1691 multis
842 1626 877 1689 in
897 1625 987 1690 locis.
1032 1626 1166 1708 Semper
1187 1626 1272 1690 enim
1294 1627 1484 1691 existimasti
1506 1635 1539 1691 et
1552 1628 1690 1690 maxime
1704 1627 1776 1694 inse

411 1722 518 1785 Sicilia
546 1721 623 1784 satis
644 1727 772 1784 cautum
793 1720 851 1783 tibi
874 1720 915 1782 ad
937 1720 1154 1783 defensionem
1175 1719 1263 1795 fore,
1293 1721 1320 1784 si
1346 1728 1402 1785 aut
1422 1720 1682 1805 referrialiquid
1704 1721 1738 1783 in

410 1815 531 1880 litteras
552 1815 697 1899 publicas
718 1815 875 1878 vetuisses
897 1822 968 1888 aut,
991 1814 1078 1899 quod
1102 1814 1235 1878 relatum
1250 1821 1351 1889 esset,
1374 1813 1444 1878 tolli
1467 1816 1637 1898 coegisses.
1669 1816 1739 1879 Hoc

411 1928 506 1995 marn
527 1909 608 1973 nihil
630 1910 686 1984 sit,
707 1909 833 1973 tametsi
855 1929 896 1972 ex
918 1908 1025 1972 multis
1049 1908 1178 1972 Siciliae
1200 1909 1381 1973 civitatibus
1395 1908 1503 1993 priore
1517 1910 1643 1973 actione
1658 1909 1740 1973 didi·

411 2005 498 2079 cisti,
520 2012 626 2068 umen
649 2003 745 2067 etiam
766 2003 799 2066 in
822 2003 881 2066 hae
904 2004 974 2087 ipsa
995 2004 1122 2067 civitate
1144 2022 1313 2085 cognosce.
1347 2004 1428 2066 Sunt
1442 2003 1490 2066 illi
1505 2003 1637 2087 quidem
1653 2003 1738 2067 dicto

410 2100 592 2174 audientes,
615 2118 711 2184 quarn
727 2098 783 2162 diu
798 2097 915 2161 adsunt
935 2098 975 2172 ii,
998 2096 1054 2182 qui
1069 2098 1246 2179 imperant:
1269 2097 1402 2160 simulac
1418 2098 1651 2172 discesserunt,
1673 2118 1778 2167 nonae

410 2195 512 2256 solum
540 2193 622 2257 illud
649 2193 866 2277 perscribunt,
900 2193 987 2276 quod
1014 2200 1082 2254 tum
1111 2190 1263 2273 prohibiti
1290 2198 1380 2266 sunt,
1413 2192 1471 2255 sed
1492 2191 1590 2256 etiam
1611 2213 1738 2257 censam

409 2286 610 2362 adscribunt,
632 2306 689 2350 cur
710 2307 774 2350 non
798 2294 863 2349 tum
886 2286 919 2348 in
942 2287 1063 2349 litteras
1077 2285 1211 2347 relatum
1234 2285 1285 2348 sit.
1328 2283 1380 2348 89.
1403 2274 1533 2350 Manenl
1554 2287 1634 2350 istae
1655 2287 1739 2350 litte·

409 2400 462 2445 rae
484 2380 603 2456 Mileti,
632 2387 762 2444 manent
797 2388 844 2456 et,
873 2379 948 2442 durn
971 2380 1031 2442 erit
1057 2379 1114 2442 illa
1135 2379 1265 2453 civitas,
1288 2380 1470 2444 manebunt
1513 2383 1630 2445 Decem
1653 2380 1738 2444 enim

408 2496 507 2539 naves
536 2476 626 2539 iussu
654 2476 690 2537 L.
710 2476 861 2539 Murenae
890 2474 1029 2558 populus
1057 2473 1201 2536 Milesius
1224 2493 1264 2534 ex
1289 2475 1425 2556 pecunia
1447 2476 1593 2558 vectigali
1615 2474 1737 2560 populo

408 2571 552 2632 Romano
581 2567 717 2644 fecerat,
751 2571 834 2633 sicut
862 2589 921 2652 pro
950 2587 1009 2631 sua
1032 2586 1180 2650 quaeque
1209 2573 1298 2649 parte
1319 2568 1414 2630 Asiae
1436 2577 1561 2632 ceterae
1582 2569 1776 2641 civitatesse

409 2663 625 2740 Quamobrem
646 2683 742 2727 unam
764 2684 804 2726 ex
826 2664 935 2726 decern
957 2682 1022 2725 non
1044 2661 1243 2744 praedonum
1261 2661 1429 2744 repentino
1450 2664 1599 2737 adventu,
1621 2663 1677 2726 sed
1693 2663 1739 2725 le·

409 2759 473 2842 gati
495 2757 676 2832 latrocinio,
697 2778 763 2821 non
781 2759 812 2820 vi
835 2756 1042 2840 tempestatis,
1065 2755 1123 2817 sed
1137 2754 1197 2818 hac
1212 2754 1358 2818 horribili
1372 2763 1561 2840 tempestate
1577 2756 1737 2819 sociorum

408 2853 559 2915 amissam
581 2851 614 2913 in
636 2851 758 2915 litteras
779 2852 922 2936 publicas
945 2851 1144 2913 rettulerunt.
1177 2847 1229 2912 90.
1253 2851 1334 2913 Sunt
1353 2851 1473 2914 Romae
1495 2851 1590 2934 legati
1612 2851 1739 2926 Milesii,

407 2946 555 3010 homines
576 2946 768 3009 nobilissimi
790 2966 827 3009 ac
849 2946 1009 3029 principes
1032 2946 1185 3021 civitatis,
1208 2945 1281 3030 qui,
1304 2946 1429 3009 mmetd
1445 2964 1586 3010 mensem
1602 2945 1740 3008 Februa·

407 3042 489 3104 rium
518 3048 552 3104 et
579 3040 745 3103 consulum
774 3040 1010 3122 designatorum
1032 3059 1150 3101 nornen
1173 3048 1376 3123 exspectant,
1404 3048 1510 3103 tamen
1533 3040 1595 3103 hoc
1616 3048 1779 3112 tantumne

407 3134 532 3199 facinus
560 3153 626 3197 non
655 3135 750 3198 modo
771 3154 888 3217 negare
910 3135 1116 3215 interrogati,
1144 3133 1200 3197 sed
1222 3155 1262 3197 ne
1284 3135 1431 3218 producti
1454 3134 1583 3218 quidem
1606 3134 1738 3197 reticere

408 3237 575 3313 poterunt:
606 3228 727 3304 dicent,
749 3229 896 3312 inquam,
926 3236 958 3291 et
980 3228 1136 3310 religione
1158 3229 1288 3292 adducti
1309 3236 1342 3293 et
1364 3229 1611 3292 domesticarum
1632 3228 1740 3310 legum

410 3331 513 3399 metu,
536 3321 615 3407 quid
636 3322 692 3385 illo
714 3342 910 3408 myoparone
929 3322 1047 3385 facturn
1062 3323 1118 3385 sit:
1143 3324 1313 3387 ostendent
1329 3323 1362 3386 C.
1377 3324 1507 3387 Verrem
1522 3323 1556 3385 in
1572 3342 1610 3386 ea
1625 3322 1739 3397 classe,

409 3438 493 3503 quae
516 3426 625 3482 contra
645 3419 764 3502 piratas
785 3415 951 3483 aedificata
972 3416 1028 3490 sit,
1050 3417 1186 3499 piratam
1208 3417 1314 3500 ipsum
1336 3417 1588 3482 consceleratum
1608 3416 1718 3480 finisse.

493 3512 640 3575 xxxvl.
676 3512 709 3576 C.
738 3511 904 3586 Malleolo,
934 3517 1105 3596 quaestore
1133 3511 1189 3575 Cn.
1211 3512 1412 3587 Dolabellae,
1442 3512 1547 3575 occiso
1577 3511 1656 3574 duas
1678 3509 1779 3580 sibiae

410 3606 602 3671 hereditates
623 3609 750 3671 venisse
771 3607 941 3670 arbitratus
964 3611 1028 3678 est,
1051 3623 1148 3667 unam
1170 3607 1373 3689 quaestoriae
1394 3606 1644 3689 procurationis3
1666 3625 1740 3669 narn

412 3721 430 3765 a
451 3700 616 3764 Dolabella
638 3703 743 3766 statim
765 3721 824 3785 pro
847 3707 1016 3784 quaestore
1038 3699 1145 3762 iussus
1165 3707 1323 3763 estesse:
1346 3700 1478 3764 alteram
1496 3700 1640 3778 tutelae3
1667 3720 1741 3764 nam

413 3815 483 3859 cum
505 3795 619 3880 pupilli
642 3795 782 3859 Malleoli
804 3801 891 3859 tutor
912 3800 1013 3868 esset,
1036 3794 1069 3856 in
1089 3793 1176 3856 bona
1197 3795 1266 3857 eius
1288 3793 1441 3878 impetum
1463 3793 1549 3857 fecit.
1593 3790 1645 3858 al.
1660 3797 1740 3859 Nam

411 3891 579 3954 Malleolus
605 3891 640 3953 in
669 3891 866 3973 provinciam
895 3890 941 3952 sic
968 3888 1098 3971 copiose
1125 3888 1287 3972 profectus
1317 3897 1400 3964 erat,
1433 3896 1471 3951 ut
1499 3886 1586 3951 domi
1611 3908 1743 3974 prorsus

412 3986 491 4049 nihil
512 3985 729 4068 relinqueret:
752 3993 916 4068 praeterea
937 3983 1089 4067 pecunias
1113 3991 1284 4065 oocuparet
1305 3983 1391 4066 apud
1413 3983 1551 4067 populos
1568 3992 1600 4047 et
1614 4002 1781 4069 syngraan

411 4080 491 4164 phas
511 4079 649 4144 fecerat:
670 4080 792 4163 argenti
815 4078 926 4161 optimi
950 4076 1062 4141 caelati
1085 4076 1203 4159 grande
1226 4077 1353 4159 pondus
1369 4097 1476 4141 secum
1497 4079 1635 4142 tulerat:
1659 4075 1742 4160 (narn

412 4174 466 4237 ille
488 4194 619 4259 quoque
641 4174 760 4237 sodalis
782 4172 874 4236 istius
897 4178 964 4235 erat
985 4171 1019 4233 in
1040 4169 1103 4233 hoc
1125 4172 1237 4233 morbo
1253 4180 1286 4235 et
1302 4170 1504 4256 cupiditate3)
1527 4173 1646 4256 grande
1664 4192 1744 4254 pon·

412 4270 471 4333 dus
493 4269 633 4352 argenti,
655 4268 806 4332 familiam
829 4286 995 4350 magnam,
1018 4264 1135 4327 multos
1158 4263 1310 4341 artilices,
1333 4267 1451 4330 multos
1469 4267 1627 4331 formosos
1641 4265 1744 4330 homi·

412 4384 469 4427 nes
489 4363 629 4448 reliquit.
671 4363 749 4438 Iste,
773 4361 859 4447 quod
882 4359 1005 4444 argenti
1028 4358 1165 4442 placuit,
1187 4359 1321 4423 invasit:
1346 4380 1430 4445 quae
1452 4360 1611 4443 mancipia
1630 4359 1743 4434 voluit,

412 4458 560 4523 abduxit:
583 4458 658 4523 vina
680 4465 866 4541 ceteraque,
889 4474 972 4538 quae
995 4453 1028 4516 in
1049 4453 1126 4517 Asia
1146 4452 1298 4518 facillime
1319 4463 1561 4538 comparantur,
1584 4474 1667 4539 quae
1688 4452 1782 4525 illeso

476 4736 501 4788 2.
520 4735 622 4787 stom.
642 4736 674 4786 Gt
687 4734 814 4799 belgit),
832 4732 918 4785 Madv.
938 4730 971 4782 de
989 4732 1049 4782 Asc.
1068 4733 1136 4796 App.
1155 4744 1182 4796 p.
1201 4730 1249 4782 33:
1270 4731 1291 4781 si
1310 4729 1414 4781 tabern
1433 4730 1481 4782 dtt.
1500 4732 1530 4782 0.
1551 4759 1578 4768 -
1606 4730 1630 4781 6.
1649 4730 1672 4781 ei
1688 4740 1741 4781 om.

413 4812 460 4863 dtt.
481 4840 508 4849 -
528 4812 552 4863 7.
571 4824 638 4874 quoe
653 4811 729 4862 etium
744 4814 800 4859 erut
817 4808 863 4858 Gt.
879 4834 906 4842 ·-
924 4807 950 4857 9.
968 4805 1128 4856 arbitrabare
1145 4805 1223 4856 codd.
1242 4806 1349 4870 praeter
1365 4806 1417 4865 Gt,
1438 4806 1465 4854 in
1483 4817 1536 4868 qno
1548 4808 1591 4856 est
1606 4804 1742 4867 arbitrere,

412 4889 442 4937 ut
458 4886 483 4952 5.
498 4886 554 4937 402.
574 4886 608 4936 cl.
621 4886 724 4950 Zumpt.
738 4883 771 4934 ad
784 4883 825 4933 lll.
846 4882 870 4948 fi.
883 4881 925 4933 li.
940 4908 966 4915 -
988 4881 1027 4930 ll.
1040 4885 1144 4931 acutum
1158 4881 1198 4932 oet
1213 4887 1266 4931 tum
1277 4882 1323 4930 Gt.
1340 4907 1366 4916 -
1386 4879 1427 4930 43.
1442 4880 1527 4942 priori
1543 4893 1568 4940 ς.
1583 4905 1611 4916 -
1631 4879 1671 4929 tt.
1684 4890 1745 4928 eu*

412 4975 455 5014 aaa
470 4960 553 5026 Lssw,
571 4974 625 5011 orn.
644 4961 690 5010 Gt.
711 4987 738 4996 -
758 4958 797 5010 49.
813 4956 907 5021 populo
923 4957 968 5007 lto.
987 4956 1047 5007 Gli
1065 4954 1128 5006 Pell.
1147 4963 1187 5020 ψε
1205 4956 1232 5006 Ρ.
1251 4958 1279 5007 ll.
1298 4969 1321 5007 s.
1338 4956 1381 5006 Po.
1397 4956 1442 5006 llo.
1461 4956 1522 5013 ctt.;
1537 4953 1625 5016 populi
1638 4952 1744 5003 liouruoa⁸

412 5038 442 5089 t).
462 5065 489 5076 -
508 5039 550 5089 20.
569 5049 666 5101 quoque
683 5035 728 5086 03.
748 5061 775 5072 -
795 5033 836 5085 il.
855 5033 963 5083 civitatis
979 5044 1033 5082 orn.
1052 5030 1145 5082 Gihd.
1162 5060 1189 5068 -
1208 5032 1249 5082 25.
1268 5031 1420 5096 exspectant]
1437 5031 1666 5081 cadmeaertvar.
1679 5026 1742 5078 lect.

413 5126 456 5180 ap.
467 5115 537 5176 Asc,
556 5114 618 5165 inde
631 5113 737 5163 Hotom.
751 5110 831 5163 coni:
849 5109 1015 5161 Fcbmcrtwn
1025 5112 1170 5170 wspoetom
1186 5112 1209 5157 at
1219 5120 1242 5157 c.
1253 5108 1278 5157 d.
1290 5120 1317 5157 a.
1329 5107 1500 5158 minamur.
1515 5132 1542 5142 -
1561 5105 1602 5156 at.
1615 5105 1681 5154 dom.
1694 5102 1741 5168 teg.

414 5190 446 5240 Gt
458 5188 624 5254 agugser:
643 5188 689 5253 teg.
707 5188 772 5238 dom.
792 5186 840 5237 dtt.
859 5186 888 5236 0.
909 5213 936 5222 -
955 5184 997 5234 28.
1015 5183 1045 5234 de
1060 5183 1105 5233 ttto
1122 5181 1170 5233 dtt.
1190 5195 1270 5232 noun.
1287 5208 1316 5218 -
1335 5181 1377 5232 29.
1395 5180 1529 5245 edificate
1544 5180 1584 5245 att]
1597 5178 1744 5243 perebw

414 5262 461 5317 dtt.
482 5294 510 5303 -
528 5265 569 5317 37.
588 5264 718 5315 suddittss
734 5263 810 5325 dig,
838 5261 948 5311 sedatius
964 5263 1010 5312 Gt.
1031 5288 1058 5299 -
1077 5260 1119 5312 lt.
1138 5262 1200 5311 cino
1216 5260 1316 5311 Graeco
1331 5263 1474 5321 ceteraque,
1493 5268 1559 5318 quoe
1574 5268 1608 5306 ee
1623 5255 1684 5307 data
1697 5253 1744 5318 su-

413 5339 501 5393 cittime
516 5344 706 5404 commutatur
722 5337 864 5391 Cledonius
880 5350 907 5404 p.
926 5336 999 5390 ⁴898.
1017 5338 1046 5389 P.
1066 5361 1095 5372 -
1112 5335 1188 5399 tuate
1202 5336 1276 5388 Serv.
1294 5334 1330 5387 ad
1345 5328 1417 5398 th.
1434 5329 1489 5387 Ecl.
1510 5332 1539 5385 V.
1557 5330 1599 5384 38.
