4367 6109
674 594 792 662 Lmt
818 591 895 661 (iar.
915 591 1229 659 xxxi-xxm
1254 587 1487 677 3391844.
1681 590 1744 659 lbi

418 765 618 831 taciturnitas
639 771 796 849 perpetus
816 760 1004 828 confirmati
1047 762 1181 827 xxxn.
1203 758 1256 826 84.
1277 762 1360 827 lluio
1383 762 1507 828 homini
1527 763 1664 846 parcetis
1684 763 1745 847 iqi-

417 867 486 934 tur,
513 859 659 923 iudices?
689 858 781 922 ouius
809 865 897 922 unta
924 865 1055 941 peccata
1076 864 1168 932 suut,
1197 862 1234 920 ut
1255 857 1293 932 ii,
1324 857 1442 940 quibus
1462 858 1596 921 iniurias
1616 856 1744 934 lecerit,

416 973 522 1038 nequa
542 952 720 1036 legitimum
747 960 873 1036 tempus
895 958 1081 1034 exspectare
1103 951 1144 1015 ad
1170 951 1391 1014 ulciscendum
1411 971 1518 1035 neque
1538 950 1603 1014 vim
1625 958 1745 1017 tanum

417 1046 538 1111 doloris
558 1046 595 1110 in
614 1053 778 1129 posterum
800 1045 927 1109 differre
948 1045 1122 1127 potuerint.
1167 1043 1400 1108 Circumsessus
1427 1065 1473 1109 es.
1507 1043 1744 1130 Aquibuslh

416 1140 661 1224 lampsacenis:
690 1139 832 1203 barbaris
860 1137 1060 1213 homiuibus,
1090 1137 1204 1211 credo,
1232 1145 1288 1201 aut
1307 1136 1365 1212 iis,
1397 1139 1453 1223 qui
1474 1138 1587 1223 populi
1609 1137 1769 1204 Romanis

416 1254 534 1299 nomen
555 1241 806 1298 contemnerent.
848 1233 948 1297 immo
970 1251 1046 1294 vero
1067 1232 1108 1294 ab
1129 1229 1312 1294 homiuibus
1334 1238 1366 1294 et
1386 1239 1501 1296 natura
1522 1240 1555 1296 et
1574 1239 1745 1297 consuetu-

416 1329 492 1394 dine
521 1336 554 1392 et
580 1325 752 1409 disciplina
779 1325 967 1400 lenissimis,
999 1344 1097 1409 porro
1126 1332 1232 1388 autem
1259 1325 1372 1409 populi
1399 1325 1535 1389 Romani
1555 1327 1745 1391 condicione

416 1423 528 1498 sociis,
548 1421 677 1487 fortuna
698 1419 815 1495 seruis,
837 1418 1000 1485 voluntate
1021 1418 1236 1503 supplicibus;
1258 1426 1295 1481 ut
1314 1419 1518 1503 perspicuum
1531 1420 1574 1484 sit
1588 1420 1745 1494 omnibus,

416 1517 479 1582 nisi
509 1524 596 1581 tauta
623 1513 778 1579 acerbitas
808 1514 962 1588 iniuriae,
994 1520 1081 1577 tanta
1102 1512 1152 1574 vis
1173 1511 1302 1575 sceleris
1323 1511 1451 1588 fuisset,
1480 1521 1518 1578 ut
1537 1514 1746 1602 lampsaceni

416 1609 617 1674 moriendum
637 1607 699 1672 sibi
722 1607 829 1691 potius
851 1626 949 1691 quam
970 1604 1214 1691 perpetiendum
1235 1611 1400 1688 putarent,
1421 1625 1595 1692 numquam
1616 1607 1689 1672 illos
1710 1608 1782 1672 into

417 1721 489 1768 eum
509 1702 617 1767 locum
638 1721 862 1785 progressuros
882 1700 1000 1776 tuisse,
1021 1707 1059 1764 ut
1078 1699 1299 1764 vehementius
1313 1699 1390 1763 odio
1403 1699 1547 1764 libidinis
1561 1709 1634 1765 tuae
1648 1721 1745 1786 quam

415 1796 585 1881 legationis
606 1803 694 1859 metu
715 1803 929 1860 moverentur.
972 1791 1023 1857 82.
1044 1793 1169 1869 Nolite,
1198 1814 1257 1877 per
1284 1793 1362 1857 deos
1387 1793 1599 1858 immortales!
1632 1814 1745 1879 cogere

416 1890 522 1956 socios
543 1897 641 1974 atque
662 1896 788 1954 exteras
808 1889 955 1954 nationes
976 1888 1040 1953 hoc
1057 1888 1106 1953 uti
1127 1887 1292 1973 perhrgio,
1314 1907 1395 1972 quo,
1417 1888 1482 1952 uisi
1496 1909 1553 1953 vos
1567 1889 1746 1966 vindicatis,

416 1991 547 2048 utentur
566 1982 759 2047 necessario.
780 1983 1015 2066 Lampsacenos
1035 1983 1070 2046 in
1093 1982 1190 2046 istum
1212 2002 1387 2066 numquam
1406 1980 1474 2047 ulla
1494 2003 1546 2049 res
1560 1984 1746 2067 mitigasset,

416 2078 479 2142 nisi
510 2097 584 2142 eum
614 2096 735 2160 poenas
763 2078 884 2140 Romae
912 2075 1059 2141 daturum
1087 2076 1308 2139 credidissent.
1350 2075 1420 2139 Etsi
1442 2076 1538 2142 talem
1558 2083 1784 2162 acceperanttt

414 2171 583 2245 inimicus,
606 2190 703 2254 quarn
724 2170 813 2235 nulla
834 2171 904 2255 lege
925 2170 1003 2235 satis
1025 2171 1121 2253 digne
1141 2169 1292 2254 persequi
1314 2176 1467 2253 possent,
1497 2179 1605 2236 tumen
1625 2172 1747 2237 incom-

416 2263 511 2329 moda
538 2283 599 2328 sua
625 2264 743 2328 noscis
771 2265 971 2329 committere
997 2263 1122 2348 legibus
1145 2269 1178 2327 et
1197 2262 1325 2328 iudiciis
1348 2284 1445 2350 qusm
1466 2265 1571 2330 dolori
1592 2286 1651 2331 suo
1674 2285 1747 2350 per·

415 2358 541 2423 mittere
570 2358 761 2422 maluerunt.
804 2361 854 2422 'lu
882 2357 980 2433 mihi,
1008 2379 1081 2421 cum
1102 2358 1332 2422 circumsessus
1353 2379 1373 2423 a
1394 2366 1458 2422 tam
1480 2359 1598 2424 illustri
1619 2359 1746 2425 civitate

414 2453 460 2517 sis
483 2460 617 2537 propter
638 2459 728 2516 tuum
750 2452 856 2517 scelus
876 2459 974 2536 atque
995 2452 1168 2535 flagitium
1190 2472 1262 2516 cum
1280 2453 1423 2536 coegeris
1443 2453 1591 2518 homines
1613 2454 1747 2517 miseros

415 2555 448 2611 et
475 2546 680 2611 oalsmitosos
707 2546 801 2630 qussi
828 2546 1004 2630 desperetis
1032 2547 1152 2611 uostris
1181 2545 1305 2630 legibus
1327 2555 1360 2612 et
1380 2547 1508 2612 iudiciis
1529 2547 1570 2611 ad
1592 2549 1674 2623 um,
1705 2547 1783 2614 adso

413 2661 546 2716 manus,
568 2640 610 2705 ad
631 2660 722 2705 arma
741 2641 932 2725 contugere3
959 2662 1032 2706 cum
1053 2649 1084 2705 te
1107 2641 1140 2704 in
1163 2641 1291 2725 oppidis
1313 2641 1550 2729 etloivitatibus
1572 2643 1746 2706 amicorum

413 2755 479 2801 nou
491 2735 632 2818 legatum
647 2733 760 2819 populi
775 2736 920 2810 Romani,
936 2735 993 2799 sed
1008 2743 1178 2820 tyrannum
1193 2734 1400 2799 libidinosum
1415 2735 1640 2821 crudelemque
1654 2755 1747 2821 prae-

413 2828 541 2906 bueris;
562 2849 636 2892 cum
657 2829 744 2913 apud
765 2836 891 2894 exteras
906 2829 1052 2894 nationes
1070 2829 1198 2913 imperii
1213 2828 1420 2913 nominisque
1437 2829 1538 2894 nostri
1552 2831 1670 2894 famam
1683 2828 1747 2893 tuis

414 2921 543 3008 probris
563 2922 760 3006 flagitiisque
779 2923 929 2998 violaris3
958 2943 1031 2988 cum
1059 2930 1091 2987 te
1112 2943 1154 2987 ex
1174 2923 1260 2986 lerro
1281 2923 1456 2987 amicorum
1477 2925 1590 3009 populi
1612 2922 1746 2989 Romani

414 3017 574 3100 eripueris
595 3023 692 3100 atque
715 3037 755 3080 ex
776 3019 902 3081 damma
923 3017 1083 3081 sociorum
1105 3016 1260 3081 evolaris:
1281 3017 1335 3080 hic
1356 3018 1414 3081 tibi
1434 3017 1616 3102 perfugium
1635 3033 1785 3102 sperus!

413 3110 578 3175 tutururul
610 3110 716 3175 Erras.
759 3111 800 3177 Ut
826 3110 890 3175 huc
918 3109 1094 3186 incideres,
1122 3130 1189 3175 nou
1217 3119 1254 3176 ut
1280 3111 1334 3175 hic
1354 3113 1615 3197 conquiesceres,
1645 3111 1692 3174 illi
1713 3117 1746 3175 te

414 3207 523 3270 rivum
544 3205 631 3269 exire
652 3205 738 3288 possi
762 3213 846 3270 sunt.
888 3205 1037 3268 xxx111.
1059 3201 1112 3268 83.
1140 3205 1182 3267 Et
1210 3206 1258 3268 ais
1282 3205 1436 3272 iudicium
1457 3227 1528 3271 esse
1549 3206 1685 3280 factum,
1714 3212 1745 3271 tc

415 3298 534 3363 iniuria
561 3298 805 3364 circumsessum
833 3319 904 3364 esse
933 3299 1116 3381 Lampsaci,
1146 3299 1235 3383 quod
1262 3298 1466 3364 Philodamus
1488 3322 1561 3364 cum
1581 3297 1648 3363 lilio
1670 3318 1747 3362 con·

416 3392 584 3456 demnatus
605 3393 657 3457 sit.
701 3393 809 3469 Quid?
838 3395 866 3457 si
888 3394 1007 3468 doceo,
1034 3393 1062 3456 si
1082 3393 1215 3476 planum
1237 3392 1320 3458 lucio
1343 3402 1424 3459 teste
1445 3395 1575 3459 homine
1597 3414 1746 3478 nequam,

416 3504 524 3549 verum
546 3485 587 3549 ad
609 3486 692 3550 banc
713 3508 782 3551 rem
801 3495 908 3552 tamen
929 3487 1064 3563 idoneo,
1088 3495 1120 3551 te
1141 3488 1229 3572 ipso,
1249 3488 1396 3573 inquam,
1418 3494 1499 3553 teste
1515 3489 1626 3563 doceo,
1641 3494 1672 3551 te
1687 3487 1783 3555 huto

415 3579 464 3643 ius
496 3577 771 3646 circumsessionis
797 3590 871 3646 tuae
900 3600 1028 3645 causam
1056 3590 1088 3645 et
1112 3583 1239 3666 culpam
1260 3583 1295 3646 in
1316 3583 1398 3647 alios
1419 3581 1619 3647 transtulisse
1641 3601 1746 3666 neque

416 3673 450 3736 iu
471 3692 545 3749 cos,
567 3694 649 3759 quos
673 3682 709 3739 tu
730 3675 942 3751 insimularis,
966 3694 1036 3739 esse
1057 3675 1334 3740 animadversum?
1356 3678 1420 3740 iam
1441 3677 1524 3741 nihil
1544 3684 1576 3742 te
1591 3675 1746 3742 iudicium

414 3766 550 3830 Neronis
572 3768 712 3832 adiurat.
756 3770 866 3833 Recita
895 3788 975 3854 quas
1002 3769 1043 3832 ad
1070 3770 1230 3833 Neronem
1251 3770 1374 3835 litteras
1395 3771 1492 3836 misit.
1531 3772 1689 3835 Errsrons
1712 3768 1746 3833 C.

414 3860 533 3924 Vassis
554 3881 597 3925 so
618 3863 788 3927 Neronum
831 3865 1105 3931 Tusursrsconss
1126 3880 1169 3926 rr
1191 3865 1375 3930 'lassescas
1394 3909 1403 3928 .
1419 3909 1452 3929 ..
1474 3865 1746 3946 Themistagoram

416 3960 447 4018 et
468 3953 656 4018 Thessalum
678 3957 790 4021 scribis
814 3958 970 4040 populum
993 3957 1181 4021 concitasse.
1225 3958 1329 4035 Quem
1350 3959 1532 4044 populum?
1555 3957 1610 4043 qui
1633 3965 1664 4021 te
1687 3957 1784 4024 cir-so

416 4047 588 4123 cumsedit,
618 4049 673 4134 qui
706 4059 737 4114 te
759 4050 867 4115 vivum
894 4050 1080 4115 comburere
1102 4058 1235 4116 conatus
1258 4060 1316 4117 est.
1359 4054 1418 4117 Ubi
1437 4052 1499 4117 hos
1519 4051 1747 4136 persequetur

415 4141 470 4205 ubi
492 4146 647 4207 accusas?
678 4145 734 4208 ubi
757 4145 901 4209 defendis
924 4146 974 4208 ius
996 4165 1179 4229 nomenque
1201 4145 1323 4230 legati?
1366 4144 1418 4211 84.
1440 4149 1477 4211 ln
1498 4146 1675 4211 Philodami
1698 4146 1747 4208 iu-

416 4235 499 4300 dicio
524 4236 618 4300 dioes'
634 4237 667 4300 id
689 4241 818 4302 actum?
852 4239 937 4303 Cedo
959 4239 1037 4302 mihi
1060 4239 1163 4323 ipsius
1179 4241 1287 4305 Verris
1302 4241 1538 4306 testimonium.
1563 4241 1747 4316 Videamus,

415 4330 493 4415 quid
520 4331 606 4394 idom
634 4331 694 4396 iste
721 4332 843 4397 iuratus
870 4334 998 4396 dixerit
1042 4335 1089 4397 Aa
1118 4353 1324 4400 sccvssrona
1350 4355 1491 4400 aocsrvs
1511 4352 1693 4400 ussrornrr
1715 4354 1747 4397 ιιι

414 4443 476 4488 noo
508 4441 633 4489 tunneto
655 4443 719 4490 ιιοιι
741 4443 918 4502 rarmovr:
950 4447 1011 4491 suu
1033 4448 1066 4492 ιιι
1086 4448 1187 4494 saruc
1214 4449 1289 4493 ssss
1311 4448 1386 4494 suro
1407 4446 1560 4495 rauroun
1580 4446 1784 4502 suessorum

415 4516 500 4595 Quid
521 4517 621 4602 igitur
642 4526 674 4584 te
696 4521 785 4585 iuvat
806 4521 942 4585 Neronis
964 4522 1145 4586 iudicium?
1174 4523 1251 4609 quid
1273 4523 1451 4589 Philodami
1472 4523 1656 4588 damuatio?
1686 4522 1747 4585 Le-

477 4781 504 4832 0.
520 4779 623 4845 Lmrps.
643 4782 680 4831 02
697 4782 759 4846 (οιιι.
778 4781 813 4845 c).
834 4810 861 4820 -
881 4782 1023 4846 topatus
1039 4782 1084 4834 4444
1102 4784 1148 4834 02.
1169 4810 1196 4820 -
1217 4783 1257 4834 42.
1275 4783 1323 4848 leq.
1340 4789 1408 4835 metu
1423 4784 1529 4847 csse:
1546 4791 1614 4836 44444
1629 4784 1676 4849 leq.
1695 4784 1744 4836 dtt.

412 4857 442 4908 0.
463 4884 490 4894 -
510 4855 550 4907 43.
570 4858 700 4920 quodnisi
717 4857 841 4921 ustum
870 4861 936 4921 quod
952 4859 995 4909 4404
1012 4860 1058 4908 Gt.
1078 4885 1106 4895 -
1132 4858 1172 4909 46.
1189 4864 1289 4921 possent
1305 4858 1385 4909 codd.
1403 4861 1476 4909 uoti:
1498 4864 1617 4922 poterunt
1632 4859 1694 4909 lirn.
1715 4884 1743 4896 -

411 4932 454 4985 23.
472 4946 506 4984 sc
522 4934 554 4984 Gt
567 4929 651 4994 stc:
669 4945 683 4982 4
699 4931 747 4983 dtt.
766 4933 795 4984 Ο.
817 4960 843 4970 -
863 4934 904 4984 30.
923 4934 997 4984 doceo
1014 4933 1049 4984 de
1065 4933 1128 4984 Ern.
1147 4935 1230 4984 cont:
1254 4932 1343 4984 docebo
1359 4932 1439 4985 codd.
1465 4934 1519 4985 Sed
1541 4932 1602 4985 alibi
1620 4934 1700 4985 etiam
1717 4934 1745 4986 in

412 5006 465 5059 hoc
481 5004 731 5072 verbopcccatum3
750 5007 783 5058 ct.
797 5007 839 5058 llI.
853 5007 877 5071 ὅ.
892 5008 949 5057 444.
960 5008 1017 5058 422.
1033 5035 1057 5046 -
1079 5008 1121 5061 34.
1135 5009 1264 5060 costum
1274 5013 1305 5061 Α.
1321 5036 1348 5045 -
1359 5009 1400 5060 32.
1413 5009 1567 5060 insimularis
1582 5011 1620 5060 A:
1638 5010 1745 5060 444444444-

412 5081 480 5133 laros
494 5081 575 5141 (1⁴23
593 5081 755 5132 imbnutobns
770 5083 853 5146 1.ng
871 5082 1035 5134 444444444444
1050 5082 1099 5135 dtt.
1120 5085 1149 5135 0.
1170 5111 1198 5121 -
1216 5083 1257 5135 33.
1276 5085 1402 5136 recito„
1415 5084 1540 5135 4444444444
1556 5096 1610 5134 om.
1628 5085 1661 5134 Gt
1674 5085 1700 5135 2.
1715 5112 1743 5123 -

413 5155 455 5208 ab.
472 5155 558 5207 scribit
573 5155 620 5209 Ld.
639 5156 688 5207 dtt.
710 5183 736 5194 -
755 5157 871 5207 incitasse
887 5160 933 5208 Gt.
954 5184 981 5195 -
1000 5159 1041 5210 30.
1060 5159 1155 5210 discit
1172 5159 1249 5221 be:
1276 5161 1379 5211 dicerit.
1398 5160 1482 5210 4444444
1498 5158 1546 5209 dtt.
1565 5160 1595 5210 0.
1616 5186 1641 5198 -
1664 5161 1745 5212 intor-

412 5237 518 5299 roqotus
533 5234 564 5285 Α.
583 5231 616 5284 44.
635 5231 661 5298 fi.
679 5232 719 5282 29.
738 5232 779 5283 90.
799 5230 859 5284 coll.
877 5233 920 5283 lv.
940 5231 965 5297 s.
984 5233 1024 5284 47.
1043 5231 1083 5284 43.
1103 5234 1161 5284 430.
1183 5233 1214 5284 V.
1232 5233 1258 5299 5.
1276 5235 1333 5286 483.
1354 5261 1381 5270 -
1403 5232 1446 5286 40.
1462 5233 1508 5287 hoc
1522 5233 1569 5290 tibi
1584 5234 1612 5285 ts
1628 5246 1671 5288 44.
1690 5235 1742 5301 ct;

411 5307 441 5358 444
456 5306 502 5359 boc
517 5305 564 5359 4434
578 5307 606 5358 ta
621 5321 666 5359 on.
684 5307 776 5359 Gibd.
797 5333 824 5343 —-
843 5306 886 5360 tt.
904 5308 965 5372 quid
979 5309 1061 5374 erqo?
1078 5308 1125 5362 Gt.
1145 5334 1173 5346 -
1190 5309 1263 5361 444444
1277 5314 1302 5362 44
1317 5309 1363 5366 444.
