4367 6109
446 560 508 629 748
733 574 736 579 “
858 559 1009 629 ORATIO
1030 559 1110 626 Pau
1131 561 1168 625 L.
1189 559 1357 629 1141414444

446 743 515 799 ctnr
534 730 680 799 beneficii
709 729 819 813 populi
847 731 981 795 Romani
1003 729 1214 814 defensorque
1243 728 1376 813 periculi
1397 748 1469 794 esse
1490 728 1631 794 debebit.
1676 725 1708 792 4.
1729 730 1772 793 Ae

447 829 491 904 si,
519 835 555 891 ut
581 824 740 890 nonnullis
771 824 805 888 in
827 824 1004 888 civitatibus
1025 825 1094 888 fieri
1115 825 1210 899 solet,
1237 831 1389 909 patronus
1410 823 1484 889 huic
1505 844 1622 888 222222
1643 824 1772 908 publice

448 922 707 994 constitueretur,
735 918 763 981 is
792 918 991 1001 potissimum
1021 938 1144 983 summo
1174 919 1295 981 h'onore
1322 918 1434 981 affecto
1460 918 1612 983 defensor
1631 918 1771 991 daretur,

448 1017 504 1100 qui
525 1014 639 1079 eodem
658 1013 781 1078 bonore
801 1012 963 1097 praeditus
985 1032 1050 1077 non
1071 1014 1175 1076 minus
1190 1013 1315 1076 afferret
1332 1011 1372 1074 ad
1387 1011 1556 1076 dicendum
1569 1013 1771 1077 auctoritatis

424 1123 541 1192 equam
561 1106 729 1170 4222142442.
767 1104 860 1181 Quod
881 1105 909 1168 si
931 1126 949 1170 e
969 1113 1063 1190 portu
1085 1106 1280 1170 solventibus
1302 1107 1339 1180 ii,
1362 1108 1418 1190 qui
1438 1108 1499 1172 iam
1522 1107 1555 1170 in
1577 1114 1710 1190 portum
1732 1127 1771 1170 ex

447 1202 510 1265 alto
539 1200 747 1274 invehuntur,
774 1198 958 1283 praedicere
979 1220 1102 1265 summo
1123 1200 1228 1264 studio
1249 1199 1355 1264 solent
1373 1208 1408 1263 et
1429 1207 1652 1283 tempestatum
1675 1200 1772 1263 ratio-

446 1316 521 1360 nem
542 1303 575 1358 et
594 1295 790 1377 praedonum
810 1300 843 1358 et
863 1293 1020 1369 locorum,
1050 1294 1136 1375 quod
1163 1303 1277 1358 natura
1296 1291 1359 1357 fert
1379 1301 1416 1357 ut
1436 1294 1482 1359 eis
1501 1293 1684 1369 faveamus,
1715 1297 1770 1378 qui

448 1390 560 1454 eadem
582 1387 739 1471 pericula,
761 1387 878 1470 quibus
901 1406 959 1451 nos
980 1387 1139 1472 perfuncti
1159 1407 1282 1462 summ,
1303 1387 1535 1470 ingrediantur,
1557 1407 1624 1471 quo
1641 1388 1769 1451 tandem

447 1505 497 1548 me
519 1504 590 1548 esse
611 1482 718 1546 animo
741 1487 881 1564 oportet,
904 1501 1003 1564 prope
1024 1479 1087 1545 iam
1109 1501 1150 1543 ex
1163 1499 1277 1563 magna
1289 1481 1455 1546 iactatione
1470 1490 1583 1546 terram
1599 1483 1771 1554 videntem

410 1590 438 1636 so
447 1579 480 1640 in
506 1578 608 1653 bunc,
641 1574 690 1639 cui
719 1574 812 1639 video
842 1575 994 1639 maximas
1016 1577 1063 1638 rei
1083 1575 1228 1658 publicae
1249 1582 1450 1658 tempestates
1470 1595 1540 1640 esse
1562 1577 1772 1641 subeundas?

448 1672 565 1747 Quare
588 1670 614 1734 si
635 1677 684 1734 est
704 1668 779 1732 boni
800 1667 940 1733 consulis
962 1687 1027 1732 non
1049 1669 1151 1733 solum
1166 1670 1273 1733 2444222
1296 1668 1373 1751 quid
1394 1675 1521 1752 agatur,
1541 1690 1653 1734 verum
1676 1670 1770 1732 etiam

446 1763 614 1848 providere
635 1761 713 1846 quid
733 1760 875 1826 futurum
896 1762 954 1836 sit,
983 1762 1149 1827 ostendam
1171 1762 1236 1827 alio
1259 1763 1348 1835 loco,
1376 1771 1529 1845 quantum
1550 1765 1665 1828 salutis
1686 1783 1771 1827 com·

448 1860 552 1922 munis
584 1855 709 1920 intersit
741 1855 823 1920 duos
854 1855 1002 1920 consules
1034 1856 1068 1919 in
1100 1876 1134 1919 re
1166 1856 1293 1939 publiea
1323 1855 1474 1921 Kalendis
1505 1856 1661 1923 Ianuariis
1689 1875 1771 1919 esse.

447 1950 478 2014 5.
500 1950 596 2027 Quod
617 1950 645 2014 si
666 1951 710 2014 ita
732 1956 796 2024 est,
828 1968 894 2012 non
925 1957 989 2013 tam
1011 1970 1061 2013 me
1083 1947 1220 2014 officium
1241 1950 1350 2014 debuit
1370 1950 1409 2014 ad
1430 1951 1569 2015 bominis
1590 1951 1686 2015 amici
1706 1950 1771 2014 for·

411 2058 439 2103 42
449 2053 541 2110 tunes
569 2064 664 2129 quam
692 2063 743 2107 res
770 2042 897 2126 publiea
918 2043 1080 2108 consulem
1102 2045 1142 2107 ad
1164 2063 1364 2108 communem
1384 2044 1515 2108 salutem
1536 2043 1769 2108 defendendam

449 2158 570 2204 vocare.
613 2138 668 2200 lll.
689 2139 768 2200 Nam
789 2135 875 2218 quod
896 2136 999 2220 legem
1020 2136 1060 2200 de
1089 2137 1208 2200 ambitu
1236 2137 1310 2212 tuli,
1340 2145 1424 2201 certe
1451 2138 1496 2201 ita
1523 2137 1598 2212 tuli,
1623 2145 1660 2201 ut
1688 2157 1769 2209 eam,

451 2252 546 2316 quam
568 2231 710 2296 mihimet
730 2230 792 2313 ipsi
813 2230 1014 2313 iampridem
1037 2231 1162 2293 tulerim
1184 2231 1225 2293 de
1246 2231 1362 2295 civium
1385 2229 1533 2313 periculis
1547 2231 1769 2304 defendendis,

448 2345 513 2388 non
532 2325 727 2406 abrogarem.
757 2324 880 2388 Etenim
896 2325 923 2387 si
939 2325 1139 2409 largitionem
1153 2324 1267 2390 factam
1281 2346 1351 2390 esse
1365 2326 1546 2401 confiterer,
1568 2325 1669 2409 idque
1683 2333 1769 2389 recte

448 2419 564 2483 factam
586 2439 656 2484 esse
678 2416 895 2494 defenderem,
917 2418 1052 2485 facerem
1074 2421 1232 2504 improbe,
1255 2420 1349 2485 etiam
1363 2422 1392 2485 si
1414 2420 1497 2484 alius
1511 2421 1613 2503 legem
1626 2419 1770 2483 tulisset:

411 2522 521 2577 2⁰curn
542 2532 618 2577 vero
639 2512 720 2576 nibil
741 2515 942 2578 commissum
963 2524 1072 2580 222422
1095 2515 1198 2598 legem
1219 2535 1289 2580 esse
1310 2513 1493 2587 defendam,
1515 2513 1594 2596 quid
1615 2519 1665 2576 est
1683 2510 1769 2595 qisod

449 2626 550 2670 meam
571 2605 787 2670 defensionem
808 2606 883 2671 latio
906 2607 986 2691 legis
1008 2608 1183 2693 impediat?
1225 2605 1255 2671 6.
1277 2610 1377 2690 Negat
1396 2626 1467 2672 ease
1488 2605 1632 2670 eiusdem
1653 2606 1770 2671 severi·

448 2702 539 2776 tatis,
569 2698 753 2775 Catilinam,
782 2701 912 2765 exitium
941 2703 987 2765 rei
1017 2703 1164 2786 publicae
1185 2703 1267 2766 intra
1289 2702 1414 2766 moenia
1436 2699 1636 2774 molientem,
1664 2700 1769 2764 verbis

448 2804 480 2859 et
501 2814 601 2879 paene
622 2794 756 2878 imperio
778 2816 819 2858 ex
839 2796 918 2860 urbe
940 2796 1117 2880 expulisse,
1138 2805 1170 2860 et
1191 2817 1275 2861 nunc
1294 2816 1352 2880 pro
1367 2797 1403 2858 L.
1418 2797 1549 2859 liusena
1564 2795 1681 2858 dicere.
1701 2797 1769 2878 Ego

448 2898 552 2953 autem
573 2889 631 2953 bas
650 2896 756 2973 partes
777 2888 915 2954 lenitatis
938 2897 970 2953 24
990 2891 1241 2965 misericordiae,
1265 2910 1345 2973 quas
1365 2897 1543 2955 manatura
1562 2889 1633 2972 ipsa
1649 2888 1768 2963 docuit,

411 2990 573 3067 atsemper
600 2983 650 3066 egi
675 2982 825 3048 libenter:
855 2983 941 3047 illam
970 3002 1044 3047 vero
1066 2985 1227 3067 gravimtis
1249 2985 1490 3067 severitatisque
1512 3003 1681 3065 personam
1703 3001 1767 3047 non

449 3077 606 3160 appetivi,
628 3076 684 3141 sed
705 3076 801 3139 abre
823 3077 950 3159 publica
970 3077 1046 3141 mibi
1065 3078 1246 3162 impositam
1260 3077 1414 3153 sustinui,
1436 3077 1517 3142 sicut
1531 3075 1626 3140 buius
1641 3075 1767 3158 imperii

449 3171 584 3254 dignitas
603 3171 637 3234 in
659 3190 780 3236 summo
801 3169 944 3252 periculo
966 3170 1082 3234 civium
1108 3169 1297 3253 postulabat.
1340 3172 1434 3247 Quod
1456 3171 1483 3235 si
1506 3179 1591 3245 urm,
1621 3190 1696 3234 cum
1716 3188 1768 3233 res

449 3264 576 3347 publica
603 3264 664 3328 2422
694 3272 726 3327 24
746 3264 943 3328 222224424222
966 3261 1181 3338 desiderabat,
1211 3265 1271 3329 vici
1292 3271 1436 3329 naturam
1457 3273 1489 3328 et
1511 3273 1574 3328 tam
1595 3263 1767 3328 vehemens

514 3538 538 3586 4.
557 3535 817 3586 Romcniom.G.—
836 3532 1769 3601 meus]upusmc,acststctv,ststsp.-e.pottssm

448 3621 543 3661 tammo
559 3609 703 3674 Madvigius
720 3609 823 3674 (opusc.
841 3610 873 3659 11.
891 3621 918 3673 p.
937 3609 1016 3672 3694
1038 3610 1165 3673 potissim
1180 3609 1249 3671 lf0,
1266 3610 1393 3672 potissim
1409 3610 1499 3671 EGv‚
1517 3611 1533 3660 5
1549 3609 1613 3661 on.
1640 3611 1670 3661 ln
1687 3623 1768 3662 unam

449 3695 557 3745 vocem,
583 3684 610 3735 id
633 3684 705 3748 quod
726 3683 797 3734 haud
818 3694 878 3733 raro
900 3681 1009 3744 accidit,
1035 3697 1079 3734 vv.
1096 3685 1259 3746 2244222222
1274 3697 1368 3736 nerano
1385 3684 1547 3736 coaluerunt.
1567 3712 1595 3720 -
1621 3686 1647 3737 ⁵.
1665 3692 1770 3748 222222

449 3758 548 3823 aliquot
562 3758 642 3811 codd.
659 3756 765 3821 Quintil.
784 3759 815 3809 V.
834 3760 874 3818 tt,
891 3758 932 3808 23.
952 3760 979 3808 24
995 3758 1038 3809 od.
1057 3758 1156 3810 biannt.
1174 3757 1252 3809 44404
1271 3771 1324 3809 om.
1342 3772 1357 3810 2
1372 3759 1451 3810 codd.
1470 3759 1524 3810 Cic.
1542 3761 1570 3809 et
1585 3761 1615 3811 0.
1642 3761 1717 3811 elion
1735 3761 1769 3810 42-

449 3833 499 3886 2442
516 3836 658 3900 quisquam
674 3834 805 3901 antiquior
820 3844 915 3898 prosse
933 3833 1058 3885 cratonis
1073 3835 1187 3898 scriptor
1201 3834 1294 3886 2242222
1309 3839 1398 3897 portu,
1414 3834 1488 3896 2242,
1505 3839 1576 3885 tm
1591 3834 1665 3887 dixit.
1691 3834 1768 3895 Quod

450 3923 464 3958 2
482 3910 650 3960 Steinmetzio
665 3907 799 3969 laudatur,
817 3907 853 3958 de
869 3906 917 3958 041.
937 3909 978 3958 441.
998 3907 1022 3971 S.
1039 3909 1079 3958 40.
1098 3908 1256 3958 4422224222
1271 3908 1379 3968 22424222,
1398 3907 1512 3958 eandem
1529 3910 1659 3958 rationem
1676 3907 1767 3968 habet,

450 3988 529 4048 atque
546 3983 646 4035 ibidem
655 3984 816 4035 4422224222
830 3982 940 4033 libadion
955 3983 1093 4033 2242222244.
1115 3984 1213 4033 Caesar
1224 3982 1333 4045 quidem
1349 3995 1382 4032 22
1396 3987 1472 4044 ports
1487 3982 1552 4032 dixit
1569 3983 1606 4044 (B.
1624 3985 1655 4033 G.
1669 3982 1693 4044 4,
1706 3983 1766 4044 tat,

449 4074 467 4109 2
483 4064 552 4109 42222
570 4059 606 4122 (e.
626 4059 654 4109 C.
674 4058 701 4118 4,
720 4059 800 4121 tou),
827 4057 914 4108 Livius
936 4070 954 4106 2
975 4057 1087 4107 litoribus
1110 4057 1165 4120 (22,
1183 4055 1250 4118 aa),
1276 4055 1308 4105 24
1324 4056 1435 4119 Hippone
1451 4056 1503 4118 (29,
1522 4057 1571 4117 a),
1597 4055 1630 4106 22
1652 4057 1768 4108 msto

450 4133 503 4195 (24,
515 4133 577 4196 ii·
594 4133 752 4183 Wssarvnssc
768 4133 803 4182 cd
818 4132 879 4182 8224.
898 4143 925 4195 p.
937 4130 982 4191 49,
996 4133 1020 4181 t.
1035 4158 1061 4170 -
1081 4132 1106 4180 44
1122 4131 1184 4181 mei.
1199 4156 1226 4165 —
1247 4131 1270 4180 6.
1286 4131 1431 4193 praedicere
1446 4128 1547 4194 aliquot
1556 4129 1635 4182 codd.
1649 4129 1765 4192 Quintil:

447 4208 592 4270 proscipere
607 4205 685 4258 codd.
699 4207 752 4258 Cic.
772 4208 799 4257 24
814 4207 843 4257 0.
867 4206 1022 4269 «aptissime
1039 4206 1135 4257 dicitur
1147 4205 1293 4268 2222442222
1308 4209 1478 4266 4222242422
1489 4208 1540 4256 cet.
1558 4205 1692 4264 2244222222,
1710 4206 1727 4255 4.
1740 4218 1765 4255 e.

450 4295 503 4346 quo
520 4281 601 4332 modo
618 4284 786 4346 comparatae
802 4282 855 4333 sint
869 4281 1057 4344 tempestates:
1075 4293 1139 4331 num
1153 4281 1299 4342 2222242222
1313 4279 1435 4328 2244222222
1451 4280 1599 4343 significare
1616 4280 1700 4343 possit
1716 4285 1768 4329 trs·

450 4358 507 4408 (4222
522 4361 603 4408 224222
619 4361 771 4420 4222224242(
785 4356 905 4415 22442244,
924 4353 1000 4406 22122
1018 4354 1124 4412 dubito;
1142 4357 1215 4405 certa
1232 4353 1315 4405 atiena
1332 4357 1394 4405 sunt
1404 4367 1472 4418 quae
1488 4355 1685 4406 sstainmetzio
1697 4368 1768 4407 com·

450 4433 584 4496 parantur.
611 4432 702 4494 Neque
722 4443 786 4481 vero
807 4428 983 4490 solventibus,
1006 4430 1096 4494 quiet
1114 4430 1275 4494 ipsinautae
1293 4432 1395 4488 essent,
1417 4442 1484 4494 opus
1501 4431 1559 4480 erat
1574 4428 1691 4492 discere,
1715 4443 1767 4495 quo

450 4505 531 4557 modo
552 4503 607 4556 ilias
629 4518 674 4558 res
693 4506 776 4556 vitare
801 4507 922 4570 possent,
948 4505 997 4556 sed
1017 4506 1119 4556 tantum
1138 4506 1199 4554 ante
1216 4503 1323 4565 2221422,
1350 4503 1414 4567 quid
1432 4503 1482 4555 sibi
1498 4504 1652 4555 evitandum
1668 4509 1766 4556 esset..

450 4581 568 4632 Wsssur.
587 4578 605 4631 4.
624 4591 647 4630 c.
667 4606 695 4614 -
714 4580 744 4642 ct]
761 4579 784 4630 24
801 4581 887 4641 GTv,
905 4580 940 4630 242
955 4580 1018 4641 HS,
1036 4579 1089 4630 24222
1105 4579 1165 4629 CE.
1179 4606 1207 4614 -
1226 4580 1251 4629 7.
1269 4580 1385 4641 ncprsd.
1398 4581 1427 4629 G.
1443 4606 1470 4616 -
1487 4579 1537 4641 (224
1553 4581 1581 4629 P.
1594 4579 1725 4631 Victorius
1741 4582 1767 4630 42

450 4653 572 4720 exemplo
592 4667 642 4706 suo
664 4654 708 4706 ed.
731 4655 840 4717 442224,
864 4656 883 4705 4
901 4657 928 4705 24
943 4652 1042 4717 aliquot
1057 4652 1136 4705 codd.
1155 4652 1273 4713 Quintil:
1298 4656 1372 4716 affert
1388 4652 1429 4704 vei
1452 4654 1535 4717 244224
1550 4653 1628 4705 codd.
1647 4652 1765 4706 42144224.

451 4729 490 4782 Cf.
508 4729 635 4781 Wesenb
654 4727 671 4779 4.
691 4744 768 4781 2.-
741 4730 818 4781 —.8
841 4730 1015 4794 2222422422
1030 4729 1050 4780 E
1068 4733 1096 4780 24
1112 4727 1171 4778 cod
1190 4729 1334 4779 42222-
1362 4729 1387 4778 9.
1405 4742 1444 4778 osc
1459 4741 1508 4779 2222
1524 4729 1609 4779 ocimo
1625 4729 1688 4779 EG:
1712 4742 1765 4779 om.

449 4806 552 4865 222244;
569 4805 893 4856 2222422222ωο2.-
912 4805 952 4853 42.
965 4803 1192 4865 protume-
1165 4802 1477 4864 -scctmumsitGoe
1451 4803 1765 4866 -qsamsstssvsu-

451 4881 491 4932 43.
509 4879 566 4931 1424.
587 4892 641 4930 om.
660 4879 765 4931 044-
785 4876 827 4928 44.
844 4891 883 4928 me
899 4877 1007 4942 officim
1022 4890 1061 4926 ms
1077 4879 1148 4927 G
1168 4879 1209 4927 44.
1226 4878 1303 4940 reip.
1321 4885 1425 4940 ψν-
1398 4878 1484 4927 -.47
1502 4878 1661 4928 melioret·-
1645 4879 1767 4941 -dsfcsd

450 4969 500 5005 222
517 4966 570 5005 om.
589 4955 666 5004 G.—
689 4954 729 5004 48.
747 4952 892 5017 abrogarim
912 4951 1083 5016 probabiliter
1103 4953 1171 5001 coni.
1190 4951 1396 5015 Wesenbergius
1415 4951 1450 5002 ad
1465 4954 1613 5004 8224422222
1629 4965 1656 5017 p
1675 4951 1717 5004 tc.
1738 4981 1765 4990 -

451 5031 492 5081 24.
504 5029 536 5080 At
550 5034 625 5093 nspct
641 5029 701 5080 0242
715 5041 765 5080 2222
779 5028 1017 5080 Mommseniosoe
1035 5026 1173 5079 (2222442442
1188 5025 1333 5077 October
1350 5027 1574 5078 coni.iiotom.-
1592 5027 1765 5092 2422214244

451 5108 475 5154 24
486 5103 633 5164 4444422
652 5101 855 5155 222.222(1(4.-
874 5100 915 5153 24.
928 5101 1121 5153 22422222244.
1132 5125 1160 5136 -
1175 5099 1270 5165 paros]
1287 5101 1351 5151 22442
1361 5098 1402 5150 224
1418 5105 1486 5151 22422
1494 5100 1574 5152 codd.
1587 5104 1615 5152 24
1625 5101 1688 5152 edd.
1701 5105 1765 5154 vett.

454 5205 482 5217 -
500 5179 626 5242 4222242.
644 5193 672 5240 χ.
693 5179 779 5230 -ae
797 5190 898 5240 orep.
916 5177 1189 5240 44424422222).
1209 5203 1236 5212 -
1255 5174 1534 5227 24.22244224244.-
1552 5179 1676 5227 mom.
1694 5190 1766 5235 κ.-

452 5253 495 5306 24.
506 5253 656 5308 caterua
670 5253 739 5306 coni.
756 5252 882 5318 itsisigtus
898 5252 925 5304 in
940 5251 1021 5304 Sciet.
1039 5251 1068 5304 42
1083 5251 1113 5304 t.
1130 5251 1158 5301 t.
1176 5262 1203 5315 p.
1221 5249 1284 5311 tem
1302 5252 1330 5300 24
1345 5262 1371 5301 v.
1389 5250 1514 5302 Hassium
1528 5247 1595 5301 ibin
1612 5251 1668 5301 aot.
1685 5249 1744 5302 tta.
