4367 6109
454 537 517 610 378
823 548 866 617 lii
887 549 1054 614 VERREM
1074 548 1199 614 acrlo
1221 549 1407 616 sacunnl

454 717 574 802 optime
596 716 809 792 convenisset3
830 717 915 796 hunc
935 718 1056 782 homini
1076 718 1268 783 alienissimo
1282 739 1301 782 a
1316 719 1492 783 civitatibus
1504 718 1709 784 laudationes
1722 739 1782 804 per

455 811 517 873 vim
541 818 573 872 et
593 819 709 874 metum
731 830 922 894 comparare.
966 806 1037 874 tl8.
1061 812 1155 888 Quod
1185 812 1239 876 uhi
1260 812 1403 876 intellexi
1426 812 1558 875 multum
1579 813 1666 898 apud
1687 813 1781 877 illum

454 913 598 968 recentes
625 903 771 979 nuntios,
798 905 928 969 multum
957 905 1089 969 tabellas
1111 925 1176 969 non
1199 906 1489 981 commendaticias,
1518 907 1575 971 sed
1596 908 1781 971 nihumfias

352 999 356 1008 '
454 996 606 1071 valuisse,
627 997 788 1061 admonitu
808 1000 946 1083 ipsorum
965 1000 1231 1084 Syracusanorum
1253 1000 1404 1082 impetum
1425 1000 1459 1062 in
1479 1020 1533 1064 eas
1546 1001 1670 1066 talsulm
1684 1001 1780 1080 facio,

430 1090 489 1154 nin
512 1089 627 1174 quibus
650 1100 777 1155 senatus
799 1092 976 1155 consultum
998 1094 1255 1176 perscripserunt
1285 1096 1366 1158 Ecce
1387 1101 1493 1157 autem
1515 1114 1596 1159 nora
1616 1095 1711 1159 turba
1733 1102 1781 1159 at·

453 1204 516 1270 que
538 1185 622 1260 rixa,
644 1205 685 1248 ne
707 1193 812 1249 tamen
833 1186 929 1248 istum
951 1187 1079 1249 omnino
1096 1188 1258 1271 Syracusis
1273 1188 1342 1250 sine
1357 1188 1480 1262 amicis,
1504 1188 1572 1252 sine
1586 1189 1780 1274 hospitibus,

453 1280 546 1364 plane
568 1281 688 1343 nudum
711 1298 781 1342 esse
803 1299 839 1342 ac
853 1281 1010 1342 desertum
1032 1282 1167 1364 putetis:
1189 1282 1323 1344 retinere
1338 1281 1447 1365 incipit
1461 1281 1583 1346 tabulas
1597 1284 1781 1347 Theomna-

454 1383 520 1439 stus
542 1374 687 1459 quidam,
716 1373 810 1436 homo
832 1373 963 1436 ridicule
985 1375 1132 1449 insanus,
1160 1395 1254 1458 quem
1278 1375 1466 1457 Syracusani
1488 1376 1700 1440 Theoractum
1722 1396 1780 1440 ro-

453 1475 542 1543 cant;
572 1467 628 1552 qui
651 1466 716 1530 illic
737 1468 804 1530 eius
827 1467 910 1556 modi
933 1475 994 1542 est,
1025 1475 1060 1530 ut
1081 1488 1153 1531 eum
1174 1469 1263 1551 pueri
1286 1475 1462 1542 sectentur,
1491 1475 1527 1531 ut
1548 1489 1674 1544 omnes,
1705 1490 1780 1535 cum

417 1561 542 1645 coloqui
575 1563 694 1644 coepit,
725 1561 886 1624 irrideant.
928 1561 1030 1624 Huius
1059 1569 1163 1625 tamen
1193 1563 1332 1637 insania,
1365 1581 1446 1647 quae
1468 1561 1603 1626 ridicula
1623 1570 1672 1626 est
1694 1563 1779 1640 aliia,

453 1655 532 1720 mihi
559 1664 626 1718 tum
654 1654 786 1718 molesta
813 1674 889 1717 sane
915 1655 984 1718 fuit.
1027 1657 1105 1718 Nam
1136 1676 1206 1719 cum
1235 1676 1362 1739 spumas
1389 1665 1496 1740 ageret
1517 1655 1550 1718 in
1573 1675 1645 1732 ore,
1674 1657 1779 1722 oculis

453 1748 592 1823 arderet,
613 1768 691 1813 voce
712 1749 849 1812 maxima
870 1749 933 1812 vim
955 1770 1004 1813 me
1027 1749 1087 1812 sibi
1110 1751 1221 1814 afferre
1243 1750 1408 1825 clamaret,
1431 1749 1570 1835 copulati
1591 1750 1623 1813 in
1639 1751 1690 1815 ins
1705 1772 1779 1835 per·

453 1844 607 1907 venimus.
650 1838 723 1904 lta.
752 1843 811 1908 llic
840 1863 899 1926 ego
927 1844 1086 1926 postulare
1110 1845 1219 1929 coepi,
1246 1851 1282 1907 ut
1302 1845 1380 1907 milri
1402 1844 1527 1908 tabulas
1548 1845 1718 1928 obsignare
1740 1865 1778 1910 ac

454 1936 621 2021 deportare
651 1936 767 2000 liceret.
810 1937 867 2000 llle
895 1938 1144 2003 contradicere:
1173 1958 1288 2021 negare
1310 1958 1380 2001 esse
1401 1938 1479 2002 illud
1501 1945 1627 2002 senatus
1650 1939 1779 2003 murd-

415 2039 536 2106 tttum,
567 2030 601 2093 in
632 2050 696 2114 quo
725 2039 851 2114 praetor
879 2030 1054 2115 appellatus
1081 2040 1181 2104 esset3
1215 2051 1330 2115 negare
1358 2032 1391 2094 id
1412 2032 1490 2095 mihi
1515 2032 1596 2095 tradi
1616 2041 1777 2116 oportere.

452 2127 520 2209 Ego
541 2124 643 2208 legem
665 2126 812 2200 recitare,
835 2125 975 2187 omnium
997 2124 1074 2187 mihi
1098 2125 1274 2189 tabularum
1296 2132 1327 2188 et
1347 2125 1522 2190 litterarum
1542 2125 1612 2190 lieri
1635 2135 1778 2210 potesta·

452 2227 526 2284 tem.
568 2219 626 2282 llle
647 2218 784 2282 furiosus
806 2238 934 2301 urgere,
962 2218 1043 2280 nihil
1065 2218 1105 2282 ad
1127 2238 1161 2282 se
1183 2227 1307 2282 nostras
1329 2218 1415 2302 leges
1435 2221 1604 2304 pertinere.
1647 2223 1779 2287 Praetor

452 2312 632 2396 intelligens
654 2331 769 2395 negare
791 2312 851 2375 sibi
873 2312 1014 2395 placere,
1037 2312 1123 2396 quod
1145 2313 1470 2378 senatusconsultum
1491 2321 1594 2376 ratum
1615 2335 1686 2380 esse
1709 2336 1778 2380 non

453 2407 594 2482 deberet,
616 2406 720 2470 idme
742 2409 872 2470 Romam
894 2406 1069 2493 deportare.
1102 2407 1187 2483 Quid
1201 2407 1325 2471 multat
1347 2407 1409 2471 nisi
1421 2408 1639 2471 vehementius
1652 2409 1779 2498 homini

414 2503 588 2566 seminatus
611 2520 730 2576 essem,
757 2501 820 2565 nisi
843 2501 920 2583 legis
943 2502 1135 2565 sanctionem
1157 2520 1355 2584 poenamque
1376 2502 1574 2576 recitassem,
1596 2503 1778 2567 tabularum

452 2596 530 2660 mihi
558 2603 696 2680 potestas
724 2595 808 2658 facta
835 2615 899 2659 non
921 2603 1013 2658 esset.
1057 2596 1115 2659 llle
1137 2605 1240 2659 autem
1259 2596 1409 2669 insanus,
1441 2597 1496 2679 qui
1519 2616 1577 2678 pro
1598 2597 1658 2661 isto
1679 2598 1779 2662 velae-

451 2690 643 2754 mentissime
664 2697 774 2754 contra
795 2710 844 2752 me
866 2689 1089 2764 declamasset,
1112 2698 1280 2773 postquam
1301 2709 1365 2753 non
1387 2689 1582 2772 impetravit,
1604 2691 1718 2765 credo,
1740 2699 1779 2754 ut

451 2785 483 2847 in
507 2785 637 2866 gratiam
658 2804 782 2846 mecum
803 2784 937 2858 rediret,
966 2783 1109 2846 libellum
1130 2784 1208 2848 milri
1230 2783 1299 2857 dat,
1322 2782 1355 2845 in
1377 2803 1440 2866 quo
1462 2783 1554 2845 istius
1575 2783 1658 2846 furta
1680 2783 1778 2868 Syra·

452 2897 570 2943 cusana
591 2878 763 2963 perscripta
785 2885 884 2953 erant,
906 2897 987 2961 quae
1009 2898 1068 2961 eqo
1090 2886 1182 2942 antea
1203 2878 1265 2941 iam
1287 2878 1326 2941 ab
1348 2877 1419 2940 aliis
1441 2896 1608 2959 cognoram
1630 2887 1663 2942 et
1684 2899 1778 2943 aoce-

412 2980 570 3057 ttperam.
612 2973 737 3035 LXVII.
759 2967 831 3035 l50.
852 2971 996 3035 Laudent
1017 2981 1049 3036 te
1070 2973 1133 3036 iam
1155 2992 1230 3036 sane
1252 2972 1445 3046 Mamertini,
1473 2973 1623 3055 quoniam
1644 2994 1686 3036 ex
1707 2981 1778 3039 tota

451 3066 614 3152 provincia
635 3066 695 3131 soli
718 3074 805 3141 sunt,
829 3067 885 3151 qui
909 3074 939 3128 te
961 3066 1081 3130 salvum
1104 3066 1218 3141 velint,
1248 3067 1290 3129 ita
1311 3074 1416 3128 tamen
1438 3064 1584 3141 laudent,
1605 3073 1641 3129 ut
1661 3067 1777 3143 Heius,

451 3161 508 3246 qui
530 3161 673 3245 princeps
694 3159 861 3243 legationis
884 3168 948 3235 est,
982 3159 1079 3237 adsit;
1113 3160 1156 3223 ita
1184 3159 1330 3233 laudent,
1362 3165 1398 3221 ut
1419 3159 1459 3222 ad
1482 3178 1536 3232 ea,
1569 3178 1650 3242 quae
1671 3162 1776 3244 rogati

452 3433 474 3482 ei
490 3433 580 3494 optime
596 3434 629 3494 L,
647 3435 674 3482 et
691 3434 752 3496 post
768 3444 830 3482 eum
848 3429 936 3482 llalm:
958 3445 983 3493 q.
1001 3432 1091 3494 optime
1107 3431 1138 3480 ei.
1167 3456 1194 3466 -
1220 3431 1243 3479 l.
1261 3430 1318 3478 nuic
1334 3428 1426 3477 nomini
1442 3427 1488 3477 aa.
1508 3454 1535 3464 -
1554 3427 1579 3476 Ξ.
1597 3428 1665 3490 apud
1681 3428 1736 3478 ittos
1755 3430 1777 3480 n

452 3508 484 3556 Gt
499 3508 524 3557 t.
539 3532 566 3542 -
585 3506 608 3556 3.
621 3509 725 3556 recentis
735 3508 764 3556 li.
779 3533 806 3542 -
825 3506 923 3556 tabutas
933 3508 965 3557 Gt
981 3507 1045 3558 dett.
1058 3507 1088 3556 0.
1103 3533 1130 3543 -
1150 3503 1173 3556 l.
1192 3505 1281 3566 sprec.
1294 3505 1405 3566 ipsorum
1416 3500 1432 3551 λ
1444 3502 1505 3562 Ld.;
1524 3501 1612 3563 Snroc.
1626 3515 1680 3553 om.
1694 3503 1775 3567 [εἶθ.

455 3607 481 3619 ·-
500 3582 524 3630 o.
543 3581 569 3630 S.
589 3581 615 3632 0.
630 3583 829 3644 perscripserunt
845 3580 938 3632 alut
967 3581 1059 3644 (Madv.
1078 3593 1104 3644 p.
1122 3581 1162 3630 96.
1181 3581 1228 3644 Op.
1248 3581 1266 3629 l.
1285 3593 1311 3644 p.
1330 3578 1410 3641 asty:
1432 3579 1459 3629 S.
1479 3579 1505 3628 C.
1522 3582 1720 3640 perscripsenert
1736 3579 1776 3628 (32

451 3654 512 3714 Ld.;
530 3655 612 3718 cipitia
626 3658 767 3719 perscripto
783 3662 856 3706 nont
872 3658 965 3720 ηιμ
983 3655 1194 3706 sennnnonrntto
1206 3656 1348 3717 perscripto
1364 3659 1436 3704 nont
1452 3654 1481 3703 0.
1497 3680 1525 3689 -
1543 3654 1567 3704 6.
1585 3653 1656 3702 rien
1674 3652 1714 3702 Ne
1729 3658 1777 3702 tn-

450 3746 507 3784 rnen
523 3744 582 3796 sqq.
595 3732 624 3781 0.
642 3734 676 3782 st
691 3731 725 3782 ci.
742 3731 765 3795 ἕ.
780 3732 820 3782 ot.
840 3745 885 3782 «ne
901 3745 973 3794 quem
986 3733 1092 3793 potetis»
1110 3743 1170 3794 sqq.
1185 3756 1212 3765 -
1226 3730 1278 3779 stne
1294 3730 1380 3779 amnis
1397 3741 1451 3779 om.
1469 3728 1547 3790 lagg.
1567 3730 1672 3792 praeter
1689 3726 1731 3777 2⁹.
1745 3753 1775 3764 -

450 3808 475 3858 t.
494 3820 554 3857 sone
568 3808 662 3856 nudam
678 3807 757 3870 ngas.
776 3832 803 3842 ·-
823 3807 909 3869 incipit
925 3807 973 3867 lid,
992 3804 1020 3855 l:
1039 3808 1118 3869 coepit
1134 3806 1199 3856 dett.
1217 3805 1247 3854 0.
1267 3831 1294 3840 -
1314 3806 1353 3855 to.
1372 3805 1450 3865 coepit
1467 3803 1520 3852 aa:
1539 3804 1646 3864 coeperit
1663 3801 1774 3853 detto.

453 3908 481 3919 -
500 3882 623 3931 inrideant
640 3883 668 3931 li.
689 3904 716 3917 -
734 3885 770 3930 eet
786 3892 838 3930 om.
859 3882 936 3943 lagg.
955 3881 1020 3931 dett.
1040 3909 1067 3919 -
1088 3883 1128 3932 tt.
1146 3893 1244 3931 scamas
1260 3881 1288 3930 a.
1303 3906 1331 3915 -
1350 3879 1426 3929 oeulis
1442 3875 1615 3927 orderetldt
1634 3877 1676 3940 (ct.
1689 3878 1774 3928 Tacit.

450 3959 517 4007 dnn.
535 3956 599 4006 xvi.
612 3955 676 4017 til:
695 3968 731 4005 oc.
747 3955 863 4034 ordnent
880 3955 936 4018 (sic)
953 3957 986 4015 ll;
1004 3957 1122 4007 arderem
1137 3957 1202 4006 ocati
1218 3957 1283 4008 dett.
1303 3958 1331 4007 0.
1351 3983 1379 3992 -
1402 3957 1440 4005 te.
1460 3956 1559 4018 adferre
1576 3956 1604 4005 n.
1625 3981 1652 3990 -
1672 3955 1712 4006 tt.
1732 3955 1776 4005 itte

450 4055 539 4100 contro
549 4075 585 4086 --
593 4054 738 4111 potestatem
754 4049 789 4099 aa
801 4046 817 4097 λ
830 4050 859 4110 C,
877 4049 892 4100 l
910 4051 982 4100 Parc.
1001 4048 1076 4100 Lali:
1100 4051 1140 4100 ille
1155 4056 1245 4102 contro
1262 4052 1368 4100 recitare
1384 4051 1494 4099 omninno
1509 4048 1570 4097 mitti
1587 4047 1732 4098 nnumin
1749 4054 1775 4099 et

450 4125 591 4175 litterarum
600 4123 656 4187 lteri
663 4129 808 4187 potestatem
820 4129 933 4187 oportere
945 4125 1088 4188 taggdett.
1109 4127 1136 4176 ln
1148 4129 1180 4176 Gt
1196 4139 1261 4177 om:
1281 4126 1343 4175 ittnd
1352 4132 1430 4175 sena.
1444 4151 1481 4162 --
1491 4137 1597 4187 nepore3
1611 4123 1685 4173 addit
1696 4137 1775 4186 opor·

450 4206 501 4252 tere
511 4202 572 4264 post
580 4203 725 4261 potestatem
736 4200 756 4249 0
767 4199 863 4262 [recte;
881 4213 907 4250 v.
921 4199 980 4250 lect.
995 4200 1086 4265 L329];
1105 4201 1188 4251 intere
1197 4196 1265 4252 'ante
1277 4203 1387 4251 omniurn
1398 4199 1569 4251 inserendum
1581 4202 1674 4250 censet
1686 4198 1773 4250 llalm.

450 4279 483 4327 st
494 4278 535 4327 est
550 4275 576 4325 h.
589 4273 606 4324 1.
619 4273 826 4338 breviloquentia
840 4275 973 4338 quaedam
990 4275 1015 4325 in
1031 4278 1148 4326 oratione
1165 4280 1219 4327 tam
1237 4278 1366 4326 concitata
1384 4289 1434 4325 oon
1453 4277 1549 4340 inepta.
1576 4277 1641 4325 Nam
1659 4277 1689 4324 ut
1706 4275 1775 4325 intre

449 4357 527 4416 arpeo
540 4366 563 4402 c.
578 4349 621 4399 inl.
635 4352 676 4400 est
693 4350 881 4400 «vehementer
898 4350 1055 4411 contendo»,
1072 4352 1111 4402 sic
1123 4351 1149 4401 h.
1163 4349 1179 4400 l.
1198 4352 1275 4415 tepern
1290 4353 1366 4400 recito
1377 4351 1447 4401 idern
1460 4350 1531 4414 quod
1550 4350 1623 4414 dege
1635 4350 1774 4402 recitando

450 4439 472 4478 s.
486 4425 586 4490 exlege
604 4425 673 4485 dico,
692 4423 821 4488 postulo».
841 4424 911 4488 [Lag.
923 4425 963 4483 29,
983 4424 1016 4475 de
1034 4439 1087 4489 quo
1105 4428 1132 4476 Ζ.
1151 4430 1232 4487 tacet,
1251 4425 1339 4477 locum
1357 4427 1383 4475 in
1399 4425 1455 4475 rell.
1470 4427 1546 4489 lagg.
1560 4424 1715 4476 lacunosum
1733 4426 1775 4477 sic

451 4503 578 4567 scripturn
600 4499 698 4550 habet:
724 4500 765 4549 itte
780 4504 869 4549 contro
885 4501 965 4550 dicem
983 4513 1075 4563 nepore
1091 4507 1150 4550 esset
1166 4501 1227 4549 iliud
1242 4501 1269 4551 S.
1288 4501 1314 4552 C.
1333 4503 1360 4549 in
1377 4515 1424 4562 qno
1438 4506 1543 4561 praetor
1559 4499 1698 4561 appellatas
1713 4505 1775 4549 esset

450 4579 477 4629 id
492 4591 585 4642 nepcre
600 4577 659 4627 milti
677 4576 744 4625 tradi
760 4581 881 4638 oportere.
909 4589 953 4640 epo
972 4580 1025 4625 torn
1046 4575 1110 4639 opes
1125 4576 1231 4625 recitare
1246 4576 1356 4625 omniurn
1372 4575 1466 4623 mitit.
1484 4574 1775 4637 ettyteripoteetctens

450 4653 582 4716 oportere]
608 4678 636 4687 -
665 4652 704 4700 ll.
723 4656 811 4700 contra
834 4651 876 4700 itte
890 4650 941 4714 (nr.
960 4651 996 4700 St.
1025 4678 1052 4687 -
1079 4651 1119 4701 20.
1138 4651 1198 4714 lepis
1213 4652 1249 4701 aa
1261 4648 1295 4700 l:
1324 4652 1388 4714 tepet
1406 4651 1485 4712 igi&
1511 4650 1592 4713 tepasnr
1609 4648 1673 4698 dett.
1693 4648 1723 4698 0.
1744 4675 1772 4685 -

450 4730 491 4781 22.
509 4734 598 4779 contro
613 4739 652 4778 rne
667 4728 759 4776 velem.
779 4728 855 4791 Lagg.
869 4726 932 4776 dett.
947 4727 976 4776 0.
991 4754 1019 4764 -
1037 4725 1207 4788 inpetrooisset
1223 4726 1267 4776 na.
1296 4725 1347 4775 Sed
1365 4726 1382 4774 h
1406 4724 1421 4775 l.
1436 4723 1504 4774 nulla
1521 4737 1631 4788 prorsus
1642 4725 1709 4773 ratio
1721 4727 1772 4784 est,

450 4817 503 4869 qua
520 4804 588 4854 coni.
607 4801 858 4867 plusquampertscn
876 4801 980 4853 delendi
997 4805 1070 4851 recte
1088 4802 1178 4865 possit.
1205 4800 1243 4850 Ct.
1263 4799 1347 4850 tialm.
1362 4800 1395 4850 ad
1414 4801 1564 4863 Pompeian.
1583 4799 1607 4863 ἕ.
1621 4801 1660 4850 to.
1681 4798 1775 4849 Libra-

451 4880 520 4929 rium
544 4880 570 4928 in
597 4891 715 4928 errorem
739 4877 838 4927 induxit
861 4876 1026 4942 praecedens
1043 4877 1213 4929 monnone:
1240 4874 1299 4924 talia
1318 4874 1359 4925 vel
1376 4876 1402 4925 in
1420 4877 1525 4938 optimis
1542 4874 1619 4925 codd.
1638 4872 1775 4925 interdum

450 4954 626 5005 inveniuntur.
647 4979 675 4989 -
693 4952 734 5003 et.
753 4956 829 5002 anteo
845 4953 896 5002 inm
913 4951 944 5001 ot
960 4951 1018 5000 otiis
1034 4952 1069 5001 ll:
1090 4951 1142 5000 ten
1158 4955 1234 5001 anno
1250 4951 1281 5000 ab
1298 4952 1354 5000 otiis
1366 4951 1415 5007 c3;
1434 4957 1510 5000 anteo
1525 4953 1577 5000 inm
1593 4951 1625 5000 ab
1640 4951 1689 5000 ittir
1705 4949 1772 5002 dett.

451 5029 480 5079 0.
498 5029 651 5093 [deceptam
669 5026 810 5078 lectionem
828 5039 876 5077 nos
894 5026 1067 5085 restituimus,
1087 5026 1211 5090 quoniam
1229 5039 1243 5076 a
1258 5027 1385 5076 Bursiano
1397 5027 1510 5089 primum
1523 5039 1555 5076 er
1566 5027 1585 5075 li
1598 5023 1698 5090 prolata
1711 5025 1773 5090 est]

453 5130 480 5141 -
499 5104 540 5154 25.
559 5116 619 5153 sone
634 5104 686 5153 inm
703 5104 780 5165 lagg.
801 5105 905 5166 praeter
920 5100 967 5160 29,
986 5101 1015 5151 0.
1036 5128 1063 5136 -
1083 5103 1201 5163 qnoniam
1218 5101 1268 5160 113,
1287 5101 1346 5150 cod.
1360 5100 1474 5150 Turnebi
1492 5100 1557 5150 Λᾶν.
1576 5101 1640 5150 Vlll.
1654 5101 1707 5150 ta:
1729 5101 1774 5163 qen·

453 5177 517 5229 dett.
537 5178 566 5228 0.
587 5204 613 5215 -
632 5178 692 5242 tota]
711 5183 783 5227 tonte
800 5175 865 5226 dett.
878 5176 907 5226 0.
923 5203 950 5213 -
968 5175 1009 5229 tl.
1024 5177 1143 5241 princepe
1158 5175 1211 5225 lid:
1230 5176 1281 5226 eius
1294 5177 1410 5238 princeps
1426 5175 1491 5225 dett.
1505 5175 1537 5235 0;
1554 5177 1732 5239 princepses‘ut
1742 5177 1771 5228 t.

453 5279 481 5293 -
494 5254 528 5307 ad
544 5265 597 5307 om.
617 5253 681 5309 dett.
701 5278 728 5288 -
748 5265 803 5305 eam
819 5253 848 5305 R.
1297 5289 1302 5301 .
