4367 6109
445 540 508 609 ooo
591 537 743 606 omno
764 537 843 604 rao
865 539 902 603 s.
925 535 1128 602 censano
1152 535 1226 602 cn.
1240 536 1354 601 ιω
1374 533 1435 621 ss.
1449 521 1654 601 eoo-eos.

448 733 517 777 eam
538 731 632 776 nemo
654 707 834 780 bominem,
856 726 894 769 ea
915 705 978 780 vis,
1000 714 1037 770 ut
1057 726 1150 771 neruo
1171 703 1336 781 feminam,
1359 726 1396 770 ea
1410 701 1623 773 erudelitas,
1647 701 1687 761 ut
1706 713 1785 762 uene

448 805 579 861 matrem
600 792 759 877 appellare
780 793 891 874 possit.
934 792 1038 875 Atque
1060 790 1155 854 etiam
1176 791 1306 855 nomina
1324 786 1635 859 necessitudinum,
1658 799 1726 845 nen
1744 801 1786 882 so

450 882 515 945 lum
544 886 678 942 naturae
706 896 824 939 nomen
847 882 879 938 et
898 875 968 939 iura
990 876 1137 938 mutavit:
1168 895 1250 937 uxor
1292 875 1395 951 eneti,
1424 890 1576 940 noverca
1600 865 1683 942 filii,
1714 861 1786 932 libas

448 965 574 1049 pellex:
609 982 648 1026 eo
677 961 740 1024 iem
769 960 908 1043 denique
937 960 1071 1023 adducta
1094 966 1157 1033 est,
1190 966 1226 1022 ut
1247 895 1306 1022 sili
1328 968 1455 1043 praeter
1475 959 1629 1023 formam
1652 951 1785 1018 nibilsd

427 1047 688 1114 ssimilitudinem
710 1044 848 1108 bominis
869 1045 1046 1108 reservarit.
1082 1041 1154 1106 200.
1178 1043 1299 1120 Quare,
1321 1045 1461 1119 iudices,
1484 1043 1514 1108 si
1537 1040 1657 1106 scelus
1673 1038 1784 1113 odrstrq

448 1132 614 1217 prohibete
635 1130 757 1195 aditum
778 1129 886 1193 matris
909 1149 928 1191 a
949 1125 1005 1191 filii
1020 1129 1190 1212 sanguine:
1213 1129 1284 1192 date
1305 1131 1428 1212 parenti
1450 1130 1543 1192 bunc
1562 1123 1785 1190 incredibilem

449 1218 590 1281 dolorem
613 1235 654 1279 ex
675 1214 793 1287 salute,
815 1233 856 1276 ex
878 1213 1009 1276 victorie
1031 1213 1180 1277 liberum:
1203 1215 1344 1296 patimini
1359 1223 1507 1289 matrem,
1531 1231 1578 1277 ne
1595 1209 1714 1273 orbata
1727 1204 1784 1271 filio

449 1303 599 1374 laetetur,
621 1299 734 1361 victam
756 1298 860 1381 potius
883 1306 986 1361 vestra
1006 1299 1166 1381 aequitate
1188 1298 1362 1362 discedere.
1405 1300 1461 1362 Sin
1484 1305 1624 1370 autem,
1647 1293 1684 1357 id
1706 1293 1784 1377 quod

449 1394 553 1449 vestra
573 1391 685 1448 natura
705 1382 864 1465 postulat,
885 1381 1056 1464 pudorem,
1078 1383 1241 1446 veritatem
1261 1383 1474 1468 virtutemque
1498 1382 1558 1445 dili
1589 1380 1663 1454 ars,
1686 1378 1785 1443 levate

413 1471 532 1539 sobunc
555 1466 731 1552 aliquando
759 1466 934 1548 supplicem
956 1474 1112 1541 restrum,
1139 1467 1277 1541 iudices,
1306 1475 1353 1531 tot
1374 1488 1475 1532 annos
1498 1468 1534 1531 in
1572 1465 1648 1529 alsa
1668 1463 1786 1527 invidis

472 1553 665 1636 ericulisque
688 1558 863 1624 versatum,
892 1551 947 1634 qui
970 1571 1052 1613 nuno
1073 1552 1211 1635 primum
1232 1560 1306 1635 post
1327 1552 1413 1616 illem
1434 1555 1621 1626 flammam,
1651 1548 1785 1613 alionm

448 1577 532 1703 dacto
555 1645 587 1700 et
607 1635 780 1719 cupiditate
802 1635 987 1710 excitatam,
1016 1656 1072 1717 spe
1095 1644 1217 1700 vestrae
1244 1637 1413 1720 aequitatis
1435 1639 1559 1721 erigere
1585 1636 1739 1699 animum
1758 1643 1787 1697 et

448 1722 578 1807 paulum
599 1720 759 1802 respirare
780 1739 799 1782 a
820 1727 907 1783 metu
929 1720 1053 1802 coepit,
1075 1721 1126 1783 cui
1148 1723 1252 1805 posita
1273 1730 1346 1786 sunt
1368 1722 1399 1785 in
1414 1723 1505 1786 vobis
1528 1720 1663 1796 omnia,
1690 1737 1786 1802 quem

449 1814 605 1870 serratum
628 1824 698 1869 esse
717 1803 845 1888 plurimi
868 1804 1014 1887 cupiunt,
1036 1825 1162 1869 serrare
1185 1806 1243 1868 soli
1265 1827 1322 1869 ros
1343 1808 1485 1889 potestis.
1522 1800 1603 1869 204.
1628 1804 1713 1868 Orat
1732 1823 1785 1867 ros

413 1891 599 1964 collabitur,
622 1888 761 1962 iudices,
784 1896 817 1952 et
839 1889 918 1951 ilens
940 1889 1101 1964 obsecrat,
1123 1910 1164 1953 ne
1186 1910 1220 1952 se
1241 1891 1394 1966 invidiae,
1417 1892 1554 1975 quaein
1581 1889 1721 1954 iudiciis
1735 1908 1786 1951 rs·

449 1975 515 2039 lere
537 1993 601 2036 non
623 1972 730 2046 debet,
754 1993 793 2035 ue
815 1973 924 2046 matri,
946 1974 1037 2036 ouius
1058 1983 1131 2037 vota
1153 1983 1185 2037 et
1206 1995 1317 2057 preces
1330 1994 1348 2037 a
1363 1977 1475 2039 vestris
1495 1975 1668 2040 mentibus
1694 1993 1785 2056 repu-

451 2058 537 2121 diare
553 2057 690 2131 debetis,
712 2077 752 2119 ne
767 2057 959 2140 Oppianico,
981 2058 1103 2121 bomini
1121 2059 1260 2133 nefario,
1282 2058 1491 2123 condemnato
1507 2061 1574 2124 iam
1592 2068 1629 2123 et
1643 2066 1783 2133 mortuo,

450 2139 645 2205 condonetis.
688 2142 800 2203 Lxxr.
824 2141 918 2216 Quod
940 2141 966 2203 si
989 2163 1053 2225 qua
1075 2144 1234 2206 calamitas
1255 2143 1339 2206 hunc
1361 2145 1394 2207 in
1413 2143 1474 2207 boo
1488 2145 1615 2209 iudicio
1629 2142 1784 2207 afflixerit

450 2227 664 2300 innocentem,
685 2245 725 2287 ne
747 2226 807 2288 iste
829 2226 940 2299 miser,
963 2228 1007 2300 si,
1030 2226 1061 2289 id
1084 2227 1170 2310 quod
1193 2225 1321 2291 difficile
1343 2227 1427 2291 factu
1442 2235 1506 2303 est,
1528 2230 1563 2292 in
1588 2229 1661 2293 vita
1683 2248 1783 2292 rema·

412 2311 555 2384 aonebit,
578 2330 673 2394 saepe
695 2317 727 2372 et
748 2310 882 2374 multum
904 2318 1054 2393 queretur
1075 2313 1305 2395 deprehensum
1328 2333 1398 2376 esse
1427 2313 1506 2376 illud
1529 2314 1706 2396 quondam
1728 2314 1782 2376 Fa·

449 2394 621 2478 bricianum
643 2414 811 2458 venenum.
848 2394 942 2470 Quod
965 2395 990 2457 si
1014 2403 1079 2458 tum
1102 2397 1274 2459 indicatum
1295 2417 1360 2461 non
1375 2405 1474 2472 esset,
1495 2418 1561 2462 non
1586 2398 1670 2462 buic
1693 2417 1782 2462 aeru-

450 2479 649 2542 mnosissimo
671 2499 829 2542 venenum
851 2479 930 2541 illud
952 2478 1078 2554 luisset,
1102 2480 1157 2542 sed
1179 2480 1349 2545 multorum
1371 2483 1642 2546 medicamentum
1657 2501 1782 2546 maere-

449 2584 535 2626 rum:
564 2571 723 2646 postremo
752 2564 844 2627 etiam
874 2564 1016 2626 fortassis
1044 2574 1144 2628 mater
1166 2567 1333 2648 exsequias
1355 2566 1439 2629 illius
1460 2566 1584 2631 funeris
1608 2574 1782 2651 prosecute

449 2655 582 2711 mortem
604 2669 638 2712 sc
659 2645 716 2711 lilii
737 2648 845 2731 lugere
867 2647 1057 2711 simulasset.
1101 2652 1191 2712 Nunc
1212 2671 1287 2713 vero
1310 2651 1386 2734 quid
1409 2651 1466 2725 erit
1485 2652 1693 2735 profectum,
1723 2651 1781 2716 nisi

413 2742 484 2799 seut
503 2733 598 2796 buius
620 2752 661 2795 ex
681 2733 794 2796 mediis
815 2732 925 2795 mortis
948 2731 1070 2795 insidiis
1092 2734 1156 2797 vita
1177 2734 1217 2797 ad
1245 2735 1364 2798 luctum
1386 2743 1587 2812 conservata,
1619 2757 1713 2801 mors
1735 2757 1782 2800 se·

446 2816 557 2902 pulcro
579 2818 677 2900 patris
699 2818 821 2899 privata
842 2837 912 2880 esse
934 2816 1103 2880 videatur?
1146 2815 1217 2882 202.
1240 2820 1322 2882 Setis
1344 2820 1397 2883 diu
1418 2820 1531 2888 fuitin
1547 2822 1711 2896 miseriis,
1735 2823 1780 2885 iu·

449 2902 552 2977 dices,
573 2901 647 2965 satis
670 2901 785 2964 multos
807 2921 906 2964 annos
929 2921 969 2963 ex
991 2902 1113 2965 invidia
1134 2903 1297 2968 laboravit
1335 2907 1435 2967 Nemo
1457 2904 1533 2968 huie
1555 2912 1624 2969 tam
1646 2906 1779 2990 iniquus

448 2993 574 3069 praeter
594 2994 757 3068 parentem
778 2985 854 3061 luit,
884 2987 975 3048 cuius
996 3006 1061 3049 non
1084 2988 1224 3051 animum
1245 2989 1308 3051 iam
1331 2990 1492 3071 expletum
1514 3010 1586 3054 esse
1609 2999 1780 3074 putemus:

448 3090 521 3146 ros,
543 3071 598 3154 qui
619 3071 715 3153 aequi
737 3071 813 3133 estis
835 3071 997 3145 omnibus,
1020 3071 1092 3154 qui,
1114 3081 1151 3135 ut
1172 3074 1308 3156 quisque
1328 3074 1543 3137 crudelissime
1558 3083 1779 3174 oppugnatur,

410 3173 521 3219 aoeum
542 3154 703 3218 lenissime
725 3154 912 3229 sublevatis,
936 3164 1120 3219 conservate
1134 3158 1171 3219 A.
1188 3158 1383 3232 Cluentium,
1405 3159 1561 3222 restituite
1578 3160 1779 3224 incolumem

448 3240 635 3323 municipio,
664 3239 790 3313 amicis,
818 3240 945 3312 vicinis,
973 3240 1167 3323 hospitibus,
1190 3261 1322 3323 quorum
1345 3241 1450 3305 studia
1471 3243 1602 3318 videtis,
1631 3244 1780 3320 reddite,

366 3388 370 3407 ,
447 3324 538 3387 vobis
560 3325 801 3409 inperpetuum
822 3324 993 3407 liberisque
1014 3327 1128 3387 vestris
1151 3326 1346 3408 obstringite.
1383 3328 1529 3392 Vestrum
1551 3337 1602 3391 est
1622 3327 1711 3403 boc,
1733 3331 1781 3394 iu-

448 3410 549 3483 dices,
571 3417 692 3471 vestrae
715 3408 892 3491 dignitatis,
915 3416 1036 3472 vestrae
1058 3411 1258 3485 elementiam
1280 3421 1364 3474 recte
1386 3412 1448 3474 boc
1466 3413 1656 3494 repetitura
1677 3414 1779 3489 vobis,

448 3501 483 3557 ut
496 3495 596 3557 virum
616 3493 769 3575 optimum
791 3501 887 3576 atque
909 3494 1202 3556 innocentissimum
1219 3495 1426 3579 plurimisque
1443 3497 1630 3560 mortalibus
1646 3497 1781 3562 carissi·

410 3591 533 3640 samum
563 3586 658 3659 atque
695 3578 975 3652 iucundissimum,
1006 3579 1057 3640 bis
1085 3578 1257 3662 aliquando
1287 3580 1517 3645 calamitatibus
1546 3582 1712 3657 liberetis,
1745 3591 1782 3646 ut

449 3682 557 3725 omnes
579 3662 758 3744 intelligant
779 3663 812 3725 in
834 3663 1031 3727 contionibus
1054 3683 1125 3726 esse
1148 3664 1284 3726 invidiae
1307 3664 1420 3740 locum,
1443 3666 1475 3728 in
1492 3666 1622 3729 iudiciis
1636 3668 1781 3731 veritati.

512 3866 537 3918 l.
555 3867 590 3930 at]
607 3868 645 3916 oti
661 3866 717 3915 TL.
738 3892 765 3902 -
785 3867 808 3915 5.
827 3872 966 3916 reseruarat
982 3868 1034 3915 ST.
1051 3894 1078 3903 -
1098 3866 1122 3916 6.
1138 3866 1259 3929 ρνοὴὶὸἰιο
1276 3867 1329 3916 ST.
1346 3894 1373 3902 —
1389 3869 1491 3931 parenti
1507 3882 1560 3919 cm.
1573 3870 1602 3919 T.
1617 3896 1645 3906 -
1669 3870 1696 3920 9.
1714 3864 1783 3922 ueri-

448 3938 525 3984 tatem
541 3934 601 3983 ST:
620 3933 752 3982 boaitatem
768 3931 871 3985 nans
882 3933 910 3983 0.
925 3958 952 3967 -
972 3934 1011 3982 li.
1030 3933 1106 3995 sacto]
1122 3933 1375 3995 sraadebrnestius:
1394 3939 1478 3984 errato
1490 3936 1642 3990 Scbiitziust
1661 3938 1784 3999 facinore

449 3998 567 4050 Orellius.
586 4024 614 4034 —
634 3998 673 4050 44.
693 3998 757 4047 Orat
771 4010 815 4047 eos
830 3998 927 4047 balbas
941 3999 992 4047 iod.
1012 3999 1156 4048 Arusianus
1173 4012 1199 4063 p.
1218 3998 1276 4049 349.
1295 3999 1337 4048 cd.
1356 3999 1474 4050 Lindem.
1494 4028 1521 4037 -
1542 4003 1582 4052 ib.
1600 4001 1723 4067 Habitus]
1739 4004 1783 4055 sd

450 4064 606 4116 tirmendem
624 4065 692 4114 banc
709 4063 866 4126 scripturam
884 4064 924 4125 (ci.
944 4077 969 4126 p.
983 4061 1050 4122 illl.)
1069 4064 1136 4113 baec
1152 4077 1260 4114 mecum
1278 4067 1482 4115 communicavit
1497 4066 1544 4116 Tb.
1562 4068 1780 4120 Mommsenius:

450 4129 607 4182 «Consulem
624 4127 734 4181 secundi
751 4129 888 4179 semestris
905 4129 967 4178 anni
989 4143 1014 4191 p.
1034 4130 1096 4178 Chr.
1115 4130 1139 4179 8.
1159 4128 1260 4179 dictum
1281 4130 1361 4180 luisse
1378 4132 1495 4181 Habitum
1511 4145 1559 4195 pro
1575 4132 1650 4182 Auito
1669 4148 1705 4185 ex
1722 4135 1783 4186 sole

448 4197 595 4248 litterarum
606 4197 737 4246 incuriosa
749 4195 941 4258 permutatione
953 4193 1112 4257 Borghesius
1123 4196 1212 4244 statuit
1222 4196 1312 4244 Annali
1324 4197 1377 4245 dcll'
1388 4199 1447 4247 last.
1458 4197 1580 4255 4444443..
1593 4198 1639 4248 ubi
1653 4201 1783 4264 Pighium

450 4266 558 4314 secutus
574 4261 598 4312 le
617 4264 727 4312 atumb
749 4261 861 4310 ultoniae
882 4262 909 4310 et
930 4259 1026 4309 deinde
1044 4260 1199 4310 Germaniae
1222 4262 1350 4311 interioris
1367 4261 1417 4312 sub
1435 4265 1539 4313 Nerone
1561 4263 1658 4314 Vibimn
1675 4268 1784 4316 Avitum

451 4331 520 4391 (Teo.
533 4327 574 4388 43,
586 4275 627 4379 bd.
647 4326 708 4377 Plio.
721 4275 762 4384 34,
775 4326 800 4386 7,
813 4325 863 4386 li.)
880 4325 995 4402 consulis
1012 4323 1079 4374 illius
1096 4324 1178 4376 tilium
1195 4330 1307 4390 reputet.
1326 4333 1358 4376 st
1370 4328 1471 4390 obstat,
1489 4328 1560 4393 quod
1572 4329 1644 4380 hunc
1656 4329 1783 4396 legatum

451 4394 556 4445 codices
578 4396 605 4442 et
627 4393 733 4444 Tacitini
757 4392 784 4441 el
805 4390 912 4442 Plinium
936 4404 1069 4441 consensu
1091 4404 1196 4441 summo
1219 4393 1326 4441 Dubiam
1342 4397 1452 4451 vocant.
1479 4408 1532 4445 non
1555 4395 1661 4446 Vibium.
1694 4399 1784 4448 Deni-

451 4474 502 4525 que
520 4457 634 4510 consulis
656 4459 739 4508 Habiti
759 4470 906 4520 cognomen
928 4456 1067 4506 confirmat
1088 4455 1177 4507 titulus
1194 4459 1384 4508 Muratorianns
1402 4460 1473 4518 4008,
1492 4461 1516 4510 0.
1535 4462 1651 4524 optimae
1670 4465 1782 4525 aetatis,

451 4526 496 4577 nbi
512 4525 619 4589 legitur:
637 4524 666 4575 A.
682 4524 749 4573 Vibio
759 4523 848 4572 Habito
859 4523 886 4572 L.
899 4523 1007 4585 apr....,
1027 4524 1137 4586 ipseque
1149 4522 1311 4586 digestorum
1327 4524 1385 4574 libri
1398 4525 1536 4576 florentini
1548 4528 1714 4580 emendator
1725 4543 1782 4581 non

451 4594 507 4644 sine
524 4592 625 4642 ratione
641 4591 748 4640 XLVlll.
767 4588 807 4648 i8,
825 4592 860 4649 a,
878 4587 923 4638 ubi
941 4589 1022 4638 iidem
1038 4587 1161 4638 consules
1178 4590 1354 4648 nominantur,
1372 4604 1420 4655 pro
1436 4593 1510 4642 Auito
1526 4593 1664 4656 rescripsit
1675 4596 1781 4646 suso..

454 4684 481 4695 -
495 4658 534 4709 49.
552 4669 582 4706 ne
598 4657 630 4706 S:
647 4669 696 4706 aas
712 4654 851 4709 4430-
870 4655 946 4705 miser
961 4654 1021 4705 ST:
1038 4654 1114 4703 miser
1129 4653 1392 4706 4000044440.-
1411 4658 1502 4708 loom.
1516 4659 1570 4709 ST.
1584 4684 1612 4693 -
1631 4661 1676 4711 20.
1690 4675 1785 4724 quae·

450 4729 521 4774 retur
536 4723 589 4773 ST.
609 4748 635 4758 -
654 4721 1160 4782 ss.ms0r0rsm1nceruart.gramm.
1180 4720 1271 4781 tregru.
1290 4721 1314 4784 5.
1333 4720 1389 4772 its.
1409 4723 1545 4784 (ememor,
1571 4719 1656 4790 λύπη.
1679 4728 1782 4779 Cicero

451 4788 586 4854 pluraliter
596 4787 686 4839 extulit
697 4788 723 4838 in
734 4801 782 4852 pro
792 4786 919 4837 Cluentio:
932 4788 973 4836 secl
983 4786 1118 4834 multonem
1128 4786 1332 4836 mdicammtam
1342 4791 1521 4852 suaseram»)
1534 4791 1650 4842 inAnall.

452 4857 489 4906 ed.
507 4854 616 4917 litabant.
634 4860 658 4904 et
674 4854 746 4904 anat.
766 4868 790 4916 p.
803 4853 867 4902 iot:
886 4853 999 4901 laborom
1016 4849 1160 4904 astro.
1179 4853 1233 4901 Cio.
1247 4853 1280 4902 de
1293 4855 1364 4903 Finn.
1378 4854 1396 4902 l.
1416 4855 1440 4917 5.
1453 4855 1499 4904 ὅθι
1518 4856 1702 4920 aequissimas,
1720 4874 1784 4910 mo-

452 4922 549 4981 lestiae,
566 4934 701 4971 memores.
724 4918 763 4970 Gi.
781 4917 893 4982 Spengel
909 4918 1025 4967 naccon.
1040 4917 1091 4966 Get.
1104 4919 1166 4966 Ans.
1180 4918 1251 4967 4834.
1269 4932 1295 4982 p.
1309 4918 1365 4968 034.
1380 4945 1407 4953 -
1427 4921 1467 4970 43.
1481 4921 1601 4985 fortassis]
1620 4923 1659 4972 Cl.
1675 4923 1703 4988 ἓ.
1718 4924 1782 4978 444.

455 5013 482 5023 -
501 4986 542 5037 al.
560 5000 585 5037 se
601 5000 654 5037 om.
668 4987 721 5037 ST.
738 5011 763 5021 -
780 4985 827 5049 filli
840 4997 892 5033 om.
905 4985 933 5033 Τ.
950 5011 976 5018 -
992 4983 1103 5044 prosecta
1116 4984 1146 5040 F3
1162 4984 1298 5045 perfectam
1309 4983 1335 5037 b.
1351 5011 1378 5018 -
1397 4986 1438 5034 ts.
1451 4984 1677 5039 consecretalis:
1696 5004 1783 5042 rescr-

452 5058 514 5102 aala
530 5050 612 5104 Lib.
627 5079 653 5088 -
673 5053 713 5103 28.
726 5051 897 5101 mactmus
909 5051 965 5099 ST:
985 5048 1310 5102 animumnooltbLtO.
1322 5077 1348 5084 -
1369 5050 1409 5100 30.
1422 5052 1450 5099 Α.
1464 5065 1516 5101 om.
1531 5053 1557 5102 F.
1573 5076 1600 5088 -
1620 5053 1662 5105 33.
1675 5062 1784 5108 essm

453 5119 580 5184 dignitatis
592 5132 644 5169 om.
658 5115 715 5169 t.-
729 5116 769 5169 34.
781 5118 937 5167 carboniam
946 5117 978 5166 L:
996 5127 1085 5163 comm
1097 5115 1187 5164 ceteri.
1206 5115 1244 5164 Cl.
1256 5113 1330 5165 ilelm
1342 5115 1374 5164 ad
1387 5129 1426 5165 or.
1436 5119 1528 5182 Pomp.
1541 5117 1564 5182 ἕ.
1575 5119 1617 5169 40.
1630 5133 1657 5184 p.
1671 5122 1722 5172 ⁴27
1735 5136 1782 5188 sq.

990 5292 1247 5302 ——-——-—-
