4367 6109
706 561 774 629 Lu.
795 563 849 629 lli.
879 562 953 630 Car.
975 566 1187 632 xlv-xvc
1215 564 1272 652 §§.
1293 564 1444 634 tlt-to.
1672 564 1736 637 att

412 733 535 819 iuquit,
555 754 600 799 ux
620 752 722 810 anus,
743 755 806 800 rrsr
825 754 899 799 surr
919 755 1046 801 rueras.
1090 739 1173 802 Satis
1193 739 1273 804 baec
1294 758 1408 824 magna
1425 741 1474 804 ris
1496 748 1544 806 est
1564 741 1605 806 ad
1625 741 1736 826 inique

414 828 656 913 paciscendum:
688 830 773 893 malo
802 832 886 894 enim
915 831 987 915 plus
1010 833 1084 896 dare
1108 854 1203 917 quam
1224 854 1290 898 uon
1316 844 1437 899 mature
1459 856 1499 898 ex
1521 855 1594 899 area
1616 835 1738 898 tollere.

414 924 457 987 At
475 921 537 987 ista
558 923 606 985 vis
629 924 801 1007 Septicium
824 932 856 988 et
875 945 940 989 non
961 925 1067 989 nullos
1090 928 1220 1010 Septicii
1241 929 1359 993 similes
1376 950 1442 992 non
1456 936 1595 1003 coercet,
1616 928 1740 1012 quiite

416 1016 544 1081 dicuat:
565 1018 636 1079 Non
657 1016 768 1080 tollam
788 1018 912 1100 potius,
934 1039 1030 1103 quam
1051 1022 1202 1103 paciscar.
1245 1023 1304 1085 His
1324 1023 1386 1085 boc
1407 1024 1599 1107 opponitur:
1624 1023 1741 1104 depor-

416 1116 516 1174 tatum
542 1109 661 1174 habeam
689 1116 763 1173 aute
790 1111 949 1175 Kalendas
985 1114 1131 1176 Sextiles.
1174 1115 1356 1198 Deportabo
1384 1117 1490 1199 igitur.
1532 1117 1600 1180 Nisi
1628 1124 1764 1198 pactast

416 1204 496 1279 eris,
517 1222 582 1267 non
605 1205 830 1268 commovebis.
874 1205 927 1269 Sic
955 1205 1143 1289 deportandi
1171 1207 1239 1271 dies
1266 1211 1454 1291 praestituta
1474 1211 1586 1274 tollere
1609 1209 1742 1292 cogebat

416 1317 457 1362 cx
478 1317 571 1362 mea:
599 1298 772 1381 prohibitio
794 1300 943 1375 tollendi,
976 1301 1038 1363 nisi
1059 1308 1170 1384 pactus
1193 1312 1291 1377 esset,
1313 1305 1377 1366 vim
1398 1304 1567 1378 adhibebat
1587 1303 1741 1386 pactioni,

415 1408 483 1454 uon
503 1391 707 1455 voluntatem.

502 1486 571 1549 XV.
592 1482 645 1549 38.
686 1488 753 1549 lam
778 1506 855 1552 vero
886 1486 966 1550 illud
995 1508 1060 1551 non
1082 1489 1186 1553 solum
1207 1495 1318 1553 contra
1337 1490 1442 1573 legem
1461 1489 1662 1554 Hieronicam
1682 1509 1744 1554 nee

415 1577 522 1645 solum
550 1586 662 1643 contra
690 1581 954 1645 consuetudinem
975 1584 1193 1666 superiorum,
1222 1583 1277 1647 sed
1300 1585 1395 1647 etiam
1417 1592 1526 1647 contra
1547 1584 1655 1647 omnia
1674 1585 1744 1648 iura
1753 1597 1781 1644 to

417 1672 613 1748 Siculorum,
646 1693 730 1757 quae
756 1674 876 1738 habent
903 1694 922 1738 a
952 1684 1063 1739 senatu
1092 1678 1278 1761 populoque
1306 1678 1467 1752 Romano,
1498 1697 1539 1740 ue
1560 1678 1632 1760 quis
1655 1685 1746 1742 extra

416 1786 511 1830 suum
533 1765 638 1831 iorum
659 1767 877 1832 vadimonium
898 1770 1084 1853 promittere
1106 1778 1247 1853 cogatur.
1280 1770 1397 1833 Statuit
1417 1772 1494 1844 iste,
1514 1779 1548 1834 ut
1569 1779 1677 1834 arctor
1695 1772 1745 1835 ds-

416 1880 544 1926 cteoaoo
563 1882 623 1944 quo
640 1864 724 1926 vellet
741 1864 921 1927 decamanus
937 1865 1143 1927 vadimonium
1158 1866 1363 1944 promitteret,
1386 1872 1422 1927 ut
1435 1863 1486 1928 bic
1500 1884 1630 1949 quoque
1644 1866 1747 1948 hpro·

416 1956 489 2030 uio,
511 1973 584 2017 cum
606 1976 647 2019 ex
668 1957 826 2020 Leontino
848 1977 951 2041 usque
980 1958 1166 2041 Lilybaeum
1187 1958 1328 2041 aliquem
1350 1959 1534 2033 radaretur,
1563 1979 1605 2021 ex
1625 1960 1747 2022 miseris

418 2049 596 2116 aratoribus
618 2051 832 2114 calumniandi
854 2058 1006 2134 quaestus
1028 2052 1203 2116 accederet.
1247 2051 1448 2135 Quamquam
1478 2052 1533 2115 illa
1553 2051 1615 2115 luit
1634 2053 1675 2114 ad
1697 2065 1786 2116 cate

418 2145 572 2208 lumniam
595 2144 747 2226 singulari
771 2144 904 2207 consilio
926 2153 1052 2228 reperta
1072 2146 1170 2219 ratio,
1193 2144 1280 2229 quod
1303 2144 1464 2220 edixerat,
1489 2155 1523 2208 at
1544 2154 1682 2209 oratores
1701 2146 1751 2208 iu-

417 2257 491 2321 gero
514 2239 666 2301 somnum
686 2257 812 2301 suarum
831 2241 1053 2319 profiterentur.
1088 2239 1178 2314 Quae
1200 2260 1251 2301 res
1274 2259 1345 2301 cum
1368 2239 1408 2302 ad
1430 2241 1593 2322 pactiones
1615 2239 1750 2322 iniquis·

422 2333 519 2397 simas
542 2351 688 2414 maguam
708 2332 775 2396 vim
795 2332 922 2406 habuit,
951 2334 1032 2396 sicut
1061 2334 1242 2407 ostendam,
1270 2353 1376 2417 neque
1401 2333 1441 2396 ad
1463 2334 1561 2396 ullam
1582 2333 1750 2396 utilitatem

417 2430 465 2493 rei
487 2426 636 2510 publicae
657 2426 825 2510 pertinuit,
847 2434 915 2490 tum
929 2446 1005 2490 vero
1028 2428 1068 2489 ad
1091 2427 1281 2501 calumnias,
1304 2427 1336 2489 in
1353 2447 1432 2510 quas
1448 2447 1558 2490 omnes
1573 2427 1752 2490 inciderent

420 2541 504 2607 quos
525 2521 623 2585 vellet
643 2521 817 2604 Apronius.
859 2516 912 2583 39.
934 2521 973 2584 Ut
995 2521 1080 2583 enim
1103 2521 1240 2604 quisque
1262 2528 1373 2583 contra
1393 2521 1589 2584 voluntatem
1612 2521 1680 2583 cius
1703 2520 1788 2586 ‹ii-ro

417 2622 527 2690 xerat,
549 2614 594 2677 ita
614 2616 648 2678 in
671 2634 743 2677 eum
765 2612 920 2678 iudicium
943 2612 982 2677 de
1004 2613 1203 2698 professione
1224 2617 1368 2696 iugerum
1395 2615 1632 2697 postulabatur,
1661 2616 1751 2679 cuius

419 2709 530 2775 iudicii
552 2716 640 2772 metu
661 2727 795 2790 magnus
817 2727 837 2770 a
859 2707 966 2771 multis
989 2707 1138 2772 frumenti
1160 2728 1311 2771 numerus
1333 2708 1457 2773 ablatus
1476 2726 1675 2792 magnaeque
1696 2727 1753 2791 pe-

419 2805 533 2871 cuniae
567 2810 696 2866 coactae
726 2809 820 2865 sunt:
853 2821 919 2865 non
949 2822 1014 2886 quo
1042 2803 1187 2886 iugerum
1218 2822 1386 2865 numerum
1407 2823 1481 2866 vere
1503 2803 1647 2886 profiteri
1668 2809 1754 2866 esset

420 2897 552 2963 difficile
579 2901 635 2961 aut
663 2895 799 2978 amplius
829 2897 924 2961 etiam
951 2896 1094 2982 profiteri
1132 2896 1223 2981 (quid
1250 2896 1335 2959 enim
1362 2898 1396 2961 iu
1419 2917 1457 2961 eo
1489 2897 1623 2981 periculi
1644 2902 1754 2981 posset

421 2990 542 3075 esset),
564 2991 621 3056 sed
643 3010 739 3054 causa
761 3000 828 3055 erat
849 2992 959 3056 iudicii
980 2990 1180 3076 postulandi,
1204 2990 1291 3074 quod
1315 3009 1356 3054 ex
1378 2991 1481 3056 edicto
1503 2992 1665 3075 professus
1687 3009 1790 3059 nouat

422 3093 515 3151 esset.
552 3086 708 3149 Iudicium
730 3093 836 3148 autem
859 3085 946 3169 quod
968 3085 1064 3149 fuerit
1083 3087 1146 3150 isto
1169 3092 1333 3167 praetore,
1356 3085 1400 3160 si,
1422 3105 1505 3169 quae
1521 3084 1634 3148 cohors
1649 3083 1753 3167 etqui

422 3181 590 3245 comitatus
612 3178 726 3252 suerit,
758 3179 962 3253 meministis,
995 3179 1076 3242 scire
1098 3177 1231 3241 debetis.
1276 3177 1364 3252 Quid
1384 3180 1482 3262 igitur
1503 3185 1568 3253 est,
1602 3177 1689 3262 quod
1711 3197 1754 3241 ex

421 3276 483 3340 bae
506 3274 676 3357 iniquitate
697 3292 852 3335 novorum
875 3272 1051 3335 edictorum
1082 3270 1214 3352 intelligi
1237 3271 1349 3345 velim,
1378 3272 1525 3336 iudices?
1559 3272 1753 3334 iniuriamne

422 3371 538 3434 tactam
566 3368 688 3432 sociis?
721 3369 763 3429 ht
783 3367 908 3430 videtis.
944 3367 1171 3429 Auctoritatem
1201 3367 1401 3448 superiorum
1422 3365 1646 3449 repudiatam?
1681 3368 1754 3429 Nou

422 3463 553 3529 audebit
581 3481 707 3544 negare.
744 3463 880 3523 Tantum
900 3461 1077 3545 Apronium
1108 3461 1169 3522 isto
1191 3467 1338 3542 praetore
1359 3460 1526 3542 potuisset
1560 3457 1791 3528 Confiteaturto

422 3576 554 3625 necesse
576 3564 633 3619 est.
677 3557 762 3618 XVl.
785 3551 836 3616 t0.
860 3556 922 3618 Sed
945 3575 1002 3617 vos
1024 3553 1175 3627 fortasse,
1200 3554 1285 3635 quod
1307 3573 1365 3616 vos
1388 3554 1440 3616 lex
1455 3562 1651 3629 commonet,
1672 3554 1706 3617 id
1719 3555 1754 3617 in

422 3650 578 3716 hocloco
603 3649 780 3734 quaeretis,
803 3669 878 3711 num
901 3669 981 3732 quas
1003 3665 1043 3710 ex
1065 3646 1153 3710 hisce
1169 3646 1264 3709 rebus
1279 3648 1431 3730 pecunias
1447 3649 1592 3731 ceperit?
1624 3647 1753 3711 Docebo

423 3745 547 3830 cepisse
575 3743 730 3807 maximas
760 3762 936 3826 omnesque
966 3762 1020 3805 eas
1044 3742 1244 3826 iniquitates,
1274 3740 1314 3804 de
1336 3741 1454 3825 quibus
1476 3749 1570 3804 antea
1591 3743 1673 3816 dixi,
1703 3742 1753 3804 sui

424 3845 577 3926 quaestus
599 3857 693 3901 causa
715 3837 919 3900 constituisse
941 3836 1080 3910 vincam,
1109 3835 1137 3898 si
1159 3835 1249 3917 prius
1270 3834 1350 3897 illud
1372 3837 1661 3918 propugnaculum,
1687 3853 1752 3919 quo

425 3939 536 3999 contra
563 3950 672 3996 omnes
702 3951 790 3995 meos
818 3930 954 4013 impetus
984 3949 1116 3993 usurum
1139 3950 1173 3993 se
1200 3935 1308 4013 putat,
1336 3950 1378 3993 ex
1400 3928 1584 3994 defensioue
1606 3927 1676 3992 eius
1698 3927 1790 3998 deas

424 4045 541 4091 secero.

490 4306 516 4358 3.
533 4306 584 4356 tate
599 4307 637 4355 vis
653 4304 683 4365 4,
702 4306 772 4357 ttrt:
790 4305 840 4355 istu
855 4305 880 4354 ot
897 4305 945 4356 dtt.
965 4331 993 4341 -
1013 4305 1037 4357 4.
1056 4320 1107 4356 oon
1123 4305 1266 4369 egessit:
1284 4318 1315 4355 oc
1330 4303 1387 4355 rell.
1407 4330 1436 4343 -
1452 4304 1690 4369 psciscorttlagg.
1704 4304 1753 4357 dtt.

426 4410 455 4421 -
473 4383 607 4446 oppoadur
628 4381 780 4446 agreste:
808 4382 944 4444 opponitur
965 4379 1022 4432 rell.
1047 4408 1074 4417 —
1102 4382 1126 4432 7.
1146 4380 1279 4443 prohibitio
1299 4379 1429 4442 Lgtefrt
1452 4379 1497 4442 (ct.
1523 4379 1616 4444 fragm.
1636 4381 1690 4431 Cic.
1709 4393 1753 4445 ap.

425 4455 531 4520 Quintil.
549 4457 591 4508 lll.
610 4458 641 4516 2,
662 4456 700 4506 48.
720 4455 849 4506 ltutlaian.
867 4457 887 4506 1.
906 4454 970 4518 til:
988 4455 1102 4505 cohibitio
1119 4454 1176 4505 rell.
1197 4481 1224 4490 -
1244 4456 1285 4505 tt.
1303 4469 1334 4504 se
1351 4455 1406 4516 quis
1421 4453 1451 4516 4,
1470 4456 1502 4506 F:
1521 4456 1578 4516 que
1594 4468 1648 4506 cm.
1661 4453 1709 4505 dtt.
1722 4456 1754 4506 0.

426 4560 454 4572 -
473 4533 514 4583 42.
526 4537 639 4597 cupatur
654 4530 684 4593 4,
705 4532 794 4595 Flag.
814 4533 837 4582 t.
852 4530 892 4582 43.
906 4529 955 4582 ts:
973 4537 1097 4593 cogentur
1112 4530 1128 4580 3
1144 4531 1222 4593 lagg.
1241 4529 1289 4580 dtt.
1304 4530 1333 4580 0.
1349 4554 1376 4565 -
1395 4529 1435 4579 43.
1454 4543 1504 4592 quo
1519 4529 1669 4594 Lgtttrt:
1688 4531 1756 4594 quod

424 4610 470 4661 cu.
491 4634 520 4646 -
537 4606 578 4659 tt.
597 4621 616 4658 e
631 4607 750 4657 nnete
766 4608 795 4656 s.
815 4605 893 4665 taem
918 4620 950 4656 ec
965 4606 1092 4655 coartato
1109 4605 1125 4657 r
1142 4606 1219 4668 sugg.
1239 4604 1287 4654 ait.
1308 4631 1334 4640 -
1360 4616 1437 4665 aquo
1453 4605 1489 4654 aa
1503 4604 1582 4668 agra.
1602 4632 1630 4642 -
1650 4605 1689 4655 ts.
1707 4594 1761 4656 ea:

424 4682 564 4734 lmntoodt
582 4681 672 4743 codd,
692 4682 772 4732 etlam
789 4681 823 4732 F:
841 4680 1024 4731 cctammiosdis
1040 4681 1108 4731 conl.
1127 4681 1300 4733 Hotomanus.
1316 4707 1343 4717 -
1362 4681 1485 4733 occideret
1501 4680 1579 4744 Lgta.
1595 4708 1623 4718 -
1642 4681 1683 4730 t'l.
1700 4686 1755 4732 tem

424 4759 536 4822 etagg.
555 4755 604 4809 dtt.
624 4783 651 4793 -
671 4757 711 4808 48.
730 4757 857 4807 ostendum
872 4768 951 4818 oeque
966 4754 1035 4818 Lgta
1046 4770 1069 4817 φ
1086 4757 1160 4806 emt.
1178 4768 1210 4806 er
1228 4757 1265 4819 44,
1285 4758 1315 4807 ut
1330 4754 1435 4807 videtur
1452 4755 1493 4819 (ct.
1513 4756 1538 4819 5.
1556 4754 1625 4817 46.)τ
1642 4755 1755 4805 eunde

424 4847 481 4884 mar
496 4847 541 4885 occ
557 4835 602 4884 ctt.
621 4835 642 4883 0
659 4831 716 4895 (sed
733 4831 802 4895 Lgbt
813 4834 834 4882 Α
844 4832 879 4882 H:
905 4831 1070 4894 mundemus).
1086 4858 1112 4868 -
1133 4831 1174 4881 ts.
1192 4832 1226 4880 ud
1242 4833 1304 4881 aute
1321 4831 1370 4880 cst.
1389 4842 1442 4881 om.
1461 4829 1540 4894 Lglh.
1561 4855 1588 4867 -
1607 4830 1649 4880 22.
1666 4829 1754 4878 indicit

424 4908 501 4974 metu}
517 4910 637 4960 tudicim
652 4907 729 4971 egla.
745 4934 772 4943 -
790 4907 831 4959 24.
846 4907 960 4971 periculo
976 4905 1057 4956 idem.
1073 4929 1100 4940 -
1117 4906 1195 4967 poscit
1210 4919 1260 4956 csse
1273 4905 1356 4968 1.ng
1374 4917 1424 4969 epac
1436 4909 1519 4968 poscet
1535 4904 1592 4956 rell.
1611 4906 1640 4956 0.
1661 4931 1689 4941 -
1707 4905 1750 4955 24.

425 4985 502 5035 iudici
518 4984 597 5049 bglh.
609 5008 636 5021 -
651 4983 796 5046 postulandi
810 4982 900 5033 codd:
918 4982 1072 5046 formidandi
1082 4980 1198 5041 liotore..
1215 4980 1401 5043 portiorcsccodt
1411 4979 1440 5029 L.
1452 5006 1480 5016 -
1499 4979 1540 5030 344.
1557 4978 1659 5044 negare]
1675 4992 1753 5041 repu-

426 5071 520 5124 ncqorc
534 5058 603 5122 egre
624 5060 665 5121 (ex
681 5060 858 5120 repugnaret).
883 5084 911 5094 —
935 5057 1073 5118 Apronium
1089 5059 1172 5104 tumeo
1188 5053 1265 5119 Lgll.
1294 5054 1355 5119 [non
1373 5057 1402 5104 ut
1418 5055 1454 5104 ait
1470 5055 1620 5118 Zumptius,
1647 5054 1753 5117 spetac-

426 5138 494 5196 oeert,
512 5134 605 5184 uttam
616 5133 753 5196 Apronium
769 5138 866 5183 tontom
883 5129 1064 5196 recipiendum
1075 5129 1118 5180 sit.
1137 5129 1230 5194 lisere]
1241 5156 1269 5166 -
1287 5129 1328 5180 34.
1341 5133 1479 5178 commouet
1489 5127 1566 5191 Lgtr.
1582 5155 1609 5165 -
1628 5128 1668 5180 32.
1686 5141 1753 5178 orote

428 5222 493 5272 qous
507 5207 532 5261 4.
547 5232 575 5246 -
594 5208 634 5260 34.
652 5209 752 5257 uncum
767 5207 836 5271 Lgte
848 5209 900 5258 rut
918 5205 959 5270 (ct.
973 5219 1000 5272 p.
1013 5203 1116 5257 cluent.
1134 5204 1158 5269 5.
1172 5204 1229 5256 424.
1247 5203 1308 5256 coll.
1327 5204 1351 5269 5.
1365 5201 1406 5255 64.
1418 5202 1454 5254 ad
1466 5204 1536 5254 Fam.
1550 5203 1592 5253 ar.
1610 5202 1651 5253 28.
1664 5202 1688 5253 3.
1700 5200 1749 5266 hl:

428 5283 574 5338 moeso
588 5284 667 5353 lagg.
685 5283 742 5338 rell.
760 5284 809 5338 AB
819 5284 850 5336 N.
