4367 6109
843 571 1082 638 cmix-x.
1115 569 1339 657 §par-ao.
1686 569 1749 636 ets

427 748 488 812 sibi
522 743 737 829 quaerendum
767 743 941 808 remedium
974 744 1163 832 existimarit
1190 745 1230 808 ad
1259 765 1328 813 eam
1357 765 1493 821 moram,
1526 766 1607 831 quae
1628 748 1748 830 nuptiis

426 841 624 905 afferebatur.
666 841 762 914 Nam,
794 859 864 901 cum
886 838 1018 901 baberet
1039 859 1080 901 ex
1101 840 1203 903 Novia
1223 840 1374 904 infantem
1395 837 1513 916 filium,
1542 841 1622 904 alter
1642 848 1748 904 autem

425 938 491 999 eius
513 933 611 1008 filins,
635 934 730 1017 Papia
743 940 851 1005 notus,
874 933 972 994 Teani
997 929 1134 1015 [Apuli],
1157 932 1241 1016 quod
1264 935 1352 997 abest
1373 935 1521 997 alarino
1538 936 1640 998 XVIII
1661 935 1748 998 milia

424 1049 589 1114 passuum,
616 1028 700 1112 apud
730 1033 860 1091 matrem
888 1025 1088 1099 educaretur,
1119 1028 1250 1089 arcessit
1277 1028 1380 1090 subito
1411 1028 1479 1090 sine
1502 1048 1596 1092 causa
1616 1047 1748 1112 puerum

424 1125 549 1187 Teano:
571 1121 657 1204 quod
679 1119 781 1215 lacere
802 1118 864 1182 nisi
886 1118 969 1182 ludis
993 1116 1151 1203 [publicis]
1174 1127 1230 1182 aut
1248 1118 1336 1183 lestis
1351 1121 1463 1183 diebus
1478 1130 1570 1185 antea
1587 1141 1651 1184 non
1666 1122 1771 1186 sole-e

424 1219 485 1280 bat
522 1218 622 1279 ldater
648 1216 761 1277 misera
795 1213 873 1276 nibil
899 1212 973 1276 mali
995 1212 1157 1294 suspicans
1181 1215 1283 1276 mittit.
1327 1213 1383 1276 Ille
1407 1233 1440 1277 se
1462 1217 1633 1280 Tarentum
1654 1213 1749 1297 proli-

424 1310 499 1373 cisci
527 1329 598 1372 cum
625 1308 818 1382 simulasset,
848 1327 887 1370 eo
908 1308 979 1390 ipso
1005 1305 1056 1369 die
1077 1325 1171 1387 puer,
1200 1305 1280 1369 bora
1300 1306 1467 1370 undecima
1489 1330 1560 1372 cum
1583 1311 1693 1414 celeps
1713 1309 1748 1373 in

423 1405 549 1488 publico
570 1403 656 1466 riam
678 1410 776 1476 esset,
798 1409 871 1465 ante
893 1409 1017 1463 noctem
1036 1406 1180 1462 mortuus
1196 1407 1229 1462 et
1242 1401 1411 1482 postridie,
1434 1408 1604 1487 antequam
1619 1404 1747 1480 luceret,

423 1498 604 1561 combustus
627 1504 684 1559 est.
727 1492 779 1558 28.
800 1497 905 1578 Atque
925 1495 1009 1557 bunc
1032 1500 1154 1556 tantum
1175 1513 1347 1557 maerorem
1363 1496 1454 1558 matri
1476 1498 1563 1579 prius
1583 1497 1747 1561 homiuum

422 1611 540 1664 mmor,
574 1610 668 1673 quam
698 1590 866 1672 quisquam
893 1610 933 1652 ex
960 1587 1128 1671 OppIanici
1156 1585 1274 1649 familia
1303 1588 1469 1652 nuntiavit.
1511 1589 1661 1653 Iliacum
1682 1610 1784 1657 unoto

424 1692 562 1768 tempore
581 1683 735 1757 audisset,
758 1683 818 1747 sibi
839 1703 904 1745 non
927 1681 1030 1745 solum
1050 1677 1167 1754 filium,
1191 1679 1246 1741 sed
1269 1680 1363 1742 etiam
1386 1683 1609 1765 exsequiarum
1632 1703 1747 1750 munus

423 1785 583 1859 ereptum,
605 1777 754 1840 Larinum
776 1775 941 1840 confestim
963 1775 1141 1837 exanimata
1161 1774 1249 1836 venit
1273 1781 1304 1836 et
1325 1774 1368 1836 ibi
1383 1773 1422 1836 de
1436 1776 1559 1857 integro
1574 1776 1670 1841 funus
1684 1779 1746 1843 iam

423 1871 547 1953 sepulto
576 1868 642 1933 lilio
667 1870 752 1934 fecit.
796 1870 872 1933 Ilies
901 1868 1042 1932 nondum
1072 1866 1181 1931 decem
1212 1867 1468 1943 intercesserant,
1502 1889 1572 1933 cum
1593 1871 1647 1934 ille
1668 1872 1747 1935 alter

422 1963 505 2028 filius
527 1963 630 2027 infans
651 1971 791 2026 necatur.
833 1964 943 2046 Itaque
970 1961 1061 2024 nubit
1083 1960 1259 2045 Oppianico
1288 1964 1440 2025 continuo
1465 1963 1587 2038 Sassia,
1616 1964 1747 2027 laetanti

422 2062 483 2123 iam
504 2059 607 2121 animo
628 2066 660 2120 et
681 2078 737 2140 spe
760 2060 876 2141 optime
899 2057 1093 2121 confirmato.
1137 2055 1202 2116 Nec
1224 2056 1353 2130 mirum,
1377 2076 1458 2140 quae
1480 2077 1515 2121 se
1537 2078 1600 2121 non
1621 2059 1784 2141 nuptia-to

422 2153 502 2217 libus
524 2152 633 2225 donis,
655 2151 711 2214 sed
733 2148 868 2215 liliorum
889 2150 1052 2214 funeribus
1075 2170 1145 2213 esse
1168 2150 1337 2213 delenitam
1359 2150 1490 2214 rideret.
1523 2152 1569 2214 Ita
1593 2150 1680 2236 quod
1695 2171 1746 2214 ce·

422 2250 480 2311 teri
506 2254 635 2330 propter
655 2245 770 2309 liberos
800 2246 952 2328 pecuniae
975 2245 1156 2328 cupidiores
1178 2265 1248 2309 esse
1270 2246 1394 2320 solent,
1423 2247 1477 2311 ille
1498 2252 1630 2330 propter
1650 2265 1745 2328 pecu·

420 2343 503 2404 niam
523 2340 640 2403 liberos
661 2341 804 2404 amittere
826 2339 997 2403 iucundum
1020 2359 1090 2403 esse
1114 2338 1213 2402 duxit
1259 2340 1300 2401 x.
1316 2335 1367 2401 29.
1383 2341 1510 2415 Sentio,
1531 2340 1667 2413 iudices,
1688 2358 1744 2403 vos

421 2455 479 2518 pro
509 2441 612 2496 vestra
638 2434 833 2498 humanitate
861 2433 910 2496 bis
942 2432 1035 2497 tantis
1058 2433 1230 2497 sceleribus
1251 2433 1389 2496 breviter
1409 2453 1429 2496 a
1450 2454 1500 2496 me
1523 2432 1744 2496 demonstratis

420 2529 621 2592 vehementer
649 2547 718 2590 esse
741 2535 923 2590 commotos.
958 2528 1028 2603 Quo
1058 2527 1186 2590 tandem
1208 2527 1305 2610 igitur
1326 2528 1429 2591 animo
1451 2527 1547 2591 luisse
1569 2526 1641 2589 illos
1662 2526 1782 2594 arbi-so

421 2621 561 2694 tramini,
595 2620 709 2703 quibus
739 2621 778 2684 iis
806 2620 846 2684 de
875 2620 970 2684 rebus
992 2641 1054 2683 non
1078 2620 1173 2683 modo
1196 2620 1387 2684 audiendum
1408 2619 1484 2694 fuit,
1518 2620 1743 2685 verumetiam

420 2713 647 2779 iudicandum?
682 2716 746 2777 Vos
760 2714 875 2778 auditis
892 2715 931 2778 de
947 2734 1001 2790 eo,
1023 2716 1056 2777 in
1073 2736 1167 2799 quem
1181 2712 1303 2778 iudices
1317 2733 1383 2776 non
1397 2714 1492 2789 estis,
1514 2714 1554 2778 de
1570 2734 1625 2788 eo,
1648 2735 1743 2798 quem

419 2830 484 2873 non
499 2807 628 2882 videtis,
652 2806 691 2871 de
707 2828 761 2882 eo,
784 2828 879 2892 quem
901 2808 1007 2871 odisse
1030 2809 1093 2871 iam
1111 2828 1176 2871 non
1191 2807 1341 2891 potestis,
1364 2809 1403 2870 de
1418 2827 1474 2883 eo,
1497 2809 1552 2892 qui
1566 2814 1599 2872 et
1612 2816 1742 2872 naturae

421 2910 453 2967 et
473 2901 594 2984 legibus
616 2900 803 2976 satisfecit,
827 2923 923 2986 quem
945 2903 1032 2986 leges
1054 2903 1177 2977 exsilio,
1197 2909 1308 2965 natura
1329 2911 1429 2965 morte
1444 2902 1600 2978 multarit3
1625 2902 1743 2967 auditis

421 3018 484 3060 non
506 2996 546 3059 ab
563 2996 707 3070 inimico,
728 2997 842 3060 auditis
857 2998 926 3060 sine
941 2996 1087 3071 testibus,
1110 2996 1244 3070 auditis,
1266 3016 1337 3058 cum
1353 3015 1405 3070 ea,
1429 3016 1510 3080 quae
1525 2996 1780 3079 copiosissimam

420 3092 479 3154 dici
501 3099 645 3173 possunt,
666 3090 803 3153 breviter
823 3091 1019 3174 strictimque
1042 3088 1199 3153 dicuntur.
1234 3088 1283 3151 Illi
1305 3089 1473 3153 audiebant
1487 3089 1527 3152 de
1544 3109 1599 3163 eo,
1622 3087 1661 3152 de
1677 3109 1741 3172 quo

419 3185 511 3248 iurati
534 3185 705 3246 sententias
725 3183 808 3247 serre
830 3184 1000 3258 debebant,
1023 3183 1064 3247 de
1078 3203 1133 3258 eo,
1155 3184 1243 3247 cuius
1257 3183 1433 3265 praesentis
1448 3182 1605 3246 nefarium
1619 3190 1653 3246 et
1665 3202 1742 3247 con·

420 3278 607 3342 sceleratum
627 3277 748 3341 vultum
770 3278 990 3352 intuebantur,
1012 3278 1052 3340 de
1074 3297 1131 3352 eo,
1154 3296 1249 3360 mem
1269 3296 1379 3341 omnes
1395 3277 1527 3340 oderant
1543 3282 1673 3359 propter
1686 3296 1742 3340 au·

420 3374 556 3447 daciam,
587 3370 627 3433 de
648 3390 703 3444 co,
725 3391 820 3454 quem
843 3371 928 3434 omni
950 3370 1107 3453 supplicio
1130 3369 1259 3453 dignum
1282 3391 1353 3434 esse
1375 3369 1552 3445 ducebant;
1573 3370 1742 3436 audiebant

418 3467 457 3529 ab
486 3464 734 3539 accusatoribus,
764 3464 935 3529 audiebant
963 3465 1059 3528 verba
1085 3463 1253 3529 multorum
1284 3465 1428 3538 testium;
1456 3463 1640 3538 audiebant,
1670 3485 1779 3533 comto

418 3580 482 3624 una
510 3579 635 3642 quaque
666 3559 706 3621 de
732 3577 766 3622 re
796 3578 815 3622 a
838 3560 871 3622 P.
895 3558 1069 3633 Cannutio,
1095 3558 1224 3621 bomine
1247 3557 1524 3642 eloquentissimo,
1553 3558 1688 3640 graviter
1709 3567 1742 3623 et

418 3656 472 3717 diu
494 3653 658 3717 diceretur.
701 3649 752 3714 30.
773 3655 814 3717 Iit
835 3661 883 3716 est
906 3653 1093 3737 quisquam,
1123 3651 1196 3735 qui,
1226 3671 1297 3714 cum
1318 3652 1398 3715 baec
1419 3651 1616 3734 cognoverit,
1640 3653 1741 3735 suspi-

418 3749 480 3811 cari
503 3747 619 3831 possit,
648 3745 855 3830 Oppianicum
885 3746 1001 3810 iudicio
1028 3766 1213 3830 oppressum
1237 3752 1268 3809 et
1289 3745 1537 3809 circumventum
1558 3764 1629 3809 esse
1649 3746 1741 3810 inno·

418 3844 566 3905 centem?

481 4076 506 4125 2.
524 4072 652 4138 tutantem]
669 4086 700 4123 nc
716 4077 775 4123 onte
790 4073 829 4133 ll;
848 4085 901 4123 om.
915 4073 942 4123 F.
958 4099 985 4109 -
1004 4072 1139 4135 aram
1156 4069 1296 4122 STALQ.
1311 4098 1338 4107 -
1358 4071 1517 4134 remissuri
1532 4072 1630 4124 ulo:
1650 4074 1741 4126 strant

416 4148 506 4211 appeti
527 4144 585 4204 bl:
614 4147 748 4209 chnopult
769 4147 801 4206 1³;
829 4147 908 4197 Teano
929 4147 983 4198 ΒΤ.
1013 4149 1157 4199 Arusianus
1175 4147 1285 4198 blessios
1301 4160 1327 4196 v.
1346 4146 1413 4198 obest
1433 4151 1469 4197 tot
1483 4146 1556 4196 mllio
1571 4158 1599 4210 p.
1618 4148 1674 4199 att.
1694 4149 1738 4201 ed.

416 4222 549 4273 Lindem.:
575 4223 603 4270 io
623 4235 651 4273 eo
675 4222 716 4286 (ex
732 4227 804 4272 uaso
820 4222 863 4272 vet
879 4223 955 4286 aaut)
972 4224 1037 4286 qood
1052 4229 1089 4274 cst
1104 4222 1137 4273 ob
1152 4223 1246 4273 bertoo
1261 4222 1341 4272 XVIII
1354 4221 1427 4272 mdm
1443 4234 1572 4284 passum.
1596 4248 1624 4259 ·-
1648 4222 1680 4273 ab
1697 4225 1738 4285 ll,

417 4310 470 4348 om.
488 4298 517 4346 4..
543 4294 702 4347 Alterutrum
723 4295 864 4348 lectionem
885 4296 973 4348 firmet
988 4298 1148 4359 Arusianus,
1175 4299 1220 4362 qui
1241 4297 1348 4362 scripsit
1362 4295 1404 4347 vel
1421 4297 1488 4357 quod
1503 4296 1570 4348 abest
1585 4298 1680 4350 Larino
1695 4298 1739 4352 vet

416 4370 727 4436 aucmentatum.
747 4400 774 4410 -
796 4370 1093 4425 l.occersitsT.-tt.
1114 4367 1627 4434 namna.-9uctauom.sr.-
1647 4373 1739 4425 dmi-

416 4462 474 4499 sera
489 4447 551 4498 sitit
566 4447 628 4497 matt
644 4449 703 4498 SI:
721 4448 783 4498 sibit
797 4449 859 4498 moti
874 4447 1121 4501 uberalitbto.
1136 4475 1164 4486 -
1182 4449 1206 4498 7.
1224 4448 1289 4498 toro
1303 4447 1418 4497 wdecim
1433 4459 1490 4496 mm
1504 4447 1738 4513 cabmtnpubtico

417 4523 475 4572 ST:
502 4522 597 4572 cumb.
614 4524 675 4573 uod.
692 4525 761 4587 trip.
778 4525 864 4575 colem
879 4524 1023 4576 RALIO.
1042 4550 1070 4560 —
1096 4524 1121 4574 8.
1142 4528 1198 4585 post
1215 4523 1269 4586 (sic)
1286 4522 1627 4574 noctem-mussat
1643 4526 1738 4578 corios

416 4597 615 4649 Fortunatianus
630 4611 657 4662 p.
670 4599 711 4650 94.
730 4599 773 4650 ed.
792 4601 875 4664 capp.
887 4626 914 4636 -
932 4600 1061 4651 moeret
1077 4598 1294 4660 Fortunatimus,
1312 4598 1348 4647 «i.
1362 4609 1386 4648 e.
1400 4594 1490 4648 lucere
1506 4598 1646 4662 inciperet,
1665 4599 1737 4664 quod

416 4671 530 4723 verbum
551 4672 677 4724 celeritati
700 4675 778 4726 huius
799 4675 861 4727 lacti
882 4675 991 4727 mtriflce
1008 4676 1158 4726 convenit.»
1178 4675 1239 4723 Gan.
1257 4672 1282 4722 i.
1306 4698 1334 4708 -
1361 4673 1402 4723 444.
1424 4673 1578 4723 mustioott
1597 4671 1687 4726 uto.
1706 4699 1734 4710 -

417 4750 456 4799 45.
475 4750 565 4810 optines
580 4750 639 4800 ST:
658 4750 753 4812 optimo
767 4749 910 4804 assio.
930 4775 958 4785 -
978 4752 1129 4813 conpuncto
1144 4745 1198 4799 [Β.
1218 4771 1245 4782 -
1272 4747 1686 4799 somnolentiae.
1707 4775 1735 4787 -

416 4820 673 4876 ercammarus.
697 4823 838 4888 cissa.
858 4825 941 4873 -tta
956 4823 1029 4887 quod]
1047 4823 1133 4885 domu
1149 4821 1244 4880 illo,
1267 4822 1352 4884 mque
1368 4823 1433 4885 qood
1449 4819 1504 4874 ct.
1529 4822 1568 4876 ct.
1588 4823 1612 4886 s.
1631 4823 1688 4873 490.
1707 4836 1733 4887 p.

417 4899 522 4949 Fonteio
540 4898 563 4962 S.
582 4898 622 4949 30.
643 4925 670 4934 -
696 4901 735 4950 tr.
753 4912 803 4950 esso
823 4899 900 4949 sobet
916 4899 974 4948 S'l':
1000 4897 1077 4947 sotem
1099 4910 1149 4948 csse
1165 4892 1307 4947 444ιὲ0.
1327 4921 1354 4932 -
1374 4897 1414 4948 48.
1431 4898 1568 4948 Iucundum
1583 4894 1733 4949 srutt:

416 4976 546 5024 immotis
562 4975 647 5025 FAO.
661 5000 689 5012 -
710 4976 749 5025 49.
767 4976 837 5026 ttr't’.
852 5001 879 5011 -
898 4972 1047 5037 bicubito]
1065 4975 1121 5036 quis
1136 4975 1161 5022 s.
1176 4997 1204 5008 -
1222 4970 1254 5021 tis
1269 4972 1331 5022 ST:
1348 4972 1386 5022 tis
1402 4969 1575 5024 iuncto.
1589 4998 1617 5008 -
1635 4972 1736 5024 ibos-

416 5050 526 5099 dtsttsS.
547 5075 574 5086 -
600 5052 640 5100 25.
659 5051 751 5100 aeduis
769 5063 819 5101 ooo
838 5050 891 5099 stne
911 5049 937 5098 S.
957 5075 984 5084 -
1005 5048 1046 5099 26.
1065 5048 1171 5098 mete
1190 5047 1250 5097 ST:
1276 5045 1625 5100 trwteramenittto.
1650 5075 1679 5086 -
1704 5051 1735 5102 do

417 5126 477 5173 ante
494 5137 519 5171 v.
538 5136 587 5185 quo
603 5136 657 5174 om.
676 5125 729 5176 ST.
756 5123 794 5175 ci.
811 5123 971 5187 Madvigium
991 5121 1026 5172 ad
1048 5121 1103 5172 Cic.
1122 5121 1155 5172 de
1172 5120 1227 5172 lin.
1244 5135 1271 5186 p.
1284 5122 1325 5173 74.
1338 5122 1378 5174 98.
1398 5148 1425 5158 -
1444 5123 1486 5173 28.
1504 5136 1587 5173 mom
1601 5123 1658 5176 Sl':
1678 5136 1731 5177 om.

416 5195 906 5250 sacto.-3t.consueosrs:
931 5195 1244 5258 conmmeatum
1260 5194 1375 5250 utto.
1395 5224 1423 5236 -
1442 5198 1682 5253 asscensore.
1702 5226 1730 5238 -

412 5272 959 5342 aeanonspr.m.—³3.posmst.
