4367 6109
740 619 814 684 cn.
835 617 1143 686 xxvm-xxnr
1172 617 1228 706 ss.
1250 614 1394 686 rc-es.
1695 616 1730 684 44

414 806 480 873 quo
503 790 545 852 sit
567 789 640 853 Sex.
655 789 787 853 Roscius
809 791 949 854 occisus:
972 792 1011 855 ab
1034 812 1132 867 eone,
1155 794 1211 877 qui
1225 798 1355 877 propter
1370 791 1455 855 illius
1469 797 1602 855 mortem
1616 790 1650 854 in
1665 810 1739 876 ege·

413 889 494 947 state
526 890 559 946 et
587 886 622 948 io
642 883 764 948 insidiis
784 893 943 960 versatur,
971 888 1023 949 cui
1045 908 1086 950 ne
1109 887 1283 973 quaerendi
1305 885 1434 971 quidem
1455 884 1497 951 dc
1518 894 1619 951 morte
1640 885 1739 971 patris

412 984 556 1060 potestas
571 979 780 1061 permittitur,
801 998 842 1042 an
857 977 896 1041 ab
911 981 965 1056 iis,
988 981 1043 1063 qui
1058 982 1279 1065 quaestionem
1293 979 1445 1064 fugitant,
1465 978 1552 1047 bonu
1563 978 1739 1065 possident,

412 1072 447 1134 in
480 1070 579 1135 caede
611 1079 707 1157 atque
735 1093 776 1135 ex
804 1073 901 1137 caede
922 1075 1042 1136 vivunt.
1087 1074 1215 1149 Omnia,
1243 1073 1381 1151 iudices,
1412 1076 1447 1139 ita
1466 1068 1533 1141 late
1549 1094 1645 1141 causa
1667 1078 1741 1138 sunt

413 1167 531 1229 misera
559 1172 656 1252 atque
682 1164 830 1250 iudigna3
863 1174 969 1231 tamen
989 1167 1051 1231 hoc
1074 1167 1154 1232 nibil
1179 1186 1285 1253 neque
1307 1167 1450 1233 acerbius
1471 1182 1579 1255 nsque
1598 1169 1741 1252 iniquius
1762 1167 1779 1214 ⁵

413 1259 550 1345 proferri
577 1266 700 1347 potest:
731 1262 840 1324 mortis
868 1269 1018 1344 paternae
1041 1261 1080 1324 de
1102 1263 1201 1325 servis
1222 1263 1362 1346 paternis
1384 1262 1603 1347 quaestionem
1623 1260 1742 1326 habere

413 1351 480 1418 lilio
502 1373 568 1418 non
589 1356 673 1419 licet.
701 1356 748 1418 Ne
770 1354 910 1418 tamdiu
934 1356 1063 1439 quidem
1086 1355 1234 1420 dominus
1257 1358 1316 1419 erit
1336 1358 1370 1420 in
1387 1374 1480 1431 suos,
1503 1354 1578 1420 ilum
1593 1358 1686 1422 exiis
1703 1355 1742 1418 de

415 1450 514 1531 patris
537 1456 638 1512 morte
661 1451 855 1533 quaeratur?
888 1449 1037 1526 Veniam,
1059 1470 1168 1535 neque
1182 1452 1227 1516 ita
1241 1450 1341 1513 multo
1356 1457 1445 1534 post,
1465 1450 1505 1515 ad
1521 1450 1606 1514 bunc
1619 1450 1743 1526 locum3

414 1541 572 1607 namhoc
594 1550 696 1607 totum
718 1543 757 1606 ad
780 1542 912 1607 Roscios
934 1545 1087 1626 pertinet,
1111 1544 1150 1607 de
1172 1563 1310 1630 quorum
1331 1543 1465 1608 audacia
1486 1540 1553 1609 tuni
1574 1564 1624 1607 me
1643 1545 1744 1609 dictu-

415 1657 485 1701 rum
512 1637 676 1720 pollicitus
706 1657 792 1710 sum,
820 1656 893 1699 cum
915 1638 1022 1701 Erucii
1044 1639 1175 1702 crimina
1197 1639 1370 1702 diluissem.
1416 1638 1536 1702 XXIX.
1564 1635 1615 1702 73.
1636 1628 1783 1713 Nunc,⁴⁰

415 1732 528 1806 Eruci,
550 1729 592 1793 ad
613 1739 645 1793 te
667 1732 771 1794 venio.
809 1730 984 1794 Conveniat
1004 1733 1082 1795 mihi
1104 1739 1209 1797 tecum
1230 1751 1361 1796 necesse
1382 1738 1447 1808 est,
1470 1733 1498 1796 si
1517 1732 1559 1797 ad
1579 1732 1665 1796 hunc
1679 1748 1746 1797 144*

415 1820 554 1888 lelicinm
575 1823 660 1888 istud
682 1825 836 1909 pertinet,
858 1831 913 1888 aut
935 1826 1040 1908 ipsum
1062 1846 1120 1890 sua
1141 1847 1238 1890 manu
1251 1825 1382 1902 iecisse,
1403 1826 1438 1890 id
1452 1824 1540 1911 quod
1553 1842 1669 1910 negm,
1690 1830 1748 1890 aut

415 1938 474 2003 per
502 1918 629 2002 aliquos
656 1918 773 1982 liberos
800 1927 855 1982 aut
876 1939 994 1983 servos.
1038 1921 1238 1985 biberosuet
1272 1940 1354 2005 quos
1379 1934 1486 2004 nequo
1511 1922 1551 1982 ut
1576 1919 1746 1984 convenire

415 2013 557 2096 potuerit
583 2032 688 2097 neque
717 2033 781 2098 qua
808 2014 931 2077 ratione
952 2013 1104 2079 inducere
1126 2036 1232 2099 neque
1254 2015 1308 2079 ubi
1330 2032 1438 2101 neque
1457 2032 1517 2101 per
1537 2028 1620 2099 quos
1640 2025 1747 2097 deque

416 2127 481 2193 qua
500 2127 561 2192 spe
575 2113 631 2171 aut
647 2127 712 2191 quo
734 2108 836 2191 pretio
858 2115 951 2192 potes
973 2110 1154 2173 ostendere.
1186 2110 1252 2192 Ego
1273 2115 1385 2173 contra
1398 2107 1550 2184 ostendo,
1570 2124 1637 2172 non
1650 2104 1746 2170 ruodo
1755 2106 1784 2157 ⁴³

416 2201 495 2267 nihil
516 2221 627 2265 eorum
649 2200 764 2265 iecisse
787 2202 860 2265 Sex.
876 2203 1043 2278 Roscium,
1065 2202 1123 2267 sed
1143 2221 1185 2267 ne
1206 2204 1350 2286 potuisse
1371 2200 1502 2288 quidem
1515 2198 1638 2279 444444,
1658 2198 1748 2287 quod

415 2315 522 2382 neque
550 2297 669 2359 Itomae
698 2295 805 2358 multis
837 2297 929 2360 annis
961 2294 1057 2360 luerit
1085 2313 1191 2382 neque
1214 2297 1254 2361 de
1280 2296 1419 2380 praediis
1446 2310 1600 2383 umquam
1627 2302 1748 2361 tantm

415 2390 605 2455 discesserit.
627 2391 758 2453 Restare
773 2390 830 2453 tibi
845 2389 1012 2454 videbatur
1025 2410 1190 2455 servorum
1204 2410 1339 2467 nomen,
1363 2410 1429 2476 qno
1451 2390 1544 2478 quasi
1563 2391 1598 2456 in
1619 2397 1747 2475 portum

415 2486 552 2549 reiectus
574 2503 593 2547 a
614 2485 729 2548 ceteris
751 2484 985 2568 suspicionibus
1008 2484 1179 2568 confugere
1200 2505 1328 2569 posses:
1350 2483 1407 2548 ubi
1421 2481 1590 2569 scopulum
1612 2480 1748 2548 odendis

416 2579 589 2654 eiusmodi,
619 2584 655 2642 ut
684 2597 751 2641 nou
778 2578 874 2641 modo
902 2577 1025 2642 abhoc
1047 2580 1165 2642 crimen
1187 2579 1309 2642 resilire
1331 2577 1460 2656 videas,
1488 2597 1599 2642 verum
1621 2576 1785 2641 omnem„

415 2674 630 2758 suspicionem
650 2675 684 2737 in
706 2680 830 2736 vosmet
850 2674 937 2757 ipsos
959 2674 1099 2736 recidere
1121 2673 1289 2757 intelligas.
1320 2669 1372 2735 80.
1395 2670 1481 2750 Quid
1503 2691 1578 2756 ergo
1594 2679 1658 2748 ast,
1682 2691 1747 2756 quo

414 2767 543 2832 tandem
571 2773 737 2832 accusator
770 2769 879 2850 inopia
912 2775 1170 2851 argumentorum
1197 2764 1394 2851 confugerit?
1429 2763 1594 2831 Eiusmodi
1621 2774 1746 2849 tempus

416 2866 500 2938 erat,
521 2862 642 2947 inquit,
664 2868 701 2925 ut
719 2860 864 2924 homines
887 2861 982 2944 vulgo
1004 2862 1134 2945 impune
1153 2860 1389 2937 occiderentur;
1412 2880 1512 2945 quare
1531 2860 1594 2924 hoc
1616 2867 1651 2924 tu
1672 2877 1748 2944 pro·

414 2966 487 3043 pter
507 2955 743 3021 multitudinem
766 2956 950 3019 sicariorum
972 2953 1062 3018 nullo
1084 2954 1212 3039 negotio
1233 2953 1337 3018 lacere
1351 2955 1494 3038 potuisti.
1524 2953 1654 3018 Interim
1669 2953 1747 3018 mibi

416 3053 548 3128 videris,
569 3051 680 3126 Eruci,
702 3069 767 3114 una
787 3048 933 3114 mercede
956 3049 1035 3113 duas
1057 3069 1109 3113 res
1131 3049 1257 3134 assequi
1272 3046 1373 3112 velle:
1395 3067 1455 3113 nos
1476 3047 1594 3113 iudicio
1616 3042 1784 3131 pertun-tt

417 3146 509 3224 dere,
531 3164 682 3212 accusare
704 3150 810 3208 autem
825 3164 879 3207 eos
901 3146 1003 3229 ipsos,
1025 3144 1177 3228 aquibus
1192 3142 1371 3208 mercedem
1384 3144 1546 3226 accepisti.
1575 3141 1661 3218 Quid
1676 3143 1744 3205 aist

417 3244 520 3327 Vulgo
542 3237 789 3306 occidebantur?
820 3239 880 3302 Per
901 3258 982 3323 quos
1005 3246 1037 3302 et
1057 3239 1231 3324 aquibus?
1264 3237 1336 3301 Nou
1350 3238 1469 3321 cogitas
1489 3243 1522 3300 te
1535 3256 1555 3300 a
1569 3236 1745 3300 sectoribus

416 3337 480 3401 hnc
501 3335 675 3400 adductum
698 3335 788 3397 esset
820 3331 905 3409 Quid
935 3335 1069 3416 posteat
1105 3333 1269 3397 Nescimus
1290 3346 1350 3415 per
1370 3333 1430 3395 ista
1450 3338 1595 3414 tempora
1615 3330 1745 3394 eosdem

417 3430 483 3496 iere
505 3438 645 3496 sectores
666 3426 765 3492 luisse
786 3426 942 3490 collorum
964 3433 996 3491 et
1016 3429 1195 3491 bonorum?
1230 3422 1281 3489 8i.
1303 3427 1330 3489 Ii
1352 3424 1508 3508 denique,
1529 3425 1673 3508 quitum
1695 3443 1745 3489 ar·

418 3528 494 3591 mati
521 3525 590 3590 dies
611 3531 788 3605 noctesque
810 3521 1057 3596 concursabant,
1087 3522 1142 3605 qui
1164 3521 1282 3585 Romae
1304 3526 1395 3585 erant
1415 3517 1551 3596 assidui,
1580 3521 1637 3605 qoi
1658 3521 1783 3583 omniuo

418 3629 562 3705 tempore
583 3621 618 3683 in
639 3615 757 3701 praeda
779 3624 810 3679 et
832 3618 984 3699 sanguine
1005 3614 1226 3691 versabantur,
1254 3616 1327 3679 Sex.
1349 3614 1464 3678 Roscio
1485 3615 1637 3698 temporis
1658 3613 1744 3678 illius

418 3715 621 3779 acerbitatem
642 3711 907 3796 iniquitatemque
929 3710 1093 3787 obiicient,
1123 3718 1156 3774 et
1180 3710 1268 3774 illam
1289 3709 1474 3773 sicariorum
1495 3707 1745 3783 multitudinem,

418 3810 451 3872 in
473 3828 539 3895 qua
564 3806 626 3889 ipsi
654 3804 751 3868 duces
781 3824 818 3868 ac
840 3804 1000 3887 principes
1023 3812 1128 3879 orant,
1156 3804 1232 3868 huic
1255 3804 1377 3867 crimini
1398 3802 1557 3887 putabunt
1577 3800 1667 3866 lore?
1689 3803 1746 3888 qui

419 3921 484 3965 non
505 3900 601 3965 modo
622 3901 741 3962 Romae
763 3918 828 3961 non
848 3898 922 3972 init,
945 3898 1001 3961 sed
1020 3900 1167 3972 omnino,
1189 3897 1267 3982 quid
1281 3898 1400 3959 Romae
1419 3904 1581 3979 ageretur,
1603 3898 1745 3971 nescivit,

483 4072 509 4123 2.
527 4075 552 4124 ct
567 4071 595 4121 io
609 4069 714 4130 insidiis]
732 4065 822 4118 addidi
838 4067 865 4116 44
882 4080 915 4117 er
932 4067 1000 4117 coni.
1020 4093 1047 4107 -
1072 4067 1097 4119 3.
1114 4068 1215 4132 inpium
1231 4067 1281 4117 lli.
1303 4091 1330 4102 -
1354 4066 1379 4116 6.
1394 4066 1510 4130 protom
1526 4067 1555 4116 G.
1575 4090 1604 4102 -
1623 4065 1647 4116 8.
1666 4078 1747 4128 44444-

418 4143 525 4212 mi]
543 4145 648 4210 signum
664 4143 875 4207 interrogationis
893 4141 984 4193 lamb.
1001 4144 1105 4207 primus
1121 4142 1217 4208 posuit.
1238 4166 1266 4176 -
1283 4139 1364 4190 mulio
1380 4141 1409 4189 0.
1431 4164 1460 4177 -
1483 4141 1524 4190 tt.
1542 4144 1578 4191 est
1593 4153 1647 4190 om.
1667 4141 1696 4190 G.
1717 4166 1745 4177 -

419 4219 461 4274 43.
482 4221 625 4272 mmet
645 4219 761 4271 Elisa.
788 4245 815 4254 -
842 4217 882 4268 48.
902 4230 963 4280 quos
979 4219 1052 4280 quasi
1067 4218 1119 4269 lli.
1141 4242 1170 4254 -
1196 4216 1237 4266 20.
1256 4215 1360 4265 minine
1376 4216 1491 4278 (ὶψνο.
1512 4240 1541 4252 -
1557 4214 1651 4265 resiliet
1667 4216 1696 4265 G.
1717 4239 1745 4250 -

419 4296 460 4349 24.
479 4296 542 4360 quid
556 4309 617 4362 orac
633 4299 669 4347 est
684 4295 750 4345 biv:
774 4294 886 4356 quidest
901 4306 961 4357 erqo
977 4292 1055 4344 codd.
1074 4291 1129 4355 alii,
1147 4293 1231 4351 044;
1258 4291 1319 4352 maid
1334 4295 1419 4340 444444
1433 4294 1469 4341 eat
1485 4290 1515 4339 0.
1541 4289 1580 4339 04
1598 4287 1650 4340 4444
1665 4289 1749 4339 inter-

417 4371 563 4437 punctione
579 4381 605 4421 4.
618 4367 804 4431 Wesenbergii
822 4367 936 4418 044444.
951 4367 1009 4418 crit.
1022 4369 1056 4417 ad
1071 4381 1110 4418 or.
1127 4380 1156 4430 p.
1168 4366 1247 4418 844444
1263 4379 1291 4430 p.
1304 4365 1344 4415 44.
1364 4367 1419 4416 444.
1432 4366 1456 4416 4.
1472 4390 1500 4402 -
1517 4364 1560 4416 22.
1572 4370 1656 4416 tuneo
1673 4367 1702 4416 G.
1717 4388 1746 4401 -

418 4445 459 4498 23.
476 4446 524 4497 ios
540 4450 570 4496 ts
585 4445 699 4496 suiv:
718 4449 746 4494 tc
761 4443 806 4493 boc
822 4436 859 4495 lli
873 4443 951 4494 Oac.
971 4470 999 4479 -
1018 4440 1058 4495 24.
1076 4442 1185 4504 mrim]
1202 4441 1327 4491 4444404444
1343 4439 1402 4491 cod.
1423 4440 1452 4504 (t)
1469 4439 1563 4492 Ursini,
1588 4436 1676 4490 :Solet
1690 4437 1746 4488 Cic.

418 4521 521 4572 44444444
537 4518 667 4571 adbibere
686 4521 860 4585 protutorem
878 4521 906 4568 at
916 4519 959 4569 bic
971 4520 1043 4569 esset
1053 4517 1204 4580 4444444444,
1221 4528 1424 4580 masenceium,
1443 4527 1591 4579 quoscum
1601 4511 1749 4564 Tullianum

419 4597 461 4648 ost
476 4596 618 4659 4444404444,
641 4607 805 4660 quamquam
825 4597 919 4659 postea
935 4595 972 4644 ita
988 4591 1062 4643 multi
1079 4595 1251 4657 usurparunt.
1276 4590 1311 4656 [v.
1329 4591 1427 4642 Duker.
1447 4589 1482 4640 ad
1498 4588 1604 4641 Florum
1619 4589 1640 4640 l.
1658 4583 1748 4650 24441

418 4667 582 4723 forcellinus
604 4669 744 4735 explicavit
765 4670 866 4720 44444444
883 4667 970 4719 «dum
986 4669 1036 4719 ista
1053 4667 1150 4730 dicis»,
1177 4666 1250 4731 qnod
1265 4678 1365 4717 vanum
1380 4664 1530 4730 periurium
1548 4665 1616 4715 est·
1643 4665 1704 4713 Gar.
1722 4661 1747 4711 2.

418 4745 513 4810 risque
529 4745 595 4797 mihi
612 4745 746 4812 persuasit
761 4742 880 4796 Handius
897 4745 924 4795 tn
941 4740 1049 4794 Turseli.
1062 4743 1105 4793 111.
1122 4755 1148 4807 p.
1162 4741 1219 4794 424.
1236 4741 1271 4792 (14
1282 4739 1403 4792 lectionis
1414 4740 1573 4804 integritate.
1588 4764 1617 4776 ·-
1635 4737 1676 4789 26.
1690 4734 1751 4799 quid

420 4820 459 4872 444
473 4820 554 4872 unici
570 4821 633 4874 sch.
653 4847 681 4858 -
706 4821 747 4872 27.
769 4833 820 4871 444
842 4820 938 4884 copim
958 4818 1079 4870 Ernesti:
1103 4831 1184 4868 44444
1199 4817 1295 4882 copitar
1312 4814 1391 4866 codd.
1411 4817 1439 4864 et
1455 4815 1484 4864 0.
1512 4814 1550 4866 ci.
1569 4811 1654 4864 Hand.
1672 4811 1748 4861 Turs.

420 4894 462 4946 tv.
479 4907 507 4961 p.
525 4894 575 4948 340
591 4909 633 4961 sq.
653 4918 682 4932 -
700 4895 742 4948 23.
759 4893 889 4958 meme]
905 4894 983 4944 444444
1000 4892 1060 4944 cod.
1078 4893 1152 4944 laun.
1172 4895 1199 4943 et
1215 4889 1303 4944 schol.
1322 4891 1348 4941 in
1360 4887 1544 4955 explicatione,
1562 4887 1635 4952 quod
1649 4884 1751 4952 proba-

420 4971 483 5020 runt
499 4972 560 5022 (ior.
580 4974 607 5023 et
623 4971 667 5021 0r.
685 4970 729 5030 2.;
752 4970 848 5021 nescim
869 4981 884 5018 a
907 4970 949 5033 (ox
964 4981 993 5030 v,
1021 4966 1067 5018 ubi
1090 4968 1252 5032 impressum
1269 4967 1326 5017 est:
1354 4961 1479 5029 nescitis).
1504 4988 1532 5001 —
1558 4969 1672 5026 44444444
1691 4972 1751 5010 cero

421 5043 516 5096 44444444
531 5058 592 5097 cm
606 5044 683 5110 144444
700 5045 729 5095 0.
749 5068 778 5082 -
797 5044 838 5096 30.
858 5042 1144 5095 conuaesobuotllvc:
1162 5040 1390 5101 concurrebant&
1408 5038 1639 5091 druencmoboot
1656 5032 1750 5094 Cila3

423 5117 457 5170 44.
475 5120 580 5187 Zumpt
598 5118 635 5171 ad
650 5119 727 5171 verr.
745 5133 773 5185 p.
791 5119 848 5172 800.
869 5145 896 5156 -
918 5119 959 5170 34.
977 5124 1001 5171 et
1017 5119 1045 5169 44
1068 5117 1189 5184 amputas
1206 5118 1260 5168 ov.
1281 5143 1308 5152 -
1328 5115 1369 5167 32.
1387 5120 1411 5166 ct
1427 5128 1481 5166 om.
1500 5128 1525 5166 4.
1546 5140 1573 5150 -
1592 5110 1633 5163 34.
1650 5107 1753 5161 nosos

423 5192 527 5260 iladvig
544 5195 580 5262 (v.
598 5197 696 5261 opusc.
714 5194 735 5245 1.
753 5207 780 5259 p.
799 5195 856 5246 482.
874 5195 903 5246 44
918 5193 953 5244 ad
970 5195 1024 5246 Cic.
1043 5191 1078 5246 de
1094 5194 1168 5246 linn.
1185 5206 1213 5260 p.
1230 5190 1315 5257 stoi:
1337 5190 1442 5243 44444444
1457 5187 1547 5250 codd,
1565 5185 1639 5251 quod
1654 5182 1752 5237 4444444

421 5267 466 5320 Or.
483 5267 509 5322 2.
528 5269 557 5322 44
571 5269 669 5324 saum
686 5269 718 5323 u.
735 5282 763 5336 p.
782 5268 838 5322 433.
857 5269 1043 5323 defenderunt.
1072 5270 1181 5321 Poterat
1201 5271 1292 5320 tamen
1317 5264 1396 5318 lectio
1413 5263 1492 5318 codd.
1511 5262 1593 5319 etum
1609 5273 1643 5317 ex
1658 5256 1754 5317 4444440

422 5348 479 5400 aot
493 5343 567 5400 orbi.
594 5345 693 5404 contm
707 5344 867 5404 uatmeeu
882 5347 1006 5417 superius
1020 5345 1099 5412 444444
1112 5358 1163 5414 pro
1177 5343 1227 5410 44444
1242 5339 1362 5398 seihero
1377 5337 1478 5396 maluit.
