4367 6109
818 547 892 612 cn.
913 545 1072 611 x-xn.
1101 542 1158 628 ss.
1180 540 1327 608 as-at.
1393 596 1395 602 .
1670 542 1733 607 esa

411 717 561 799 negligis,
583 737 623 780 ne
644 718 694 780 bis
717 714 860 799 quidem,
884 736 964 800 quos
985 715 1090 789 vides,
1113 714 1234 779 consuli
1249 721 1341 797 putes
1356 715 1523 795 oportere?
1557 708 1608 775 3t.
1629 714 1734 775 Nemi·

414 831 487 873 nem
509 828 579 872 esse
601 810 672 873 dico
695 830 735 872 ex
764 807 813 871 bis
843 809 1003 882 omnibus,
1038 811 1092 893 qui
1123 810 1178 873 illu
1207 807 1259 870 die
1286 809 1404 870 Romae
1430 806 1543 882 tuerit,
1576 826 1671 888 quem
1699 817 1739 875 tu

412 903 495 968 diem
519 905 552 965 in
574 903 727 966 iudicium
748 922 861 976 vocas,
883 903 1046 986 pubesque
1069 912 1136 966 tum
1157 902 1264 975 tuerit,
1294 901 1371 985 quin
1393 920 1478 963 erum
1500 900 1634 982 ceperit,
1655 901 1734 980 quin

412 996 559 1060 consules
582 1004 709 1059 secutus
732 997 787 1069 sit3
810 1016 919 1059 omnes
940 996 991 1070 bi,
1014 1016 1149 1079 quorum
1171 1004 1205 1059 tu
1228 1016 1268 1058 ex
1290 1001 1390 1057 aetate
1406 994 1617 1056 coniecturam
1630 992 1734 1057 iacere

412 1098 518 1173 potes,
540 1089 619 1173 quid
640 1098 707 1152 tum
729 1083 877 1170 iecerint,
900 1089 956 1151 abs
979 1098 1009 1152 te
1025 1090 1071 1151 rei
1086 1090 1199 1171 cupitis
1216 1090 1249 1152 C.
1264 1087 1381 1151 Rabirii
1397 1088 1523 1150 nomine
1538 1088 1734 1149 citantur.-
1758 1101 1773 1143 s

411 1187 453 1247 nt
477 1182 593 1247 occidit
622 1183 826 1246 Saturninum
861 1183 1018 1245 Rabirius.
1046 1216 1087 1229 -
1115 1183 1239 1246 Utinam
1272 1180 1412 1243 secissetl
1448 1200 1514 1243 non
1543 1181 1733 1263 supplicium

412 1278 618 1360 deprecarer,
642 1276 698 1341 sed
729 1276 904 1360 praemium
933 1276 1137 1358 postularem.
1185 1275 1308 1338 Etenim
1338 1273 1364 1336 si
1395 1276 1549 1347 Scaeuae,
1579 1293 1671 1336 seruo
1695 1272 1734 1348 Q.

413 1370 574 1444 Crotonis,
598 1372 653 1454 qui
677 1371 790 1435 occidit
811 1370 846 1431 L.
870 1370 1090 1442 Saturninum,
1113 1369 1240 1431 libertas
1262 1369 1335 1431 datu
1356 1377 1420 1442 est,
1445 1369 1531 1452 quod
1553 1369 1652 1452 equiti
1674 1368 1736 1431 llo·

414 1485 505 1528 muno
526 1466 700 1547 praemium
722 1464 790 1527 dari
811 1484 869 1547 par
889 1463 1022 1526 tuissel‘l
1054 1469 1088 1524 et
1109 1463 1135 1525 si
1160 1462 1193 1524 C.
1215 1461 1349 1535 Marius,
1380 1462 1467 1545 quod
1496 1459 1631 1536 fistulas,
1664 1463 1735 1545 qui·

412 1558 471 1621 bus
492 1579 576 1643 aqua
597 1559 858 1641 suppeditabatur
879 1557 962 1620 lovis
985 1555 1104 1638 Optimi
1127 1557 1256 1620 Maximi
1274 1555 1400 1636 templis
1422 1574 1458 1618 ao
1479 1554 1624 1628 sedibus,
1646 1569 1773 1638 prae-so

414 1649 477 1713 cidi
499 1651 690 1734 imperarat,
713 1651 799 1734 quod
821 1652 854 1714 in
875 1651 957 1714 clivo
982 1649 1159 1732 Capitolino
1181 1649 1396 1731 improborum
1417 1650 1532 1712 civium
1548 1650 1565 1681 ³¹·
1580 1647 1598 1684 *
1612 1649 1629 1683 s

456 1821 672 1907 lirapnaenta
695 1844 718 1887 a
732 1819 925 1888 Nlebulrrlo
948 1842 994 1886 eu
1017 1822 1133 1887 codiee
1152 1820 1378 1908 palimpsesto
1402 1818 1572 1885 Vaticano
1588 1823 1694 1887 edita.

496 1930 567 1992 ΧΠ.
600 1927 650 1993 32.
685 1929 774 1965 *i*
797 1938 873 1993 aret.
918 1931 1027 2011 ltaque
1051 1950 1114 1993 nou
1136 1937 1264 1994 senatus
1286 1928 1319 1990 in
1342 1947 1379 1989 ea
1399 1946 1496 1990 causa
1516 1930 1736 2010 cognoscenda

413 2043 464 2086 me
485 2031 596 2106 agente
618 2023 800 2105 diligentior
829 2029 885 2085 aut
913 2021 1131 2085 inclementior
1157 2022 1234 2096 tuit,
1266 2042 1362 2107 quam
1388 2041 1446 2083 vos
1475 2019 1631 2094 universi,
1664 2037 1773 2086 cumas

413 2117 498 2180 orbis
520 2124 620 2180 terrae
644 2116 898 2179 distributionem
919 2121 1014 2198 atque
1036 2115 1128 2177 illum
1149 2118 1253 2198 ipsum
1274 2135 1384 2198 agrum
1400 2114 1593 2196 Campanum
1613 2115 1736 2188 animis,

414 2211 577 2285 manibus,
604 2209 734 2272 vocibus
756 2208 979 2290 repudiamstis.

498 2300 549 2365 33.
578 2302 666 2366 Idem
688 2323 762 2385 ego,
790 2301 876 2385 quod
898 2301 942 2376 is,
964 2302 1020 2385 qui
1043 2312 1085 2366 est
1107 2311 1216 2367 auctor
1236 2303 1331 2367 buius
1353 2303 1482 2379 iudicii,
1504 2303 1625 2376 clamo,
1646 2320 1736 2385 prue-

414 2397 500 2471 dioo,
522 2397 692 2460 denuntio:
715 2397 822 2459 nullus
844 2403 893 2459 est
914 2395 1056 2479 reliquus
1078 2417 1152 2471 rex,
1181 2397 1267 2460 nulla
1289 2416 1384 2479 gens,
1406 2396 1494 2461 nulla
1515 2397 1619 2471 nudo,
1642 2417 1736 2481 mam

414 2489 660 2572 pertimescatis:
683 2490 805 2553 nullum
827 2488 1059 2564 adventicium,
1081 2490 1202 2553 nullum
1225 2498 1409 2554 extraneum
1432 2492 1547 2553 malum
1569 2499 1632 2564 est,
1655 2489 1775 2574 quadiu

413 2584 573 2646 insinuare
602 2585 636 2648 in
667 2584 749 2646 banc
775 2603 838 2646 rem
860 2583 1013 2664 publicum
1035 2583 1150 2665 possit:
1182 2583 1209 2646 si
1238 2584 1439 2647 immortalem
1469 2585 1551 2647 bauo
1578 2584 1737 2647 civitatem

414 2696 474 2739 esse
494 2677 606 2750 vultis,
634 2678 661 2741 si
688 2685 846 2740 aeternum
874 2677 929 2739 boe
952 2678 1132 2760 imperium,
1162 2678 1188 2739 si
1211 2679 1341 2759 gloriam
1361 2679 1584 2759 sempiternam
1604 2698 1735 2751 manue,

414 2771 506 2833 nobis
528 2790 547 2833 a
561 2772 675 2834 nostris
688 2771 923 2853 cupiditatibus,
945 2791 964 2834 a
979 2771 1158 2834 turbulentis
1171 2770 1353 2833 bominibus
1366 2781 1454 2852 atque
1466 2790 1615 2834 novarum
1631 2792 1736 2835 rerum

414 2865 546 2946 cupidis,
568 2864 605 2926 ab
619 2867 767 2927 intestinis
779 2866 885 2937 molis,
907 2885 926 2928 a
941 2865 1123 2928 domesticis
1140 2866 1279 2928 consiliis
1293 2873 1339 2927 est
1354 2864 1540 2927 cavendum.
1568 2862 1619 2927 34.
1641 2866 1737 2927 Hisce

415 2966 522 3021 autem
544 2958 635 3021 malis
654 2977 800 3040 mapnum
822 2959 1013 3041 praesidium
1033 2958 1120 3020 uobis
1143 2959 1278 3020 maiores
1299 2958 1399 3020 vestri
1419 2957 1612 3041 reliquerunt
1634 2969 1775 3023 vocemus

413 3050 499 3113 illam
522 3052 662 3115 consulis
687 3052 842 3136 «quirem
859 3053 1010 3132 publicam
1031 3051 1150 3115 salvam
1171 3070 1241 3114 esse
1262 3051 1394 3113 mitent.»
1434 3051 1515 3114 liuic
1536 3053 1607 3116 roei
1629 3052 1736 3126 taven,

417 3145 567 3222 Quirites,
592 3165 682 3229 neque
702 3154 807 3209 uestro
829 3146 945 3209 iudicio
967 3146 1151 3209 abstuleritis
1173 3143 1249 3207 mibi
1271 3188 1391 3206 ......
1403 3191 1412 3219 ,
1434 3165 1539 3229 neque
1560 3148 1738 3229 eripueritis

480 3500 506 3549 t.
527 3512 559 3549 ne
579 3499 617 3548 bls
639 3500 741 3561 walam
760 3498 801 3549 cd.
820 3497 912 3550 Aldina
931 3499 1007 3550 tutu:
1030 3499 1090 3548 mibi
1111 3499 1208 3561 quidem
1228 3497 1307 3548 codd.
1327 3522 1354 3532 -
1373 3497 1399 3546 2.
1417 3511 1451 3546 eu
1470 3498 1508 3548 liis
1523 3498 1694 3549 Sacdtlrm
1711 3502 1738 3550 et

415 3571 431 3623 l
448 3574 562 3624 Oreum:
581 3587 615 3624 eo:
630 3575 662 3623 iis
679 3572 735 3624 rell.
754 3573 847 3636 Lnga,
867 3575 923 3624 LO.
938 3600 965 3610 -
984 3574 1059 3638 sacru
1076 3574 1109 3624 C:
1126 3574 1220 3636 prosint
1236 3573 1313 3623 codd.
1333 3572 1387 3622 noti
1405 3569 1513 3636 reliqui,
1532 3573 1590 3622 LO.
1605 3600 1631 3609 -
1645 3572 1669 3623 t.
1682 3586 1739 3623 con·

415 3652 512 3697 seeutsn
529 3648 545 3697 i.
566 3672 593 3684 -
612 3649 637 3698 ln'
654 3648 686 3698 l:
710 3649 728 3696 n·
745 3650 762 3697 S
779 3650 806 3699 et
822 3647 879 3698 rell.
898 3650 991 3711 legg„
1013 3651 1042 3698 ut
1058 3647 1177 3707 videtur,
1201 3648 1258 3697 Lo.
1279 3673 1306 3681 -
1325 3648 1349 3697 δ.
1371 3647 1409 3696 rel
1429 3648 1519 3709 capitis
1539 3649 1598 3697 Set
1615 3646 1738 3698 meliores

416 3722 509 3785 baga:
527 3722 565 3772 rei
581 3735 635 3772 om.
654 3721 834 3773 ebodehm
852 3726 879 3772 et
895 3724 995 3773 Oxonu.
1015 3748 1042 3758 -
1061 3723 1138 3772 Reum
1154 3722 1229 3770 utari
1246 3721 1310 3771 dixit
1326 3721 1419 3771 cicero
1436 3723 1517 3772 etiam
1533 3735 1559 3786 p.
1578 3723 1645 3772 sest.
1664 3722 1688 3785 5.
1706 3723 1738 3772 35

416 3797 444 3845 et
460 3808 485 3859 p.
504 3793 556 3846 llil.
575 3795 598 3859 5.
613 3797 660 3858 bo,
678 3796 727 3847 sed
745 3811 797 3847 uon
815 3796 920 3847 additus
933 3797 1010 3847 estin
1022 3796 1063 3846 his
1074 3793 1140 3846 locis
1151 3796 1297 3858 genetivus.
1312 3821 1339 3831 -
1352 3795 1440 3845 liubin
1452 3797 1467 3846 6
1478 3798 1556 3860 lagg.
1571 3823 1598 3833 -
1611 3797 1635 3846 7.
1648 3797 1741 3848 &ecoe

417 3869 496 3921 codd.
515 3869 645 3936 plerique.
666 3899 693 3909 -
712 3872 737 3922 8.
756 3873 857 3923 &owni
874 3870 958 3932 litu,
982 3871 1092 3922 treionis
1108 3884 1138 3933 g;
1164 3870 1277 3920 &clonia
1293 3872 1323 3927 ὃς
1349 3870 1407 3921 tort.
1426 3871 1521 3922 clitoni
1537 3885 1559 3922 s.
1577 3872 1689 3922 Cottonii.
1709 3898 1736 3907 —

414 3946 516 3996 rosnuni
531 3946 558 3996 S.
577 3973 602 3984 -
624 3946 665 3996 td.
683 3947 746 3997 louis
761 3947 848 4010 optinet
863 3958 935 3995 mua.
953 3947 985 4003 S;
1003 3947 1022 3995 l.
1042 3946 1070 3995 0.
1088 3947 1124 3996 lt.
1144 3944 1383 4003 ubedeibmn;
1401 3945 1484 3996 libid.
1503 3947 1526 4005 i;
1543 3946 1624 3998 idibus
1638 3950 1741 3999 merciis

417 4021 474 4071 Ἡ.
495 4046 522 4055 -
541 4021 582 4070 ll.
601 4020 726 4083 capitoleo
743 4022 772 4071 T.
793 4048 820 4059 -
840 4022 901 4086 post
921 4020 1013 4071 duim
1032 4018 1168 4084 legiturin
1187 4019 1287 4071 ethn:
1309 4019 1338 4069 ln
1354 4019 1493 4082 eaensplars'
1512 4021 1739 4088 dauntdmsoliu

416 4108 480 4158 quoe
495 4095 597 4159 tuem
613 4095 734 4156 abscisum
753 4096 780 4145 in
797 4097 828 4146 S:
847 4096 928 4160 deficit
945 4095 1015 4160 finis,
1034 4095 1060 4145 ln
1077 4093 1178 4145 dilm:
1201 4095 1318 4157 &num
1333 4095 1416 4145 mutio
1428 4109 1478 4159 pro
1495 4097 1524 4158 0.
1543 4097 1676 4162 Gomoedo,
1695 4099 1741 4150 ad-

417 4169 555 4233 ditumque
573 4170 599 4220 in
617 4183 658 4222 m:
677 4175 701 4220 et
716 4171 751 4221 sie
764 4170 822 4236 finis
836 4171 1006 4235 prouidentia
1020 4171 1141 4221 muttonis
1156 4175 1180 4221 et
1194 4171 1315 4234 sequentis
1329 4171 1435 4221 lnitlseu.
1453 4198 1480 4209 —
1504 4170 1663 4224 Niebnbrius
1680 4178 1741 4239 post

416 4245 507 4295 cium
524 4243 646 4309 supplet:
668 4247 768 4297 eudem
783 4248 883 4310 suoru.
906 4272 933 4283 -
952 4248 992 4296 tt.
1011 4246 1152 4311 adipumor
1167 4244 1341 4297 Nlebubrius:
1365 4245 1495 4310 dillpmter
1511 4246 1539 4296 P.
1560 4271 1586 4280 —
1607 4247 1647 4297 l't.
1666 4249 1739 4308 Quae

416 4319 509 4370 litteris
525 4318 654 4370 inclinetis
671 4322 802 4386 impresse
813 4324 888 4381 sunt,
906 4319 1090 4385 supplementa
1103 4320 1321 4380 suntNlebubril‚
1343 4320 1392 4370 nist
1403 4318 1479 4371 aliter
1489 4320 1632 4371 indicatum
1644 4324 1693 4372 est.
1709 4349 1736 4361 -

417 4396 457 4446 t8.
475 4397 497 4444 ts
513 4396 556 4457 qul
572 4400 607 4445 est
622 4402 711 4446 auctor
727 4394 832 4461 scripsi:
853 4396 1036 4459 menuctus
1055 4399 1088 4455 P;
1112 4395 1271 4446 Niebubrlus
1288 4401 1322 4445 est
1338 4398 1399 4460 post
1415 4396 1501 4446 iudici
1518 4393 1631 4457 eddidit,
1657 4399 1684 4448 el
1700 4399 1738 4448 sic

417 4471 446 4520 0.
466 4495 493 4504 -
513 4470 553 4519 t9.
572 4470 709 4532 lllillol'S
725 4473 753 4520 Ρ.
773 4496 799 4505 -
818 4471 858 4520 20.
876 4471 993 4520 malumst
1010 4473 1037 4520 P.
1057 4496 1083 4504 -
1103 4471 1145 4519 il.
1165 4471 1252 4521 «Cum
1270 4470 1329 4520 cod.
1348 4470 1447 4522 babeat
1462 4474 1564 4521 tanturn
1583 4486 1739 4532 ...nuere

417 4542 512 4594 melius
528 4556 592 4593 saue
609 4544 768 4595 Niebubrius
785 4543 915 4608 supplevit
932 4545 1073 4605 insinuare,
1091 4545 1163 4607 quod
1181 4547 1214 4594 ita
1226 4546 1283 4596 sine
1294 4559 1369 4609 pron.
1382 4560 1407 4597 se
1418 4545 1486 4597 solet
1496 4558 1625 4609 usurpare
1637 4545 1739 4604 Cicero,

418 4630 498 4681 quam
514 4631 621 4669 manare
637 4621 771 4669 Balarus.»
798 4620 843 4672 On.
861 4620 887 4668 2.
907 4645 934 4654 -
954 4621 994 4669 ἢ.
1017 4620 1091 4669 uollts
1112 4621 1139 4668 P.
1160 4645 1188 4653 —
1207 4626 1336 4669 auersum
1356 4621 1401 4670 boc
1423 4619 1551 4671 Klotzius:
1575 4620 1740 4668 ueternumO

418 4705 480 4742 cum
497 4690 572 4742 Nieb.
593 4719 620 4728 -
639 4692 679 4744 dl.
698 4693 730 4743 ab
745 4694 866 4744 intestinis
883 4695 1015 4757 periculis,
1038 4707 1055 4743 u
1071 4695 1351 4744 communiscomnunis
1367 4694 1499 4760 supplevit
1515 4695 1632 4745 Beisrus.
1652 4720 1680 4730 ·-
1698 4694 1739 4743 26.

418 4768 485 4818 COS.
505 4768 560 4828 ovi
575 4770 602 4818 P.
623 4792 650 4804 -
668 4769 756 4819 uellem
772 4766 908 4832 supplevi:
926 4769 1011 4818 nolum
1026 4767 1234 4833 Wesenbergius
1251 4771 1277 4821 in
1298 4771 1440 4821 Emendatt.
1460 4770 1554 4819 Tanau.
1572 4771 1592 4818 l.
1609 4780 1636 4832 p.
1648 4767 1681 4818 tl
1698 4767 1740 4827 tud

419 4844 460 4894 iV.
474 4842 497 4906 5.
510 4842 568 4904 ss),
587 4846 660 4894 recte
677 4858 788 4895 monens
805 4845 831 4895 lu
849 4845 899 4895 hnc
917 4843 1029 4895 formula
1046 4858 1188 4895 numerum
1204 4844 1335 4911 pluralem
1353 4844 1501 4896 solemnem
1518 4856 1579 4894 esse
1597 4843 1630 4905 (v.
1643 4841 1668 4906 ἓ.
1681 4843 1737 4903 20);

417 4918 468 4967 uolt
483 4916 559 4967 Nieb.
578 4920 605 4968 et
621 4919 650 4969 0.
671 4945 698 4956 -
716 4920 757 4969 27.
775 4933 854 4982 nemas
870 4918 959 4971 llieb.:
979 4920 1038 4970 tort.
1055 4933 1123 4970 neue.
1139 4946 1166 4954 -
1187 4922 1261 4984 «post
1276 4921 1337 4971 mibi
1353 4919 1428 4971 Nieb.
1447 4916 1578 4983 supplevit
1593 4930 1648 4966 reni
1661 4916 1742 4978 publi·

417 5006 488 5053 cam;
507 4993 556 5043 sed
573 4995 703 5044 sententia
719 4993 836 5060 postulet
851 4997 936 5060 potius
953 4995 1083 5044 consulare
1105 4996 1249 5057 impetun,
1273 4998 1303 5044 ul
1324 4997 1365 5045 est
1388 4994 1412 5058 5.
1430 4994 1461 5054 2,
1483 4990 1525 5043 vel
1547 4992 1740 5052 cumulamine,

418 5069 547 5119 utrumvis
563 5082 612 5133 per
628 5073 719 5120 noum
738 5071 804 5122 008.
823 5072 850 5122 in
867 5070 927 5121 cod.
945 5071 1087 5135 scriptum;
1106 5068 1139 5120 ct.
1158 5068 1234 5120 Nieb.
1252 5081 1279 5133 p.
1292 5069 1324 5118 ts
1343 5069 1476 5133 aspaltum
1493 5062 1606 5129 amplius
1618 5067 1742 5128 quattuor

418 5137 460 5189 vel
478 5142 594 5205 quinque
611 5141 704 5194 litteris
725 5158 777 5195 nou
799 5147 923 5209 patitur.»
952 5145 1029 5195 Venit
1045 5145 1125 5195 etiam
1147 5144 1174 5194 in
1194 5145 1313 5194 mentem
1331 5157 1346 5193 e
1363 5143 1387 5208 5.
1407 5142 1438 5193 38
1461 5139 1585 5205 supplere
1607 5142 1741 5192 omium.»

419 5224 464 5273 on.
482 5224 506 5276 t.
541 5227 608 5277 Fort.
627 5225 804 5294 supplendum
826 5232 881 5281 est:
912 5214 1039 5292 vicos„
1057 5230 1074 5279 i.
1092 5241 1118 5278 e.
1134 5228 1187 5278 uun
1200 5227 1315 5279 consulis.
