4367 6109
804 598 1308 686 cn.1v-v1.5§.ro-at.
1517 550 1521 555 ¹
1673 598 1736 666 ror
1778 590 1781 597 ·

413 773 547 836 duarum
575 772 602 835 si
631 772 794 846 adessent,
823 772 886 835 dno
910 773 1042 836 crimina
1062 773 1115 837 rel
1135 773 1272 837 maxima
1293 772 1526 848 minuerentur,
1559 790 1736 855 quaecum

412 869 462 932 bis
483 866 665 931 civitatibus
683 866 716 929 C.
731 867 821 930 Verri
836 869 1067 930 communicata
1089 876 1173 930 sunt.
1206 863 1257 929 45.
1279 868 1320 930 At
1341 868 1426 931 enim
1448 887 1544 931 cura
1565 886 1616 931 me
1637 867 1738 951 potis·

414 962 529 1025 simum
554 959 617 1024 boc
646 959 841 1044 praesidium
862 962 1068 1044 petiverunt?
1113 962 1147 1023 Si
1169 967 1254 1024 esset
1276 960 1423 1036 dubium,
1450 963 1606 1046 petissent
1626 979 1737 1035 necne,

415 1055 569 1129 dicerem,
591 1074 648 1118 cur
668 1055 833 1138 petissent.
866 1056 956 1119 Nunc
977 1076 1053 1118 vero
1076 1077 1148 1118 cum
1170 1056 1202 1117 id
1223 1056 1268 1118 ita
1289 1057 1493 1139 perspicuum
1508 1058 1563 1131 sit,
1586 1062 1622 1118 nt
1635 1054 1737 1118 oculis

415 1150 556 1212 iudicare
577 1150 725 1232 possitis:
747 1151 855 1213 nescio
878 1169 935 1211 cur
951 1148 1014 1212 boc
1032 1151 1111 1212 mihi
1126 1149 1315 1212 detrimento
1331 1169 1400 1214 esse
1415 1151 1543 1225 debeat,
1565 1151 1592 1214 si
1608 1151 1642 1213 id
1659 1149 1737 1212 mibi
1760 1166 1775 1211 ε

416 1243 597 1320 obiiciatur,
619 1264 670 1307 me
691 1244 893 1327 potissimum
914 1262 983 1307 esse
1005 1245 1174 1308 delectum.
1210 1239 1261 1306 46.
1283 1245 1401 1308 Verum
1415 1245 1448 1308 id
1462 1245 1539 1307 mibi
1555 1263 1620 1307 non
1635 1262 1737 1317 sumo,

416 1336 561 1411 iudices,
591 1344 623 1401 et
642 1338 705 1402 boc
726 1357 791 1400 non
813 1339 909 1401 modo
931 1339 965 1400 in
987 1340 1132 1403 oratione
1154 1358 1225 1403 mea
1245 1358 1311 1401 non
1332 1360 1436 1421 pono,
1465 1339 1522 1403 sed
1551 1359 1591 1402 ne
1612 1338 1646 1400 in
1668 1336 1738 1419 opi-

417 1431 513 1495 nione
541 1432 672 1515 quidem
701 1434 890 1516 cuiusquam
912 1433 1077 1517 relinquo,
1105 1454 1157 1496 me
1179 1434 1326 1497 omnibus
1347 1435 1490 1517 patronis
1513 1456 1583 1500 esse
1603 1455 1739 1520 praepo·

417 1525 522 1589 situm.
553 1529 625 1590 Non
645 1528 690 1590 ita
711 1533 780 1591 est:
806 1528 863 1591 sed
884 1527 1152 1611 uniuscuiusque
1168 1528 1336 1610 temporis,
1358 1528 1559 1605 valetudinis,
1580 1529 1738 1592 facultatis

417 1619 457 1683 ad
477 1622 637 1704 agendum
659 1621 754 1685 ducta
775 1622 856 1684 ratio
880 1629 939 1684 cst.
980 1624 1052 1686 ldea
1072 1621 1135 1685 fnit
1155 1642 1280 1704 semper
1299 1620 1378 1684 baec
1399 1622 1434 1684 in
1454 1623 1514 1686 bac
1536 1643 1570 1686 re
1590 1624 1775 1687 voluntasto

418 1720 449 1777 et
469 1715 644 1789 sententia,
668 1716 812 1798 quemvis
834 1723 870 1779 ut
891 1716 952 1779 hoc
967 1717 1094 1780 mallem
1109 1716 1149 1780 de
1162 1717 1217 1793 iis,
1241 1717 1297 1802 qui
1312 1723 1419 1780 essent
1433 1717 1555 1791 idonei,
1578 1718 1739 1800 suscipere

419 1827 513 1892 quam
535 1828 602 1871 me:
624 1828 675 1871 me
697 1815 733 1871 nt
753 1808 880 1871 mallem
895 1829 990 1893 quam
1012 1811 1182 1874 neminem.
1225 1812 1262 1874 V.
1285 1805 1336 1872 47.
1357 1811 1529 1893 Reliquum
1542 1812 1681 1885 ostiam,
1705 1818 1741 1873 nt

417 1901 495 1965 illud
518 1921 726 1985 quaeramus,
749 1924 821 1966 cum
841 1904 903 1965 hoc
925 1913 1064 1980 constet,
1095 1905 1220 1969 Siculos
1242 1924 1261 1967 a
1282 1925 1332 1967 me
1353 1905 1488 1987 petisse,
1518 1905 1636 1989 ecquid
1657 1905 1740 1967 banc

416 2014 481 2058 rem
514 1995 600 2078 apud
631 2016 689 2060 ros
716 1997 905 2080 animosque
931 2006 1052 2062 vestros
1074 2000 1180 2063 valere
1208 2007 1373 2081 oporteat:
1405 1999 1521 2083 ecquid
1543 1999 1740 2062 auctoritatis

416 2092 500 2173 apud
521 2110 580 2154 vos
605 2092 640 2155 in
667 2112 727 2155 suo
748 2093 818 2155 iure
840 2093 1016 2175 repetundo
1038 2095 1117 2158 socii
1139 2095 1250 2177 populi
1271 2094 1422 2168 Romani,
1451 2093 1613 2176 supplices
1633 2093 1777 2168 vestrim

415 2185 532 2249 babere
554 2185 701 2249 debeant
734 2187 780 2250 lle
802 2206 868 2270 quo
890 2187 968 2271 qnid
990 2208 1049 2270 ego
1071 2187 1165 2270 plura
1186 2190 1452 2251 commemorem?
1474 2187 1566 2270 quasi
1587 2206 1662 2250 vero
1682 2189 1741 2250 du·

416 2279 503 2342 bium
525 2279 585 2354 sit,
609 2280 689 2363 quin
710 2287 778 2343 tota
799 2280 852 2343 lex
867 2279 906 2343 de
923 2283 1067 2364 pecuniis
1082 2282 1267 2365 repetundis
1282 2281 1442 2354 sociorum
1457 2300 1553 2344 causa
1567 2283 1742 2344 constituta

417 2375 468 2437 sit.
512 2368 564 2436 48.
587 2376 666 2437 Nam
689 2374 810 2438 civibus
833 2394 904 2438 cum
926 2383 1002 2439 sunt
1019 2383 1150 2460 ereptae
1171 2376 1343 2459 pecuniae,
1367 2375 1453 2439 civili
1473 2375 1541 2438 fere
1562 2377 1688 2439 actione
1709 2381 1742 2438 ct

417 2469 542 2552 privato
563 2467 634 2533 inre
655 2474 861 2552 repetuntur:
890 2469 969 2532 haec
990 2470 1044 2533 lex
1065 2471 1192 2534 socialis
1218 2479 1281 2546 cst3
1310 2471 1372 2533 boc
1393 2471 1444 2533 ius
1465 2471 1632 2532 nationum
1654 2476 1742 2532 exte-

416 2583 522 2627 rarum
544 2571 612 2638 est3
633 2564 716 2627 banc
737 2562 857 2627 babent
876 2583 996 2640 arcem,
1017 2566 1124 2628 minus
1146 2567 1310 2649 aliquanto
1332 2585 1417 2628 nnnc
1437 2564 1567 2649 quidem
1588 2563 1778 2627 muniumu

418 2679 514 2743 qnam
529 2665 634 2732 antea,
655 2677 765 2722 rerum
778 2664 893 2734 tamen,
915 2659 943 2722 si
957 2680 1021 2744 qua
1033 2660 1160 2744 reliqna
1173 2679 1245 2742 spes
1261 2665 1324 2733 est,
1346 2678 1428 2743 qnae
1443 2659 1604 2723 sociorum
1618 2658 1741 2722 animos

418 2755 577 2819 consolari
597 2755 716 2837 possit,
745 2774 782 2817 ea
804 2760 873 2817 tota
893 2755 927 2817 in
947 2754 1007 2818 bac
1029 2755 1099 2838 lege
1121 2756 1228 2839 posita
1248 2762 1316 2818 est:
1345 2755 1436 2817 cuius
1457 2754 1536 2836 legis
1557 2772 1623 2816 non
1644 2751 1740 2814 modo
1783 2770 1787 2779 ·

417 2848 577 2932 apopulo
605 2849 767 2922 Romano,
800 2848 973 2912 sedetiam
1002 2849 1042 2912 ab
1062 2850 1183 2912 ultimis
1205 2850 1387 2913 nationibus
1409 2850 1473 2912 iam
1495 2847 1618 2932 pridem
1639 2844 1741 2911 severi

418 2943 565 3006 custodes
587 2943 802 3027 requiruntur.
847 2937 897 3005 49.
921 2944 1000 3019 Quis
1023 2964 1097 3027 ergo
1120 2952 1184 3019 est,
1207 2945 1262 3028 qni
1284 2952 1379 3027 neget
1399 2950 1547 3027 oportere
1566 2962 1677 3006 eornm
1692 2960 1741 3003 ar-

417 3036 533 3101 bitratu
555 3037 625 3120 lege
647 3037 715 3120 agi,
744 3056 881 3121 quornm
902 3056 998 3100 causa
1019 3039 1072 3102 lex
1093 3040 1136 3101 sit
1156 3040 1349 3102 constituta?
1385 3038 1494 3102 Sicilia
1514 3043 1598 3110 tota,
1629 3034 1655 3097 si
1677 3045 1779 3097 anuas

419 3150 495 3195 voce
515 3132 718 3216 loqueretur,
739 3132 801 3195 boc
823 3133 963 3195 diceret:
989 3131 1084 3207 Quod
1099 3134 1185 3209 anri,
1209 3132 1296 3218 quod
1311 3133 1450 3216 argenti,
1473 3133 1560 3216 quod
1575 3149 1741 3196 ornamen-

418 3233 523 3289 torum
544 3226 579 3287 in
600 3226 678 3289 meis
698 3227 848 3302 urbibus,
870 3226 1015 3302 sedibus,
1038 3226 1194 3303 delubris,
1217 3227 1304 3310 quod
1326 3227 1360 3289 in
1381 3246 1575 3310 unaquaque
1596 3245 1630 3288 re
1645 3225 1742 3287 bene-

418 3315 488 3383 ficio
511 3327 640 3384 senatus
662 3321 838 3405 populique
860 3321 993 3384 Romani
1014 3321 1092 3383 iuris
1115 3320 1229 3396 habui,
1251 3322 1284 3383 id
1302 3320 1380 3383 mihi
1401 3328 1453 3396 tn,
1477 3321 1511 3384 C.
1526 3322 1657 3394 Verres,
1680 3316 1742 3381 eri-

418 3415 515 3497 puisti
537 3422 635 3499 atque
655 3415 830 3491 abstulisti;
853 3436 919 3500 quo
941 3416 1069 3478 nominc
1090 3414 1147 3477 abs
1170 3420 1201 3477 te
1222 3416 1404 3478 sestertium
1425 3415 1527 3480 milies
1542 3436 1584 3478 ex
1600 3414 1671 3497 lege
1692 3432 1742 3474 re·

418 3517 502 3593 peto.
535 3509 570 3571 Si
590 3511 752 3586 universa,
779 3517 816 3573 ut
838 3511 921 3586 dixi,
950 3509 1114 3595 provincia
1142 3509 1231 3593 loqui
1253 3517 1378 3592 posset,
1395 3510 1461 3572 -bac
1481 3529 1561 3574 voce
1582 3516 1779 3576 uteretur=³⁰

419 3602 571 3688 qnoniam
599 3603 634 3665 id
661 3624 725 3667 non
752 3612 891 3687 poterat,
923 3605 1037 3669 barum
1064 3623 1170 3666 rerum
1191 3611 1349 3680 actorem,
1381 3625 1477 3689 quem
1498 3604 1650 3669 idoneum
1671 3625 1742 3670 esse

418 3698 569 3761 arbitrata
589 3703 654 3772 est,
676 3699 746 3782 ipsa
767 3699 893 3783 delegit.
936 3698 987 3763 20.
1009 3700 1046 3761 ln
1068 3697 1226 3762 eiusmodi
1247 3719 1282 3761 re
1296 3699 1467 3784 qnisquam
1488 3706 1552 3762 tam
1572 3701 1741 3784 impudens
1830 3690 1834 3698 ⁴

417 3791 609 3875 reperietur,
639 3793 694 3876 qni
724 3792 764 3855 ad
791 3793 927 3856 alienam
955 3813 1084 3857 causam
1112 3793 1221 3857 invitis
1250 3794 1307 3867 iis,
1340 3814 1478 3878 quorum
1498 3796 1662 3877 negotium
1683 3803 1742 3871 est,

417 3885 570 3949 accedere
591 3893 646 3950 sut
666 3887 829 3968 adspirare
844 3887 984 3950 audeat?
1026 3889 1079 3950 Vl.
1103 3889 1137 3951 Si
1158 3889 1233 3963 tibi,
1256 3889 1295 3964 Q.
1310 3888 1443 3964 Caecili,
1464 3889 1526 3952 boc
1542 3890 1641 3953 Siculi
1657 3889 1743 3954 dice·

417 3987 505 4043 rents
520 3982 646 4044 Tenon
656 3981 822 4057 norimus3
843 3982 1004 4045 nescimus
1020 3982 1075 4065 qui
1090 3982 1154 4057 sis;
1167 4002 1342 4065 numquam
1356 3989 1388 4045 te
1401 3989 1496 4046 antea
1508 3983 1656 4060 vidimus3
1673 3984 1742 4048 sine
1751 3987 1780 4035 ³⁶

419 4094 479 4139 nos
499 4095 560 4158 per
579 4095 652 4137 eum
673 4083 797 4138 nostras
818 4074 962 4139 fortunas
984 4075 1173 4149 defendere,
1201 4077 1292 4139 cuius
1314 4074 1391 4139 fides
1413 4085 1463 4141 est
1483 4077 1577 4141 nobis
1599 4079 1741 4161 cognita:

420 4188 526 4232 nonne
558 4168 590 4231 id
620 4168 777 4243 dicerent,
809 4168 897 4253 quod
927 4171 1027 4234 cuivis
1053 4170 1188 4253 probare
1210 4169 1386 4233 deberent?
1417 4172 1508 4233 Nunc
1528 4170 1591 4234 boc
1613 4171 1743 4234 dicunt:

420 4269 590 4344 utrumque
612 4281 645 4325 se
668 4282 779 4339 nosse3
801 4264 936 4326 alterum
957 4284 992 4327 se
1014 4283 1130 4347 cupere
1152 4262 1351 4326 defensorem
1370 4284 1440 4328 esse
1459 4264 1657 4328 fortunarum
1672 4283 1744 4327 sua·

421 4375 507 4430 nrm,
529 4355 663 4420 alterum
684 4357 780 4439 plane
802 4357 897 4421 nolle.
933 4354 985 4421 24.
1008 4357 1071 4421 Cur
1087 4357 1207 4433 nolint,
1229 4358 1353 4422 etiamsi
1368 4366 1509 4434 uocant,
1532 4359 1608 4423 satis
1624 4359 1743 4422 dicunt.

484 4571 510 4621 2.
528 4571 551 4621 ta
566 4571 592 4633 (l.
610 4584 634 4622 e.
652 4571 691 4635 444)
712 4572 778 4622 cluit.
797 4569 875 4623 Prob.
894 4585 921 4637 p.
941 4571 997 4624 444.
1016 4572 1091 4623 Lind.
1112 4600 1140 4611 ··
1164 4579 1342 4636 possumne
1359 4572 1451 4625 Claud.
1470 4574 1600 4626 Sacerdos
1616 4575 1643 4624 in
1660 4570 1742 4624 Anall.

421 4657 532 4710 gmmm.
551 4659 580 4711 p.
593 4647 633 4697 u.
654 4670 682 4684 ·-
701 4648 725 4699 3.
743 4647 868 4710 pammac
883 4648 961 4711 Lgi9.
974 4674 1001 4687 υ
1018 4650 1136 4711 petissent
1152 4649 1260 4712 GiLdg
1276 4649 1353 4714 prob.
1372 4649 1457 4700 lledv.
1475 4652 1523 4715 Op.
1541 4651 1562 4700 l.
1580 4663 1607 4714 p.
1626 4648 1673 4699 339
1691 4660 1742 4710 sq:

418 4721 533 4783 putarent
549 4733 567 4769 c
581 4733 622 4772 me
633 4724 790 4785 praesidium
806 4725 838 4774 ct
855 4723 902 4774 ott.
913 4725 943 4774 0.
958 4749 985 4759 -
1003 4723 1027 4774 4.
1045 4725 1073 4774 td
1089 4737 1142 4775 om.
1156 4725 1248 4775 GtLd.
1264 4753 1291 4762 -
1310 4726 1335 4776 6.
1348 4726 1462 4776 4444444444
1473 4721 1600 4786 Gaba-i.
1615 4750 1643 4761 -
1661 4725 1686 4775 8.
1699 4735 1745 4772 cu-

421 4797 530 4859 iuspiam
546 4796 591 4846 Gi.
612 4822 640 4834 -
658 4798 682 4848 9.
700 4798 844 4848 adnodato
860 4795 876 4848 λ
892 4799 953 4862 ng.
972 4796 1066 4862 pleriq.
1086 4824 1115 4836 —
1134 4799 1174 4849 tt).
1192 4801 1252 4849 baec
1267 4812 1321 4850 om.
1335 4801 1371 4850 64
1380 4815 1405 4861 ς.
1424 4803 1458 4851 At
1474 4801 1507 4851 ct.
1522 4800 1546 4864 S.
1560 4800 1600 4850 97.
1619 4813 1645 4864 p.
1664 4800 1742 4848 cecc.

421 4868 446 4934 4.
465 4871 523 4920 tot.
540 4869 605 4935 ibiq.
623 4884 672 4924 nos
689 4872 716 4923 tn
733 4875 876 4923 comment.
895 4871 929 4923 de
947 4872 1006 4923 cod.
1019 4874 1144 4937 Tegcrns.
1162 4887 1189 4939 p.
1203 4874 1243 4925 49.
1263 4901 1291 4912 -
1310 4875 1350 4926 48.
1367 4880 1391 4925 ct
1404 4889 1438 4926 cc
1450 4876 1518 4938 priv.
1531 4877 1563 4925 Gt
1578 4888 1585 4934 ;
1600 4875 1702 4937 privato
1712 4875 1742 4923 Α.

424 4969 451 4980 -
469 4945 511 4996 44.
528 4958 599 4996 mac.
616 4960 683 4997 ausc
700 4946 843 5009 quadus
862 4948 1080 5011 widericum.
1095 4974 1123 4986 ·-
1141 4947 1182 5001 24.
1200 4963 1260 5014 apo
1276 4950 1384 5001 etan:
1403 4951 1482 5015 icitur
1497 4950 1585 5001 etto.
1600 4976 1628 4986 -
1646 4949 1686 4999 27.
1700 4961 1744 4998 cc·

422 5019 492 5071 dibus
507 5021 576 5071 conl.
594 5022 663 5073 Mon.
681 5021 817 5086 Improbat
828 5024 974 5088 praeeunte
984 5024 1064 5074 llevlo
1075 5024 1152 5075 Varr.
1170 5026 1252 5075 Lectt.
1265 5026 1296 5075 ll.
1314 5038 1341 5089 p.
1356 5025 1412 5076 435.
1432 5024 1515 5077 llslm.
1529 5023 1563 5074 ad
1579 5023 1605 5072 b.
1618 5021 1636 5073 l.
1654 5024 1743 5073 Recte.

425 5118 452 5133 -
471 5097 579 5148 44444444
594 5097 735 5155 ualdus
750 5096 827 5162 pmb.
846 5099 931 5149 Garat.
944 5099 975 5149 11.
993 5098 1095 5151 Mada:
1119 5100 1226 5150 44444444
1241 5100 1289 5163 suit
1305 5101 1337 5150 ct
1350 5100 1398 5152 dtt.
1408 5102 1437 5151 0.
1458 5127 1485 5136 -
1503 5100 1545 5151 28.
1557 5099 1637 5148 moti
1654 5101 1745 5149 contra

422 5173 501 5224 codd.
513 5175 576 5226 θοι
584 5174 687 5226 Charis.
698 5174 771 5238 4).ὓί
781 5173 855 5226 lind.
866 5177 963 5238 tltecte,
974 5176 1074 5240 opinor.
1088 5175 1127 5227 Cf.
1137 5174 1234 5227 ltitschl
1243 5176 1287 5226 ltb.
1298 5177 1363 5226 ltus.
1373 5177 1405 5227 N.
1412 5176 1440 5226 F.
1449 5175 1514 5225 Vlll.
1524 5188 1552 5239 p.
1560 5172 1655 5238 lstsq.
1664 5175 1744 5240 Bau.)

424 5271 452 5287 -·
468 5250 557 5314 populi
573 5250 668 5312 (llic.
683 5275 711 5284 -
730 5248 867 5312 8⁰.me
882 5250 950 5312 loqsd
962 5264 1036 5312 prov.
1052 5252 1098 5301 Gt.
1112 5277 1140 5290 ·-
1159 5251 1200 5302 34.
1212 5251 1352 5302 summost
1368 5251 1415 5302 dtt.
1429 5251 1458 5302 0.
1478 5277 1506 5288 -
1524 5247 1565 5302 34.
1583 5251 1745 5302 accedas·-

423 5326 517 5378 audeat
531 5325 609 5379 uns.
621 5326 655 5380 44.
673 5338 700 5392 p.
713 5324 770 5379 444.
785 5350 813 5361 -
835 5324 876 5376 34.
895 5325 950 5389 quis
965 5323 1056 5378 stsLd.
1071 5351 1100 5364 -
1117 5325 1157 5378 39.
1176 5330 1277 5380 tumul
1292 5326 1368 5389 635:
1386 5326 1514 5389 tucostb3
1533 5326 1744 5383 uomodo.
