<?xml version="1.0" encoding="UTF-8"?>
<!DOCTYPE html PUBLIC "-//W3C//DTD XHTML 1.0 Transitional//EN"
    "http://www.w3.org/TR/xhtml1/DTD/xhtml1-transitional.dtd">
<html xmlns="http://www.w3.org/1999/xhtml" xml:lang="en" lang="en">
 <head>
  <title>
</title>
<meta http-equiv="Content-Type" content="text/html;charset=utf-8" />
  <meta name='ocr-system' content='tesseract 3.04.00' />
  <meta name='ocr-capabilities' content='ocr_page ocr_carea ocr_par ocr_line ocrx_word'/>
</head>
<body>
  <div class='ocr_page' id='page_1' title='image "./operaquaesupers02halmgoog_0544.png"; bbox 0 0 4367 6109; ppageno 0'>
   <div class='ocr_carea' id='block_1_1' title="bbox 458 537 1455 640">
    <p class='ocr_par' dir='ltr' id='par_1_1' title="bbox 458 537 1455 640">
     <span class='ocr_line' id='line_1_1' title="bbox 458 537 1455 640; baseline 0 -34"><span class='ocrx_word' id='word_1_1' title='bbox 458 537 541 640; x_wconf 78' lang='lat' dir='ltr'><strong>nso</strong></span> <span class='ocrx_word' id='word_1_2' title='bbox 773 540 1184 607; x_wconf 81' lang='lat' dir='ltr'><strong>omuonnnnnruo</strong></span> <span class='ocrx_word' id='word_1_3' title='bbox 1207 541 1455 609; x_wconf 64' lang='lat' dir='ltr'><strong>nonomen</strong></span> 
     </span>
    </p>
   </div>
   <div class='ocr_carea' id='block_1_2' title="bbox 411 708 1798 3320">
    <p class='ocr_par' dir='ltr' id='par_1_2' title="bbox 433 708 1784 1543">
     <span class='ocr_line' id='line_1_2' title="bbox 459 708 1784 797; baseline 0 -24"><span class='ocrx_word' id='word_1_4' title='bbox 459 708 511 777; x_wconf 75' lang='grc'><strong>42.</strong></span> <span class='ocrx_word' id='word_1_5' title='bbox 538 712 604 775; x_wconf 87' lang='lat' dir='ltr'><strong>Iam</strong></span> <span class='ocrx_word' id='word_1_6' title='bbox 633 714 785 794; x_wconf 87' lang='lat' dir='ltr'><strong>quantum</strong></span> <span class='ocrx_word' id='word_1_7' title='bbox 813 710 965 785; x_wconf 87' lang='lat' dir='ltr'><strong>consilio,</strong></span> <span class='ocrx_word' id='word_1_8' title='bbox 994 718 1148 795; x_wconf 88' lang='lat' dir='ltr'><strong>quantum</strong></span> <span class='ocrx_word' id='word_1_9' title='bbox 1168 710 1293 775; x_wconf 91' lang='lat' dir='ltr'><strong>dicendi</strong></span> <span class='ocrx_word' id='word_1_10' title='bbox 1318 713 1470 795; x_wconf 83' lang='lat' dir='ltr'><strong>gravitate</strong></span> <span class='ocrx_word' id='word_1_11' title='bbox 1492 718 1525 776; x_wconf 92' lang='lat' dir='ltr'><strong>et</strong></span> <span class='ocrx_word' id='word_1_12' title='bbox 1546 711 1645 797; x_wconf 86' lang='lat' dir='ltr'><strong>copia</strong></span> <span class='ocrx_word' id='word_1_13' title='bbox 1666 708 1784 784; x_wconf 77' lang='lat' dir='ltr'><strong>valeri,</strong></span> 
     </span>
     <span class='ocr_line' id='line_1_3' title="bbox 458 803 1782 888; baseline -0.001 -20"><span class='ocrx_word' id='word_1_14' title='bbox 458 804 493 868; x_wconf 87' lang='lat' dir='ltr'><strong>in</strong></span> <span class='ocrx_word' id='word_1_15' title='bbox 514 824 578 888; x_wconf 90' lang='lat' dir='ltr'><strong>quo</strong></span> <span class='ocrx_word' id='word_1_16' title='bbox 600 803 668 887; x_wconf 91' lang='lat' dir='ltr'><strong>ipso</strong></span> <span class='ocrx_word' id='word_1_17' title='bbox 690 804 773 867; x_wconf 87' lang='lat' dir='ltr'><strong>inest</strong></span> <span class='ocrx_word' id='word_1_18' title='bbox 793 803 948 886; x_wconf 84' lang='lat' dir='ltr'><strong>quaedam</strong></span> <span class='ocrx_word' id='word_1_19' title='bbox 965 804 1100 886; x_wconf 80' lang='lat' dir='ltr'><strong>dignitas</strong></span> <span class='ocrx_word' id='word_1_20' title='bbox 1113 804 1331 886; x_wconf 87' lang='lat' dir='ltr'><strong>imperatoria,</strong></span> <span class='ocrx_word' id='word_1_21' title='bbox 1353 826 1425 880; x_wconf 85' lang='lat' dir='ltr'><strong>vos,</strong></span> <span class='ocrx_word' id='word_1_22' title='bbox 1448 805 1606 881; x_wconf 78' lang='lat' dir='ltr'><strong>Quirites,</strong></span> <span class='ocrx_word' id='word_1_23' title='bbox 1628 803 1696 867; x_wconf 86' lang='lat' dir='ltr'><strong>boe</strong></span> <span class='ocrx_word' id='word_1_24' title='bbox 1711 803 1782 887; x_wconf 89' lang='lat' dir='ltr'><strong>ipso</strong></span> 
     </span>
     <span class='ocr_line' id='line_1_4' title="bbox 459 896 1783 983; baseline 0 -23"><span class='ocrx_word' id='word_1_25' title='bbox 459 918 500 961; x_wconf 84' lang='lat' dir='ltr'><strong>ex</strong></span> <span class='ocrx_word' id='word_1_26' title='bbox 527 898 598 961; x_wconf 90' lang='lat' dir='ltr'><strong>loco</strong></span> <span class='ocrx_word' id='word_1_27' title='bbox 625 915 722 980; x_wconf 87' lang='lat' dir='ltr'><strong>saepe</strong></span> <span class='ocrx_word' id='word_1_28' title='bbox 744 897 946 980; x_wconf 74' lang='lat' dir='ltr'><strong>cognovistis.</strong></span> <span class='ocrx_word' id='word_1_29' title='bbox 983 897 1092 960; x_wconf 86' lang='lat' dir='ltr'><strong>Fidem</strong></span> <span class='ocrx_word' id='word_1_30' title='bbox 1113 918 1188 961; x_wconf 82' lang='lat' dir='ltr'><strong>vero</strong></span> <span class='ocrx_word' id='word_1_31' title='bbox 1211 899 1279 961; x_wconf 85' lang='lat' dir='ltr'><strong>eius</strong></span> <span class='ocrx_word' id='word_1_32' title='bbox 1301 907 1451 983; x_wconf 85' lang='lat' dir='ltr'><strong>quautam</strong></span> <span class='ocrx_word' id='word_1_33' title='bbox 1473 899 1557 964; x_wconf 89' lang='lat' dir='ltr'><strong>inter</strong></span> <span class='ocrx_word' id='word_1_34' title='bbox 1577 899 1689 963; x_wconf 90' lang='lat' dir='ltr'><strong>socios</strong></span> <span class='ocrx_word' id='word_1_35' title='bbox 1713 896 1783 961; x_wconf 84' lang='lat' dir='ltr'><strong>eri·</strong></span> 
     </span>
     <span class='ocr_line' id='line_1_5' title="bbox 458 990 1781 1075; baseline -0.001 -21"><span class='ocrx_word' id='word_1_36' title='bbox 458 991 578 1055; x_wconf 91' lang='lat' dir='ltr'><strong>stimari</strong></span> <span class='ocrx_word' id='word_1_37' title='bbox 599 990 732 1074; x_wconf 90' lang='lat' dir='ltr'><strong>putatis,</strong></span> <span class='ocrx_word' id='word_1_38' title='bbox 754 1010 850 1074; x_wconf 84' lang='lat' dir='ltr'><strong>quam</strong></span> <span class='ocrx_word' id='word_1_39' title='bbox 871 991 979 1054; x_wconf 93' lang='lat' dir='ltr'><strong>bostes</strong></span> <span class='ocrx_word' id='word_1_40' title='bbox 1001 1011 1110 1055; x_wconf 89' lang='lat' dir='ltr'><strong>omnes</strong></span> <span class='ocrx_word' id='word_1_41' title='bbox 1136 991 1277 1055; x_wconf 92' lang='lat' dir='ltr'><strong>omnium</strong></span> <span class='ocrx_word' id='word_1_42' title='bbox 1298 1012 1449 1075; x_wconf 83' lang='lat' dir='ltr'><strong>generum</strong></span> <span class='ocrx_word' id='word_1_43' title='bbox 1471 993 1712 1056; x_wconf 87' lang='lat' dir='ltr'><strong>sanctissimam</strong></span> <span class='ocrx_word' id='word_1_44' title='bbox 1732 990 1781 1054; x_wconf 90' lang='lat' dir='ltr'><strong>iu·</strong></span> 
     </span>
     <span class='ocr_line' id='line_1_6' title="bbox 433 1081 1782 1161; baseline -0.001 -12"><span class='ocrx_word' id='word_1_45' title='bbox 433 1085 617 1149; x_wconf 73' lang='lat' dir='ltr'><strong>ttdicarint?</strong></span> <span class='ocrx_word' id='word_1_46' title='bbox 647 1085 849 1149; x_wconf 85' lang='lat' dir='ltr'><strong>Humanitate</strong></span> <span class='ocrx_word' id='word_1_47' title='bbox 871 1087 934 1149; x_wconf 89' lang='lat' dir='ltr'><strong>iam</strong></span> <span class='ocrx_word' id='word_1_48' title='bbox 955 1092 1041 1149; x_wconf 90' lang='lat' dir='ltr'><strong>tanta</strong></span> <span class='ocrx_word' id='word_1_49' title='bbox 1062 1094 1127 1161; x_wconf 91' lang='lat' dir='ltr'><strong>est,</strong></span> <span class='ocrx_word' id='word_1_50' title='bbox 1149 1093 1184 1148; x_wconf 92' lang='lat' dir='ltr'><strong>ut</strong></span> <span class='ocrx_word' id='word_1_51' title='bbox 1206 1081 1334 1148; x_wconf 88' lang='lat' dir='ltr'><strong>difficile</strong></span> <span class='ocrx_word' id='word_1_52' title='bbox 1357 1085 1444 1149; x_wconf 90' lang='lat' dir='ltr'><strong>dictu</strong></span> <span class='ocrx_word' id='word_1_53' title='bbox 1465 1087 1521 1160; x_wconf 87' lang='lat' dir='ltr'><strong>sit,</strong></span> <span class='ocrx_word' id='word_1_54' title='bbox 1543 1093 1651 1150; x_wconf 85' lang='lat' dir='ltr'><strong>utrum</strong></span> <span class='ocrx_word' id='word_1_55' title='bbox 1670 1084 1782 1148; x_wconf 84' lang='lat' dir='ltr'><strong>hostes</strong></span> 
     </span>
     <span class='ocr_line' id='line_1_7' title="bbox 455 1175 1783 1262; baseline -0.002 -18"><span class='ocrx_word' id='word_1_56' title='bbox 455 1180 555 1262; x_wconf 90' lang='lat' dir='ltr'><strong>magis</strong></span> <span class='ocrx_word' id='word_1_57' title='bbox 577 1179 726 1244; x_wconf 72' lang='lat' dir='ltr'><strong>vimutem</strong></span> <span class='ocrx_word' id='word_1_58' title='bbox 748 1179 817 1242; x_wconf 91' lang='lat' dir='ltr'><strong>eius</strong></span> <span class='ocrx_word' id='word_1_59' title='bbox 837 1187 1013 1262; x_wconf 83' lang='lat' dir='ltr'><strong>pugnantes</strong></span> <span class='ocrx_word' id='word_1_60' title='bbox 1035 1178 1213 1253; x_wconf 85' lang='lat' dir='ltr'><strong>timuerint,</strong></span> <span class='ocrx_word' id='word_1_61' title='bbox 1242 1198 1283 1241; x_wconf 93' lang='lat' dir='ltr'><strong>an</strong></span> <span class='ocrx_word' id='word_1_62' title='bbox 1304 1179 1579 1242; x_wconf 83' lang='lat' dir='ltr'><strong>mansuetudinem</strong></span> <span class='ocrx_word' id='word_1_63' title='bbox 1600 1178 1680 1243; x_wconf 79' lang='lat' dir='ltr'><strong>vieti</strong></span> <span class='ocrx_word' id='word_1_64' title='bbox 1703 1175 1783 1241; x_wconf 86' lang='lat' dir='ltr'><strong>dile·</strong></span> 
     </span>
     <span class='ocr_line' id='line_1_8' title="bbox 454 1270 1783 1357; baseline -0.002 -21"><span class='ocrx_word' id='word_1_65' title='bbox 454 1272 569 1336; x_wconf 81' lang='lat' dir='ltr'><strong>xerint</strong></span> <span class='ocrx_word' id='word_1_66' title='bbox 611 1272 653 1335; x_wconf 83' lang='lat' dir='ltr'><strong>Et</strong></span> <span class='ocrx_word' id='word_1_67' title='bbox 673 1273 841 1357; x_wconf 87' lang='lat' dir='ltr'><strong>quisquam</strong></span> <span class='ocrx_word' id='word_1_68' title='bbox 863 1273 1031 1348; x_wconf 82' lang='lat' dir='ltr'><strong>dubitabit,</strong></span> <span class='ocrx_word' id='word_1_69' title='bbox 1055 1274 1133 1357; x_wconf 91' lang='lat' dir='ltr'><strong>quin</strong></span> <span class='ocrx_word' id='word_1_70' title='bbox 1153 1271 1228 1335; x_wconf 85' lang='lat' dir='ltr'><strong>buin</strong></span> <span class='ocrx_word' id='word_1_71' title='bbox 1249 1272 1311 1335; x_wconf 89' lang='lat' dir='ltr'><strong>boc</strong></span> <span class='ocrx_word' id='word_1_72' title='bbox 1334 1279 1456 1335; x_wconf 82' lang='lat' dir='ltr'><strong>tantum</strong></span> <span class='ocrx_word' id='word_1_73' title='bbox 1476 1272 1595 1336; x_wconf 88' lang='lat' dir='ltr'><strong>bellum</strong></span> <span class='ocrx_word' id='word_1_74' title='bbox 1616 1270 1783 1335; x_wconf 83' lang='lat' dir='ltr'><strong>transmit-</strong></span> 
     </span>
     <span class='ocr_line' id='line_1_9' title="bbox 454 1363 1782 1450; baseline -0.002 -21"><span class='ocrx_word' id='word_1_75' title='bbox 454 1366 585 1429; x_wconf 90' lang='lat' dir='ltr'><strong>tendum</strong></span> <span class='ocrx_word' id='word_1_76' title='bbox 612 1365 670 1441; x_wconf 92' lang='lat' dir='ltr'><strong>sit,</strong></span> <span class='ocrx_word' id='word_1_77' title='bbox 703 1367 760 1450; x_wconf 83' lang='lat' dir='ltr'><strong>qui</strong></span> <span class='ocrx_word' id='word_1_78' title='bbox 786 1366 827 1430; x_wconf 92' lang='lat' dir='ltr'><strong>ad</strong></span> <span class='ocrx_word' id='word_1_79' title='bbox 852 1368 957 1430; x_wconf 89' lang='lat' dir='ltr'><strong>omnia</strong></span> <span class='ocrx_word' id='word_1_80' title='bbox 985 1377 1110 1430; x_wconf 87' lang='lat' dir='ltr'><strong>nostrae</strong></span> <span class='ocrx_word' id='word_1_81' title='bbox 1139 1365 1309 1429; x_wconf 86' lang='lat' dir='ltr'><strong>memoriae</strong></span> <span class='ocrx_word' id='word_1_82' title='bbox 1335 1366 1420 1430; x_wconf 88' lang='lat' dir='ltr'><strong>belia</strong></span> <span class='ocrx_word' id='word_1_83' title='bbox 1447 1364 1645 1430; x_wconf 85' lang='lat' dir='ltr'><strong>conficienda</strong></span> <span class='ocrx_word' id='word_1_84' title='bbox 1668 1363 1782 1428; x_wconf 84' lang='lat' dir='ltr'><strong>divino</strong></span> 
     </span>
     <span class='ocr_line' id='line_1_10' title="bbox 454 1458 1143 1543; baseline 0 -21"><span class='ocrx_word' id='word_1_85' title='bbox 454 1458 591 1543; x_wconf 84' lang='lat' dir='ltr'><strong>quodam</strong></span> <span class='ocrx_word' id='word_1_86' title='bbox 614 1459 746 1523; x_wconf 88' lang='lat' dir='ltr'><strong>consitio</strong></span> <span class='ocrx_word' id='word_1_87' title='bbox 767 1467 859 1525; x_wconf 89' lang='lat' dir='ltr'><strong>natus</strong></span> <span class='ocrx_word' id='word_1_88' title='bbox 881 1479 950 1523; x_wconf 90' lang='lat' dir='ltr'><strong>esse</strong></span> <span class='ocrx_word' id='word_1_89' title='bbox 972 1460 1143 1523; x_wconf 70' lang='lat' dir='ltr'><strong>videatur?</strong></span> 
     </span>
    </p>

    <p class='ocr_par' dir='ltr' id='par_1_3' title="bbox 416 1548 1785 2011">
     <span class='ocr_line' id='line_1_11' title="bbox 416 1548 1784 1637; baseline 0 -21"><span class='ocrx_word' id='word_1_90' title='bbox 416 1559 445 1607; x_wconf 81' lang='grc'><strong>40</strong></span> <span class='ocrx_word' id='word_1_91' title='bbox 537 1553 606 1618; x_wconf 83' lang='lat' dir='ltr'><strong>XV.</strong></span> <span class='ocrx_word' id='word_1_92' title='bbox 627 1548 679 1614; x_wconf 79' lang='grc'><strong>43.</strong></span> <span class='ocrx_word' id='word_1_93' title='bbox 700 1552 740 1614; x_wconf 84' lang='lat' dir='ltr'><strong>Iit</strong></span> <span class='ocrx_word' id='word_1_94' title='bbox 762 1553 912 1636; x_wconf 79' lang='lat' dir='ltr'><strong>quoniam</strong></span> <span class='ocrx_word' id='word_1_95' title='bbox 932 1553 1103 1616; x_wconf 87' lang='lat' dir='ltr'><strong>auctoritas</strong></span> <span class='ocrx_word' id='word_1_96' title='bbox 1119 1572 1248 1637; x_wconf 91' lang='lat' dir='ltr'><strong>quoque</strong></span> <span class='ocrx_word' id='word_1_97' title='bbox 1262 1554 1296 1615; x_wconf 93' lang='lat' dir='ltr'><strong>in</strong></span> <span class='ocrx_word' id='word_1_98' title='bbox 1312 1552 1404 1616; x_wconf 89' lang='lat' dir='ltr'><strong>bellis</strong></span> <span class='ocrx_word' id='word_1_99' title='bbox 1418 1553 1682 1618; x_wconf 83' lang='lat' dir='ltr'><strong>administrandis</strong></span> <span class='ocrx_word' id='word_1_100' title='bbox 1697 1551 1784 1617; x_wconf 86' lang='lat' dir='ltr'><strong>mul·</strong></span> 
     </span>
     <span class='ocr_line' id='line_1_12' title="bbox 452 1645 1784 1732; baseline -0.002 -21"><span class='ocrx_word' id='word_1_101' title='bbox 452 1654 520 1711; x_wconf 91' lang='lat' dir='ltr'><strong>tum</strong></span> <span class='ocrx_word' id='word_1_102' title='bbox 541 1653 638 1730; x_wconf 80' lang='lat' dir='ltr'><strong>atque</strong></span> <span class='ocrx_word' id='word_1_103' title='bbox 659 1645 693 1708; x_wconf 89' lang='lat' dir='ltr'><strong>in</strong></span> <span class='ocrx_word' id='word_1_104' title='bbox 714 1646 848 1729; x_wconf 91' lang='lat' dir='ltr'><strong>imperio</strong></span> <span class='ocrx_word' id='word_1_105' title='bbox 871 1646 997 1710; x_wconf 87' lang='lat' dir='ltr'><strong>militari</strong></span> <span class='ocrx_word' id='word_1_106' title='bbox 1019 1647 1117 1721; x_wconf 88' lang='lat' dir='ltr'><strong>valet,</strong></span> <span class='ocrx_word' id='word_1_107' title='bbox 1146 1654 1231 1709; x_wconf 88' lang='lat' dir='ltr'><strong>certe</strong></span> <span class='ocrx_word' id='word_1_108' title='bbox 1252 1647 1372 1709; x_wconf 93' lang='lat' dir='ltr'><strong>nemini</strong></span> <span class='ocrx_word' id='word_1_109' title='bbox 1394 1646 1525 1709; x_wconf 90' lang='lat' dir='ltr'><strong>dubium</strong></span> <span class='ocrx_word' id='word_1_110' title='bbox 1546 1656 1612 1723; x_wconf 90' lang='lat' dir='ltr'><strong>est,</strong></span> <span class='ocrx_word' id='word_1_111' title='bbox 1634 1646 1719 1732; x_wconf 87' lang='lat' dir='ltr'><strong>quin</strong></span> <span class='ocrx_word' id='word_1_112' title='bbox 1742 1665 1784 1710; x_wconf 83' lang='lat' dir='ltr'><strong>ea</strong></span> 
     </span>
     <span class='ocr_line' id='line_1_13' title="bbox 451 1737 1782 1824; baseline -0.002 -19"><span class='ocrx_word' id='word_1_113' title='bbox 451 1760 487 1805; x_wconf 87' lang='lat' dir='ltr'><strong>re</strong></span> <span class='ocrx_word' id='word_1_114' title='bbox 508 1737 593 1803; x_wconf 83' lang='lat' dir='ltr'><strong>idem</strong></span> <span class='ocrx_word' id='word_1_115' title='bbox 614 1738 668 1803; x_wconf 89' lang='lat' dir='ltr'><strong>ille</strong></span> <span class='ocrx_word' id='word_1_116' title='bbox 690 1739 861 1822; x_wconf 87' lang='lat' dir='ltr'><strong>imperator</strong></span> <span class='ocrx_word' id='word_1_117' title='bbox 881 1739 1051 1823; x_wconf 82' lang='lat' dir='ltr'><strong>plurimum</strong></span> <span class='ocrx_word' id='word_1_118' title='bbox 1070 1740 1181 1823; x_wconf 89' lang='lat' dir='ltr'><strong>possit.</strong></span> <span class='ocrx_word' id='word_1_119' title='bbox 1215 1739 1425 1803; x_wconf 86' lang='lat' dir='ltr'><strong>Vehementer</strong></span> <span class='ocrx_word' id='word_1_120' title='bbox 1439 1746 1544 1804; x_wconf 88' lang='lat' dir='ltr'><strong>autem</strong></span> <span class='ocrx_word' id='word_1_121' title='bbox 1558 1741 1724 1824; x_wconf 89' lang='lat' dir='ltr'><strong>pertinere</strong></span> <span class='ocrx_word' id='word_1_122' title='bbox 1739 1738 1782 1803; x_wconf 81' lang='lat' dir='ltr'><strong>ad</strong></span> 
     </span>
     <span class='ocr_line' id='line_1_14' title="bbox 451 1831 1784 1918; baseline 0.001 -23"><span class='ocrx_word' id='word_1_123' title='bbox 451 1831 537 1896; x_wconf 85' lang='lat' dir='ltr'><strong>bella</strong></span> <span class='ocrx_word' id='word_1_124' title='bbox 563 1831 828 1907; x_wconf 88' lang='lat' dir='ltr'><strong>administranda,</strong></span> <span class='ocrx_word' id='word_1_125' title='bbox 856 1833 934 1918; x_wconf 91' lang='lat' dir='ltr'><strong>quid</strong></span> <span class='ocrx_word' id='word_1_126' title='bbox 960 1833 1085 1907; x_wconf 87' lang='lat' dir='ltr'><strong>bostes,</strong></span> <span class='ocrx_word' id='word_1_127' title='bbox 1113 1834 1189 1916; x_wconf 92' lang='lat' dir='ltr'><strong>quid</strong></span> <span class='ocrx_word' id='word_1_128' title='bbox 1217 1835 1296 1898; x_wconf 90' lang='lat' dir='ltr'><strong>socii</strong></span> <span class='ocrx_word' id='word_1_129' title='bbox 1325 1834 1363 1895; x_wconf 93' lang='lat' dir='ltr'><strong>de</strong></span> <span class='ocrx_word' id='word_1_130' title='bbox 1391 1834 1633 1917; x_wconf 82' lang='lat' dir='ltr'><strong>imperatoribus</strong></span> <span class='ocrx_word' id='word_1_131' title='bbox 1656 1833 1784 1898; x_wconf 87' lang='lat' dir='ltr'><strong>nostris</strong></span> 
     </span>
     <span class='ocr_line' id='line_1_15' title="bbox 452 1927 1785 2011; baseline -0.002 -21"><span class='ocrx_word' id='word_1_132' title='bbox 452 1927 648 2001; x_wconf 81' lang='lat' dir='ltr'><strong>existiment,</strong></span> <span class='ocrx_word' id='word_1_133' title='bbox 679 1927 750 2011; x_wconf 88' lang='lat' dir='ltr'><strong>quis</strong></span> <span class='ocrx_word' id='word_1_134' title='bbox 771 1927 911 2009; x_wconf 91' lang='lat' dir='ltr'><strong>ignorat,</strong></span> <span class='ocrx_word' id='word_1_135' title='bbox 940 1948 1011 1990; x_wconf 91' lang='lat' dir='ltr'><strong>cum</strong></span> <span class='ocrx_word' id='word_1_136' title='bbox 1033 1927 1169 1990; x_wconf 90' lang='lat' dir='ltr'><strong>sciamus</strong></span> <span class='ocrx_word' id='word_1_137' title='bbox 1191 1927 1335 1990; x_wconf 91' lang='lat' dir='ltr'><strong>homines</strong></span> <span class='ocrx_word' id='word_1_138' title='bbox 1357 1927 1390 1989; x_wconf 94' lang='lat' dir='ltr'><strong>in</strong></span> <span class='ocrx_word' id='word_1_139' title='bbox 1412 1928 1507 1991; x_wconf 89' lang='lat' dir='ltr'><strong>tantis</strong></span> <span class='ocrx_word' id='word_1_140' title='bbox 1528 1929 1641 2003; x_wconf 91' lang='lat' dir='ltr'><strong>rebus,</strong></span> <span class='ocrx_word' id='word_1_141' title='bbox 1664 1935 1703 1991; x_wconf 93' lang='lat' dir='ltr'><strong>ut</strong></span> <span class='ocrx_word' id='word_1_142' title='bbox 1724 1931 1785 1990; x_wconf 86' lang='lat' dir='ltr'><strong>aut</strong></span> 
     </span>
    </p>

    <p class='ocr_par' dir='ltr' id='par_1_4' title="bbox 415 2020 1783 2198">
     <span class='ocr_line' id='line_1_16' title="bbox 415 2020 1783 2103; baseline -0.001 -19"><span class='ocrx_word' id='word_1_143' title='bbox 415 2027 655 2084; x_wconf 57' lang='lat' dir='ltr'><strong>&amp;contemnant</strong></span> <span class='ocrx_word' id='word_1_144' title='bbox 683 2027 737 2083; x_wconf 88' lang='lat' dir='ltr'><strong>aut</strong></span> <span class='ocrx_word' id='word_1_145' title='bbox 765 2028 922 2096; x_wconf 86' lang='lat' dir='ltr'><strong>metuant,</strong></span> <span class='ocrx_word' id='word_1_146' title='bbox 950 2029 1005 2083; x_wconf 89' lang='lat' dir='ltr'><strong>aut</strong></span> <span class='ocrx_word' id='word_1_147' title='bbox 1032 2020 1156 2083; x_wconf 90' lang='lat' dir='ltr'><strong>oderint</strong></span> <span class='ocrx_word' id='word_1_148' title='bbox 1177 2030 1233 2083; x_wconf 87' lang='lat' dir='ltr'><strong>aut</strong></span> <span class='ocrx_word' id='word_1_149' title='bbox 1253 2028 1374 2094; x_wconf 89' lang='lat' dir='ltr'><strong>ament,</strong></span> <span class='ocrx_word' id='word_1_150' title='bbox 1405 2021 1556 2103; x_wconf 90' lang='lat' dir='ltr'><strong>opinione</strong></span> <span class='ocrx_word' id='word_1_151' title='bbox 1579 2042 1645 2084; x_wconf 93' lang='lat' dir='ltr'><strong>non</strong></span> <span class='ocrx_word' id='word_1_152' title='bbox 1668 2022 1783 2084; x_wconf 84' lang='lat' dir='ltr'><strong>minus</strong></span> 
     </span>
     <span class='ocr_line' id='line_1_17' title="bbox 453 2113 1782 2198; baseline -0.003 -18"><span class='ocrx_word' id='word_1_153' title='bbox 453 2122 486 2180; x_wconf 93' lang='lat' dir='ltr'><strong>et</strong></span> <span class='ocrx_word' id='word_1_154' title='bbox 504 2113 588 2178; x_wconf 84' lang='lat' dir='ltr'><strong>fama</strong></span> <span class='ocrx_word' id='word_1_155' title='bbox 610 2132 705 2198; x_wconf 86' lang='lat' dir='ltr'><strong>quam</strong></span> <span class='ocrx_word' id='word_1_156' title='bbox 726 2113 834 2198; x_wconf 89' lang='lat' dir='ltr'><strong>aliqua</strong></span> <span class='ocrx_word' id='word_1_157' title='bbox 854 2115 975 2177; x_wconf 86' lang='lat' dir='ltr'><strong>ratione</strong></span> <span class='ocrx_word' id='word_1_158' title='bbox 997 2121 1082 2176; x_wconf 88' lang='lat' dir='ltr'><strong>certa</strong></span> <span class='ocrx_word' id='word_1_159' title='bbox 1104 2114 1319 2177; x_wconf 79' lang='lat' dir='ltr'><strong>commoverit</strong></span> <span class='ocrx_word' id='word_1_160' title='bbox 1352 2113 1444 2189; x_wconf 88' lang='lat' dir='ltr'><strong>Quod</strong></span> <span class='ocrx_word' id='word_1_161' title='bbox 1461 2114 1557 2196; x_wconf 87' lang='lat' dir='ltr'><strong>igitur</strong></span> <span class='ocrx_word' id='word_1_162' title='bbox 1571 2134 1691 2178; x_wconf 90' lang='lat' dir='ltr'><strong>nomen</strong></span> <span class='ocrx_word' id='word_1_163' title='bbox 1705 2134 1782 2176; x_wconf 92' lang='lat' dir='ltr'><strong>um-</strong></span> 
     </span>
    </p>

    <p class='ocr_par' dir='ltr' id='par_1_5' title="bbox 415 2204 1783 2477">
     <span class='ocr_line' id='line_1_18' title="bbox 415 2204 1783 2292; baseline -0.001 -23"><span class='ocrx_word' id='word_1_164' title='bbox 415 2263 418 2269; x_wconf 89' lang='lat'>.</span> <span class='ocrx_word' id='word_1_165' title='bbox 452 2227 547 2292; x_wconf 86' lang='lat' dir='ltr'><strong>quam</strong></span> <span class='ocrx_word' id='word_1_166' title='bbox 573 2205 608 2269; x_wconf 92' lang='lat' dir='ltr'><strong>in</strong></span> <span class='ocrx_word' id='word_1_167' title='bbox 637 2206 712 2270; x_wconf 85' lang='lat' dir='ltr'><strong>orbe</strong></span> <span class='ocrx_word' id='word_1_168' title='bbox 740 2214 893 2270; x_wconf 85' lang='lat' dir='ltr'><strong>terrarum</strong></span> <span class='ocrx_word' id='word_1_169' title='bbox 922 2206 1036 2270; x_wconf 92' lang='lat' dir='ltr'><strong>clarius</strong></span> <span class='ocrx_word' id='word_1_170' title='bbox 1065 2204 1151 2269; x_wconf 81' lang='lat' dir='ltr'><strong>fuit‘t</strong></span> <span class='ocrx_word' id='word_1_171' title='bbox 1181 2207 1269 2270; x_wconf 94' lang='lat' dir='ltr'><strong>cuius</strong></span> <span class='ocrx_word' id='word_1_172' title='bbox 1291 2226 1341 2269; x_wconf 86' lang='lat' dir='ltr'><strong>res</strong></span> <span class='ocrx_word' id='word_1_173' title='bbox 1366 2214 1472 2288; x_wconf 89' lang='lat' dir='ltr'><strong>gestae</strong></span> <span class='ocrx_word' id='word_1_174' title='bbox 1494 2209 1612 2290; x_wconf 74' lang='lat' dir='ltr'><strong>pares?</strong></span> <span class='ocrx_word' id='word_1_175' title='bbox 1646 2206 1783 2290; x_wconf 77' lang='lat' dir='ltr'><strong>dequo</strong></span> 
     </span>
     <span class='ocr_line' id='line_1_19' title="bbox 450 2299 1783 2384; baseline -0.004 -16"><span class='ocrx_word' id='word_1_176' title='bbox 450 2302 578 2369; x_wconf 88' lang='lat' dir='ltr'><strong>bomine</strong></span> <span class='ocrx_word' id='word_1_177' title='bbox 599 2320 672 2376; x_wconf 82' lang='lat' dir='ltr'><strong>vos,</strong></span> <span class='ocrx_word' id='word_1_178' title='bbox 693 2300 727 2363; x_wconf 94' lang='lat' dir='ltr'><strong>id</strong></span> <span class='ocrx_word' id='word_1_179' title='bbox 749 2299 836 2384; x_wconf 91' lang='lat' dir='ltr'><strong>quod</strong></span> <span class='ocrx_word' id='word_1_180' title='bbox 858 2301 993 2364; x_wconf 81' lang='lat' dir='ltr'><strong>maxime</strong></span> <span class='ocrx_word' id='word_1_181' title='bbox 1013 2299 1089 2364; x_wconf 85' lang='lat' dir='ltr'><strong>facit</strong></span> <span class='ocrx_word' id='word_1_182' title='bbox 1110 2299 1343 2375; x_wconf 89' lang='lat' dir='ltr'><strong>auctoritatem,</strong></span> <span class='ocrx_word' id='word_1_183' title='bbox 1366 2307 1452 2363; x_wconf 89' lang='lat' dir='ltr'><strong>tanta</strong></span> <span class='ocrx_word' id='word_1_184' title='bbox 1474 2310 1505 2364; x_wconf 91' lang='lat' dir='ltr'><strong>et</strong></span> <span class='ocrx_word' id='word_1_185' title='bbox 1526 2310 1590 2364; x_wconf 85' lang='lat' dir='ltr'><strong>tam</strong></span> <span class='ocrx_word' id='word_1_186' title='bbox 1610 2300 1783 2384; x_wconf 82' lang='lat' dir='ltr'><strong>praeclara</strong></span> 
     </span>
     <span class='ocr_line' id='line_1_20' title="bbox 450 2390 1781 2477; baseline 0.001 -19"><span class='ocrx_word' id='word_1_187' title='bbox 450 2394 567 2459; x_wconf 84' lang='lat' dir='ltr'><strong>iudicia</strong></span> <span class='ocrx_word' id='word_1_188' title='bbox 592 2394 734 2459; x_wconf 77' lang='lat' dir='ltr'><strong>fecistis?</strong></span> <span class='ocrx_word' id='word_1_189' title='bbox 775 2390 825 2456; x_wconf 80' lang='grc'><strong>44.</strong></span> <span class='ocrx_word' id='word_1_190' title='bbox 846 2395 896 2457; x_wconf 80' lang='lat' dir='ltr'><strong>An</strong></span> <span class='ocrx_word' id='word_1_191' title='bbox 924 2413 998 2459; x_wconf 85' lang='lat' dir='ltr'><strong>vero</strong></span> <span class='ocrx_word' id='word_1_192' title='bbox 1027 2393 1126 2456; x_wconf 90' lang='lat' dir='ltr'><strong>ullam</strong></span> <span class='ocrx_word' id='word_1_193' title='bbox 1157 2413 1292 2477; x_wconf 90' lang='lat' dir='ltr'><strong>usquam</strong></span> <span class='ocrx_word' id='word_1_194' title='bbox 1321 2413 1391 2456; x_wconf 90' lang='lat' dir='ltr'><strong>esse</strong></span> <span class='ocrx_word' id='word_1_195' title='bbox 1421 2415 1507 2459; x_wconf 92' lang='lat' dir='ltr'><strong>oram</strong></span> <span class='ocrx_word' id='word_1_196' title='bbox 1530 2402 1594 2459; x_wconf 87' lang='lat' dir='ltr'><strong>tam</strong></span> <span class='ocrx_word' id='word_1_197' title='bbox 1615 2395 1781 2458; x_wconf 78' lang='lat' dir='ltr'><strong>desertam</strong></span> 
     </span>
    </p>

    <p class='ocr_par' dir='ltr' id='par_1_6' title="bbox 414 2486 1798 2944">
     <span class='ocr_line' id='line_1_21' title="bbox 414 2486 1780 2574; baseline 0.001 -25"><span class='ocrx_word' id='word_1_198' title='bbox 414 2489 585 2574; x_wconf 78' lang='lat' dir='ltr'><strong>anputatis,</strong></span> <span class='ocrx_word' id='word_1_199' title='bbox 608 2509 672 2572; x_wconf 89' lang='lat' dir='ltr'><strong>quo</strong></span> <span class='ocrx_word' id='word_1_200' title='bbox 693 2507 758 2551; x_wconf 91' lang='lat' dir='ltr'><strong>non</strong></span> <span class='ocrx_word' id='word_1_201' title='bbox 779 2486 865 2551; x_wconf 89' lang='lat' dir='ltr'><strong>illius</strong></span> <span class='ocrx_word' id='word_1_202' title='bbox 887 2487 949 2551; x_wconf 91' lang='lat' dir='ltr'><strong>diei</strong></span> <span class='ocrx_word' id='word_1_203' title='bbox 972 2487 1056 2550; x_wconf 79' lang='lat' dir='ltr'><strong>fama</strong></span> <span class='ocrx_word' id='word_1_204' title='bbox 1076 2486 1265 2570; x_wconf 82' lang='lat' dir='ltr'><strong>pervaserit,</strong></span> <span class='ocrx_word' id='word_1_205' title='bbox 1287 2507 1359 2550; x_wconf 92' lang='lat' dir='ltr'><strong>cum</strong></span> <span class='ocrx_word' id='word_1_206' title='bbox 1375 2488 1541 2552; x_wconf 85' lang='lat' dir='ltr'><strong>universus</strong></span> <span class='ocrx_word' id='word_1_207' title='bbox 1556 2488 1699 2571; x_wconf 92' lang='lat' dir='ltr'><strong>populus</strong></span> <span class='ocrx_word' id='word_1_208' title='bbox 1715 2488 1780 2550; x_wconf 86' lang='lat' dir='ltr'><strong>Ro-</strong></span> 
     </span>
     <span class='ocr_line' id='line_1_22' title="bbox 450 2578 1798 2667; baseline -0.003 -19"><span class='ocrx_word' id='word_1_209' title='bbox 450 2602 563 2648; x_wconf 88' lang='lat' dir='ltr'><strong>manus</strong></span> <span class='ocrx_word' id='word_1_210' title='bbox 585 2581 702 2647; x_wconf 85' lang='lat' dir='ltr'><strong>referto</strong></span> <span class='ocrx_word' id='word_1_211' title='bbox 722 2578 792 2646; x_wconf 84' lang='lat' dir='ltr'><strong>foro</strong></span> <span class='ocrx_word' id='word_1_212' title='bbox 814 2580 1045 2665; x_wconf 86' lang='lat' dir='ltr'><strong>completisque</strong></span> <span class='ocrx_word' id='word_1_213' title='bbox 1068 2580 1214 2643; x_wconf 90' lang='lat' dir='ltr'><strong>omnibus</strong></span> <span class='ocrx_word' id='word_1_214' title='bbox 1236 2581 1380 2663; x_wconf 86' lang='lat' dir='ltr'><strong>templis,</strong></span> <span class='ocrx_word' id='word_1_215' title='bbox 1409 2602 1450 2644; x_wconf 85' lang='lat' dir='ltr'><strong>er</strong></span> <span class='ocrx_word' id='word_1_216' title='bbox 1471 2582 1585 2667; x_wconf 91' lang='lat' dir='ltr'><strong>quibus</strong></span> <span class='ocrx_word' id='word_1_217' title='bbox 1606 2580 1661 2646; x_wconf 91' lang='lat' dir='ltr'><strong>bic</strong></span> <span class='ocrx_word' id='word_1_218' title='bbox 1681 2581 1798 2664; x_wconf 79' lang='lat' dir='ltr'><strong>locus-</strong></span> 
     </span>
     <span class='ocr_line' id='line_1_23' title="bbox 451 2673 1776 2759; baseline -0.002 -18"><span class='ocrx_word' id='word_1_219' title='bbox 451 2675 589 2759; x_wconf 89' lang='lat' dir='ltr'><strong>conspici</strong></span> <span class='ocrx_word' id='word_1_220' title='bbox 618 2681 739 2758; x_wconf 88' lang='lat' dir='ltr'><strong>potest,</strong></span> <span class='ocrx_word' id='word_1_221' title='bbox 768 2695 867 2739; x_wconf 91' lang='lat' dir='ltr'><strong>unum</strong></span> <span class='ocrx_word' id='word_1_222' title='bbox 895 2675 955 2738; x_wconf 90' lang='lat' dir='ltr'><strong>sibi</strong></span> <span class='ocrx_word' id='word_1_223' title='bbox 983 2673 1024 2736; x_wconf 92' lang='lat' dir='ltr'><strong>ad</strong></span> <span class='ocrx_word' id='word_1_224' title='bbox 1055 2693 1219 2738; x_wconf 90' lang='lat' dir='ltr'><strong>commune</strong></span> <span class='ocrx_word' id='word_1_225' title='bbox 1241 2674 1382 2737; x_wconf 93' lang='lat' dir='ltr'><strong>omnium</strong></span> <span class='ocrx_word' id='word_1_226' title='bbox 1411 2677 1551 2757; x_wconf 85' lang='lat' dir='ltr'><strong>gentium</strong></span> <span class='ocrx_word' id='word_1_227' title='bbox 1572 2675 1695 2745; x_wconf 68' lang='lat' dir='ltr'><strong>bellum</strong></span> <span class='ocrx_word' id='word_1_228' title='bbox 1719 2674 1776 2739; x_wconf 84' lang='lat' dir='ltr'><strong>Gn.</strong></span> 
     </span>
     <span class='ocr_line' id='line_1_24' title="bbox 449 2767 1775 2852; baseline -0.002 -18"><span class='ocrx_word' id='word_1_229' title='bbox 449 2768 636 2852; x_wconf 91' lang='lat' dir='ltr'><strong>Pompeium</strong></span> <span class='ocrx_word' id='word_1_230' title='bbox 656 2768 879 2850; x_wconf 89' lang='lat' dir='ltr'><strong>imperatorem</strong></span> <span class='ocrx_word' id='word_1_231' title='bbox 900 2767 1112 2851; x_wconf 74' lang='lat' dir='ltr'><strong>depoposcit?</strong></span> <span class='ocrx_word' id='word_1_232' title='bbox 1144 2768 1255 2850; x_wconf 87' lang='lat' dir='ltr'><strong>ltaque</strong></span> <span class='ocrx_word' id='word_1_233' title='bbox 1276 2774 1312 2829; x_wconf 91' lang='lat' dir='ltr'><strong>ut</strong></span> <span class='ocrx_word' id='word_1_234' title='bbox 1339 2768 1430 2850; x_wconf 89' lang='lat' dir='ltr'><strong>pium</strong></span> <span class='ocrx_word' id='word_1_235' title='bbox 1451 2789 1517 2832; x_wconf 93' lang='lat' dir='ltr'><strong>non</strong></span> <span class='ocrx_word' id='word_1_236' title='bbox 1538 2768 1643 2833; x_wconf 84' lang='lat' dir='ltr'><strong>dicam</strong></span> <span class='ocrx_word' id='word_1_237' title='bbox 1664 2788 1775 2852; x_wconf 85' lang='lat' dir='ltr'><strong>neque</strong></span> 
     </span>
     <span class='ocr_line' id='line_1_25' title="bbox 449 2859 1776 2944; baseline 0.001 -18"><span class='ocrx_word' id='word_1_238' title='bbox 449 2861 585 2926; x_wconf 89' lang='lat' dir='ltr'><strong>aliorum</strong></span> <span class='ocrx_word' id='word_1_239' title='bbox 607 2860 762 2944; x_wconf 86' lang='lat' dir='ltr'><strong>exemplis</strong></span> <span class='ocrx_word' id='word_1_240' title='bbox 784 2859 984 2936; x_wconf 86' lang='lat' dir='ltr'><strong>confirmem,</strong></span> <span class='ocrx_word' id='word_1_241' title='bbox 1006 2868 1160 2944; x_wconf 88' lang='lat' dir='ltr'><strong>quantum</strong></span> <span class='ocrx_word' id='word_1_242' title='bbox 1181 2861 1351 2925; x_wconf 83' lang='lat' dir='ltr'><strong>auctoritas</strong></span> <span class='ocrx_word' id='word_1_243' title='bbox 1373 2860 1523 2925; x_wconf 82' lang='lat' dir='ltr'><strong>valentin</strong></span> <span class='ocrx_word' id='word_1_244' title='bbox 1539 2861 1640 2938; x_wconf 90' lang='lat' dir='ltr'><strong>bello,</strong></span> <span class='ocrx_word' id='word_1_245' title='bbox 1662 2862 1705 2927; x_wconf 86' lang='lat' dir='ltr'><strong>ab</strong></span> <span class='ocrx_word' id='word_1_246' title='bbox 1720 2880 1776 2926; x_wconf 82' lang='lat' dir='ltr'><strong>eo-</strong></span> 
     </span>
    </p>

    <p class='ocr_par' dir='ltr' id='par_1_7' title="bbox 411 2954 1777 3320">
     <span class='ocr_line' id='line_1_26' title="bbox 411 2954 1774 3039; baseline -0.002 -18"><span class='ocrx_word' id='word_1_247' title='bbox 411 2955 522 3021; x_wconf 72' lang='lat' dir='ltr'><strong>ttdem</strong></span> <span class='ocrx_word' id='word_1_248' title='bbox 552 2955 607 3018; x_wconf 86' lang='lat' dir='ltr'><strong>Cn.</strong></span> <span class='ocrx_word' id='word_1_249' title='bbox 628 2954 779 3038; x_wconf 89' lang='lat' dir='ltr'><strong>Pompeio</strong></span> <span class='ocrx_word' id='word_1_250' title='bbox 809 2956 950 3018; x_wconf 91' lang='lat' dir='ltr'><strong>omnium</strong></span> <span class='ocrx_word' id='word_1_251' title='bbox 979 2974 1083 3017; x_wconf 91' lang='lat' dir='ltr'><strong>rerum</strong></span> <span class='ocrx_word' id='word_1_252' title='bbox 1114 2955 1308 3037; x_wconf 89' lang='lat' dir='ltr'><strong>egregiarum</strong></span> <span class='ocrx_word' id='word_1_253' title='bbox 1331 2955 1477 3038; x_wconf 80' lang='lat' dir='ltr'><strong>exempla</strong></span> <span class='ocrx_word' id='word_1_254' title='bbox 1498 2963 1684 3019; x_wconf 86' lang='lat' dir='ltr'><strong>sumantur:</strong></span> <span class='ocrx_word' id='word_1_255' title='bbox 1716 2955 1774 3039; x_wconf 81' lang='lat' dir='ltr'><strong>qui</strong></span> 
     </span>
     <span class='ocr_line' id='line_1_27' title="bbox 450 3047 1774 3133; baseline 0.001 -21"><span class='ocrx_word' id='word_1_256' title='bbox 450 3069 514 3132; x_wconf 87' lang='lat' dir='ltr'><strong>quo</strong></span> <span class='ocrx_word' id='word_1_257' title='bbox 537 3048 589 3112; x_wconf 92' lang='lat' dir='ltr'><strong>die</strong></span> <span class='ocrx_word' id='word_1_258' title='bbox 610 3068 630 3112; x_wconf 91' lang='lat' dir='ltr'><strong>a</strong></span> <span class='ocrx_word' id='word_1_259' title='bbox 649 3047 740 3112; x_wconf 82' lang='lat' dir='ltr'><strong>robis</strong></span> <span class='ocrx_word' id='word_1_260' title='bbox 762 3047 917 3111; x_wconf 89' lang='lat' dir='ltr'><strong>maritimo</strong></span> <span class='ocrx_word' id='word_1_261' title='bbox 938 3047 1022 3110; x_wconf 90' lang='lat' dir='ltr'><strong>bello</strong></span> <span class='ocrx_word' id='word_1_262' title='bbox 1044 3049 1243 3131; x_wconf 89' lang='lat' dir='ltr'><strong>praepositus</strong></span> <span class='ocrx_word' id='word_1_263' title='bbox 1258 3055 1306 3111; x_wconf 87' lang='lat' dir='ltr'><strong>est</strong></span> <span class='ocrx_word' id='word_1_264' title='bbox 1323 3048 1509 3130; x_wconf 90' lang='lat' dir='ltr'><strong>imperator,</strong></span> <span class='ocrx_word' id='word_1_265' title='bbox 1531 3057 1618 3114; x_wconf 86' lang='lat' dir='ltr'><strong>tanta</strong></span> <span class='ocrx_word' id='word_1_266' title='bbox 1638 3056 1774 3133; x_wconf 82' lang='lat' dir='ltr'><strong>repente</strong></span> 
     </span>
     <span class='ocr_line' id='line_1_28' title="bbox 448 3140 1777 3224; baseline 0.002 -20"><span class='ocrx_word' id='word_1_267' title='bbox 448 3142 555 3205; x_wconf 81' lang='lat' dir='ltr'><strong>vilitas</strong></span> <span class='ocrx_word' id='word_1_268' title='bbox 576 3159 721 3206; x_wconf 74' lang='lat' dir='ltr'><strong>annonem</strong></span> <span class='ocrx_word' id='word_1_269' title='bbox 744 3160 785 3204; x_wconf 80' lang='lat' dir='ltr'><strong>ex</strong></span> <span class='ocrx_word' id='word_1_270' title='bbox 806 3161 928 3204; x_wconf 89' lang='lat' dir='ltr'><strong>summa</strong></span> <span class='ocrx_word' id='word_1_271' title='bbox 948 3140 1059 3224; x_wconf 87' lang='lat' dir='ltr'><strong>inopia</strong></span> <span class='ocrx_word' id='word_1_272' title='bbox 1085 3149 1117 3205; x_wconf 90' lang='lat' dir='ltr'><strong>et</strong></span> <span class='ocrx_word' id='word_1_273' title='bbox 1138 3141 1266 3205; x_wconf 89' lang='lat' dir='ltr'><strong>caritate</strong></span> <span class='ocrx_word' id='word_1_274' title='bbox 1288 3141 1333 3203; x_wconf 92' lang='lat' dir='ltr'><strong>rei</strong></span> <span class='ocrx_word' id='word_1_275' title='bbox 1354 3141 1577 3206; x_wconf 82' lang='lat' dir='ltr'><strong>frumentariae</strong></span> <span class='ocrx_word' id='word_1_276' title='bbox 1599 3150 1777 3207; x_wconf 78' lang='lat' dir='ltr'><strong>consecuta</strong></span> 
     </span>
     <span class='ocr_line' id='line_1_29' title="bbox 450 3234 1776 3320; baseline 0.001 -22"><span class='ocrx_word' id='word_1_277' title='bbox 450 3242 498 3300; x_wconf 85' lang='lat' dir='ltr'><strong>est</strong></span> <span class='ocrx_word' id='word_1_278' title='bbox 517 3234 612 3298; x_wconf 92' lang='lat' dir='ltr'><strong>unius</strong></span> <span class='ocrx_word' id='word_1_279' title='bbox 632 3235 772 3298; x_wconf 91' lang='lat' dir='ltr'><strong>hominis</strong></span> <span class='ocrx_word' id='word_1_280' title='bbox 793 3255 850 3319; x_wconf 89' lang='lat' dir='ltr'><strong>spe</strong></span> <span class='ocrx_word' id='word_1_281' title='bbox 871 3255 908 3299; x_wconf 89' lang='lat' dir='ltr'><strong>ac</strong></span> <span class='ocrx_word' id='word_1_282' title='bbox 925 3237 1071 3311; x_wconf 88' lang='lat' dir='ltr'><strong>nomine,</strong></span> <span class='ocrx_word' id='word_1_283' title='bbox 1093 3244 1243 3320; x_wconf 87' lang='lat' dir='ltr'><strong>quantam</strong></span> <span class='ocrx_word' id='word_1_284' title='bbox 1258 3235 1311 3298; x_wconf 81' lang='lat' dir='ltr'><strong>vix</strong></span> <span class='ocrx_word' id='word_1_285' title='bbox 1332 3235 1365 3297; x_wconf 92' lang='lat' dir='ltr'><strong>in</strong></span> <span class='ocrx_word' id='word_1_286' title='bbox 1385 3255 1508 3299; x_wconf 91' lang='lat' dir='ltr'><strong>summa</strong></span> <span class='ocrx_word' id='word_1_287' title='bbox 1521 3235 1664 3300; x_wconf 78' lang='lat' dir='ltr'><strong>ubertate</strong></span> <span class='ocrx_word' id='word_1_288' title='bbox 1679 3254 1776 3318; x_wconf 82' lang='lat' dir='ltr'><strong>agro·</strong></span> 
     </span>
    </p>
   </div>
   <div class='ocr_carea' id='block_1_3' title="bbox 445 3590 1780 5300">
    <p class='ocr_par' dir='ltr' id='par_1_8' title="bbox 445 3590 1780 5300">
     <span class='ocr_line' id='line_1_30' title="bbox 515 3590 1777 3658; baseline 0.004 -18"><span class='ocrx_word' id='word_1_289' title='bbox 515 3593 538 3641; x_wconf 92' lang='grc'><strong>4.</strong></span> <span class='ocrx_word' id='word_1_290' title='bbox 556 3594 678 3653; x_wconf 77' lang='lat' dir='ltr'><strong>quonam</strong></span> <span class='ocrx_word' id='word_1_291' title='bbox 694 3590 754 3640; x_wconf 86' lang='lat' dir='ltr'><strong>ante</strong></span> <span class='ocrx_word' id='word_1_292' title='bbox 770 3601 796 3640; x_wconf 84' lang='lat' dir='ltr'><strong>v.</strong></span> <span class='ocrx_word' id='word_1_293' title='bbox 815 3590 911 3640; x_wconf 85' lang='lat' dir='ltr'><strong>dicendi</strong></span> <span class='ocrx_word' id='word_1_294' title='bbox 927 3604 979 3641; x_wconf 92' lang='lat' dir='ltr'><strong>om.</strong></span> <span class='ocrx_word' id='word_1_295' title='bbox 997 3592 1026 3642; x_wconf 89' lang='grc' dir='ltr'><strong>Β.</strong></span> <span class='ocrx_word' id='word_1_296' title='bbox 1042 3619 1068 3628; x_wconf 87' lang='grc'><strong>-</strong></span> <span class='ocrx_word' id='word_1_297' title='bbox 1087 3593 1111 3641; x_wconf 72' lang='lat' dir='ltr'><strong>i.</strong></span> <span class='ocrx_word' id='word_1_298' title='bbox 1130 3593 1199 3658; x_wconf 86' lang='lat' dir='ltr'><strong>inest]</strong></span> <span class='ocrx_word' id='word_1_299' title='bbox 1217 3598 1252 3642; x_wconf 87' lang='lat' dir='ltr'><strong>est</strong></span> <span class='ocrx_word' id='word_1_300' title='bbox 1268 3590 1299 3655; x_wconf 70' lang='grc'><strong>43.</strong></span> <span class='ocrx_word' id='word_1_301' title='bbox 1314 3619 1341 3627; x_wconf 91' lang='grc'><strong>-</strong></span> <span class='ocrx_word' id='word_1_302' title='bbox 1362 3592 1476 3655; x_wconf 77' lang='lat' dir='ltr'><strong>Quirites]</strong></span> <span class='ocrx_word' id='word_1_303' title='bbox 1494 3606 1589 3656; x_wconf 82' lang='lat' dir='ltr'><strong>quoque</strong></span> <span class='ocrx_word' id='word_1_304' title='bbox 1606 3593 1636 3644; x_wconf 92' lang='lat' dir='ltr'><strong>C.</strong></span> <span class='ocrx_word' id='word_1_305' title='bbox 1651 3619 1682 3631; x_wconf 94' lang='lat'><em>-</em></span> <span class='ocrx_word' id='word_1_306' title='bbox 1701 3593 1727 3644; x_wconf 81' lang='lat'><strong>3.</strong></span> <span class='ocrx_word' id='word_1_307' title='bbox 1740 3608 1777 3646; x_wconf 79' lang='lat' dir='ltr'><strong>ez</strong></span> 
     </span>
     <span class='ocr_line' id='line_1_31' title="bbox 449 3663 1777 3732; baseline 0 -15"><span class='ocrx_word' id='word_1_308' title='bbox 449 3666 497 3717; x_wconf 84' lang='lat' dir='ltr'><strong>PC</strong></span> <span class='ocrx_word' id='word_1_309' title='bbox 516 3666 591 3730; x_wconf 82' lang='lat' dir='ltr'><strong>(teste</strong></span> <span class='ocrx_word' id='word_1_310' title='bbox 608 3663 695 3715; x_wconf 78' lang='lat' dir='ltr'><strong>Madia</strong></span> <span class='ocrx_word' id='word_1_311' title='bbox 712 3664 789 3728; x_wconf 86' lang='lat' dir='ltr'><strong>epist.</strong></span> <span class='ocrx_word' id='word_1_312' title='bbox 803 3664 853 3728; x_wconf 83' lang='grc'><strong>69.)</strong></span> <span class='ocrx_word' id='word_1_313' title='bbox 871 3665 934 3725; x_wconf 81' lang='lat' dir='ltr'><strong>EV,</strong></span> <span class='ocrx_word' id='word_1_314' title='bbox 954 3678 1006 3728; x_wconf 82' lang='lat' dir='ltr'><strong>mg.</strong></span> <span class='ocrx_word' id='word_1_315' title='bbox 1020 3664 1051 3719; x_wconf 72' lang='lat'><strong>2:</strong></span> <span class='ocrx_word' id='word_1_316' title='bbox 1070 3679 1123 3716; x_wconf 92' lang='lat' dir='ltr'><strong>om.</strong></span> <span class='ocrx_word' id='word_1_317' title='bbox 1140 3668 1172 3723; x_wconf 83' lang='lat' dir='ltr'><strong>F;</strong></span> <span class='ocrx_word' id='word_1_318' title='bbox 1191 3668 1217 3715; x_wconf 87' lang='lat' dir='ltr'><strong>in</strong></span> <span class='ocrx_word' id='word_1_319' title='bbox 1233 3664 1376 3718; x_wconf 71' lang='grc' dir='ltr'><strong>444ιὲ0.</strong></span> <span class='ocrx_word' id='word_1_320' title='bbox 1392 3692 1419 3701; x_wconf 84' lang='grc'>-</span> <span class='ocrx_word' id='word_1_321' title='bbox 1436 3667 1658 3731; x_wconf 75' lang='lat' dir='ltr'><strong>cognovistisEV:</strong></span> <span class='ocrx_word' id='word_1_322' title='bbox 1677 3681 1777 3732; x_wconf 72' lang='lat' dir='ltr'><strong>mgna-</strong></span> 
     </span>
     <span class='ocr_line' id='line_1_32' title="bbox 448 3737 1774 3804; baseline 0.001 -14"><span class='ocrx_word' id='word_1_323' title='bbox 448 3740 492 3790; x_wconf 79' lang='lat' dir='ltr'><strong>stis</strong></span> <span class='ocrx_word' id='word_1_324' title='bbox 506 3737 640 3792; x_wconf 74' lang='lat' dir='ltr'><strong>BAde</strong></span> <span class='ocrx_word' id='word_1_325' title='bbox 658 3739 746 3802; x_wconf 75' lang='lat' dir='ltr'><strong>(ettam</strong></span> <span class='ocrx_word' id='word_1_326' title='bbox 762 3739 826 3798; x_wconf 85' lang='lat' dir='ltr'><strong>PC,</strong></span> <span class='ocrx_word' id='word_1_327' title='bbox 852 3742 882 3788; x_wconf 85' lang='lat' dir='ltr'><strong>ui</strong></span> <span class='ocrx_word' id='word_1_328' title='bbox 896 3739 1024 3802; x_wconf 80' lang='lat' dir='ltr'><strong>videtur);</strong></span> <span class='ocrx_word' id='word_1_329' title='bbox 1050 3742 1195 3804; x_wconf 74' lang='lat' dir='ltr'><strong>cognoscitis</strong></span> <span class='ocrx_word' id='word_1_330' title='bbox 1211 3739 1269 3803; x_wconf 63' lang='lat' dir='ltr'><strong>ijb&#39;.</strong></span> <span class='ocrx_word' id='word_1_331' title='bbox 1290 3767 1317 3776; x_wconf 95' lang='lat'>-</span> <span class='ocrx_word' id='word_1_332' title='bbox 1344 3748 1467 3802; x_wconf 83' lang='lat' dir='ltr'><strong>quantam</strong></span> <span class='ocrx_word' id='word_1_333' title='bbox 1489 3744 1556 3792; x_wconf 77' lang='lat' dir='ltr'><strong>inter</strong></span> <span class='ocrx_word' id='word_1_334' title='bbox 1577 3743 1656 3793; x_wconf 80' lang='lat' dir='ltr'><strong>socios</strong></span> <span class='ocrx_word' id='word_1_335' title='bbox 1673 3742 1774 3793; x_wconf 77' lang='lat' dir='ltr'>PEV:</span> 
     </span>
     <span class='ocr_line' id='line_1_33' title="bbox 447 3800 1775 3881; baseline 0.002 -16"><span class='ocrx_word' id='word_1_336' title='bbox 447 3815 513 3865; x_wconf 69' lang='lat' dir='ltr'><strong>soe</strong></span> <span class='ocrx_word' id='word_1_337' title='bbox 528 3814 606 3865; x_wconf 76' lang='lat' dir='ltr'><strong>socos</strong></span> <span class='ocrx_word' id='word_1_338' title='bbox 622 3818 742 3875; x_wconf 72' lang='lat' dir='ltr'><strong>quamn</strong></span> <span class='ocrx_word' id='word_1_339' title='bbox 758 3811 900 3866; x_wconf 71' lang='lat' dir='ltr'><strong>necao.</strong></span> <span class='ocrx_word' id='word_1_340' title='bbox 915 3841 942 3850; x_wconf 92' lang='lat'>-</span> <span class='ocrx_word' id='word_1_341' title='bbox 961 3815 1101 3864; x_wconf 66' lang='lat' dir='ltr'><strong>aetimare</strong></span> <span class='ocrx_word' id='word_1_342' title='bbox 1114 3815 1217 3879; x_wconf 70' lang='lat' dir='ltr'><strong>paon]</strong></span> <span class='ocrx_word' id='word_1_343' title='bbox 1234 3815 1381 3865; x_wconf 66' lang='lat' dir='ltr'><strong>amoenae</strong></span> <span class='ocrx_word' id='word_1_344' title='bbox 1392 3814 1424 3876; x_wconf 80' lang='lat' dir='ltr'><strong>n.</strong></span> <span class='ocrx_word' id='word_1_345' title='bbox 1439 3840 1466 3851; x_wconf 97' lang='lat'>-</span> <span class='ocrx_word' id='word_1_346' title='bbox 1485 3814 1510 3866; x_wconf 81' lang='lat' dir='ltr'><strong>s.</strong></span> <span class='ocrx_word' id='word_1_347' title='bbox 1529 3800 1613 3881; x_wconf 61' lang='lat' dir='ltr'><strong>pum]</strong></span> <span class='ocrx_word' id='word_1_348' title='bbox 1631 3828 1685 3878; x_wconf 68' lang='lat' dir='ltr'><strong>poa</strong></span> <span class='ocrx_word' id='word_1_349' title='bbox 1700 3817 1730 3867; x_wconf 78' lang='lat' dir='ltr'><strong>r.</strong></span> <span class='ocrx_word' id='word_1_350' title='bbox 1743 3842 1775 3853; x_wconf 95' lang='lat'>-</span> 
     </span>
     <span class='ocr_line' id='line_1_34' title="bbox 449 3887 1777 3954; baseline -0.001 -13"><span class='ocrx_word' id='word_1_351' title='bbox 449 3903 531 3941; x_wconf 82' lang='lat' dir='ltr'><strong>ornnes</strong></span> <span class='ocrx_word' id='word_1_352' title='bbox 547 3889 657 3940; x_wconf 81' lang='lat' dir='ltr'><strong>omnium</strong></span> <span class='ocrx_word' id='word_1_353' title='bbox 674 3889 774 3948; x_wconf 80' lang='lat' dir='ltr'><strong>(omitm</strong></span> <span class='ocrx_word' id='word_1_354' title='bbox 785 3887 811 3950; x_wconf 86' lang='lat' dir='ltr'><strong>P)</strong></span> <span class='ocrx_word' id='word_1_355' title='bbox 828 3901 947 3950; x_wconf 71' lang='lat' dir='ltr'><strong>generum</strong></span> <span class='ocrx_word' id='word_1_356' title='bbox 962 3888 1158 3952; x_wconf 62' lang='lat' dir='ltr'><strong>PWCEW,</strong></span> <span class='ocrx_word' id='word_1_357' title='bbox 1177 3902 1229 3953; x_wconf 75' lang='lat' dir='ltr'><strong>mg.</strong></span> <span class='ocrx_word' id='word_1_358' title='bbox 1243 3889 1275 3943; x_wconf 72' lang='lat'><strong>2:</strong></span> <span class='ocrx_word' id='word_1_359' title='bbox 1294 3891 1403 3940; x_wconf 77' lang='lat' dir='ltr'><strong>nennium</strong></span> <span class='ocrx_word' id='word_1_360' title='bbox 1418 3891 1528 3954; x_wconf 78' lang='lat' dir='ltr'><strong>gentium</strong></span> <span class='ocrx_word' id='word_1_361' title='bbox 1544 3892 1606 3954; x_wconf 79' lang='lat' dir='ltr'><strong>(om.</strong></span> <span class='ocrx_word' id='word_1_362' title='bbox 1618 3889 1777 3952; x_wconf 72' lang='lat' dir='ltr'><strong>omnmiitn</strong></span> 
     </span>
     <span class='ocr_line' id='line_1_35' title="bbox 449 3961 1779 4025; baseline 0.002 -11"><span class='ocrx_word' id='word_1_363' title='bbox 449 3962 535 4018; x_wconf 72' lang='lat' dir='ltr'><strong>L80.</strong></span> <span class='ocrx_word' id='word_1_364' title='bbox 555 3990 581 3998; x_wconf 98' lang='lat'><strong>—</strong></span> <span class='ocrx_word' id='word_1_365' title='bbox 601 3962 781 4012; x_wconf 79' lang='lat' dir='ltr'><strong>sanctissimam</strong></span> <span class='ocrx_word' id='word_1_366' title='bbox 796 3961 981 4024; x_wconf 74' lang='lat' dir='ltr'><strong>PEV‘BAO:</strong></span> <span class='ocrx_word' id='word_1_367' title='bbox 1002 3966 1183 4015; x_wconf 83' lang='lat' dir='ltr'><strong>sanctissimam</strong></span> <span class='ocrx_word' id='word_1_368' title='bbox 1200 3979 1249 4015; x_wconf 82' lang='lat' dir='ltr'><strong>esse</strong></span> <span class='ocrx_word' id='word_1_369' title='bbox 1265 3964 1320 4018; x_wconf 70' lang='lat' dir='ltr'><strong>Lss.</strong></span> <span class='ocrx_word' id='word_1_370' title='bbox 1340 3994 1368 4002; x_wconf 96' lang='lat'>-</span> <span class='ocrx_word' id='word_1_371' title='bbox 1386 3966 1530 4016; x_wconf 82' lang='lat' dir='ltr'><strong>iudicarunt</strong></span> <span class='ocrx_word' id='word_1_372' title='bbox 1545 3967 1578 4025; x_wconf 84' lang='lat' dir='ltr'><strong>F;</strong></span> <span class='ocrx_word' id='word_1_373' title='bbox 1594 3966 1779 4016; x_wconf 68' lang='lat' dir='ltr'><strong>intumescet</strong></span> 
     </span>
     <span class='ocr_line' id='line_1_36' title="bbox 449 4035 1779 4101; baseline 0.004 -14"><span class='ocrx_word' id='word_1_374' title='bbox 449 4035 481 4100; x_wconf 68' lang='grc'><strong>43.</strong></span> <span class='ocrx_word' id='word_1_375' title='bbox 502 4063 531 4075; x_wconf 94' lang='grc'>-</span> <span class='ocrx_word' id='word_1_376' title='bbox 548 4039 572 4087; x_wconf 82' lang='lat'><strong>7.</strong></span> <span class='ocrx_word' id='word_1_377' title='bbox 590 4043 613 4087; x_wconf 88' lang='lat' dir='ltr'><strong>et</strong></span> <span class='ocrx_word' id='word_1_378' title='bbox 630 4037 685 4100; x_wconf 80' lang='lat' dir='ltr'><strong>guis</strong></span> <span class='ocrx_word' id='word_1_379' title='bbox 700 4049 821 4098; x_wconf 82' lang='lat' dir='ltr'><strong>amquam</strong></span> <span class='ocrx_word' id='word_1_380' title='bbox 837 4035 957 4085; x_wconf 71' lang='lat' dir='ltr'><strong>‹tamwoit</strong></span> <span class='ocrx_word' id='word_1_381' title='bbox 973 4038 1001 4086; x_wconf 89' lang='lat' dir='ltr'><strong>P.</strong></span> <span class='ocrx_word' id='word_1_382' title='bbox 1027 4038 1065 4089; x_wconf 87' lang='lat' dir='ltr'><strong>Ci.</strong></span> <span class='ocrx_word' id='word_1_383' title='bbox 1084 4038 1108 4101; x_wconf 66' lang='grc' dir='ltr'><strong>ἓ.</strong></span> <span class='ocrx_word' id='word_1_384' title='bbox 1121 4037 1161 4088; x_wconf 76' lang='lat' dir='ltr'><strong>ib.</strong></span> <span class='ocrx_word' id='word_1_385' title='bbox 1176 4065 1203 4074; x_wconf 88' lang='lat'><em>-</em></span> <span class='ocrx_word' id='word_1_386' title='bbox 1221 4041 1267 4089; x_wconf 86' lang='lat' dir='ltr'><strong>boc</strong></span> <span class='ocrx_word' id='word_1_387' title='bbox 1283 4045 1380 4089; x_wconf 79' lang='lat' dir='ltr'><strong>mnium</strong></span> <span class='ocrx_word' id='word_1_388' title='bbox 1396 4041 1484 4090; x_wconf 81' lang='lat' dir='ltr'><strong>bettsem</strong></span> <span class='ocrx_word' id='word_1_389' title='bbox 1500 4041 1592 4091; x_wconf 87' lang='lat' dir='ltr'>PEO:</span> <span class='ocrx_word' id='word_1_390' title='bbox 1610 4039 1779 4092; x_wconf 69' lang='lat' dir='ltr'><strong>monetet·</strong></span> 
     </span>
     <span class='ocr_line' id='line_1_37' title="bbox 448 4110 1777 4178; baseline 0.004 -15"><span class='ocrx_word' id='word_1_391' title='bbox 448 4113 500 4163; x_wconf 76' lang='lat' dir='ltr'><strong>tren</strong></span> <span class='ocrx_word' id='word_1_392' title='bbox 518 4113 578 4177; x_wconf 81' lang='lat' dir='ltr'><strong>(om.</strong></span> <span class='ocrx_word' id='word_1_393' title='bbox 591 4113 643 4176; x_wconf 84' lang='lat' dir='ltr'><strong>boc)</strong></span> <span class='ocrx_word' id='word_1_394' title='bbox 660 4114 697 4172; x_wconf 78' lang='grc'><strong>4;</strong></span> <span class='ocrx_word' id='word_1_395' title='bbox 716 4115 814 4161; x_wconf 82' lang='lat' dir='ltr'><strong>tantum</strong></span> <span class='ocrx_word' id='word_1_396' title='bbox 829 4111 874 4160; x_wconf 88' lang='lat' dir='ltr'><strong>boc</strong></span> <span class='ocrx_word' id='word_1_397' title='bbox 891 4110 979 4161; x_wconf 84' lang='lat' dir='ltr'><strong>betium</strong></span> <span class='ocrx_word' id='word_1_398' title='bbox 995 4112 1031 4171; x_wconf 76' lang='lat' dir='ltr'><strong>V3</strong></span> <span class='ocrx_word' id='word_1_399' title='bbox 1050 4118 1147 4162; x_wconf 82' lang='lat' dir='ltr'><strong>tantum</strong></span> <span class='ocrx_word' id='word_1_400' title='bbox 1163 4112 1251 4165; x_wconf 71' lang='lat' dir='ltr'><strong>teum</strong></span> <span class='ocrx_word' id='word_1_401' title='bbox 1266 4115 1311 4166; x_wconf 86' lang='lat' dir='ltr'><strong>boc</strong></span> <span class='ocrx_word' id='word_1_402' title='bbox 1327 4112 1437 4169; x_wconf 63' lang='lat' dir='ltr'>FBLQ.</span> <span class='ocrx_word' id='word_1_403' title='bbox 1452 4142 1480 4150; x_wconf 93' lang='lat'>-</span> <span class='ocrx_word' id='word_1_404' title='bbox 1494 4116 1731 4178; x_wconf 72' lang='lat' dir='ltr'><strong>pemmmamnc.</strong></span> <span class='ocrx_word' id='word_1_405' title='bbox 1745 4142 1777 4153; x_wconf 95' lang='lat'>-</span> 
     </span>
     <span class='ocr_line' id='line_1_38' title="bbox 447 4187 1777 4251; baseline 0.002 -12"><span class='ocrx_word' id='word_1_406' title='bbox 447 4188 472 4239; x_wconf 91' lang='lat'><strong>8.</strong></span> <span class='ocrx_word' id='word_1_407' title='bbox 490 4192 586 4238; x_wconf 83' lang='lat' dir='ltr'><strong>uestrae</strong></span> <span class='ocrx_word' id='word_1_408' title='bbox 601 4189 631 4236; x_wconf 84' lang='grc' dir='ltr'><strong>Λ.</strong></span> <span class='ocrx_word' id='word_1_409' title='bbox 651 4214 679 4224; x_wconf 97' lang='grc'><strong>-</strong></span> <span class='ocrx_word' id='word_1_410' title='bbox 698 4187 723 4237; x_wconf 85' lang='grc'><strong>9.</strong></span> <span class='ocrx_word' id='word_1_411' title='bbox 740 4187 849 4249; x_wconf 79' lang='lat' dir='ltr'><strong>quodam</strong></span> <span class='ocrx_word' id='word_1_412' title='bbox 865 4200 918 4237; x_wconf 91' lang='lat' dir='ltr'><strong>om.</strong></span> <span class='ocrx_word' id='word_1_413' title='bbox 931 4188 958 4238; x_wconf 91' lang='lat' dir='ltr'><strong>F.</strong></span> <span class='ocrx_word' id='word_1_414' title='bbox 974 4215 1002 4223; x_wconf 96' lang='lat'>-</span> <span class='ocrx_word' id='word_1_415' title='bbox 1021 4190 1061 4239; x_wconf 80' lang='lat' dir='ltr'><strong>to.</strong></span> <span class='ocrx_word' id='word_1_416' title='bbox 1079 4193 1146 4238; x_wconf 84' lang='lat' dir='ltr'><strong>auct.</strong></span> <span class='ocrx_word' id='word_1_417' title='bbox 1158 4201 1255 4251; x_wconf 78' lang='lat' dir='ltr'><strong>quoque</strong></span> <span class='ocrx_word' id='word_1_418' title='bbox 1270 4189 1296 4238; x_wconf 89' lang='lat' dir='ltr'><strong>in</strong></span> <span class='ocrx_word' id='word_1_419' title='bbox 1313 4187 1380 4239; x_wconf 86' lang='lat' dir='ltr'><strong>bettis</strong></span> <span class='ocrx_word' id='word_1_420' title='bbox 1390 4190 1457 4239; x_wconf 84' lang='lat' dir='ltr'><strong>adm.</strong></span> <span class='ocrx_word' id='word_1_421' title='bbox 1469 4189 1682 4241; x_wconf 78' lang='lat' dir='ltr'><strong>muitmnPEV:</strong></span> <span class='ocrx_word' id='word_1_422' title='bbox 1700 4194 1777 4241; x_wconf 74' lang='lat' dir='ltr'><strong>auct.</strong></span> 
     </span>
     <span class='ocr_line' id='line_1_39' title="bbox 445 4260 1780 4325; baseline 0.001 -12"><span class='ocrx_word' id='word_1_423' title='bbox 445 4262 551 4313; x_wconf 74' lang='lat' dir='ltr'><strong>mutinen</strong></span> <span class='ocrx_word' id='word_1_424' title='bbox 566 4274 662 4325; x_wconf 79' lang='lat' dir='ltr'><strong>guoque</strong></span> <span class='ocrx_word' id='word_1_425' title='bbox 676 4262 703 4311; x_wconf 88' lang='lat' dir='ltr'><strong>in</strong></span> <span class='ocrx_word' id='word_1_426' title='bbox 720 4261 742 4313; x_wconf 87' lang='lat' dir='ltr'><strong>b.</strong></span> <span class='ocrx_word' id='word_1_427' title='bbox 761 4262 828 4311; x_wconf 84' lang='lat' dir='ltr'><strong>adm.</strong></span> <span class='ocrx_word' id='word_1_428' title='bbox 847 4260 882 4323; x_wconf 58' lang='grc' dir='ltr'><strong>ως</strong></span> <span class='ocrx_word' id='word_1_429' title='bbox 901 4266 967 4311; x_wconf 82' lang='lat' dir='ltr'><strong>auct.</strong></span> <span class='ocrx_word' id='word_1_430' title='bbox 984 4261 1089 4312; x_wconf 78' lang='lat' dir='ltr'><strong>mottoin</strong></span> <span class='ocrx_word' id='word_1_431' title='bbox 1105 4263 1132 4312; x_wconf 89' lang='lat' dir='ltr'><strong>in</strong></span> <span class='ocrx_word' id='word_1_432' title='bbox 1148 4262 1172 4314; x_wconf 87' lang='lat' dir='ltr'><strong>b.</strong></span> <span class='ocrx_word' id='word_1_433' title='bbox 1189 4276 1214 4325; x_wconf 79' lang='lat' dir='ltr'><strong>g.</strong></span> <span class='ocrx_word' id='word_1_434' title='bbox 1232 4263 1435 4313; x_wconf 79' lang='lat' dir='ltr'><strong>adrninistrandis</strong></span> <span class='ocrx_word' id='word_1_435' title='bbox 1451 4262 1622 4316; x_wconf 61' lang='lat' dir='ltr'><strong>FBALQO.</strong></span> <span class='ocrx_word' id='word_1_436' title='bbox 1641 4290 1671 4302; x_wconf 89' lang='lat'><em>-</em></span> <span class='ocrx_word' id='word_1_437' title='bbox 1690 4265 1735 4316; x_wconf 90' lang='lat' dir='ltr'><strong>tt.</strong></span> <span class='ocrx_word' id='word_1_438' title='bbox 1748 4265 1780 4315; x_wconf 71' lang='lat' dir='ltr'><strong>in</strong></span> 
     </span>
     <span class='ocr_line' id='line_1_40' title="bbox 445 4335 1778 4402; baseline 0.002 -13"><span class='ocrx_word' id='word_1_439' title='bbox 445 4338 551 4402; x_wconf 85' lang='lat' dir='ltr'><strong>imperio</strong></span> <span class='ocrx_word' id='word_1_440' title='bbox 566 4336 687 4398; x_wconf 82' lang='lat' dir='ltr'>PEVO:</span> <span class='ocrx_word' id='word_1_441' title='bbox 706 4336 882 4399; x_wconf 72' lang='lat' dir='ltr'><strong>impericiam.</strong></span> <span class='ocrx_word' id='word_1_442' title='bbox 895 4336 929 4399; x_wconf 83' lang='lat' dir='ltr'><strong>in)</strong></span> <span class='ocrx_word' id='word_1_443' title='bbox 947 4335 1061 4392; x_wconf 67' lang='grc'><strong>44442.</strong></span> <span class='ocrx_word' id='word_1_444' title='bbox 1075 4363 1102 4372; x_wconf 88' lang='grc'><strong>-</strong></span> <span class='ocrx_word' id='word_1_445' title='bbox 1121 4350 1152 4388; x_wconf 89' lang='lat' dir='ltr'><strong>ea</strong></span> <span class='ocrx_word' id='word_1_446' title='bbox 1167 4350 1195 4387; x_wconf 88' lang='lat' dir='ltr'><strong>re</strong></span> <span class='ocrx_word' id='word_1_447' title='bbox 1212 4338 1364 4388; x_wconf 81' lang='lat' dir='ltr'>PEVAO:</span> <span class='ocrx_word' id='word_1_448' title='bbox 1383 4350 1414 4386; x_wconf 90' lang='lat' dir='ltr'><strong>ea</strong></span> <span class='ocrx_word' id='word_1_449' title='bbox 1429 4338 1456 4386; x_wconf 88' lang='lat' dir='ltr'><strong>in</strong></span> <span class='ocrx_word' id='word_1_450' title='bbox 1471 4335 1593 4391; x_wconf 75' lang='lat' dir='ltr'><strong>renna.</strong></span> <span class='ocrx_word' id='word_1_451' title='bbox 1609 4363 1637 4374; x_wconf 89' lang='lat'><em>-</em></span> <span class='ocrx_word' id='word_1_452' title='bbox 1650 4337 1778 4391; x_wconf 63' lang='lat' dir='ltr'><strong>ibide!</strong></span> 
     </span>
     <span class='ocr_line' id='line_1_41' title="bbox 446 4409 1776 4476; baseline 0.002 -13"><span class='ocrx_word' id='word_1_453' title='bbox 446 4411 494 4476; x_wconf 81' lang='lat' dir='ltr'><strong>tite]</strong></span> <span class='ocrx_word' id='word_1_454' title='bbox 512 4411 553 4461; x_wconf 85' lang='lat' dir='ltr'><strong>iiie</strong></span> <span class='ocrx_word' id='word_1_455' title='bbox 567 4411 633 4461; x_wconf 84' lang='lat' dir='ltr'><strong>idem</strong></span> <span class='ocrx_word' id='word_1_456' title='bbox 647 4411 699 4471; x_wconf 87' lang='lat' dir='ltr'><strong>ipse</strong></span> <span class='ocrx_word' id='word_1_457' title='bbox 715 4411 772 4462; x_wconf 75' lang='lat' dir='ltr'><strong>Fu.</strong></span> <span class='ocrx_word' id='word_1_458' title='bbox 790 4409 936 4474; x_wconf 80' lang='lat' dir='ltr'><strong>(plurimum</strong></span> <span class='ocrx_word' id='word_1_459' title='bbox 952 4411 1016 4462; x_wconf 79' lang='lat' dir='ltr'><strong>iden</strong></span> <span class='ocrx_word' id='word_1_460' title='bbox 1031 4413 1083 4474; x_wconf 85' lang='lat' dir='ltr'><strong>ipse</strong></span> <span class='ocrx_word' id='word_1_461' title='bbox 1100 4411 1162 4476; x_wconf 93' lang='lat' dir='ltr'><strong>[non</strong></span> <span class='ocrx_word' id='word_1_462' title='bbox 1178 4410 1227 4475; x_wconf 86' lang='lat' dir='ltr'><strong>itte]</strong></span> <span class='ocrx_word' id='word_1_463' title='bbox 1243 4409 1434 4475; x_wconf 65' lang='lat' dir='ltr'><strong>imperatorii.)</strong></span> <span class='ocrx_word' id='word_1_464' title='bbox 1449 4437 1477 4446; x_wconf 91' lang='lat'>-</span> <span class='ocrx_word' id='word_1_465' title='bbox 1496 4412 1536 4463; x_wconf 81' lang='grc'><strong>43.</strong></span> <span class='ocrx_word' id='word_1_466' title='bbox 1553 4412 1726 4464; x_wconf 66' lang='lat' dir='ltr'><strong>nannents</strong></span> <span class='ocrx_word' id='word_1_467' title='bbox 1742 4414 1776 4465; x_wconf 80' lang='lat' dir='ltr'><strong>B.</strong></span> 
     </span>
     <span class='ocr_line' id='line_1_42' title="bbox 450 4482 1779 4543; baseline 0.005 -7"><span class='ocrx_word' id='word_1_468' title='bbox 450 4512 478 4524; x_wconf 90' lang='lat'><strong>·-</strong></span> <span class='ocrx_word' id='word_1_469' title='bbox 495 4486 591 4539; x_wconf 78' lang='lat' dir='ltr'><strong>nostris,</strong></span> <span class='ocrx_word' id='word_1_470' title='bbox 604 4485 718 4537; x_wconf 86' lang='lat' dir='ltr'>PEVF:</span> <span class='ocrx_word' id='word_1_471' title='bbox 743 4486 829 4536; x_wconf 83' lang='lat' dir='ltr'><strong>nestris</strong></span> <span class='ocrx_word' id='word_1_472' title='bbox 850 4482 992 4539; x_wconf 71' lang='lat' dir='ltr'><strong>Bitbio.</strong></span> <span class='ocrx_word' id='word_1_473' title='bbox 1013 4513 1040 4522; x_wconf 95' lang='lat'>-</span> <span class='ocrx_word' id='word_1_474' title='bbox 1067 4484 1108 4536; x_wconf 88' lang='grc'><strong>44.</strong></span> <span class='ocrx_word' id='word_1_475' title='bbox 1125 4490 1154 4535; x_wconf 83' lang='lat' dir='ltr'><strong>ot</strong></span> <span class='ocrx_word' id='word_1_476' title='bbox 1177 4493 1222 4538; x_wconf 82' lang='lat' dir='ltr'><strong>aot</strong></span> <span class='ocrx_word' id='word_1_477' title='bbox 1236 4493 1348 4538; x_wconf 77' lang='lat' dir='ltr'><strong>mutuant</strong></span> <span class='ocrx_word' id='word_1_478' title='bbox 1364 4492 1409 4537; x_wconf 89' lang='lat' dir='ltr'><strong>aut</strong></span> <span class='ocrx_word' id='word_1_479' title='bbox 1425 4487 1521 4538; x_wconf 84' lang='lat' dir='ltr'><strong>oderint</strong></span> <span class='ocrx_word' id='word_1_480' title='bbox 1537 4493 1646 4539; x_wconf 70' lang='lat' dir='ltr'><strong>unuani</strong></span> <span class='ocrx_word' id='word_1_481' title='bbox 1662 4494 1709 4540; x_wconf 78' lang='lat' dir='ltr'><strong>ast</strong></span> <span class='ocrx_word' id='word_1_482' title='bbox 1726 4503 1779 4543; x_wconf 76' lang='grc' dir='ltr'><strong>σοι</strong></span> 
     </span>
     <span class='ocr_line' id='line_1_43' title="bbox 448 4561 1775 4626; baseline 0.003 -16"><span class='ocrx_word' id='word_1_483' title='bbox 448 4565 493 4610; x_wconf 81' lang='lat' dir='ltr'><strong>aut</strong></span> <span class='ocrx_word' id='word_1_484' title='bbox 507 4562 671 4611; x_wconf 89' lang='lat' dir='ltr'><strong>amentP.-</strong></span> <span class='ocrx_word' id='word_1_485' title='bbox 690 4562 730 4612; x_wconf 87' lang='grc'><strong>46.</strong></span> <span class='ocrx_word' id='word_1_486' title='bbox 747 4562 858 4625; x_wconf 79' lang='lat' dir='ltr'><strong>etfama</strong></span> <span class='ocrx_word' id='word_1_487' title='bbox 873 4563 934 4612; x_wconf 86' lang='lat' dir='ltr'><strong>Po:</strong></span> <span class='ocrx_word' id='word_1_488' title='bbox 953 4561 1111 4624; x_wconf 52' lang='lat' dir='ltr'><strong>aestima&amp;</strong></span> <span class='ocrx_word' id='word_1_489' title='bbox 1127 4562 1336 4626; x_wconf 69' lang='lat' dir='ltr'><strong>[atnaettitbss.</strong></span> <span class='ocrx_word' id='word_1_490' title='bbox 1352 4589 1378 4598; x_wconf 91' lang='lat'><em>-</em></span> <span class='ocrx_word' id='word_1_491' title='bbox 1391 4563 1775 4624; x_wconf 82' lang='lat' dir='ltr'><strong>atiquarationecertaPEV:</strong></span> 
     </span>
     <span class='ocr_line' id='line_1_44' title="bbox 448 4635 1777 4701; baseline 0.003 -15"><span class='ocrx_word' id='word_1_492' title='bbox 448 4635 536 4699; x_wconf 76' lang='lat' dir='ltr'><strong>aitqua</strong></span> <span class='ocrx_word' id='word_1_493' title='bbox 550 4635 604 4686; x_wconf 87' lang='lat' dir='ltr'><strong>atio</strong></span> <span class='ocrx_word' id='word_1_494' title='bbox 618 4637 716 4687; x_wconf 85' lang='lat' dir='ltr'><strong>ratione</strong></span> <span class='ocrx_word' id='word_1_495' title='bbox 732 4638 793 4695; x_wconf 78' lang='lat' dir='ltr'><strong>FB3</strong></span> <span class='ocrx_word' id='word_1_496' title='bbox 812 4637 898 4699; x_wconf 69' lang='grc' dir='ltr'><strong><em>αῑὶφια</em></strong></span> <span class='ocrx_word' id='word_1_497' title='bbox 914 4641 983 4686; x_wconf 87' lang='lat' dir='ltr'><strong>certa</strong></span> <span class='ocrx_word' id='word_1_498' title='bbox 997 4638 1095 4688; x_wconf 87' lang='lat' dir='ltr'><strong>ratione</strong></span> <span class='ocrx_word' id='word_1_499' title='bbox 1110 4636 1226 4690; x_wconf 77' lang='lat' dir='ltr'><strong>nuto.</strong></span> <span class='ocrx_word' id='word_1_500' title='bbox 1248 4665 1275 4673; x_wconf 92' lang='lat'>—</span> <span class='ocrx_word' id='word_1_501' title='bbox 1293 4637 1334 4688; x_wconf 87' lang='grc'><strong>48.</strong></span> <span class='ocrx_word' id='word_1_502' title='bbox 1351 4637 1457 4701; x_wconf 84' lang='lat' dir='ltr'><strong>bomine]</strong></span> <span class='ocrx_word' id='word_1_503' title='bbox 1474 4638 1503 4687; x_wconf 91' lang='lat' dir='ltr'><strong>ln</strong></span> <span class='ocrx_word' id='word_1_504' title='bbox 1519 4637 1570 4688; x_wconf 84' lang='lat' dir='ltr'><strong>hac</strong></span> <span class='ocrx_word' id='word_1_505' title='bbox 1586 4651 1654 4689; x_wconf 74' lang='lat' dir='ltr'><strong>voce</strong></span> <span class='ocrx_word' id='word_1_506' title='bbox 1672 4636 1777 4690; x_wconf 88' lang='lat' dir='ltr'><strong>desinit</strong></span> 
     </span>
     <span class='ocr_line' id='line_1_45' title="bbox 449 4710 1776 4776; baseline 0.001 -14"><span class='ocrx_word' id='word_1_507' title='bbox 449 4710 625 4774; x_wconf 81' lang='lat' dir='ltr'><strong>fragmentum</strong></span> <span class='ocrx_word' id='word_1_508' title='bbox 637 4712 806 4762; x_wconf 83' lang='lat' dir='ltr'><strong>Taurinense.</strong></span> <span class='ocrx_word' id='word_1_509' title='bbox 821 4738 848 4748; x_wconf 92' lang='lat'><strong>·-</strong></span> <span class='ocrx_word' id='word_1_510' title='bbox 867 4712 901 4774; x_wconf 85' lang='lat' dir='ltr'><strong>id]</strong></span> <span class='ocrx_word' id='word_1_511' title='bbox 919 4712 983 4761; x_wconf 85' lang='lat' dir='ltr'><strong>idem</strong></span> <span class='ocrx_word' id='word_1_512' title='bbox 999 4713 1026 4762; x_wconf 91' lang='lat' dir='ltr'><strong>F.</strong></span> <span class='ocrx_word' id='word_1_513' title='bbox 1041 4739 1068 4748; x_wconf 93' lang='lat'>-</span> <span class='ocrx_word' id='word_1_514' title='bbox 1086 4711 1148 4776; x_wconf 69' lang='lat' dir='ltr'><strong>facit</strong></span> <span class='ocrx_word' id='word_1_515' title='bbox 1164 4713 1199 4762; x_wconf 83' lang='lat' dir='ltr'><strong>ad</strong></span> <span class='ocrx_word' id='word_1_516' title='bbox 1214 4714 1389 4763; x_wconf 76' lang='lat' dir='ltr'><strong>amtoritatem</strong></span> <span class='ocrx_word' id='word_1_517' title='bbox 1400 4712 1541 4763; x_wconf 83' lang='lat' dir='ltr'><strong>Weiskius.</strong></span> <span class='ocrx_word' id='word_1_518' title='bbox 1555 4738 1583 4749; x_wconf 92' lang='lat'><em>-</em></span> <span class='ocrx_word' id='word_1_519' title='bbox 1602 4711 1642 4762; x_wconf 85' lang='grc'><strong>49.</strong></span> <span class='ocrx_word' id='word_1_520' title='bbox 1661 4725 1776 4776; x_wconf 66' lang='lat' dir='ltr'><strong>arguam</strong></span> 
     </span>
     <span class='ocr_line' id='line_1_46' title="bbox 448 4783 1774 4851; baseline 0.002 -16"><span class='ocrx_word' id='word_1_521' title='bbox 448 4784 625 4836; x_wconf 79' lang='lat' dir='ltr'><strong>uttamFA.—</strong></span> <span class='ocrx_word' id='word_1_522' title='bbox 643 4785 772 4850; x_wconf 82' lang='lat' dir='ltr'><strong>desertam]</strong></span> <span class='ocrx_word' id='word_1_523' title='bbox 784 4785 909 4835; x_wconf 81' lang='lat' dir='ltr'><strong>diuersam</strong></span> <span class='ocrx_word' id='word_1_524' title='bbox 919 4783 951 4848; x_wconf 69' lang='grc'><strong>43.</strong></span> <span class='ocrx_word' id='word_1_525' title='bbox 965 4813 992 4822; x_wconf 92' lang='lat'><em>-</em></span> <span class='ocrx_word' id='word_1_526' title='bbox 1004 4787 1045 4837; x_wconf 74' lang='lat'><strong>20.</strong></span> <span class='ocrx_word' id='word_1_527' title='bbox 1059 4787 1136 4850; x_wconf 72' lang='lat' dir='ltr'><strong>dieis.</strong></span> <span class='ocrx_word' id='word_1_528' title='bbox 1145 4787 1184 4851; x_wconf 88' lang='lat' dir='ltr'><strong>p.]</strong></span> <span class='ocrx_word' id='word_1_529' title='bbox 1202 4788 1271 4836; x_wconf 80' lang='lat' dir='ltr'><strong>ducit</strong></span> <span class='ocrx_word' id='word_1_530' title='bbox 1286 4800 1375 4838; x_wconf 83' lang='lat' dir='ltr'><strong>nornen</strong></span> <span class='ocrx_word' id='word_1_531' title='bbox 1388 4787 1541 4850; x_wconf 82' lang='lat' dir='ltr'><strong>persuaserit</strong></span> <span class='ocrx_word' id='word_1_532' title='bbox 1557 4787 1620 4837; x_wconf 85' lang='lat' dir='ltr'><strong>F.-</strong></span> <span class='ocrx_word' id='word_1_533' title='bbox 1637 4786 1681 4837; x_wconf 79' lang='lat' dir='ltr'><strong>at.</strong></span> <span class='ocrx_word' id='word_1_534' title='bbox 1698 4801 1774 4838; x_wconf 63' lang='lat' dir='ltr'><strong>eom</strong></span> 
     </span>
     <span class='ocr_line' id='line_1_47' title="bbox 445 4858 1771 4925; baseline 0.001 -13"><span class='ocrx_word' id='word_1_535' title='bbox 445 4861 566 4924; x_wconf 77' lang='lat' dir='ltr'><strong>pictisque</strong></span> <span class='ocrx_word' id='word_1_536' title='bbox 582 4859 761 4923; x_wconf 69' lang='lat' dir='ltr'><strong>avaron:</strong></span> <span class='ocrx_word' id='word_1_537' title='bbox 780 4860 925 4923; x_wconf 76' lang='lat' dir='ltr'><strong>repletisque</strong></span> <span class='ocrx_word' id='word_1_538' title='bbox 940 4858 1025 4914; x_wconf 78' lang='lat' dir='ltr'><strong>itta.</strong></span> <span class='ocrx_word' id='word_1_539' title='bbox 1046 4887 1072 4895; x_wconf 95' lang='lat'>-</span> <span class='ocrx_word' id='word_1_540' title='bbox 1091 4862 1132 4911; x_wconf 78' lang='lat' dir='ltr'><strong>nt.</strong></span> <span class='ocrx_word' id='word_1_541' title='bbox 1151 4875 1183 4912; x_wconf 85' lang='lat' dir='ltr'><strong>ec</strong></span> <span class='ocrx_word' id='word_1_542' title='bbox 1200 4874 1252 4912; x_wconf 91' lang='lat' dir='ltr'><strong>om.</strong></span> <span class='ocrx_word' id='word_1_543' title='bbox 1267 4859 1299 4923; x_wconf 62' lang='lat' dir='ltr'><strong>tb.</strong></span> <span class='ocrx_word' id='word_1_544' title='bbox 1314 4890 1340 4898; x_wconf 95' lang='lat'>-</span> <span class='ocrx_word' id='word_1_545' title='bbox 1359 4863 1399 4913; x_wconf 75' lang='lat'><strong>23.</strong></span> <span class='ocrx_word' id='word_1_546' title='bbox 1419 4862 1525 4925; x_wconf 68' lang='lat' dir='ltr'><strong>deponit</strong></span> <span class='ocrx_word' id='word_1_547' title='bbox 1541 4862 1567 4911; x_wconf 82' lang='lat' dir='ltr'><strong>F.</strong></span> <span class='ocrx_word' id='word_1_548' title='bbox 1587 4886 1615 4894; x_wconf 83' lang='lat'><em>-</em></span> <span class='ocrx_word' id='word_1_549' title='bbox 1632 4874 1679 4912; x_wconf 82' lang='lat' dir='ltr'><strong>ner</strong></span> <span class='ocrx_word' id='word_1_550' title='bbox 1695 4862 1726 4913; x_wconf 84' lang='lat' dir='ltr'><strong>F.</strong></span> <span class='ocrx_word' id='word_1_551' title='bbox 1742 4888 1771 4899; x_wconf 92' lang='lat'><em>-</em></span> 
     </span>
     <span class='ocr_line' id='line_1_48' title="bbox 449 4934 1772 5002; baseline 0.002 -16"><span class='ocrx_word' id='word_1_552' title='bbox 449 4934 491 4987; x_wconf 79' lang='lat' dir='ltr'><strong>nt.</strong></span> <span class='ocrx_word' id='word_1_553' title='bbox 502 4936 641 4986; x_wconf 81' lang='lat' dir='ltr'><strong>auctoritas</strong></span> <span class='ocrx_word' id='word_1_554' title='bbox 657 4934 717 4986; x_wconf 90' lang='lat' dir='ltr'><strong>cod.</strong></span> <span class='ocrx_word' id='word_1_555' title='bbox 729 4935 894 4985; x_wconf 83' lang='lat' dir='ltr'><strong>Victorianus</strong></span> <span class='ocrx_word' id='word_1_556' title='bbox 907 4948 949 4999; x_wconf 86' lang='lat' dir='ltr'><strong>ap.</strong></span> <span class='ocrx_word' id='word_1_557' title='bbox 963 4935 1131 4997; x_wconf 85' lang='lat' dir='ltr'><strong>Beneekium,</strong></span> <span class='ocrx_word' id='word_1_558' title='bbox 1146 4934 1227 4986; x_wconf 87' lang='lat' dir='ltr'><strong>Nicol.</strong></span> <span class='ocrx_word' id='word_1_559' title='bbox 1243 4935 1366 4999; x_wconf 80' lang='lat' dir='ltr'><strong>Angelius</strong></span> <span class='ocrx_word' id='word_1_560' title='bbox 1382 4936 1449 4998; x_wconf 80' lang='lat' dir='ltr'><strong>(tort.</strong></span> <span class='ocrx_word' id='word_1_561' title='bbox 1469 4949 1501 4986; x_wconf 87' lang='lat' dir='ltr'><strong>ex</strong></span> <span class='ocrx_word' id='word_1_562' title='bbox 1518 4935 1610 4986; x_wconf 85' lang='lat' dir='ltr'><strong>codice</strong></span> <span class='ocrx_word' id='word_1_563' title='bbox 1621 4935 1772 5002; x_wconf 82' lang='lat' dir='ltr'><strong>Colotiano)</strong></span> 
     </span>
     <span class='ocr_line' id='line_1_49' title="bbox 449 5007 1774 5076; baseline 0.002 -16"><span class='ocrx_word' id='word_1_564' title='bbox 449 5010 478 5060; x_wconf 92' lang='lat' dir='ltr'><strong>tn</strong></span> <span class='ocrx_word' id='word_1_565' title='bbox 494 5010 537 5061; x_wconf 89' lang='lat' dir='ltr'><strong>ed.</strong></span> <span class='ocrx_word' id='word_1_566' title='bbox 555 5011 669 5062; x_wconf 88' lang='lat' dir='ltr'><strong>Iuntina:</strong></span> <span class='ocrx_word' id='word_1_567' title='bbox 693 5009 766 5059; x_wconf 82' lang='lat' dir='ltr'><strong>buius</strong></span> <span class='ocrx_word' id='word_1_568' title='bbox 782 5009 921 5059; x_wconf 81' lang='lat' dir='ltr'><strong>auctoritas</strong></span> <span class='ocrx_word' id='word_1_569' title='bbox 937 5009 1054 5070; x_wconf 55' lang='lat' dir='ltr'><strong>ML&amp;</strong></span> <span class='ocrx_word' id='word_1_570' title='bbox 1079 5009 1167 5076; x_wconf 75' lang='lat' dir='ltr'><strong>[batto]</strong></span> <span class='ocrx_word' id='word_1_571' title='bbox 1184 5013 1321 5062; x_wconf 71' lang='lat' dir='ltr'><strong>amantes</strong></span> <span class='ocrx_word' id='word_1_572' title='bbox 1336 5012 1365 5062; x_wconf 91' lang='lat'><strong>0.</strong></span> <span class='ocrx_word' id='word_1_573' title='bbox 1385 5038 1411 5047; x_wconf 85' lang='lat'>—</span> <span class='ocrx_word' id='word_1_574' title='bbox 1431 5014 1471 5062; x_wconf 69' lang='lat'><strong>25.</strong></span> <span class='ocrx_word' id='word_1_575' title='bbox 1490 5011 1534 5062; x_wconf 84' lang='lat' dir='ltr'><strong>Cn.</strong></span> <span class='ocrx_word' id='word_1_576' title='bbox 1552 5023 1605 5061; x_wconf 89' lang='lat' dir='ltr'><strong>om.</strong></span> <span class='ocrx_word' id='word_1_577' title='bbox 1624 5007 1657 5074; x_wconf 79' lang='lat' dir='ltr'><strong>p.</strong></span> <span class='ocrx_word' id='word_1_578' title='bbox 1678 5038 1706 5049; x_wconf 88' lang='lat'><em>-</em></span> <span class='ocrx_word' id='word_1_579' title='bbox 1726 5013 1774 5076; x_wconf 76' lang='lat' dir='ltr'><strong>gui</strong></span> 
     </span>
     <span class='ocr_line' id='line_1_50' title="bbox 450 5081 1770 5149; baseline 0.005 -15"><span class='ocrx_word' id='word_1_580' title='bbox 450 5097 479 5134; x_wconf 91' lang='lat' dir='ltr'><strong>eo</strong></span> <span class='ocrx_word' id='word_1_581' title='bbox 495 5098 543 5148; x_wconf 80' lang='lat' dir='ltr'><strong>poe</strong></span> <span class='ocrx_word' id='word_1_582' title='bbox 560 5086 599 5136; x_wconf 82' lang='lat' dir='ltr'><strong>dte</strong></span> <span class='ocrx_word' id='word_1_583' title='bbox 615 5085 650 5147; x_wconf 88' lang='lat' dir='ltr'><strong>(in</strong></span> <span class='ocrx_word' id='word_1_584' title='bbox 666 5096 749 5148; x_wconf 82' lang='lat' dir='ltr'><strong>marg.</strong></span> <span class='ocrx_word' id='word_1_585' title='bbox 769 5081 815 5134; x_wconf 78' lang='lat' dir='ltr'><strong>«nl.</strong></span> <span class='ocrx_word' id='word_1_586' title='bbox 830 5084 890 5145; x_wconf 77' lang='lat' dir='ltr'><strong>quid</strong></span> <span class='ocrx_word' id='word_1_587' title='bbox 905 5082 960 5134; x_wconf 88' lang='lat' dir='ltr'><strong>scil.</strong></span> <span class='ocrx_word' id='word_1_588' title='bbox 977 5086 1095 5147; x_wconf 71' lang='lat' dir='ltr'><strong>putatis-i</strong></span> <span class='ocrx_word' id='word_1_589' title='bbox 1113 5086 1140 5136; x_wconf 85' lang='lat' dir='ltr'><strong>F.</strong></span> <span class='ocrx_word' id='word_1_590' title='bbox 1155 5112 1181 5120; x_wconf 96' lang='lat'>-</span> <span class='ocrx_word' id='word_1_591' title='bbox 1201 5086 1242 5136; x_wconf 77' lang='lat'><strong>26.</strong></span> <span class='ocrx_word' id='word_1_592' title='bbox 1260 5087 1390 5149; x_wconf 79' lang='lat' dir='ltr'><strong>repentina</strong></span> <span class='ocrx_word' id='word_1_593' title='bbox 1406 5087 1445 5138; x_wconf 89' lang='lat' dir='ltr'><strong>Ch</strong></span> <span class='ocrx_word' id='word_1_594' title='bbox 1462 5090 1529 5138; x_wconf 87' lang='lat' dir='ltr'><strong>teste</strong></span> <span class='ocrx_word' id='word_1_595' title='bbox 1541 5083 1693 5146; x_wconf 85' lang='lat' dir='ltr'><strong>Gulielmio;</strong></span> <span class='ocrx_word' id='word_1_596' title='bbox 1713 5101 1770 5140; x_wconf 82' lang='lat' dir='ltr'><strong>om</strong></span> 
     </span>
     <span class='ocr_line' id='line_1_51' title="bbox 450 5157 1774 5225; baseline 0.008 -18"><span class='ocrx_word' id='word_1_597' title='bbox 450 5158 482 5209; x_wconf 90' lang='lat' dir='ltr'><strong>V.</strong></span> <span class='ocrx_word' id='word_1_598' title='bbox 497 5186 524 5196; x_wconf 94' lang='lat'><em>-</em></span> <span class='ocrx_word' id='word_1_599' title='bbox 542 5160 584 5211; x_wconf 75' lang='lat'><strong>27.</strong></span> <span class='ocrx_word' id='word_1_600' title='bbox 602 5172 717 5211; x_wconf 87' lang='lat' dir='ltr'><strong>annonae</strong></span> <span class='ocrx_word' id='word_1_601' title='bbox 732 5159 818 5210; x_wconf 90' lang='lat' dir='ltr'><strong>om.C</strong></span> <span class='ocrx_word' id='word_1_602' title='bbox 837 5160 904 5209; x_wconf 86' lang='lat' dir='ltr'><strong>testa</strong></span> <span class='ocrx_word' id='word_1_603' title='bbox 922 5157 1016 5211; x_wconf 84' lang='lat' dir='ltr'><strong>Medio.</strong></span> <span class='ocrx_word' id='word_1_604' title='bbox 1028 5187 1056 5196; x_wconf 93' lang='lat'><em>-</em></span> <span class='ocrx_word' id='word_1_605' title='bbox 1074 5161 1115 5211; x_wconf 80' lang='lat'><strong>28.</strong></span> <span class='ocrx_word' id='word_1_606' title='bbox 1133 5161 1237 5210; x_wconf 84' lang='lat' dir='ltr'><strong>bominis</strong></span> <span class='ocrx_word' id='word_1_607' title='bbox 1252 5159 1474 5225; x_wconf 66' lang='lat' dir='ltr'><strong>wchnvtto:</strong></span> <span class='ocrx_word' id='word_1_608' title='bbox 1493 5175 1546 5214; x_wconf 90' lang='lat' dir='ltr'><strong>om.</strong></span> <span class='ocrx_word' id='word_1_609' title='bbox 1559 5160 1674 5217; x_wconf 65' lang='lat' dir='ltr'>RALE.</span> <span class='ocrx_word' id='word_1_610' title='bbox 1690 5188 1722 5204; x_wconf 89' lang='lat'><em>-</em></span> <span class='ocrx_word' id='word_1_611' title='bbox 1740 5176 1774 5219; x_wconf 77' lang='lat' dir='ltr'><strong>at</strong></span> 
     </span>
     <span class='ocr_line' id='line_1_52' title="bbox 453 5231 1408 5300; baseline 0.003 -17"><span class='ocrx_word' id='word_1_612' title='bbox 453 5231 567 5298; x_wconf 74' lang='lat' dir='ltr'><strong>Citeste</strong></span> <span class='ocrx_word' id='word_1_613' title='bbox 583 5233 677 5299; x_wconf 81' lang='lat' dir='ltr'><strong>tiodio)</strong></span> <span class='ocrx_word' id='word_1_614' title='bbox 694 5234 758 5289; x_wconf 82' lang='lat' dir='ltr'><strong>EV:</strong></span> <span class='ocrx_word' id='word_1_615' title='bbox 776 5239 800 5288; x_wconf 88' lang='lat' dir='ltr'><strong>et</strong></span> <span class='ocrx_word' id='word_1_616' title='bbox 814 5232 997 5289; x_wconf 74' lang='lat' dir='ltr'><strong>nscso.-</strong></span> <span class='ocrx_word' id='word_1_617' title='bbox 1014 5235 1041 5286; x_wconf 86' lang='lat' dir='ltr'><strong>in</strong></span> <span class='ocrx_word' id='word_1_618' title='bbox 1057 5236 1092 5287; x_wconf 84' lang='lat' dir='ltr'><strong>C:</strong></span> <span class='ocrx_word' id='word_1_619' title='bbox 1110 5248 1144 5288; x_wconf 79' lang='lat' dir='ltr'><strong>ec</strong></span> <span class='ocrx_word' id='word_1_620' title='bbox 1161 5233 1212 5300; x_wconf 81' lang='lat' dir='ltr'><strong>[vel</strong></span> <span class='ocrx_word' id='word_1_621' title='bbox 1228 5234 1248 5300; x_wconf 82' lang='lat' dir='ltr'><strong>e)</strong></span> <span class='ocrx_word' id='word_1_622' title='bbox 1266 5232 1408 5288; x_wconf 68' lang='grc'><strong>444440.</strong></span> 
     </span>
    </p>
   </div>
   <div class='ocr_carea' id='block_1_4' title="bbox 0 0 2188 6103">
    <p class='ocr_par' dir='ltr' id='par_1_9' title="bbox 0 0 2188 6103">
     <span class='ocr_line' id='line_1_53' title="bbox 0 0 2188 6103; baseline 0 0"><span class='ocrx_word' id='word_1_623' title='bbox 0 0 2188 6103; x_wconf 95' lang='lat' dir='ltr'><strong> </strong></span> 
     </span>
    </p>
   </div>
  </div>
 </body>
</html>
