4367 6109
686 598 755 662 un.
776 597 828 660 rv.
863 596 937 660 cn.
958 595 1161 659 niv-rvr.
1190 591 1247 679 ss.
1269 586 1461 658 iao-tas.
1670 585 1733 654 sev

411 768 598 850 effugerant,
618 767 721 830 nudos
743 786 779 830 ac
803 764 992 829 deformatos
1013 764 1154 849 reliquit.
1198 758 1269 827 its.
1291 762 1332 826 Et
1349 760 1534 834 Marcellus,
1557 759 1613 844 qui
1635 759 1662 822 si
1677 759 1735 842 Sy-

411 882 537 926 racusas
559 862 708 946 cepisset,
730 860 792 923 duo
813 858 932 942 templa
953 880 987 923 se
1008 861 1124 922 Romae
1140 858 1356 921 dedicaturum
1371 862 1515 930 voverat,
1537 855 1564 917 is
1579 852 1627 927 id,
1650 851 1735 936 quod

413 963 480 1019 erat
500 954 735 1029 aedificaturus,
767 955 806 1017 iis
829 954 923 1017 rebus
945 961 1073 1027 ornare,
1106 972 1185 1036 quas
1207 959 1349 1036 ceperat,
1379 949 1495 1013 noluit:
1520 949 1650 1022 Verres,
1679 945 1735 1031 qui

412 1069 479 1113 non
499 1048 621 1112 Honori
642 1069 747 1132 neque
762 1049 892 1122 Virtuti,
915 1068 1009 1131 quem
1031 1047 1070 1109 ad
1093 1047 1220 1110 modum
1242 1046 1312 1120 ille,
1335 1044 1392 1108 sed
1407 1043 1524 1108 Veneri
1539 1053 1570 1106 et
1588 1041 1736 1127 Cupidini

411 1149 487 1208 vota
509 1141 655 1217 deberet,
677 1142 705 1205 is
726 1141 887 1205 Minervae
909 1140 1061 1225 templum
1083 1140 1220 1224 spoliare
1243 1146 1373 1202 conatus
1395 1146 1453 1202 est
1483 1137 1540 1201 llle
1562 1138 1639 1201 deos
1661 1136 1760 1199 deo-o

412 1259 481 1302 rum
503 1236 615 1320 spoliis
638 1255 750 1298 ornare
771 1236 889 1299 noluit:
918 1235 971 1298 hic
999 1241 1182 1298 ornamenta
1206 1234 1367 1297 blinervae
1390 1232 1519 1314 virginis
1539 1233 1573 1295 in
1595 1229 1738 1295 meretri·

413 1333 494 1395 ciam
517 1332 646 1393 domum
668 1329 834 1393 transtulit.
865 1330 984 1413 Viginti
1007 1336 1040 1393 et
1060 1336 1180 1410 septem
1201 1334 1363 1410 praeterea
1384 1325 1504 1389 tabulas
1526 1325 1737 1408 pulcherrime

412 1425 513 1510 pictas
536 1444 577 1487 ex
599 1426 709 1489 eadem
731 1425 810 1489 aede
833 1424 977 1499 sustulit,
998 1425 1032 1487 in
1058 1423 1172 1507 quibus
1194 1429 1285 1485 erant
1304 1421 1457 1504 imagines
1480 1421 1607 1485 Siciliae
1628 1440 1738 1503 regum

412 1538 450 1582 ac
471 1527 693 1602 tyrannorum,
715 1539 797 1601 quae
819 1539 884 1582 uon
899 1519 1174 1602 solumpictorum
1188 1516 1320 1580 artificio
1335 1515 1550 1588 delectabant,
1572 1513 1738 1577 sedetiam

417 1613 714 1675 commemoratione
735 1613 900 1676 homiuum
926 1620 958 1676 et
979 1613 1159 1696 cognitione
1181 1612 1362 1675 formarum.
1404 1609 1593 1684 deridete,
1619 1615 1738 1693 quanto
1748 1620 1776 1667 io

413 1707 544 1770 taetrior
557 1706 609 1769 hic
625 1714 776 1790 tyrannus
792 1707 998 1791 Syracusanis
1012 1705 1123 1782 luerit,
1141 1726 1236 1790 quam
1252 1704 1419 1790 quisquam
1434 1702 1644 1786 superiorum,
1666 1721 1739 1764 cum

413 1801 462 1866 illi
485 1809 590 1865 umen
611 1801 754 1878 ornarint
775 1802 893 1882 templa
914 1800 1045 1865 deonrm
1067 1800 1307 1874 immortalium,
1336 1799 1388 1861 hic
1410 1798 1503 1862 etiam
1525 1796 1650 1861 illorum
1672 1814 1740 1858 mo·

414 1902 565 1960 numenta
593 1901 687 1978 atque
717 1902 899 1959 ornamenta
926 1895 1098 1958 sustulerit
1142 1895 1220 1958 LVI.
1243 1889 1315 1957 tii.
1337 1894 1402 1955 lam
1423 1912 1498 1955 vero
1520 1889 1596 1975 quid
1619 1909 1677 1972 ego
1699 1887 1739 1951 de

415 1989 514 2053 valvis
544 1989 629 2052 illius
651 1989 760 2072 templi
783 1994 1048 2054 commemorem?
1082 1990 1204 2053 Vereor
1231 2010 1288 2064 ne,
1314 1987 1394 2051 haec
1422 1988 1477 2071 qui
1506 2005 1571 2048 non
1592 1983 1739 2058 viderint,

415 2083 521 2148 omnia
542 2103 593 2147 me
615 2084 710 2146 nimis
732 2104 848 2167 augere
870 2093 965 2168 atque
988 2104 1100 2148 ornare
1121 2084 1329 2159 arbitrentur3
1352 2083 1436 2166 quod
1459 2089 1564 2145 tamen
1579 2097 1672 2142 nemo
1687 2086 1779 2141 sudi

416 2177 531 2262 spicari
554 2176 662 2252 debet,
686 2185 750 2242 um
772 2199 842 2242 esse
863 2199 915 2242 me
937 2178 1104 2262 cupidum,
1126 2186 1162 2241 ut
1175 2185 1223 2241 tot
1235 2179 1318 2242 viros
1337 2174 1503 2262 primarios
1516 2174 1629 2249 velim,
1650 2192 1741 2258 prae-

416 2271 525 2335 sertim
547 2291 589 2333 ex
615 2271 753 2336 iudicum
785 2293 931 2349 numero,
961 2274 1016 2357 qui
1047 2272 1212 2356 Syracusis
1238 2272 1373 2346 luerint,
1402 2269 1456 2354 qui
1484 2268 1563 2333 baec
1591 2268 1740 2343 viderint,

418 2383 488 2428 esse
510 2365 677 2428 temeritati
699 2375 731 2430 et
752 2367 1008 2453 mendaciomeo
1031 2367 1187 2430 conscios.
1231 2363 1423 2430 Confirmare
1444 2365 1507 2428 hoc
1527 2364 1664 2448 liquido,
1693 2363 1742 2426 iu·

417 2458 522 2531 dices,
543 2476 691 2540 possum,
714 2459 820 2525 valvas
842 2460 1127 2544 magnificentiores
1149 2481 1191 2525 ex
1211 2480 1289 2523 auro
1311 2469 1407 2544 atque
1421 2458 1517 2523 ebore
1537 2457 1742 2543 perfectiores

416 2553 519 2616 nullas
542 2572 693 2637 umquam
715 2554 782 2618 ullo
806 2556 839 2619 in
861 2555 980 2637 templo
1001 2553 1111 2618 fuisse.
1144 2554 1332 2618 Incredibile
1355 2555 1441 2618 dictu
1456 2560 1520 2629 est,
1542 2573 1637 2638 quam
1651 2548 1780 2614 multiav

385 2655 394 2672 ·
417 2645 529 2709 Graeci
551 2646 591 2709 de
613 2647 723 2711 harum
745 2649 907 2713 valvarum
937 2648 1171 2732 pulchritudine
1193 2651 1344 2733 scriptum
1364 2648 1560 2733 reliquerint
1603 2645 1743 2709 Nimium

418 2740 552 2804 forsitan
573 2742 652 2804 haec
674 2742 720 2804 illi
743 2743 895 2807 mirentur
914 2753 1011 2828 atque
1034 2745 1175 2807 efferant.
1210 2745 1301 2819 listo;
1323 2765 1430 2807 verum
1451 2751 1557 2807 tamen
1577 2740 1743 2807 honestius

417 2836 534 2898 estrei
555 2835 701 2919 publicae
723 2845 866 2913 nostrae,
898 2838 1034 2913 iudices,
1058 2857 1111 2913 ea,
1134 2858 1216 2921 quae
1237 2838 1300 2901 illis
1322 2838 1455 2921 pulchra
1476 2857 1545 2901 esse
1567 2836 1743 2907 videantur,

417 2929 638 3014 imperatorem
660 2937 803 2995 nostrum
824 2933 857 2995 in
879 2933 963 2995 bello
986 2932 1153 3015 reliquisse
1169 2952 1263 3015 3444444
1286 2940 1463 3016 praetorem
1485 2933 1518 2995 in
1540 2950 1618 3018 pace
1638 2929 1744 2993 abstu-

419 3023 503 3091 lisse.
546 3025 596 3086 Ex
626 3024 720 3088 ebore
748 3025 989 3108 diligentissime
1017 3026 1157 3110 perlecta
1182 3034 1366 3111 argumenta
1394 3033 1484 3090 erant
1508 3023 1678 3089 involvis:
1706 3033 1781 3088 east

418 3115 613 3183 detrahenda
640 3120 762 3183 curavit
788 3119 903 3184 omnia.
947 3120 1104 3204 Gorgonis
1127 3140 1163 3185 os
1184 3120 1448 3205 pulcherrimum,
1474 3120 1611 3184 cinctum
1632 3118 1744 3204 angui·

484 3354 509 3405 4.
527 3349 776 3404 cunibert:
803 3352 830 3402 id
846 3353 878 3402 Gt
899 3354 927 3403 et
943 3351 1007 3403 dett.
1027 3380 1054 3390 -
1083 3353 1107 3405 3.
1126 3354 1206 3404 itali:
1232 3353 1270 3404 bis
1286 3354 1315 3405 0.
1335 3379 1362 3390 -
1382 3352 1406 3405 i.
1425 3351 1744 3417 mammasti:

417 3429 500 3494 ngas:
518 3434 546 3479 444
562 3427 627 3479 dett.
646 3427 675 3478 0.
695 3453 722 3463 -
742 3427 766 3478 6.
786 3427 977 3479 4444444444.
991 3453 1019 3463 -
1037 3429 1202 3479 mmmmm
1216 3429 1244 3481 li.
1264 3454 1292 3464 -
1311 3429 1335 3479 7.
1353 3429 1442 3494 4434444
1457 3432 1481 3479 ct
1496 3433 1587 3492 eeptcrn
1602 3429 1640 3479 sic
1652 3427 1743 3492 codd,

417 3505 498 3555 etiam
515 3503 547 3553 Gi
563 3503 587 3552 4.
614 3502 691 3553 Erret
707 3504 810 3567 Zumpt.
835 3530 862 3539 -
890 3503 915 3554 8.
934 3504 985 3554 sic.
1003 3504 1125 3568 4444434444
1140 3504 1169 3554 E.
1193 3529 1220 3538 -
1247 3504 1272 3553 9.
1289 3504 1331 3553 scd
1347 3509 1370 3554 et
1387 3504 1419 3553 Gt
1435 3504 1463 3562 4,
1481 3501 1507 3553 λ.
1533 3531 1560 3539 -
1581 3506 1621 3556 44.
1640 3505 1746 3556 metator

417 3580 452 3629 li:
471 3578 559 3627 tetrior
575 3578 610 3637 0;
635 3577 742 3626 44444444
758 3576 813 3637 Gi„
826 3574 874 3626 Ld.
894 3602 921 3611 -
941 3578 1109 3639 syracusanis
1125 3576 1221 3628 codd:
1245 3578 1421 3640 844444444444
1436 3578 1529 3630 hamb.
1548 3580 1621 3632 44484.
1640 3581 1743 3645 Zumpt.

417 3652 460 3703 Or.
478 3654 504 3703 4.
523 3649 608 3703 Halm.
642 3651 695 3702 Sed
721 3650 785 3701 nihil
810 3653 962 3702 coniectura
980 3665 1065 3716 opus;
1092 3651 1196 3705 dativus
1221 3653 1293 3704 enim
1314 3653 1414 3718 pendet
1429 3653 1465 3704 ab
1482 3653 1613 3707 adiectivo
1629 3656 1744 3715 44444444,

417 3739 468 3777 uec
484 3724 532 3777 luit
547 3725 655 3776 omnino
671 3727 769 3778 Verres
787 3729 916 3790 tyrannus
932 3729 1122 3790 Surccmocus,
1141 3728 1191 3779 sed
1206 3728 1375 3789 Summam
1390 3730 1509 3791 44444444,
1527 3743 1610 3795 quam
1626 3731 1747 3795 superio·

416 3815 470 3853 res.
496 3802 629 3865 sprccum
650 3800 713 3851 edd.
739 3803 839 3866 priucc.
859 3803 935 3868 proh.
955 3807 1041 3855 Garat.
1069 3803 1104 3868 [Si
1126 3817 1190 3853 vera
1207 3803 1242 3853 sit
1257 3799 1335 3852 lectio
1351 3803 1532 3868 Spracmcch,
1555 3805 1590 3856 ab
1614 3805 1745 3857 adiectivo

417 3878 527 3944 quidem
542 3877 649 3928 44444444
664 3877 769 3929 dativus
785 3893 839 3930 non
855 3880 963 3944 pendet.
990 3881 1081 3931 Exstat
1091 3882 1182 3929 autem
1193 3879 1370 3939 sprccssaacvs
1385 3879 1411 3929 in
1426 3879 1496 3943 4349
1507 3878 1539 3931 44
1550 3879 1591 3931 lo.
1609 3879 1703 3944 liu]
1715 3903 1743 3916 -·

418 3955 577 4018 asperiorum
593 3964 648 4003 om.
666 3952 744 4017 4349.
764 3980 791 3989 -
811 3968 869 4004 cum
884 3957 979 4020 hagg:
1001 3969 1078 4018 pacm
1094 3955 1158 4013 um
1177 3954 1220 4016 pai
1236 3951 1300 4011 hd.;
1327 3954 1389 4014 ocis
1404 3955 1436 4004 Gt
1452 3951 1505 4004 44.
1524 3979 1552 3989 -
1572 3954 1612 4005 44.
1630 3953 1748 4004 mortus

418 4029 453 4090 ii,
472 4027 551 4079 dett:
579 4033 699 4078 4444444444
715 4028 830 4092 Ε4349;
857 4035 1012 4080 amoveant
1027 4031 1078 4091 Ga,
1096 4027 1144 4080 bd.
1164 4055 1192 4064 -
1215 4028 1317 4078 4444444444
1332 4029 1384 4091 na,
1402 4029 1438 4079 E:
1464 4029 1567 4079 4444444444
1583 4026 1648 4079 dett.
1666 4028 1697 4078 0.
1715 4052 1743 4062 -

420 4102 461 4153 44,
478 4102 604 4153 matam
619 4101 699 4154 dett:
720 4103 818 4153 4444444444
834 4104 870 4155 RS
883 4105 922 4155 E..
938 4103 1098 4169 Ambiguum
1120 4104 1162 4155 est
1183 4118 1215 4155 ac
1234 4103 1367 4155 lubricum
1391 4102 1425 4155 de
1442 4104 1469 4155 h.
1487 4102 1505 4154 l.
1523 4101 1659 4155 indictum.
1692 4104 1747 4154 Nos

418 4190 478 4228 444444
501 4178 607 4228 servato
631 4176 673 4229 bis
696 4179 894 4230 coniunctivum
917 4177 1037 4244 vulgatae
1060 4179 1230 4239 retinuimus,
1256 4191 1318 4229 cum
1334 4176 1377 4230 vel
1399 4180 1425 4229 iu
1442 4180 1548 4244 optimis
1565 4177 1643 4230 codd.
1662 4176 1748 4228 iubis

419 4251 496 4304 verbi
513 4251 741 4304 terminationibus
758 4254 913 4318 saepissime
931 4258 1071 4319 peccetur;
1097 4254 1255 4304 indicativus
1271 4253 1381 4314 4444444444,
1407 4266 1488 4317 qucm
1505 4253 1544 4305 iil.
1563 4253 1649 4317 dedit,
1667 4253 1747 4304 nimis

419 4328 593 4378 inconcinnus
614 4326 728 4379 videtur.
761 4329 897 4393 Zumptius
919 4329 1320 4392 quia--onmcc-·notuc
1340 4329 1438 4381 eodem
1459 4330 1642 4399 copcinnitetis
1664 4340 1748 4380 sensu

418 4401 528 4462 ductus;
547 4400 596 4453 sed
612 4401 639 4451 h.
657 4398 675 4451 l.
693 4402 755 4463 cuia
772 4401 858 4466 paullo
876 4403 963 4454 miuus
980 4401 1081 4468 placet,
1110 4416 1190 4466 quam
1207 4417 1272 4454 cum.
1308 4403 1426 4455 Halmius
1448 4405 1550 4469 recepit
1565 4406 1748 4457 coniecturam

419 4477 462 4528 Or.
480 4477 506 4527 4.
524 4478 697 4540 «werimum
712 4491 837 4540 4443444444,Ι
862 4477 900 4527 iiii
916 4484 999 4529 44444444
1015 4479 1321 4529 ornam-sucurre.»
1347 4480 1382 4530 44
1398 4478 1510 4530 offendit
1524 4492 1652 4541 acquum,
1674 4476 1747 4543 quod

418 4564 472 4603 non
488 4550 579 4612 habet,
598 4565 651 4616 quo
667 4554 810 4617 pertineat,
829 4554 885 4603 tum
903 4552 1048 4604 dicendum
1065 4556 1123 4604 erat
1139 4567 1165 4604 v.
1183 4568 1208 4605 c.
1228 4560 1337 4617 «paccio
1353 4555 1459 4605 44444444
1474 4555 1513 4605 bic
1530 4560 1654 4616 tprcssas
1673 4559 1749 4604 444444

418 4627 484 4688 sive,
493 4630 553 4678 444444
564 4627 590 4677 S.
603 4629 705 4691 4444444.»
719 4654 746 4663 -
761 4627 800 4678 44.
813 4629 921 4679 viderint
932 4629 964 4678 Gt
980 4629 1082 4692 Zumpt.
1098 4630 1141 4679 Or.
1154 4630 1179 4679 4.
1192 4628 1230 4680 iil.
1244 4628 1340 4681 Halm:
1358 4631 1474 4681 4444444444
1484 4632 1514 4692 R,
1526 4633 1572 4682 ctt.
1585 4631 1614 4681 0.
1634 4628 1749 4695 [4444444444

419 4702 506 4752 exstat
528 4714 572 4755 mc
589 4702 670 4753 invito
696 4703 723 4754 in
746 4702 789 4754 ed.
808 4704 878 4768 lips.
897 4703 991 4768 hisnu]
1015 4731 1042 4738 —
1071 4704 1111 4753 ti.
1128 4703 1231 4766 tremi
1241 4696 1405 4757 --444444444444
1420 4707 1456 4756 64
1472 4706 1521 4757 Ld.
1541 4733 1569 4745 -
1595 4708 1637 4757 44.
1654 4704 1706 4754 aiio
1721 4703 1750 4752 444

418 4776 508 4840 tanplc
524 4772 555 4838 i,
582 4776 643 4828 cod.
662 4779 717 4830 Urs.
736 4777 822 4842 43494
848 4779 899 4830 ulio
916 4779 1005 4842 templo
1021 4778 1086 4841 EC,
1105 4777 1165 4828 cod.
1183 4779 1245 4830 Hot.
1263 4783 1291 4831 et
1310 4779 1426 4832 Turnebi
1443 4778 1517 4844 (Adv.
1535 4781 1601 4830 viil.
1619 4779 1689 4842 th),
1706 4777 1750 4827 itio

418 4851 509 4925 tqnplo
525 4852 560 4912 li,
579 4852 629 4912 Gl;
655 4851 697 4902 lllo
714 4852 804 4915 teinplo
819 4856 928 4916 tompore
945 4853 996 4913 Gi,
1022 4853 1065 4902 illo
1086 4857 1195 4916 ternpore
1211 4854 1273 4914 Ld.;
1299 4855 1392 4906 vllcic
1408 4860 1518 4918 tempore
1534 4853 1599 4906 dett
1625 4854 1748 4904 Fortasse

420 4925 531 4990 propter
546 4924 715 4990 praecedens
731 4939 854 4990 maguam
869 4929 897 4979 in
914 4927 974 4978 cod.
992 4929 1025 4990 ii,
1048 4924 1091 4978 vel
1109 4927 1135 4977 in
1152 4941 1200 4990 eo,
1223 4942 1256 4980 ex
1272 4942 1326 4994 quo
1343 4931 1517 4996 transcriptus
1533 4932 1587 4992 cst,
1608 4925 1706 4980 excidit
1722 4927 1750 4976 444

421 5001 482 5051 enta
498 5000 558 5051 ailo.
580 5026 608 5036 -
626 4997 696 5053 acti
708 5003 737 5053 44.
758 5028 786 5039 -
812 5003 853 5053 44,
869 5003 937 5054 calc.
954 5003 1047 5053 innan
1062 5000 1128 5054 dett.
1148 5003 1177 5053 0.
1197 5030 1224 5041 -
1242 5005 1407 5068 retiacum
1426 5006 1459 5062 iu
1480 5006 1634 5069 caligem
1651 5002 1699 5053 Ld.
1718 5025 1746 5037 -

421 5073 462 5126 44.
480 5075 604 5125 mirentur
619 5073 640 5125 Ε
656 5075 734 5139 4433.
753 5075 846 5141 bamb.
865 5077 937 5129 issi.
955 5079 1023 5128 Nou.
1040 5090 1067 5143 p.
1080 5078 1152 5129 aesc
1170 5080 1299 5130 4444444444
1314 5080 1360 5131 iia.
1379 5106 1407 5116 -
1425 5082 1531 5144 4114444444
1541 5095 1559 5141 ς
1570 5079 1599 5144 (tl
1618 5079 1667 5135 Gli
1685 5078 1751 5140 alle·

421 5153 483 5199 rant
497 5149 545 5200 Ld.
564 5147 667 5214 (reliqui
684 5154 804 5216 efferant,
822 5153 903 5203 etism
920 5154 953 5214 ii,
971 5153 1050 5213 Non..
1067 5153 1207 5216 Agroetius
1223 5167 1250 5218 p.
1262 5153 1347 5218 4444.)
1365 5180 1393 5192 -
1412 5156 1453 5206 43.
1471 5159 1573 5206 metrae
1586 5152 1649 5215 reip.
1662 5148 1704 5202 ts.
1719 5176 1748 5187 ·-

422 5222 464 5276 ai.
480 5224 606 5277 4444444444
620 5226 698 5290 4349.
718 5253 745 5263 -
772 5228 813 5280 at.
832 5227 1018 5293 44434444444444
1033 5230 1062 5279 R.
1082 5254 1110 5264 -
1132 5228 1175 5279 46.
1189 5230 1458 5294 4444444444444344.
1477 5256 1505 5267 -
1523 5230 1633 5280 cinctuti
1647 5225 1745 5278 REGt

423 5300 517 5366 44334
535 5305 635 5353 manes
650 5303 701 5368 sa,
718 5303 782 5366 bd.;
799 5303 919 5357 clettam
934 5305 955 5357 0
971 5306 1032 5370 post
1046 5303 1161 5368 Hervag.

466 5391 555 5440 οιωο
568 5390 634 5442 441.
1499 5396 1541 5466 23
