4367 6109
476 533 519 600 96
895 534 1047 602 onirlo
1068 534 1148 603 PRO
1169 539 1213 604 ii.
1233 536 1381 604 TULLIO

476 706 566 770 Sicut
592 706 637 770 ita
656 704 854 769 interdictum
876 711 924 769 est
946 712 978 769 et
998 707 1129 790 sponsio
1154 708 1254 784 iacta,
1283 728 1342 790 ego
1371 727 1421 769 me
1449 706 1489 770 ad
1515 705 1653 771 iudicem
1682 706 1710 770 si
1739 706 1794 771 de·

474 800 617 876 leudam,
644 800 675 864 vi
702 820 751 862 me
781 800 934 863 deiecisse
956 798 1123 877 confitear,
1152 802 1226 866 dolo
1255 802 1338 865 malo
1361 820 1492 884 nepem,
1522 801 1634 885 ecquis
1657 820 1708 865 me
1738 821 1793 865 au·

475 894 563 958 diat‘i
604 891 655 956 30.
676 894 748 955 Non
769 892 884 976 opinor
905 893 1050 977 quidem,
1080 896 1172 980 quia,
1201 897 1228 958 si
1257 895 1288 958 vi
1317 895 1416 959 deieci
1445 896 1487 958 ii.
1510 894 1691 971 Claudium,
1717 894 1792 958 dolo

473 990 555 1054 malo
585 989 701 1064 deieci,
731 989 766 1052 in
786 990 818 1053 vi
841 990 926 1054 enim
947 990 1039 1054 dolus
1061 991 1163 1053 malus
1190 990 1294 1064 inest3
1328 995 1360 1052 et
1382 989 1516 1053 Claudio
1539 989 1695 1053 ruamus
1716 988 1792 1052 satis

450 1091 522 1153 sest
548 1085 677 1168 planum
702 1081 823 1160 iacere,
851 1084 901 1148 vel
929 1104 962 1148 se
991 1102 1081 1152 ame
1108 1083 1179 1166 ipso
1206 1083 1237 1146 ri
1263 1082 1421 1147 deiectum
1447 1102 1533 1158 esse,
1562 1081 1614 1146 vel
1640 1105 1691 1149 me
1717 1102 1792 1147 eon·

472 1178 577 1242 silium
599 1179 707 1253 inisse,
729 1186 764 1242 ut
785 1178 817 1242 vi
839 1178 1036 1243 deiiceretur.
1071 1177 1146 1241 Plus
1167 1176 1264 1260 igitur
1278 1221 1383 1239 .....
1399 1176 1511 1240 Claudi
1531 1222 1562 1241 ..
1580 1199 1603 1241 u
1619 1223 1629 1240 .
1644 1222 1674 1240 ..
1696 1177 1791 1240 inter·

471 1271 601 1347 dicitur,
622 1272 708 1336 unde
730 1272 804 1336 dolo
826 1272 910 1337 malo
933 1292 1003 1336 meo
1024 1273 1056 1337 vi
1078 1271 1220 1335 deiectus
1242 1270 1298 1344 sit,
1320 1290 1415 1356 wem
1437 1271 1464 1335 si
1488 1272 1632 1346 daretur,
1665 1271 1791 1334 undea

471 1387 521 1430 me
542 1366 573 1430 vi
596 1367 737 1431 deiectus
759 1375 853 1431 esset.
895 1369 974 1430 Nam
1002 1367 1035 1430 in
1067 1366 1130 1429 hoe
1157 1365 1352 1449 posteriore,
1383 1365 1444 1429 nisi
1466 1366 1535 1449 ipse
1557 1372 1685 1449 egomet
1706 1364 1791 1429 deie-

471 1462 601 1537 cissem,
623 1461 783 1525 vincerem
805 1461 1028 1545 sponsionem:
1060 1461 1095 1523 in
1115 1460 1171 1523 illo
1193 1460 1316 1543 priore,
1339 1460 1393 1522 uhi
1415 1460 1508 1523 dolus
1530 1459 1632 1523 malus
1654 1459 1789 1534 additur,

433 1555 536 1623 tosive
558 1555 725 1619 consilium
746 1557 894 1631 inissem,
916 1557 983 1620 sive
1004 1556 1073 1640 ipse
1095 1554 1297 1629 deiecissem,
1321 1573 1451 1618 neeesse
1474 1559 1541 1618 erat
1562 1561 1594 1617 te
1616 1553 1693 1618 dolo
1707 1552 1788 1617 mdo

470 1669 541 1713 meo
563 1650 595 1712 vi
616 1649 774 1714 deiectum
797 1648 941 1713 iudicari.

554 1739 606 1807 3t.
627 1744 696 1807 Hoc
717 1743 877 1827 persimile
899 1751 994 1828 atque
1015 1744 1096 1807 adeo
1118 1743 1212 1827 plane
1234 1741 1320 1807 idem
1342 1747 1391 1806 est
1412 1741 1445 1805 in
1466 1742 1529 1806 hoe
1551 1741 1690 1819 iudicio,
1711 1741 1789 1805 reci·

469 1846 641 1924 pecatores.
684 1837 810 1914 Quaero
832 1838 917 1902 enim
939 1838 1065 1900 abste:
1094 1838 1122 1900 si
1143 1837 1188 1900 ita
1208 1834 1360 1899 iudicium
1382 1833 1490 1898 datum
1512 1840 1612 1910 esset,
1644 1855 1788 1910 otmar

469 1951 625 1998 necturus
652 1948 757 1996 esaar
781 1955 802 1997 a
830 1950 963 1996 sauram
991 1932 1024 1993 P.
1047 1930 1138 1995 Fanrr
1167 1949 1200 1995 vr
1235 1947 1408 1993 nourrrnvs
1429 1947 1570 1994 inuans
1592 1950 1725 1994 nsum
1747 1931 1789 1994 ii.

432 2029 588 2095 ioTvunro
608 2045 734 2101 nerva,
756 2027 833 2111 quid
847 2026 980 2089 haberes
1003 2024 1091 2108 quod
1112 2025 1256 2088 dioecesi
1282 2022 1386 2098 Nihil,
1408 2024 1532 2107 opinor.
1563 2024 1683 2089 Fateris
1705 2025 1789 2088 enim

469 2121 591 2198 omnia,
623 2129 655 2186 et
680 2120 834 2184 familiam
860 2123 894 2184 P.
915 2120 1003 2183 Fabii
1031 2117 1159 2193 fecisse,
1194 2126 1226 2181 et
1255 2117 1286 2180 vi
1307 2116 1488 2181 hominihus
1514 2119 1643 2182 armatis
1665 2117 1788 2183 iecisse.

470 2216 564 2293 Quod
587 2215 728 2281 additum
750 2224 798 2280 est
818 2236 901 2279 nono
923 2234 1026 2289 uano,
1049 2212 1081 2276 id
1103 2219 1134 2276 te
1156 2213 1305 2276 adiuvare
1326 2219 1435 2295 putas,
1456 2213 1491 2275 in
1513 2232 1578 2296 quo
1600 2212 1790 2296 opprimitur

469 2320 501 2375 et
522 2311 701 2376 excluditur
723 2310 826 2373 omnis
848 2317 903 2373 tua
924 2308 1078 2372 defensio.
1121 2302 1172 2368 32.
1194 2307 1274 2369 Nam
1294 2303 1321 2367 si
1343 2303 1485 2368 additum
1506 2305 1539 2368 id
1561 2325 1626 2369 non
1647 2314 1733 2371 esset
1752 2326 1789 2370 ac

468 2405 525 2470 tibi
547 2405 670 2467 lihitum
693 2411 777 2467 essct
797 2404 842 2468 ita
862 2402 1050 2477 defendere,
1072 2409 1159 2464 tuam
1180 2398 1333 2463 familiam
1347 2418 1412 2462 non
1425 2398 1553 2476 fecisse,
1575 2399 1738 2477 vinceres,
1760 2402 1787 2465 si

430 2499 500 2566 soid
521 2499 655 2583 probare
677 2498 846 2580 potuisses.
880 2498 970 2560 Nune
992 2496 1058 2559 sive
1080 2494 1136 2558 illa
1157 2492 1343 2558 defensione
1364 2493 1411 2556 uti
1433 2494 1607 2570 voluisses,
1630 2494 1788 2569 sirenae,

468 2611 531 2677 qua
552 2591 668 2666 uteris,
690 2591 909 2655 condemneris
931 2609 1060 2655 necesse
1082 2594 1149 2652 est:
1175 2587 1237 2652 nisi
1258 2595 1406 2670 putamus
1427 2607 1494 2651 eum
1514 2588 1549 2651 ist
1568 2589 1718 2654 iudicium
1736 2608 1789 2652 ve·

466 2687 551 2761 nire,
575 2687 630 2770 qui
650 2686 819 2750 consilium
842 2685 963 2759 inierit,
991 2683 1098 2757 illum,
1125 2681 1181 2767 qui
1202 2681 1326 2756 iecerit,
1349 2700 1414 2744 non
1436 2681 1560 2760 veniro;
1589 2704 1662 2748 cum
1684 2685 1788 2749 consi-

465 2779 545 2842 lium
567 2781 636 2843 siue
655 2779 739 2843 iacto
761 2780 897 2869 intelligi
916 2778 1035 2863 possit,
1056 2777 1174 2840 iactum
1188 2775 1257 2839 sine
1272 2775 1407 2839 consilio
1423 2795 1489 2839 non
1503 2778 1614 2860 possit.
1636 2781 1687 2844 An
1702 2779 1787 2864 quod

465 2872 583 2937 iactum
605 2872 761 2937 eiusmodi
782 2880 848 2948 est,
870 2879 906 2935 ut
927 2873 995 2936 sine
1018 2871 1142 2935 occulto
1165 2870 1315 2945 oonsilio,
1338 2870 1407 2934 sine
1428 2877 1539 2947 nocte,
1561 2872 1630 2936 sine
1647 2873 1697 2950 vi,
1720 2874 1787 2938 sinc

430 2967 581 3035 todamno
604 2966 749 3041 alterius,
770 2966 839 3030 sine
861 2966 977 3041 armis,
999 2966 1066 3030 siue
1082 2962 1196 3039 caede,
1218 2963 1288 3027 sine
1303 2960 1459 3028 maleficio
1474 2962 1542 3029 lieri
1556 2986 1622 3030 non
1637 2968 1787 3050 potuerit,

465 3060 498 3123 id
531 3059 600 3124 sine
627 3059 702 3123 dolo
730 3059 814 3123 malo
843 3059 960 3124 lactum
989 3058 1204 3122 iudicabituri
1246 3053 1298 3121 33.
1321 3058 1372 3120 An
1395 3078 1458 3143 qua
1479 3059 1513 3122 in
1533 3080 1568 3124 re
1589 3067 1719 3145 praetor
1739 3061 1786 3125 illi

465 3153 642 3238 improbam
666 3153 882 3217 defensionem
904 3153 973 3217 tolli
994 3153 1115 3228 voluit,
1137 3153 1171 3215 in
1193 3171 1231 3216 ea
1252 3173 1286 3216 re
1309 3153 1386 3216 mihi
1401 3150 1612 3247 difficiliorem
1627 3156 1786 3221 actionem

464 3248 579 3313 iactam
601 3247 779 3332 putabitis?
812 3247 872 3311 Hic
894 3247 971 3311 mihi
993 3247 1046 3311 isti
1068 3247 1222 3331 singulari
1243 3247 1373 3331 ingenio
1394 3249 1544 3312 videntur
1565 3269 1654 3327 esse,
1676 3250 1733 3336 qui
1755 3255 1787 3314 et

465 3343 515 3417 id,
547 3342 635 3427 quod
657 3340 734 3404 milii
756 3347 865 3405 contra
886 3340 960 3404 illos
983 3340 1091 3404 datum
1113 3347 1177 3417 est,
1207 3342 1270 3425 ipsi
1297 3341 1459 3426 adripiunt
1480 3349 1512 3407 ei
1533 3344 1666 3429 scopulo
1688 3352 1784 3430 atque

500 3518 526 3569 2.
537 3517 571 3584 ci]
582 3518 712 3569 444484).-
722 3515 812 3581 ecque]
823 3528 911 3577 rrprrs
922 3517 950 3578 T,
960 3517 1047 3580 cepoe
1057 3517 1130 3568 PBH.
1140 3515 1295 3569 Emendavit
1306 3515 1457 3570 Ocellina-
1470 3519 1614 3582 &equidm
1624 3518 1782 3573 Halmius.-

463 3589 488 3643 4.
500 3591 532 3656 et]
544 3589 770 3655 otiiayserusli.
785 3618 812 3628 -
827 3591 852 3642 6.
864 3591 1102 3642 asceuarTPnii.
1114 3619 1141 3629 -
1153 3597 1255 3652 remei
1272 3595 1582 3646 .....cmrnr..r...T:
1599 3596 1785 3660 piaeprcrieat

463 3666 673 3729 memes,
690 3667 770 3733 ipitaae
783 3666 974 3719 wewadio
986 3667 1157 3727 mamitoBO,
1175 3669 1330 3733 ipitasrvaiet
1341 3668 1428 3719 Claudi
1443 3669 1562 3731 saiwi
1577 3671 1671 3722 iiio·
1684 3672 1709 3722 7.
1721 3673 1785 3722 unde

462 3741 518 3792 doto
533 3741 601 3792 moto
616 3738 924 3809 meopoMlotelumli:
941 3743 1007 3793 uode
1022 3743 1345 3796 odctomciomeol’iiii.
1364 3743 1511 3798 librarium
1528 3746 1659 3801 codicisT
1674 3746 1784 3799 oeuloa

461 3828 529 3867 voce
540 3818 605 3867 uode
614 3816 693 3869 huius
710 3826 805 3868 remus
815 3814 851 3867 ad
861 3828 957 3869 voeem
971 3817 1037 3867 uodo
1048 3816 1178 3868 interioris
1191 3831 1284 3870 versus
1303 3816 1443 3871 aberrante
1458 3822 1531 3885 prius
1549 3823 1688 3889 scripsisse
1703 3837 1722 3874 o
1734 3837 1782 3884 ete,

463 3893 560 3944 deinde
569 3904 660 3944 errore
667 3890 852 3943 animadverso
860 3904 900 3942 me
907 3894 1024 3943 mutasse
1033 3893 1060 3942 in
1067 3906 1121 3943 orco
1130 3895 1158 3943 et
1165 3894 1385 3958 superscripsisse
1394 3895 1449 3945 doio
1457 3895 1534 3960 malo,
1544 3895 1657 3950 litteram
1668 3912 1687 3949 o
1694 3900 1783 3949 autem

461 3968 620 4032 expunxisse
637 3964 784 4018 luculenter
800 3964 916 4018 ostendit
930 3965 1059 4018 liederus.
1073 3995 1101 4005 -
1120 3968 1145 4018 8.
1154 3969 1290 4030 posteriore
1306 3968 1399 4019 Pno:
1415 3971 1547 4032 postet-ieri
1564 3972 1647 4023 Tiiii.
1666 3971 1705 4024 ci.
1719 3985 1744 4022 v.
1757 3972 1781 4022 8.

461 4045 490 4093 et
501 4042 542 4107 fis.
555 4045 579 4092 4.
592 4044 617 4092 5.
628 4042 668 4093 42.
681 4070 709 4078 -
721 4041 745 4092 8.
758 4042 861 4093 cuditur
871 4045 898 4093 P.
919 4041 1050 4092 «sednon
1061 4039 1139 4106 plane
1150 4045 1238 4094 certus
1249 4055 1323 4104 sum,
1342 4043 1426 4094 codex
1437 4043 1536 4096 habeat
1546 4047 1651 4096 auditur
1666 4059 1701 4097 an
1712 4046 1784 4097 oddi-

461 4121 515 4178 tur,
534 4115 607 4181 quod
623 4117 675 4168 iam
686 4118 795 4168 Beierus
806 4119 878 4167 recte
889 4117 1027 4167 restituit.»
1039 4117 1116 4167 Krec.
1131 4144 1158 4154 -
1178 4118 1217 4167 40.
1230 4119 1281 4167 sice
1290 4119 1419 4169 cenidum
1429 4121 1528 4171 minen
1539 4121 1573 4170 ii:
1590 4121 1641 4172 ace
1654 4120 1783 4172 condisse

460 4191 568 4253 isicem,
586 4195 615 4241 ut
628 4191 655 4241 oi
665 4191 924 4243 corcomenon.
944 4190 1091 4242 librarium
1102 4191 1201 4242 codicis
1217 4192 1237 4242 T
1253 4191 1336 4244 oculis
1352 4206 1367 4242 a
1384 4194 1473 4246 verbis
1489 4195 1619 4246 wesiiim
1634 4195 1734 4246 mm
1748 4194 1784 4245 ad

460 4264 544 4315 verba
561 4263 640 4330 paulo
656 4267 778 4331 superius
794 4266 891 4331 scripta
908 4266 1037 4316 consitam
1047 4267 1121 4317 inisse
1130 4266 1315 4318 aberrantibus
1327 4270 1400 4332 prius
1412 4270 1552 4335 scripsisse
1563 4275 1592 4321 ot
1600 4270 1626 4320 ot
1637 4270 1781 4331 mare,

461 4340 545 4392 verba
560 4354 625 4391 vero
641 4341 844 4392 deciesdeni
860 4341 994 4402 omisisse,
1013 4343 1070 4391 tum
1087 4354 1177 4392 errore
1195 4346 1332 4407 comperto
1349 4358 1464 4409 superne
1481 4345 1548 4397 haec
1562 4343 1728 4410 supplevisse
1744 4342 1784 4395 lit·

462 4418 519 4468 tera
534 4416 741 4483 mpraeposiia,
760 4419 789 4467 ut
804 4415 965 4480 significaret
981 4429 1023 4466 vv.
1041 4417 1092 4467 sios
1108 4417 1245 4468 ἀοίοοίεισηι
1261 4419 1381 4483 proxime
1399 4421 1530 4484 iungenda
1548 4434 1607 4473 esse
1624 4432 1687 4472 cum
1703 4431 1783 4486 prae·

461 4492 574 4544 cedente
593 4490 677 4541 verbo
693 4491 804 4553 inissetis,
831 4504 937 4542 summo
954 4491 1076 4543 acumine
1093 4492 1160 4543 vidit
1175 4495 1202 4543 et
1224 4492 1414 4546 demonstravit
1429 4495 1555 4547 Kellerus.
1577 4522 1604 4532 -
1623 4499 1646 4545 te
1662 4494 1727 4544 Ti’:
1752 4492 1782 4542 de

459 4568 540 4619 Boii
548 4568 578 4618 44.
611 4567 664 4617 Sed
680 4565 818 4632 appellatio
835 4567 935 4618 directa
952 4566 1006 4618 ficti
1022 4567 1166 4619 adversarii
1182 4581 1252 4619 nunc
1269 4568 1384 4634 expulsis
1401 4570 1490 4622 verbis
1506 4575 1534 4621 ut
1548 4570 1575 4620 oi
1591 4570 1728 4620 deicerw
1743 4579 1776 4619 ne

460 4643 597 4693 minimam
609 4641 716 4705 quidem
728 4641 810 4694 habet
820 4641 1002 4693 offensionem.
1016 4641 1054 4692 ci.
1066 4656 1093 4693 v.
1102 4642 1142 4693 43.
1153 4644 1181 4693 et
1190 4642 1280 4693 adnot.
1290 4643 1324 4693 ad
1336 4658 1363 4708 p.
1373 4644 1414 4695 95.
1426 4658 1452 4696 v.
1462 4644 1535 4696 3³.-
1550 4646 1590 4694 44.
1600 4657 1655 4695 meo
1665 4654 1780 4708 superne

460 4718 589 4782 scriptum
606 4716 688 4767 habet
702 4718 730 4768 T.
746 4745 773 4756 -
792 4717 832 4769 44.
850 4717 912 4767 Fabi
926 4717 952 4766 vi
968 4717 1138 4769 homicidiarii
1146 4718 1183 4769 ii:
1201 4717 1264 4768 Fabi
1277 4719 1414 4769 homiuibus
1430 4721 1505 4771 TPB
1515 4720 1544 4771 0.
1563 4717 1602 4770 Ci.
1618 4732 1644 4770 v.
1658 4719 1698 4770 48.
1717 4716 1742 4782 5.
1754 4716 1779 4768 T.

460 4795 488 4844 et
503 4806 559 4842 vor.
577 4790 637 4843 leot.
657 4792 681 4857 5.
699 4794 740 4843 2⁴.
761 4821 787 4830 -
807 4794 847 4845 43.
865 4804 1025 4844 emrtuos:
1046 4797 1180 4852 ...irru
1196 4795 1228 4856 T,
1246 4793 1345 4844 motum
1361 4797 1392 4856 Ρ,
1409 4795 1504 4859 [actum
1515 4794 1633 4845 nonii.
1651 4791 1780 4846 leodico

460 4865 523 4918 nihil
546 4866 653 4917 obstare
675 4869 738 4931 quin
757 4880 839 4918 narra
858 4865 1000 4927 scribatur,
1023 4879 1072 4930 per
1096 4865 1195 4919 litteras
1217 4882 1261 4919 me
1282 4868 1372 4920 docuit
1393 4868 1519 4938 Kellerus.
1546 4867 1585 4920 Ci.
1607 4866 1649 4933 55.
1667 4869 1692 4920 s.
1711 4869 1736 4920 T.
1754 4867 1778 4920 8.

460 4942 500 4994 ii.
524 4942 565 4992 27.
588 4939 629 4992 34.
650 4940 691 4992 39.
712 4969 739 4979 -
764 4943 804 4993 46.
822 4940 884 4992 Fabi
905 4940 1051 4991 TPiiiiK.
1071 4968 1099 4977 —
1122 4942 1162 4993 48.
1181 4942 1308 5008 deleme?
1324 4945 1383 4995 ΒΟ.
1404 4972 1432 4981 -
1457 4944 1731 4995 reprimamur.
1751 4969 1778 4981 -

459 5016 629 5068 ideonum
652 5017 680 5067 T.
704 5044 731 5054 -
757 5018 798 5068 ii.
822 5022 939 5080 nmmos
960 5017 1318 5070 comioiodics'ssul’iiii:
1345 5023 1486 5078 erratum
1499 5056 1656 5073 ........
1674 5016 1779 5080 errrT,

456 5096 577 5155 potamau
600 5090 628 5140 io
651 5091 770 5141 iodicium
790 5091 849 5143 iio.
869 5116 897 5128 -
919 5090 961 5141 83.
982 5091 1089 5155 inteliepi
1105 5092 1190 5144 TPB.
1210 5120 1237 5131 -
1264 5093 1305 5145 Ti.
1323 5095 1375 5145 aas
1389 5095 1424 5161 os]
1450 5095 1479 5144 in
1494 5094 1583 5159 priore
1600 5107 1667 5147 voce
1685 5091 1781 5146 desinit

460 5163 549 5215 lolium
567 5164 727 5217 Taurineuse
745 5168 886 5230 quartum,
911 5167 1090 5230 aposteriore
1107 5169 1199 5235 incipit
1215 5170 1344 5235 quintum.
1364 5197 1391 5209 -
1410 5171 1452 5222 86.
1465 5168 1580 5236 praetor]
1596 5169 1624 5222 P.
1641 5169 1671 5221 li.
1688 5168 1709 5219 T
1726 5166 1780 5218 ire·

463 5240 636 5304 quentissimo
654 5253 754 5293 errore.
777 5240 815 5293 ci.
833 5254 860 5308 p.
879 5241 992 5292 Caecina
1008 5241 1033 5308 5.
1047 5241 1089 5296 23.
