4367 6109
440 593 503 667 492
848 602 998 669 ORATIO
1020 601 1100 671 PRO
1121 603 1158 668 Δ.
1181 603 1352 670 CAECINA

440 794 514 839 nem
534 773 679 848 habebis,
707 793 770 858 qua
790 794 848 838 nos
868 775 918 836 usl
940 794 1064 848 sumus,
1095 793 1135 838 an
1156 773 1251 838 aliam
1273 775 1451 858 quampiam
1473 794 1513 840 an
1535 776 1669 841 omnino
1692 773 1771 839 nul-

441 868 525 931 lam?
574 868 699 932 Nullam
729 888 798 931 csse
827 868 981 932 actionem
1009 867 1114 930 dicere
1144 870 1176 931 in
1206 889 1240 932 re
1270 877 1332 931 iam
1360 870 1476 952 insigni
1503 878 1631 957 tamque
1664 869 1773 935 atroci

440 981 545 1046 neque
566 962 750 1045 prudentiae
773 982 876 1049 neque
898 961 1092 1025 auctoritatis
1115 970 1187 1026 tuae
1203 970 1263 1026 est:
1286 964 1347 1026 alia
1361 965 1387 1026 si
1403 983 1484 1047 qnae
1498 965 1579 1029 sorte
1595 973 1654 1040 est,
1681 983 1773 1051 quae

440 1075 498 1118 nos
519 1055 647 1138 sugerit,
671 1055 738 1130 dic,
760 1076 842 1140 quae
865 1056 920 1132 sit;
943 1057 1035 1139 cupio
1058 1055 1188 1119 discere.
1231 1054 1282 1119 38.
1304 1057 1390 1121 Haec
1412 1058 1438 1121 si
1461 1067 1523 1135 est,
1546 1080 1609 1144 qua
1630 1079 1693 1123 nos
1715 1056 1770 1120 usi

416 1168 558 1223 osumus,
579 1157 610 1212 tc
630 1149 733 1213 iudice
754 1151 914 1214 vincamus
936 1171 1065 1214 necesse
1088 1158 1145 1213 est.
1188 1153 1257 1214 Non
1280 1151 1364 1214 enim
1386 1173 1497 1216 vereor
1518 1175 1557 1217 ne
1578 1154 1642 1217 boc
1666 1152 1771 1225 dices,

439 1243 473 1304 in
502 1242 612 1306 eadem
641 1263 735 1307 causa
763 1244 875 1307 eodem
903 1244 1069 1308 interdicto
1097 1254 1128 1307 te
1156 1252 1300 1328 oportere
1330 1247 1469 1322 restitui,
1505 1248 1672 1312 Caecinam
1698 1266 1771 1310 non

439 1347 596 1421 oportere.
637 1339 761 1402 Etenim
783 1341 833 1403 cui
853 1360 917 1403 non
939 1340 1140 1427 perspicuum
1170 1347 1235 1414 est,
1265 1340 1304 1403 ad
1326 1341 1479 1406 incertum
1506 1341 1646 1406 revocari
1669 1342 1771 1414 bona,

438 1429 596 1507 fortunas,
624 1435 841 1517 possessiones
870 1435 1026 1506 omnium,
1053 1434 1079 1496 si
1102 1435 1166 1499 nlla
1195 1443 1345 1517 exparte
1367 1437 1524 1500 sententia
1546 1436 1639 1498 buius
1664 1435 1771 1497 inter-

441 1523 516 1587 dicti
537 1524 698 1591 deminuta
719 1535 773 1591 aut
792 1529 948 1591 infirmata
970 1528 1031 1591 siti
1060 1528 1086 1590 si
1110 1529 1295 1591 auctoritate
1316 1529 1454 1592 virorum
1476 1530 1584 1594 talium
1598 1530 1646 1591 vis
1661 1547 1771 1592 arma-

402 1636 430 1686 tc
439 1625 540 1682 torum
561 1620 724 1685 bominum
747 1624 864 1685 iudicio
886 1623 1055 1706 approbata
1076 1622 1230 1696 videatur,
1253 1624 1285 1685 in
1307 1641 1371 1707 quo
1393 1624 1511 1687 iudicio
1533 1644 1597 1687 non
1612 1623 1652 1685 de
1667 1623 1770 1686 armis

440 1712 630 1790 dubitatum,
663 1716 718 1779 sed
748 1716 787 1779 de
816 1716 919 1780 verbis
948 1716 1126 1800 quaesitum
1153 1736 1222 1779 esso
1245 1716 1386 1779 dicatur?
1429 1718 1501 1781 Isne
1523 1716 1605 1802 apud
1626 1737 1683 1780 vos
1708 1714 1770 1778 ob·

438 1808 552 1873 tinebit
574 1829 699 1873 causam
721 1830 824 1883 suam,
848 1811 903 1894 qui
925 1830 959 1874 se
980 1812 1024 1874 ita
1046 1809 1236 1873 defenderit:
1268 1811 1398 1874 «Reieci
1422 1831 1481 1894 ego
1503 1818 1534 1875 to
1555 1809 1681 1874 armatis
1705 1807 1770 1870 ho·

440 1901 594 1977 minibus,
624 1924 688 1966 non
709 1904 853 1979 deieci,n
885 1912 922 1966 ut
943 1911 1063 1967 tantum
1092 1903 1213 1967 lacinus
1235 1925 1300 1967 non
1321 1905 1354 1967 in
1375 1905 1534 1988 aequitate
1556 1902 1768 1975 defensionis,

440 1996 495 2059 sed
516 1996 550 2058 in
571 2017 635 2060 una
656 1999 759 2063 littera
780 1999 908 2063 latuisse
929 2000 1093 2061 videatur?
1131 1995 1181 2059 39.
1204 1998 1342 2061 Huiusce
1356 2000 1402 2062 rei
1415 2020 1471 2063 vos
1487 2000 1626 2063 statuetis
1640 1996 1769 2060 nullam

402 2107 510 2158 inesse
532 2094 698 2167 actionem,
721 2094 843 2156 nullum
865 2093 1048 2177 experiundi
1070 2092 1120 2154 ius
1144 2093 1358 2166 constitutum,
1380 2093 1435 2177 qui
1457 2093 1613 2156 obstiterit
1633 2089 1769 2154 armatis

439 2186 630 2261 hominibus,
653 2188 707 2270 qui
730 2188 929 2251 multitudine
951 2193 1059 2250 coacta
1080 2205 1144 2248 non
1166 2186 1306 2263 introitu,
1328 2188 1383 2251 sed
1406 2188 1534 2252 omnino
1550 2187 1637 2250 aditu
1653 2206 1770 2271 quem·

440 2281 523 2365 piam
546 2281 764 2363 prohibuerit?
806 2282 890 2344 xlv.
914 2279 998 2357 Quid
1021 2284 1116 2363 ergo?
1146 2280 1207 2344 hoc
1230 2301 1323 2364 quarn
1345 2281 1441 2345 babet
1461 2282 1547 2344 vimi
1583 2282 1623 2345 Ut
1644 2281 1768 2345 distare

439 2374 560 2458 aliquid
582 2383 637 2438 aut
658 2395 698 2438 ex
720 2376 827 2459 aliqua
847 2384 936 2458 parte
959 2376 1084 2438 differre
1098 2375 1252 2448 videatur,
1273 2382 1389 2449 utrum,
1410 2375 1524 2459 pedem
1539 2396 1609 2439 cum
1623 2375 1768 2440 intulero

439 2478 534 2552 atque
562 2469 595 2530 in
623 2469 823 2551 possessione
851 2469 1019 2552 vestigium
1050 2468 1173 2542 fecero,
1207 2476 1274 2531 turn
1309 2469 1451 2550 expellar
1479 2490 1516 2533 ac
1542 2469 1684 2546 deiiciar,
1724 2490 1768 2533 an

401 2562 549 2628 accadem
572 2564 603 2625 vi
626 2571 657 2626 et
678 2565 779 2627 isdem
800 2565 893 2627 armis
921 2563 997 2626 mihi
1026 2570 1098 2625 ante
1127 2570 1323 2638 occurratur,
1352 2583 1393 2627 ne
1422 2584 1485 2627 non
1513 2563 1607 2628 modo
1634 2565 1767 2641 intrare,

438 2678 548 2721 verum
570 2657 733 2743 adspicere
755 2666 809 2720 aut
830 2659 989 2742 adspirare
1012 2659 1147 2740 possim:
1177 2657 1253 2740 quid
1282 2657 1342 2720 hoc
1364 2657 1403 2720 ab
1425 2657 1481 2719 illo
1504 2658 1623 2732 differt,
1652 2665 1688 2720 ut
1709 2658 1768 2721 illc

439 2760 569 2835 cogatur
589 2753 772 2826 restituere,
803 2754 858 2835 qui
882 2755 1055 2834 ingressum
1078 2751 1251 2834 expulerit,
1274 2751 1345 2826 ille,
1367 2751 1422 2834 qui
1444 2750 1670 2834 ingredientem
1690 2773 1768 2836 rep·

439 2847 566 2934 pulerit,
588 2867 653 2909 non
676 2850 826 2929 cogatur?
858 2843 909 2907 lc.
933 2847 1056 2919 Videte,
1078 2865 1137 2927 per
1157 2846 1234 2908 deos
1256 2845 1463 2908 immortales!
1488 2844 1574 2928 quod
1596 2845 1645 2908 ius
1661 2846 1766 2922 nobis,

441 2962 534 3027 quam
556 2941 775 3006 condicionem
796 2941 951 3004 vobismet
973 2941 1066 3023 ipsis,
1093 2960 1189 3023 quam
1217 2938 1355 3022 denique
1384 2939 1500 3003 civitati
1524 2939 1624 3022 legem
1646 2941 1768 3003 consti-

400 3045 527 3102 natuere
550 3036 663 3099 velitis.
706 3034 845 3120 Huiusce
867 3036 992 3117 generis
1014 3054 1078 3097 una
1099 3041 1148 3096 est
1168 3034 1247 3096 actio
1277 3052 1335 3116 per
1360 3033 1422 3095 boc
1450 3033 1668 3109 interdictum,
1698 3054 1766 3118 quo

502 3291 527 3339 9.
545 3290 572 3338 in
588 3302 616 3339 rc
632 3289 713 3338 dicero
728 3288 757 3337 T.
773 3313 798 3324 —
813 3287 839 3348 3,
858 3287 919 3352 aiio]
937 3287 1024 3350 aliqua
1040 3286 1068 3335 T.
1088 3285 1150 3334 -si
1166 3281 1438 3346 puceETaiietA:
1456 3282 1665 3346 siqnecabe;
1684 3288 1768 3350 siquo

439 3378 480 3425 m,
498 3358 519 3414 si
536 3377 587 3426 qna
603 3359 723 3414 nnio.
739 3387 764 3398 -
778 3362 861 3424 fortae
877 3361 905 3411 E.
922 3388 948 3397 -
962 3360 986 3411 l.
1005 3362 1053 3422 dic,
1072 3373 1138 3422 qnae
1154 3359 1195 3424 sit]
1213 3358 1252 3409 Cl.
1272 3356 1377 3427 Quintil.
1395 3357 1480 3417 vac,
1498 3357 1539 3409 68.
1553 3361 1620 3410 -7.
1640 3399 1665 3411 ..
1681 3377 1768 3413 ..ann

437 3446 472 3492 est
488 3441 522 3489 od
538 3439 659 3487 incertum
674 3437 789 3485 revocari
800 3461 837 3472 --
848 3436 903 3485 iicet
919 3441 1002 3485 lernen
1017 3436 1062 3485 boc
1078 3436 1208 3485 interdicto
1226 3433 1259 3497 (5.
1278 3432 1329 3494 it.)
1351 3430 1433 3482 habet
1449 3434 1477 3483 P.
1498 3459 1525 3469 —
1542 3447 1593 3484 non
1606 3437 1768 3499 perspicacem

437 3516 533 3568 PET:
550 3513 708 3576 perspicuum
724 3525 774 3561 non
789 3508 933 3562 ΜΗΘ.
949 3516 1025 3560 -cst
1041 3513 1074 3561 P:
1092 3506 1274 3561 urascio,
1289 3534 1317 3545 -
1331 3508 1570 3572 bonasormncsn.
1589 3509 1628 3559 Ct.
1642 3509 1666 3575 5.
1680 3513 1721 3562 76.
1735 3537 1765 3550 -

437 3591 462 3641 8.
478 3589 635 3652 possessionis
651 3584 830 3651 ETaeptB.
844 3613 872 3622 -
891 3587 915 3636 9.
928 3586 1086 3636 deminan
1104 3587 1134 3648 (si
1152 3585 1219 3636 tides
1236 3585 1279 3634 cst
1290 3583 1415 3634 Harlessii
1431 3583 1542 3645 silentio)
1560 3586 1623 3636 Lo:
1641 3588 1768 3640 omnum

437 3666 458 3715 n
476 3664 564 3727 (ctiam
581 3664 609 3723 P,
627 3660 661 3712 de
679 3673 732 3724 quc
749 3664 820 3711 erret
837 3661 972 3723 londanus)
989 3657 1047 3712 Ab.
1073 3659 1111 3711 Cl.
1131 3660 1154 3724 s.
1173 3661 1198 3710 b.
1219 3661 1280 3709 -si
1297 3661 1445 3710 anctoritate
1463 3657 1576 3711 nnio:
1594 3663 1640 3712 sim
1656 3666 1769 3714 cncmri·

438 3745 488 3792 san
505 3740 538 3799 Ες
556 3752 581 3789 sc
597 3739 623 3787 in
639 3737 789 3786 anctoritate
805 3738 837 3796 Τ;
855 3737 890 3786 sic
907 3738 933 3786 in
950 3741 1100 3789 anctoritate
1115 3754 1147 3797 ας
1165 3739 1223 3789 siin
1235 3740 1385 3789 anctoritate
1396 3739 1455 3790 lin.
1471 3765 1498 3774 —-
1512 3739 1601 3789 tuiisnn
1609 3739 1724 3788 uirorum
1735 3741 1765 3790 L.

440 3843 467 3853 -
485 3816 548 3864 cis·
560 3839 575 3849 ·
586 3812 727 3875 adprobata
746 3814 792 3863 PL
813 3812 855 3876 (de
873 3813 1011 3864 Hotomani
1029 3816 1189 3876 coniectura)
1208 3816 1240 3865 0:
1264 3815 1529 3878 ism-approbatum
1545 3813 1721 3877 (adprobatum
1736 3816 1767 3877 Τ)

439 3892 488 3943 ΒΑ
499 3887 524 3942 i.
545 3916 572 3925 -
591 3891 630 3939 tt).
648 3887 961 3940 uideatur--dnbitotum
977 3901 1031 3939 cm.
1049 3890 1077 3940 T.
1098 3915 1125 3924 -
1145 3890 1184 3940 ⁴2.
1203 3889 1340 3951 defenderet
1356 3890 1384 3939 T.
1397 3917 1424 3926 -
1438 3890 1517 3940 iieicci
1532 3888 1650 3940 Keilems
1669 3889 1702 3952 tp.
1715 3888 1766 3939 393

441 3994 469 4008 -
483 3967 562 4029 bools
581 3965 640 4016 sicci
656 3963 679 4016 ‘tl
697 3965 789 4027 (etiam
801 3966 820 4014 Ρ
832 3967 858 4014 et
870 3963 1021 4015 Rufinianus
1038 3963 1072 4013 de
1084 3963 1128 4026 fig.
1141 3965 1209 4013 sent.
1228 3962 1252 4025 5.
1267 3963 1301 4025 6.)
1313 3959 1426 4013 abbo.
1446 3963 1485 4013 Cl.
1504 3963 1529 4027 §-
1548 3963 1588 4016 Tl.
1607 3963 1647 4014 39.
1661 3962 1702 4013 48.
1721 3963 1765 4015 66.

439 4044 480 4096 84.
501 4071 528 4082 -
552 4046 635 4104 tropo
652 4041 680 4089 T.
703 4065 730 4075 -
757 4038 796 4088 ia.
815 4038 968 4103 defensionis]
994 4039 1057 4088 iuris
1078 4037 1240 4088 Rufinianus.
1260 4061 1289 4074 -
1311 4039 1351 4088 td.
1368 4039 1465 4087 nulium
1481 4039 1603 4089 ETVO:
1621 4039 1713 4088 nudius
1728 4041 1765 4098 G;

437 4121 530 4170 nuilili
543 4119 630 4181 (etiarn
640 4118 668 4175 Ρ,
687 4116 710 4165 ai
726 4113 793 4164 tides
811 4116 852 4164 est
864 4115 975 4176 Peyroni
992 4113 1108 4165 silentio:
1127 4115 1152 4162 in
1164 4113 1227 4163 edit.
1241 4114 1365 4164 Patavina
1382 4115 1453 4164 enim
1471 4127 1496 4163 a.
1510 4113 1583 4164 ⁴75³.
1596 4112 1691 4177 legitur
1701 4114 1771 4163 nulii

438 4191 591 4258 reperiendi)
607 4185 691 4242 Alb.
712 4215 739 4226 -
763 4188 806 4250 qni
822 4189 940 4238 obstiterit
961 4189 1062 4239 PETk
1073 4190 1101 4237 ct
1111 4188 1143 4237 0:
1171 4189 1236 4250 pund
1258 4188 1376 4239 obstiterit
1395 4186 1507 4239 ΒΑΝ.
1535 4189 1574 4238 Cf.
1594 4190 1765 4240 Garatonium

439 4270 474 4321 ad
490 4270 574 4319 vatin.
593 4267 617 4330 s.
636 4266 676 4316 ti.
694 4277 720 4328 p.
734 4265 775 4314 59.
794 4263 836 4314 ed.
850 4262 934 4314 Halm.
952 4291 978 4300 -
994 4264 1032 4313 ⁴6.
1051 4263 1119 4324 qnod
1133 4264 1289 4313 multitudine
1305 4265 1333 4314 L.
1348 4289 1376 4298 -
1395 4264 1511 4313 introitus
1526 4264 1568 4312 scd
1584 4265 1611 4314 P.
1623 4291 1650 4300 -
1662 4265 1702 4313 iT.
1720 4265 1768 4314 boc

440 4358 493 4395 om.
512 4346 539 4394 P.
553 4369 580 4378 -
594 4342 648 4400 boc,
667 4338 743 4389 *eieci
759 4351 804 4404 opo
820 4346 851 4398 tc,
869 4353 919 4389 non
936 4338 1042 4400 deind*
1059 4352 1136 4400 quom
1152 4334 1176 4388 tl.
1196 4341 1224 4389 ln
1236 4340 1256 4389 L
1266 4352 1381 4389 vacuum
1399 4342 1440 4390 est
1450 4340 1565 4403 spatium
1581 4341 1641 4403 post
1656 4353 1699 4388 vv.
1716 4341 1766 4390 bc-

439 4420 476 4470 bct
491 4420 549 4468 cim.
570 4445 597 4453 —
618 4422 647 4466 nt
663 4417 756 4465 distare
772 4416 868 4477 aliquid
890 4419 935 4464 ant
950 4428 983 4464 aa
993 4415 1079 4477 ciiqnc
1091 4419 1168 4475 parte
1181 4416 1331 4478 Peyronus:
1352 4414 1768 4475 vnrsmnnlcroi'rnrsurnx

439 4492 654 4555 ALIQVAPARTE
671 4493 702 4549 P;
728 4496 756 4540 nt
777 4492 825 4540 istc
845 4504 873 4540 rc
898 4490 993 4550 aliquid
1016 4495 1061 4538 nni
1081 4489 1170 4550 aliona
1192 4503 1225 4538 cn
1244 4493 1318 4551 ports
1339 4488 1358 4537 E
1376 4489 1409 4544 Ὗς
1435 4493 1464 4537 nt
1485 4489 1662 4538 clarescens
1678 4490 1767 4553 atiquo

439 4584 472 4621 en
489 4573 566 4633 parte
581 4569 610 4626 k;
637 4572 665 4617 ut
684 4568 734 4616 ista
753 4580 781 4616 rc
802 4567 970 4628 aliquid-curn
986 4565 1073 4627 otique
1095 4577 1127 4613 ca
1144 4568 1219 4626 parte
1240 4565 1306 4622 RA;
1331 4567 1360 4611 nt
1379 4562 1424 4612 iiic
1445 4577 1485 4613 rcs
1506 4563 1602 4625 aliquid
1623 4564 1711 4625 aliqua
1732 4578 1767 4615 cc

438 4650 512 4708 porte
528 4657 589 4694 cum
607 4644 708 4692 Iuntina
725 4639 785 4701 i0;
809 4647 836 4690 nt
853 4641 966 4690 itineres
982 4639 1077 4702 oiiqnid
1093 4639 1181 4700 utiquc
1197 4651 1230 4687 cn
1243 4641 1317 4699 narn
1334 4637 1369 4697 (et
1385 4636 1512 4701 deinceps
1528 4638 1669 4701 uideantur)
1686 4639 1714 4688 Ι..
1735 4666 1763 4675 -

441 4722 480 4771 io.
497 4719 646 4783 possessione
656 4720 690 4767 P:
706 4718 866 4780 possessiones
875 4718 909 4772 T:
926 4717 1101 4778 possessionem
1117 4710 1259 4764 ΜΗΘ.
1278 4739 1306 4749 -
1324 4725 1355 4761 cc
1371 4713 1420 4763 PE
1433 4714 1462 4762 T:
1480 4719 1555 4773 atquc
1570 4711 1712 4765 RALiO.
1734 4741 1763 4750 -

441 4797 535 4848 dciciar
551 4794 643 4845 PET.
664 4818 691 4826 -
718 4806 751 4841 ars
774 4794 860 4841 cadem
876 4791 1000 4841 PETO:
1025 4804 1059 4840 on
1076 4790 1103 4838 in
1119 4791 1205 4839 cadom
1221 4788 1320 4845 anm
1347 4800 1380 4836 aa
1398 4801 1475 4850 quum
1491 4784 1617 4838 eademi.
1637 4815 1664 4823 —
1683 4788 1723 4838 20.
1742 4794 1767 4839 ct

440 4873 517 4921 isdem
536 4870 631 4920 PET:
658 4872 681 4917 ct
701 4868 793 4917 hisdem
809 4866 842 4928 β;
868 4871 891 4916 el
913 4866 998 4914 iisdem
1015 4866 1115 4921 RAO3
1141 4868 1216 4925 atquc
1237 4863 1322 4912 iisdem
1344 4874 1405 4913 curn
1428 4861 1520 4912 Aldine
1538 4859 1567 4922 a,
1590 4864 1655 4912 etin
1676 4864 1766 4913 eisdem

442 4947 558 5001 lantiam
578 4949 653 5006 atquc
669 4943 695 4991 in
711 4944 800 4992 endem
817 4943 845 4991 Ι..
860 4968 886 4976 -
901 4940 968 5002 onte]
984 4953 1018 4989 an
1035 4951 1089 4988 am
1102 4951 1119 5001 q
1132 4939 1180 5001 [pr.
1193 4938 1240 5000 m.)
1252 4937 1290 4998 ιβ
1302 4941 1328 4988 et
1339 4940 1368 4987 Α.
1380 4963 1407 4972 -
1418 4937 1549 4999 syllabam
1566 4952 1595 4988 oc
1610 4952 1689 5004 supra
1706 4952 1766 4990 vcr-

388 5040 395 5059 =
442 5031 502 5069 sum
519 5018 601 5068 babet
619 5019 646 5068 E.
668 5040 697 5052 -
715 5018 756 5066 it.
775 5029 862 5066 verum
878 5014 947 5066 ‘lint
973 5026 1061 5063 oerum
1083 5014 1159 5062 ctiam
1178 5025 1240 5063 cum
1261 5011 1353 5064 Aldina
1371 5009 1459 5063 12530.
1480 5039 1506 5050 -
1526 5014 1635 5075 aspicere
1656 5014 1714 5064 PE.
1734 5041 1764 5050 -

441 5095 557 5156 aspirare
573 5094 601 5143 E.
622 5094 659 5130 -‘
670 5093 738 5155 quid,
757 5094 786 5142 ut
803 5091 910 5142 volebat
926 5089 1078 5149 Lambinus,
1097 5091 1117 5139 P
1129 5089 1163 5138 0:
1181 5089 1224 5151 qni
1240 5088 1260 5138 R
1272 5089 1293 5137 Α
1304 5088 1323 5137 Ι,
1335 5084 1360 5138 i.
1381 5113 1409 5122 -
1427 5087 1468 5136 ilic
1483 5088 1596 5150 copatur]
1613 5089 1767 5151 inteiiipctssr

441 5168 482 5218 ilic
498 5174 604 5232 cupatur
620 5170 649 5230 E,
668 5168 717 5219 scd
735 5168 800 5217 intra
817 5167 930 5217 verbum
947 5163 1102 5227 inniiipccnr
1117 5162 1212 5214 lineola
1224 5162 1318 5227 posita,
1336 5174 1388 5226 qua
1401 5160 1542 5212 delendum
1555 5175 1615 5213 esse
1627 5162 1764 5212 indicatur·

445 5268 472 5278 -
491 5243 532 5292 99.
550 5244 685 5306 reppulerit
701 5242 776 5306 Etdc
791 5244 811 5293 T
827 5241 886 5295 silet
902 5238 1073 5302 Harlessiuslt
1089 5237 1210 5304 reputavit
1224 5233 1327 5290 alni
1337 5238 1367 5287 0.
1378 5263 1405 5273 -
1415 5238 1456 5289 25.
1473 5237 1546 5287 buius
1560 5237 1657 5304 ceneris
1667 5239 1698 5298 P,
1717 5234 1767 5288 aad

442 5328 470 5370 cs
487 5315 591 5368 videtur
607 5317 825 5388 superscriptum.
