4367 6109
959 555 1193 644 §par-sc.
1700 561 1742 629 oa

413 728 573 806 indicem,
603 749 662 794 nec
694 729 728 793 in
755 729 936 793 universam
963 727 1131 805 familiam,
1165 730 1220 794 sed
1248 731 1282 792 in
1310 751 1382 794 eum
1408 733 1533 813 quicum
1554 735 1742 800 nominatim

412 831 582 908 ageretur,
604 844 662 888 nec
683 824 716 886 in
737 823 968 908 quadruplum,
990 824 1045 887 sed
1067 825 1101 886 in
1124 824 1272 908 duplum,
1302 833 1334 889 et
1355 827 1395 889 ud
1417 843 1553 891 naunru
1575 828 1744 893 adderetur

414 936 548 983 mmm.
593 920 703 1003 Neque
725 918 810 981 enim
832 918 875 993 is,
899 918 954 1002 qui
975 918 1036 981 boc
1058 918 1212 982 iudicium
1235 919 1338 994 dedit,
1362 920 1401 982 de
1424 920 1537 985 ceteris
1559 921 1682 986 damnis
1704 922 1744 986 ab

413 1012 488 1095 lege
508 1012 641 1097 Aquilia
661 1012 796 1086 recedit,
826 1012 860 1074 in
885 1011 1001 1096 quibus
1023 1012 1104 1075 nihil
1136 1014 1240 1096 agitur
1267 1013 1329 1075 nisi
1363 1014 1529 1089 damnum,
1563 1033 1628 1099 qua
1649 1015 1689 1079 de
1709 1036 1745 1079 re

415 1112 544 1191 praetor
565 1107 707 1171 animum
728 1106 823 1170 debet
843 1107 1016 1169 advertere.
1768 1130 1783 1177 5

500 1197 552 1265 ii.
582 1202 618 1264 ln
644 1199 706 1265 boc
728 1200 847 1264 iudicio
869 1200 984 1263 videtis
1006 1200 1057 1282 agi
1080 1201 1120 1263 de
1142 1200 1191 1276 vi,
1220 1202 1334 1266 ridetis
1356 1203 1406 1286 agi
1429 1204 1468 1267 de
1490 1203 1673 1268 bominibus
1696 1224 1745 1269 ar-

414 1294 527 1371 matis,
555 1296 671 1360 ridetis
700 1292 916 1359 aedificiorum
943 1294 1213 1377 expugnationes,
1247 1296 1314 1377 agri
1336 1297 1546 1373 vastationes,
1578 1297 1745 1362 bominum

416 1390 660 1465 trucidationes,
682 1389 846 1463 incendia,
869 1389 1012 1472 rapinas,
1036 1389 1223 1472 sanguinem
1245 1390 1279 1452 in
1301 1389 1454 1453 iudicium
1468 1394 1589 1458 venire.
1624 1394 1666 1456 Et
1686 1393 1746 1457 mi·

416 1484 530 1547 nmini
553 1484 629 1549 satis
650 1485 799 1549 babuisse
822 1503 893 1558 eos,
916 1483 972 1568 qni
994 1482 1057 1545 boc
1077 1482 1230 1546 iudicium
1246 1482 1419 1558 dedemnt,
1441 1476 1617 1570 id'qnairi,
1638 1494 1746 1551 utrum

416 1578 492 1641 baec
520 1584 585 1640 mm
613 1579 743 1652 acerba,
773 1584 835 1641 tam
867 1576 1015 1659 indigna,
1045 1585 1109 1640 tarn
1135 1578 1255 1641 atrocia
1284 1576 1366 1641 lacta
1389 1584 1497 1642 essent
1517 1600 1636 1657 necne3
1668 1601 1782 1658 nonno

416 1680 521 1736 utrum
545 1674 614 1736 iure
635 1672 718 1736 lacta
740 1691 780 1734 an
802 1671 942 1734 iniuriat
976 1671 1046 1732 Non
1070 1690 1144 1753 ergo
1176 1679 1338 1753 praetores
1360 1690 1379 1734 a
1400 1670 1471 1755 lege
1492 1673 1622 1758 Aquilia
1642 1693 1746 1738 reces-

416 1773 545 1841 serunt,
568 1786 651 1850 quae
674 1766 712 1828 dc
736 1765 851 1829 damno
874 1773 938 1839 est,
961 1764 1017 1827 sed
1039 1764 1078 1827 de
1101 1763 1133 1825 vi
1156 1772 1188 1827 et
1209 1765 1305 1827 armis
1328 1784 1474 1827 severum
1495 1765 1647 1832 iudicium
1669 1789 1745 1831 con-

416 1861 606 1925 stituerunt:
629 1881 687 1925 nec
709 1861 759 1923 ius
782 1866 814 1923 et
835 1858 984 1923 iniuriam
1007 1860 1117 1943 quaeri
1140 1879 1298 1943 nusquam
1320 1867 1473 1943 putarunt
1494 1869 1658 1944 oportere,
1688 1862 1744 1925 sed

416 1974 490 2029 eos,
514 1955 570 2039 qui
593 1954 688 2017 armis
711 1974 806 2039 quam
828 1953 896 2015 iure
919 1972 1011 2035 agere
1035 1951 1236 2027 maluissent,
1260 1954 1298 2015 de
1321 1953 1389 2015 iure
1406 1961 1438 2017 et
1452 1953 1570 2017 iniuria
1584 1955 1745 2038 disputare

415 2048 597 2113 noluerunt.
640 2046 692 2110 ia.
718 2050 829 2133 Neque
857 2048 929 2110 ideo
960 2046 999 2108 de
1031 2046 1148 2109 iniuria
1177 2068 1243 2110 non
1271 2047 1476 2122 addiderunt,
1509 2048 1597 2132 quod
1619 2049 1652 2110 in
1674 2047 1783 2118 allisis

415 2144 511 2208 rebus
534 2165 599 2208 non
620 2144 790 2217 adderent,
813 2142 869 2205 sed
891 2162 931 2204 ne
954 2140 1016 2223 ipsi
1038 2140 1232 2216 iudicarent,
1258 2162 1354 2225 posse
1375 2142 1522 2204 homines
1545 2161 1654 2205 servos
1676 2142 1744 2206 iure
1843 2155 1847 2164 ’

414 2257 503 2302 mma
524 2257 637 2320 capere
660 2245 692 2300 et
713 2257 842 2300 manum
865 2256 995 2319 cogere3
1018 2254 1123 2318 neque
1147 2235 1233 2319 quod
1255 2242 1420 2318 putarent,
1443 2237 1470 2298 si
1489 2234 1632 2299 additum
1651 2242 1744 2312 esset,

413 2352 510 2416 posse
532 2331 595 2396 boc
616 2331 733 2395 talibus
755 2330 831 2393 viris
853 2329 1036 2413 persuaderi
1060 2349 1125 2391 non
1147 2329 1264 2392 iniuria
1285 2328 1420 2406 iactum,
1447 2329 1503 2393 sed
1524 2348 1565 2392 ne
1588 2330 1675 2413 quod
1698 2336 1746 2392 ta·

414 2447 488 2491 men
511 2433 637 2510 scutum
660 2426 734 2489 dare
756 2425 791 2489 in
813 2423 930 2488 iudicio
953 2424 1137 2487 riderentur
1157 2423 1213 2500 iis,
1244 2444 1325 2509 quos
1352 2431 1483 2508 propter
1502 2424 1582 2488 baec
1603 2443 1690 2488 arma
1711 2423 1744 2486 in

416 2521 571 2585 iudicium
593 2522 803 2585 vocavissent.
1753 2544 1782 2593 io

500 2611 552 2677 ti.
575 2616 647 2678 Fuit
668 2615 748 2678 illud
772 2615 974 2678 interdictum
997 2614 1082 2697 apud
1104 2612 1240 2677 maiores
1261 2621 1388 2678 nostros
1409 2615 1448 2678 de
1470 2614 1518 2690 vi,
1540 2613 1626 2698 qnod
1647 2613 1745 2677 hodie

415 2729 547 2795 quoque
571 2717 638 2773 est:
667 2729 748 2773 vunn
779 2730 819 2772 nv
840 2730 901 2772 sur
923 2729 1053 2773 usurum
1076 2727 1139 2773 avr
1160 2728 1364 2772 nnocvnsron
1387 2730 1464 2774 rvvs
1487 2729 1585 2774 rnnvu
1607 2731 1668 2774 sur
1689 2727 1746 2773 ra-

416 2820 534 2869 ninisu
556 2824 618 2867 svr
642 2821 897 2870 nnocvnaronnn
920 2822 1020 2866 rnnrvs
1043 2820 1077 2865 ru
1099 2822 1161 2866 noc
1184 2822 1265 2866 nuno
1288 2824 1321 2868 vr
1342 2823 1508 2869 nnrncrsru
1544 2803 1667 2867 Deinde
1689 2804 1746 2867 ad·

417 2900 502 2962 ditur
523 2898 611 2962 illius
633 2898 696 2962 iam
717 2897 779 2962 boc
802 2918 912 2975 causa,
936 2896 1065 2982 quicum
1088 2897 1206 2980 agitur,
1230 2917 1293 2961 cvu
1315 2915 1389 2961 runs
1404 2917 1613 2975 nossmnunr,
1636 2905 1668 2962 et
1683 2898 1745 2963 hoc

417 2993 570 3077 amplius:
602 3013 685 3068 Qvon
714 3013 774 3057 unc
803 3012 836 3058 vr
866 3011 927 3058 unc
951 3014 1034 3059 cusu
1056 3016 1115 3062 nnc
1138 3013 1299 3060 nnscfflo
1322 3012 1527 3061 nossrnnnnr.
1571 2990 1623 3056 45.
1644 2993 1782 3063 Multam

418 3088 532 3151 dantur
554 3086 598 3161 ei,
621 3086 730 3171 quivi
752 3087 885 3149 alterum
908 3088 1079 3152 detrusisse
1102 3089 1232 3165 dicitnr,
1256 3110 1392 3174 quorum
1414 3092 1441 3154 si
1464 3110 1563 3153 unum
1579 3088 1745 3174 quodlibet

416 3181 551 3266 probare
578 3180 675 3243 iudici
697 3181 854 3264 potuerit,
889 3182 983 3246 etiam
1006 3184 1032 3246 si
1054 3184 1220 3248 consessus
1244 3185 1304 3248 erit
1325 3206 1358 3248 se
1380 3186 1412 3249 vi
1435 3185 1606 3260 deiecisse,
1638 3183 1745 3247 vincat

417 3296 546 3339 necesse
569 3283 633 3339 est:
656 3275 706 3339 vel
727 3296 793 3339 non
814 3275 994 3359 possedisse
1010 3298 1092 3353 cum,
1115 3279 1171 3362 qui
1192 3278 1333 3342 deiectus
1356 3279 1413 3354 sit,
1434 3278 1486 3340 vel
1507 3279 1539 3343 vi
1561 3279 1601 3342 ab
1617 3299 1650 3343 se
1670 3297 1745 3360 pos·

416 3371 536 3437 sedisse
559 3371 609 3434 vel
632 3370 713 3433 clam
735 3370 785 3433 vel
807 3371 962 3453 precario.
1005 3372 1059 3445 Ei,
1083 3373 1139 3455 qui
1162 3372 1202 3435 de
1216 3372 1249 3436 vi
1270 3371 1435 3435 confessus
1451 3379 1550 3446 essct,
1573 3377 1621 3435 tot
1635 3369 1745 3435 delen·

416 3466 522 3530 siones
545 3472 653 3528 tamen
674 3466 714 3527 ad
737 3485 863 3528 causam
886 3465 1090 3528 obtinendam
1113 3466 1248 3528 maiores
1271 3466 1476 3548 reliquerunt
1752 3485 1781 3531 ao

500 3556 552 3622 io.
581 3562 647 3642 Age
679 3560 758 3622 illud
779 3561 913 3623 alterum
935 3559 1138 3622 interdictum
1161 3560 1417 3636 consideremus,
1451 3561 1539 3645 qnod
1560 3559 1637 3623 item
1659 3579 1744 3621 nunc

415 3662 464 3719 est
485 3653 693 3717 constitutum
714 3661 844 3737 propter
867 3651 1000 3715 eandem
1020 3651 1224 3735 iniquitatem
1241 3662 1420 3737 temporum
1434 3655 1629 3738 nimiamque
1642 3652 1746 3717 bomi-

416 3780 491 3823 num
560 3756 579 3791 {e
667 3757 685 3792 il
773 3757 791 3791 it·
878 3757 897 3790 -ii
984 3754 1003 3790 t·
1090 3754 1107 3790 ἱ
1197 3757 1215 3791 lle
1302 3757 1321 3791 «tii
1408 3756 1426 3790 ᾗ
1513 3755 1532 3792 ἦ
1619 3756 1639 3791 ³st
1725 3754 1745 3791 ᾖ

417 3842 436 3879 ἢ
501 3843 520 3881 ¹!
609 3839 628 3875 ξ
715 3838 734 3873 *
820 3840 840 3875 ils
928 3838 946 3873 ’l
1034 3838 1053 3873 ii
1140 3840 1158 3875 ’k
1246 3840 1262 3875 ’i
1352 3840 1370 3876 ἦ
1458 3841 1477 3876 *¹
1563 3840 1583 3877 ᾗ
1669 3839 1688 3874 ἦ

480 3984 504 4034 4.
522 3995 624 4033 rimus
640 3983 669 4032 T.
689 4009 717 4019 -
743 3994 844 4032 nrncrn
860 3983 888 4031 T.
920 3980 1077 4032 Emendavit
1100 3976 1246 4045 Peyrcnus.
1267 4010 1294 4018 —
1317 3983 1342 4032 2.
1361 3980 1528 4045 nrnmniT,
1556 3987 1579 4033 et
1601 3983 1693 4032 damno
1715 3984 1744 4032 P.

418 4057 575 4111 Emendavit
600 4057 716 4107 seierus.
744 4081 771 4093 -
799 4058 822 4107 3.
842 4058 935 4122 ceteris]
959 4058 988 4108 ln
1005 4056 1110 4108 duabus
1129 4059 1219 4122 primis
1236 4057 1344 4122 syllabis
1361 4058 1459 4108 desinit
1475 4057 1566 4109 lolium
1583 4058 1744 4109 Taurinense

418 4136 538 4195 sertum,
567 4132 601 4183 ab
618 4131 709 4183 ultima
727 4134 817 4197 incipit
833 4134 985 4196 septimum.
1006 4158 1033 4168 ·-
1061 4131 1085 4183 l.
1103 4146 1186 4183 nscia
1201 4135 1230 4184 T.
1250 4160 1278 4170 -
1297 4146 1500 4194 nscsnmnorrn.
1518 4134 1547 4183 T.
1569 4161 1597 4169 -
1616 4134 1744 4195 domum

419 4222 470 4271 quo
486 4210 524 4258 li:
553 4209 688 4267 domatum
713 4211 815 4271 quoP,
839 4208 966 4257 Murcum.
992 4208 1048 4268 Quo
1064 4209 1154 4271 Boii.
1174 4234 1201 4245 -
1221 4211 1246 4259 c.
1265 4208 1352 4260 Malim
1370 4208 1463 4259 mosa.
1484 4235 1512 4244 -·
1529 4208 1554 4257 9.
1572 4207 1607 4273 id]
1624 4209 1695 4258 rrT.
1715 4233 1744 4246 -

419 4286 457 4334 ro.
475 4295 528 4333 nsc
537 4284 566 4333 T.
581 4310 609 4318 -
627 4297 719 4334 resurr
731 4285 759 4333 T.
775 4311 802 4318 -
814 4297 912 4343 necno,
932 4297 997 4344 oon,
1020 4284 1113 4349 atnam]
1132 4297 1269 4335 uscusrrr.
1289 4284 1469 4348 superscripto
1486 4279 1589 4348 Nicon)
1608 4284 1636 4333 T.
1656 4309 1683 4319 -
1703 4283 1743 4333 η.

417 4360 524 4410 eetl‘ii:
543 4364 603 4409 esset
616 4360 701 4410 ΒΟΗ.
721 4360 798 4409 «Erat
815 4359 841 4408 in
854 4359 946 4409 codice
964 4372 1054 4420 assur,
1074 4365 1129 4411 tum
1147 4360 1247 4426 syllaba
1259 4374 1291 4412 sa
1303 4359 1388 4411 deleta
1401 4360 1474 4411 init.»
1495 4362 1607 4411 Puru-
1621 4363 1644 4406 et
1655 4370 1746 4408 errore

419 4432 608 4500 typographico
625 4446 678 4484 orn.
697 4436 725 4484 0.
746 4462 773 4470 -
792 4436 899 4484 armatis
919 4436 1036 4487 Pnoir.
1064 4439 1091 4487 in
1116 4440 1172 4501 ipsc
1194 4437 1285 4487 codice
1303 4438 1371 4487 teste
1388 4434 1491 4487 Kellero
1508 4448 1613 4485 sessus
1629 4433 1656 4484 in
1672 4447 1746 4484 ansis

418 4509 590 4561 emendatum
608 4511 657 4568 est,
677 4522 757 4573 quam
775 4508 916 4560 lectionem
934 4509 1098 4561 divinaverat
1115 4512 1271 4579 iiusehkius.
1293 4538 1320 4548 -
1340 4512 1380 4562 ⁴8.
1396 4510 1549 4574 possedere
1565 4510 1594 4559 P.
1617 4506 1747 4558 Emenda-

416 4586 453 4635 vit
467 4584 587 4635 Beierus.
614 4586 664 4634 Per
681 4584 780 4635 codicis
804 4585 912 4646 vestigia
939 4585 1050 4648 perinde
1071 4584 1178 4636 licerer
1199 4585 1384 4651 legerentque
1402 4598 1421 4636 n
1436 4585 1551 4636 aiflrmat
1566 4581 1695 4635 Kellerus.
1716 4606 1743 4619 -

417 4654 532 4721 iniussi
548 4669 577 4718 T.
598 4696 625 4707 -
645 4669 770 4730 quoddam
786 4673 881 4718 eodum
898 4681 913 4717 e
931 4670 1081 4718 coniectura
1100 4670 1128 4720 P.
1148 4696 1177 4706 -
1203 4671 1244 4720 tt.
1263 4683 1325 4720 arrr
1340 4671 1368 4721 T.
1389 4697 1417 4708 -
1440 4681 1534 4720 nonus
1550 4669 1579 4719 Τ.
1599 4696 1627 4705 -
1645 4668 1686 4717 22.
1703 4681 1747 4717 ns·

418 4758 487 4796 nrum
504 4758 549 4795 m
566 4756 613 4794 arr
628 4746 657 4806 P,
676 4757 728 4794 non
744 4745 772 4792 T.
793 4769 819 4778 —
839 4744 879 4793 25.
896 4745 1031 4804 praecario
1047 4744 1104 4794 TP.
1130 4746 1151 4794 Α
1169 4744 1279 4795 dextera
1296 4744 1373 4796 huius
1390 4745 1476 4804 vocis,
1496 4756 1565 4808 quae
1583 4745 1701 4793 extrema
1717 4742 1745 4792 in

416 4820 511 4885 pagina
529 4820 583 4880 est,
601 4816 700 4881 aliquot
715 4816 815 4868 litteras
833 4818 956 4881 (incertas
973 4817 1090 4883 quidem)
1109 4832 1169 4869 esse
1186 4820 1212 4869 in
1224 4821 1342 4883 margine
1355 4819 1501 4883 adscriptas
1515 4819 1617 4869 monuit
1628 4815 1745 4867 Kellerns

420 4907 507 4959 neque
525 4897 616 4944 tamen
633 4893 786 4944 desiderare
804 4907 834 4943 se
851 4892 945 4958 plenae
962 4892 1091 4944 formulae
1109 4895 1243 4956 (semestr.
1262 4908 1288 4960 p.
1307 4894 1375 4957 293.)
1392 4893 1474 4944 verba
1491 4907 1505 4942 a
1523 4905 1563 4944 rs.
1583 4918 1611 4928 -
1629 4891 1670 4940 27.
1685 4904 1746 4952 pro-

419 4969 480 5021 iore
495 4970 630 5034 Kayserus
649 4967 674 5031 (l.
693 4967 709 5019 l.
729 4980 755 5032 p.
769 4968 850 5027 otii:
866 4968 972 5031 probari
989 4968 1162 5019 ΤΡΒΟΗΚ.
1181 4969 1219 5020 ci.
1239 4969 1272 5019 ad
1290 4983 1315 5019 v.
1329 4968 1368 5019 48.
1384 4996 1409 5004 -
1429 4969 1471 5020 28.
1488 4969 1514 5017 oi
1530 4967 1562 5017 ob
1577 4979 1604 5016 se
1619 4965 1742 5015 BOHK:

420 5056 482 5096 arsa
498 5046 677 5109 superscripta
695 5042 780 5094 littera
799 5058 813 5090 ν
830 5045 869 5106 (ex
889 5044 1010 5108 opinione
1022 5042 1117 5094 Kelleri
1135 5045 1215 5094 etiam
1225 5044 1244 5105 ι)
1261 5045 1293 5105 T,
1311 5043 1337 5092 ut
1355 5044 1415 5106 (om.
1428 5043 1460 5092 ab
1471 5045 1502 5106 sc)
1520 5043 1548 5091 P.
1562 5067 1591 5076 -
1608 5040 1649 5089 29.
1666 5052 1745 5103 proe-

420 5121 490 5170 oorto
506 5120 564 5169 ΤΡ.
590 5145 618 5156 -
640 5119 860 5169 dommucensis
881 5119 909 5169 T.
930 5146 957 5154 —
982 5117 1023 5168 34.
1046 5119 1122 5180 nuno]
1148 5119 1285 5167 «Potuerit
1304 5119 1384 5168 etiam
1409 5131 1489 5179 nuper
1509 5114 1551 5167 vel
1572 5113 1657 5167 simile
1681 5116 1745 5181 quid

421 5194 549 5258 scriptum
566 5206 652 5245 csso.»
670 5193 746 5243 lists.
764 5220 793 5230 -
812 5194 852 5245 32.
870 5191 1004 5257 mutuam]
1017 5193 1052 5269 in
1069 5192 1197 5243 hacvoco
1208 5191 1405 5244 desinitiolium
1416 5193 1577 5244 Taurinense
1590 5192 1743 5256 septimum.

422 5278 451 5329 in
475 5277 529 5328 ima
548 5279 643 5343 pagina
667 5277 833 5333 dextrorsum
854 5277 950 5344 legitur
973 5260 1049 5358 {iil-1.
1076 5276 1124 5341 (ci.
1144 5277 1178 5329 nd
1195 5278 1220 5344 5.
1239 5278 1289 5344 28.)
1309 5280 1393 5343 rQuot
1408 5277 1452 5331 hic
1465 5275 1528 5329 lolia
1545 5275 1742 5345 desiderentur,
