4367 6109
448 550 511 623 462
819 556 862 621 ΙΝ
882 551 1051 619 VERREM
1071 547 1196 617 ACTIO
1220 545 1404 616 SECUNDA

447 733 515 794 tum
538 734 600 805 est,
626 730 666 792 'ut
691 726 886 791 laetarentur
911 742 1021 788 omnes
1043 742 1151 807 neque
1173 721 1241 787 ulla
1261 722 1495 788 animadversio
1518 721 1779 788 constitueretur:

446 824 500 888 hic
521 825 681 888 sociorum
702 819 866 884 ambustus
888 818 1038 882 incendio
1061 824 1167 881 tamen
1190 835 1231 880 ex
1251 816 1307 881 illa
1325 819 1453 880 flamma
1473 815 1683 901 periculoque
1705 837 1781 880 evo-

446 919 539 994 lavit,
561 933 666 1001 neque
688 913 794 977 adhuc
817 931 945 976 causam
967 911 1065 975 ullam
1081 911 1263 995 excogitare
1283 913 1406 996 potuit,
1428 911 1635 997 quamobrem
1651 911 1782 973 commi-

447 1014 524 1078 serit
544 1016 601 1076 aut
623 1008 700 1094 quid
716 1007 871 1081 evenerit,
893 1014 931 1070 ut
948 1006 982 1070 in
997 1012 1120 1070 tautum
1134 1005 1314 1090 periculum
1329 1007 1462 1070 veniret.
1485 1008 1557 1068 Non
1571 1005 1656 1068 enirn
1672 1012 1780 1089 potest

423 1107 569 1170 reicere:
592 1122 664 1168 cum
686 1101 877 1165 seditionem
899 1100 1011 1165 sedare
1026 1099 1157 1175 vellem,
1179 1119 1253 1163 cum
1266 1099 1462 1164 frumentum
1477 1101 1685 1184 imperarem,
1708 1120 1779 1164 cum

446 1197 641 1283 stipendium
663 1214 825 1278 cogerem,
859 1214 931 1257 cum
952 1193 1076 1279 aliquid
1100 1194 1239 1279 denique
1260 1195 1307 1257 rei
1329 1196 1476 1280 publicae
1499 1215 1596 1259 causa
1617 1215 1779 1278 gererem:

447 1290 535 1379 quod
556 1290 661 1355 acrius
682 1289 851 1374 imperavi,
875 1287 963 1374 quod
985 1287 1213 1364 animadverti,
1236 1291 1324 1376 quod
1348 1291 1486 1354 minatus
1509 1310 1608 1354 sum.»
1647 1290 1738 1365 Quae
1753 1291 1781 1354 si

448 1386 586 1461 diceret,
608 1391 714 1448 tamen
736 1384 859 1468 ignosci
881 1402 948 1447 nou
971 1389 1148 1467 oporteret,
1178 1384 1205 1447 si
1227 1385 1321 1448 nimis
1346 1385 1497 1449 auociter
1518 1384 1706 1469 imperando
1730 1405 1782 1448 so-

447 1480 506 1545 'ciis
533 1480 568 1544 in
594 1484 717 1544 tantum
745 1476 902 1543 adductus
930 1478 1109 1562 pericnlum
1131 1478 1301 1542 videretur.
1351 1480 1497 1543 xxvnl.
1520 1475 1572 1543 7t.
1594 1481 1686 1542 Nunc
1709 1498 1782 1543 cum

410 1576 517 1660 tuipse
540 1592 668 1651 causam
689 1572 777 1636 illius
799 1571 953 1636 tumultus
976 1592 1081 1658 neque
1096 1592 1203 1637 veram
1226 1573 1332 1638 dicere
1351 1594 1458 1661 neque
1473 1573 1585 1638 falsam
1601 1569 1781 1656 confingere

448 1669 580 1744 audeat,
602 1667 698 1730 homo
720 1672 827 1730 antem
850 1666 972 1730 ordinis
994 1667 1044 1730 sui
1067 1667 1318 1750 frugalissimus,
1340 1669 1396 1754 qui
1420 1677 1487 1732 tum
1502 1688 1657 1732 aecensus
1671 1667 1704 1732 C.
1720 1670 1782 1731 Nc-

447 1761 519 1825 roni
548 1759 626 1836 luit,
651 1762 685 1824 P.
708 1761 846 1836 Tettius,
874 1760 955 1824 haec
983 1761 1095 1824 eadem
1124 1781 1159 1825 se
1188 1763 1354 1847 Lampsaci
1383 1781 1538 1846 cognosse
1569 1762 1703 1836 dixerit,
1733 1761 1782 1824 vir

449 1854 597 1920 omnihus
618 1855 714 1919 rebus
736 1855 978 1930 ornatissimus,
1007 1854 1040 1919 C.
1062 1856 1179 1931 Varro,
1210 1857 1266 1942 qui
1288 1864 1355 1920 tum
1377 1857 1411 1919 in
1432 1857 1509 1920 Asia
1531 1855 1677 1920 tribunus
1699 1855 1782 1918 mili-

448 1958 518 2014 tum
538 1949 616 2025 fuit,
637 1948 717 2013 haec
741 1949 851 2012 eadem
873 1949 999 2033 ipsese
1022 1971 1064 2013 ex
1084 1948 1273 2014 Philodamo
1296 1950 1424 2015 audisse
1440 1950 1544 2014 dicat:
1567 1950 1702 2032 potestis
1725 1951 1782 2013 du-

413 2046 550 2109 ttbitare
572 2044 651 2131 quin
673 2045 769 2107 istum
789 2042 920 2106 fortuna
938 2064 1003 2108 nou
1024 2050 1088 2108 tam
1104 2044 1216 2108 exilio
1235 2046 1379 2129 periculo
1396 2046 1519 2128 eripere
1533 2045 1672 2108 voluerit
1685 2064 1783 2129 quam

449 2140 490 2204 ad
511 2146 651 2204 vestrum
672 2138 826 2203 iudicium
848 2140 1037 2202 reservaret
1072 2139 1142 2203 Nisi
1164 2160 1240 2203 vcro
1262 2139 1343 2202 illud
1366 2140 1465 2215 dicet,
1488 2139 1575 2224 quod
1591 2146 1624 2202 et
1637 2138 1671 2201 in
1686 2139 1782 2202 Tettii

449 2233 635 2300 testimonio
658 2233 765 2316 priore
787 2232 913 2297 actione
934 2231 1151 2316 interpellarit
1167 2233 1379 2298 Hortensius:
1403 2231 1478 2318 (quo
1494 2240 1637 2318 tempore
1653 2233 1781 2318 quidem

451 2328 533 2412 signi
555 2326 632 2392 satis
655 2325 759 2400 dedit,
782 2325 810 2389 si
832 2325 1025 2410 quidesse,
1050 2326 1137 2411 quod
1156 2334 1266 2412 posset
1280 2328 1404 2403 dicere,
1426 2348 1460 2391 se
1475 2334 1581 2391 tacere
1595 2347 1662 2391 non
1676 2348 1783 2413 posse,

450 2431 503 2499 ut,
526 2441 622 2507 quam
636 2421 692 2484 diu
715 2421 814 2484 tacuit
835 2420 870 2484 in
892 2420 1005 2483 ceteris
1027 2421 1177 2496 testibus,
1201 2421 1283 2485 scire
1298 2441 1410 2486 omnes
1424 2442 1609 2507 possemus,
1632 2422 1712 2485 nihil
1726 2422 1783 2485 ha·

412 2516 559 2581 rubuisse
584 2515 671 2600 quod
695 2511 841 2596 dicerem)
863 2514 925 2577 hoc
945 2521 1014 2578 tum
1036 2515 1134 2591 dixit,
1156 2514 1377 2580 Philodamum
1392 2513 1538 2580 etlilium
1553 2517 1622 2580 eius
1637 2536 1656 2578 a
1672 2516 1706 2581 C.
1720 2518 1783 2579 Ne·

451 2631 530 2674 rone
564 2629 633 2672 esse
668 2609 844 2672 damnatos.
889 2605 940 2672 72.
974 2610 1020 2672 De
1043 2629 1108 2693 quo
1132 2630 1173 2674 ne
1195 2609 1329 2673 multum
1351 2611 1520 2685 disseram,
1553 2618 1678 2674 tantum
1700 2610 1782 2686 dico,

451 2713 595 2770 secutum
624 2703 658 2766 id
687 2723 757 2766 esse
778 2705 937 2767 Neronem
959 2711 992 2767 et
1016 2703 1085 2766 eins
1109 2703 1293 2779 consilium,
1323 2705 1411 2789 quod
1434 2704 1617 2768 Cornelium
1638 2703 1782 2766 lictorem

452 2799 593 2863 occisum
615 2818 685 2861 esse
708 2804 884 2861 constaret:
911 2806 1040 2882 putasse
1063 2819 1130 2861 non
1152 2807 1301 2882 oportere
1324 2820 1394 2862 esse
1416 2800 1565 2883 cuiquam
1586 2819 1627 2861 ne
1649 2797 1684 2859 in
1704 2796 1783 2859 ulci-

451 2892 570 2958 scenda
591 2891 720 2975 quidem
742 2891 859 2955 iniuria
882 2892 1023 2957 hominis
1046 2893 1213 2956 occidendi
1235 2900 1435 2976 potestatem.
1468 2895 1504 2956 ln
1527 2911 1592 2977 qno
1614 2892 1708 2955 video
1722 2893 1784 2954 Nc·

412 2987 539 3052 turonis
569 2985 689 3049 iudicio
720 3002 787 3048 non
818 2994 848 3049 te
877 2986 1059 3051 absolutum
1082 3007 1152 3050 csse
1179 2988 1408 3072 improbitatis,
1442 2988 1497 3052 sed
1521 2988 1594 3050 illos
1617 2985 1783 3048 damnatos

451 3102 521 3146 esse
538 3080 654 3144 caedis.
675 3082 795 3144 Verum
809 3081 872 3146 ista
886 3082 1047 3145 damnatio
1063 3087 1169 3144 tamen
1184 3081 1275 3145 cuius
1295 3084 1380 3146 modi
1395 3082 1479 3146 luitt
1502 3080 1629 3156 Audite,
1652 3100 1783 3165 quaeso,

449 3177 588 3250 iudices,
617 3180 650 3237 et
677 3175 852 3260 aliquando
884 3175 1077 3239 miseremini
1109 3176 1270 3238 sociorum
1299 3184 1331 3239 ct
1353 3177 1511 3240 ostendite
1533 3175 1655 3259 aliquid
1677 3174 1727 3238 hie
1749 3176 1783 3238 in

449 3276 555 3334 vestra
576 3265 638 3331 lide
661 3271 813 3353 praesidii
836 3290 907 3334 esse
929 3275 1087 3354 oportere.
1122 3270 1240 3332 xxix.
1264 3270 1359 3347 Quod
1382 3271 1441 3334 toti
1456 3270 1551 3333 Asiae
1573 3270 1642 3331 iure
1658 3269 1782 3334 occisus

449 3363 618 3426 videbatur
639 3363 731 3427 istius
752 3364 807 3426 ille
830 3363 927 3427 verbo
950 3365 1061 3439 lictor,
1091 3385 1125 3428 re
1155 3385 1230 3428 vera
1252 3365 1397 3428 minister
1419 3363 1671 3448 improbissimae
1693 3366 1783 3447 cupi-

412 3456 574 3531 ruditatis,
597 3457 760 3538 pertimuit
780 3458 841 3521 iste
870 3477 911 3520 ne
937 3457 1144 3521 Philodamus
1162 3459 1298 3522 Neronis
1320 3459 1440 3522 iudicio
1462 3458 1668 3521 liberaretur:
1692 3467 1783 3541 rogat

450 3559 482 3614 et
503 3557 574 3613 orat
594 3549 808 3626 Dolabellam,
838 3558 873 3613 ut
901 3551 941 3613 de
964 3571 1022 3614 sua
1050 3553 1215 3635 provincia
1237 3552 1386 3626 decedat,
1415 3552 1454 3615 ad
1477 3554 1636 3616 Neronem
1657 3551 1783 3636 prolici-

449 3653 575 3710 scatur:
609 3664 644 3707 se
666 3643 862 3709 demonstrat
884 3646 1078 3710 incolumem
1101 3668 1170 3710 esse
1193 3667 1257 3711 non
1280 3667 1392 3730 posse,
1418 3646 1444 3710 si
1466 3645 1653 3711 Philodamo
1675 3648 1782 3710 vivere

448 3745 545 3821 atque
567 3737 741 3821 aliquando
764 3741 896 3802 Romam
919 3741 1029 3803 venire
1051 3741 1204 3803 licuisset.
1249 3738 1300 3803 73.
1324 3741 1509 3804 Commotus
1531 3749 1580 3804 est
1599 3740 1781 3804 Dolabella:

447 3830 524 3895 lecit
545 3833 597 3907 id,
620 3829 707 3916 quod
730 3834 820 3896 multi
843 3833 1131 3916 reprehenderunt,
1154 3843 1189 3897 ut
1213 3835 1404 3910 exercitum,
1426 3835 1641 3918 provinciam,
1662 3836 1782 3899 bellum

409 3928 642 4012 oerelinqueret
664 3933 696 3989 et
716 3927 749 3990 in
773 3929 881 3992 Asiam
902 3928 1043 3992 hominis
1065 3928 1255 4012 nequissimi
1271 3948 1367 3992 causa
1383 3930 1415 3991 in
1430 3928 1568 3992 alienam
1583 3928 1782 4012 provinciam

448 4017 711 4106 proficisceretur.
751 4023 963 4106 Posteaquam
986 4022 1026 4085 ad
1047 4024 1207 4085 Neronem
1223 4025 1327 4099 venit,
1350 4024 1514 4087 contendit
1527 4024 1566 4086 ab
1582 4044 1639 4098 eo,
1661 4031 1696 4087 ut
1710 4024 1783 4087 Phi·
1837 4054 1839 4061 ·

449 4117 567 4180 lodami
591 4134 720 4178 oausam
743 4124 959 4199 cognosceret.
1003 4118 1141 4179 Venerat
1162 4118 1251 4199 ipse,
1274 4119 1329 4202 qui
1353 4124 1438 4181 esset
1458 4118 1492 4180 in
1508 4117 1643 4181 consilio
1666 4125 1697 4180 et
1718 4118 1783 4200 pri·

449 4231 519 4274 mus
542 4210 735 4274 seutentiam
757 4211 896 4275 diceret:
919 4211 1097 4274 adduxerat
1119 4212 1215 4274 etiam
1231 4211 1409 4294 praefectos
1425 4219 1457 4275 et
1471 4211 1616 4275 tribunos
1630 4211 1782 4276 militares

514 4455 555 4504 44.
578 4458 636 4504 tuuc
652 4451 802 4518 arrugia.
824 4480 851 4489 -
876 4455 916 4504 46.
937 4454 1027 4504 Tettius
1043 4453 1108 4504 dtt.;
1135 4455 1226 4504 Pettius
1241 4468 1259 4517 ς
1275 4455 1348 4504 Parr.
1365 4455 1385 4504 Α
1405 4456 1432 4504 ot
1449 4454 1485 4515 C;
1511 4456 1592 4505 Potius
1609 4455 1662 4515 Gt:
1688 4455 1784 4505 Pectius

447 4529 483 4580 GR
494 4529 523 4580 C.
542 4529 584 4579 Sic
603 4526 669 4579 inira
686 4528 794 4579 turbant
811 4527 889 4579 codd.
905 4557 932 4567 -
952 4529 992 4580 43.
1011 4529 1119 4580 ruditum
1135 4530 1250 4580 tribunus
1260 4531 1292 4580 Gt
1305 4530 1347 4592 25
1364 4532 1436 4580 Parr.
1449 4531 1478 4580 B.
1493 4531 1522 4582 C.
1538 4558 1565 4568 -
1585 4529 1625 4582 44.
1644 4531 1696 4594 lpse
1712 4531 1781 4582 coni.

446 4605 561 4656 Beneck.
580 4603 614 4654 ad
632 4617 672 4654 or.
690 4617 717 4669 p.
736 4602 786 4668 leg.
806 4603 892 4655 Manil.
911 4618 937 4670 p.
956 4606 1014 4656 rat.
1033 4607 1086 4670 ipso
1104 4606 1189 4657 Haase
1207 4604 1241 4655 nd
1258 4605 1329 4655 Reis.
1349 4619 1375 4655 n.
1395 4605 1451 4656 378.
1472 4630 1500 4642 -
1527 4605 1566 4655 46.
1587 4606 1656 4657 roua
1672 4611 1725 4656 test.
1745 4607 1777 4656 Gt

446 4682 489 4743 hg
505 4683 578 4731 Parr.
597 4680 692 4740 NCD,
713 4678 839 4744 amula:
866 4686 919 4730 test.
940 4681 965 4731 Τ.
985 4681 1033 4732 dtt.
1053 4683 1081 4731 0.
1104 4708 1130 4716 —
1158 4682 1197 4732 47.
1216 4686 1290 4743 temp.
1308 4681 1359 4743 ipse
1375 4681 1473 4744 widem
1490 4681 1535 4730 Gt.
1557 4705 1583 4716 —
1603 4680 1644 4730 49.
1662 4680 1741 4730 tacuit
1755 4681 1783 4730 tu

445 4757 533 4807 ceteris
549 4757 581 4806 Gt
594 4756 637 4819 ἲς
653 4757 726 4807 Parr.
745 4755 840 4817 acn,
860 4754 986 4819 Lgibltz
1008 4757 1086 4806 tacuit
1104 4769 1158 4806 om.
1176 4757 1224 4807 dtt.
1244 4756 1273 4807 0.
1294 4783 1321 4792 ·-
1340 4754 1440 4806 testibus
1455 4755 1562 4817 sace,
1581 4758 1637 4805 Par.
1658 4755 1692 4806 C:
1710 4754 1783 4806 robur

445 4831 512 4893 dtt.;
540 4832 662 4894 quamdiu
684 4831 711 4880 ia
732 4832 819 4880 ceteris
842 4830 915 4881 rebus
931 4832 1039 4881 tacuerit
1061 4831 1081 4881 0
1098 4833 1160 4895 post
1176 4833 1289 4896 Nauger.
1309 4858 1337 4866 -
1359 4831 1401 4881 20.
1420 4831 1462 4880 sed
1477 4830 1523 4880 hoc
1539 4831 1567 4880 l..
1586 4830 1616 4880 0.
1631 4857 1659 4864 —
1677 4830 1730 4880 eius
1743 4831 1779 4896 fit.

448 4907 497 4958 dtt.
515 4906 544 4956 0.
566 4933 593 4941 —
611 4906 652 4956 tl.
672 4905 778 4956 mauron
795 4903 880 4965 thg
902 4907 960 4956 Par.
980 4906 1013 4956 C:
1035 4907 1116 4956 mutto
1133 4906 1181 4956 dtt.
1201 4908 1229 4956 Ο.
1251 4935 1277 4943 -
1296 4906 1337 4958 63.
1356 4906 1467 4969 cuipiam
1484 4906 1570 4969 Lg293
1597 4906 1716 4968 cuiquem
1731 4904 1780 4957 dtt.

447 4983 623 5047 transponunt
640 4982 701 5032 ante
718 4981 830 5031 bominis.
847 5009 874 5019 -
893 4979 934 5030 64.
952 4981 1059 5031 Neronis
1075 4981 1167 5031 iudlcto
1184 4979 1236 5032 del.
1255 4982 1318 5032 Bak.
1337 4982 1371 5032 ad
1383 4983 1462 5045 Legg.
1480 4994 1507 5046 p.
1521 4982 1578 5031 ont.
1595 5007 1622 5016 -
1641 4981 1682 5031 26.
1701 4982 1783 5031 metus·

446 5056 514 5106 modi
523 5057 599 5120 Jtccrtt
609 5054 724 5107 Riotzius
736 5070 769 5106 er
782 5056 849 5121 egro
862 5058 890 5106 et
900 5055 932 5117 ll,
946 5057 991 5121 qui
1002 5057 1078 5118 suerit
1090 5056 1229 5121 praebent.
1242 5082 1270 5093 -
1283 5056 1324 5107 27.
1338 5058 1370 5106 iis
1381 5055 1479 5107 malim.
1498 5057 1579 5106 lissa.
1595 5082 1622 5092 -
1634 5056 1675 5107 28.
1689 5056 1783 5106 oretum

448 5145 497 5182 esse
514 5134 559 5183 Gt.
580 5161 606 5169 -
626 5132 668 5182 29.
686 5131 795 5198 reuera]
812 5145 869 5182 vere
886 5134 931 5182 Gt.
948 5160 973 5168 -
994 5134 1069 5196 trupr.
1082 5133 1217 5195 uoluptatis
1233 5134 1261 5182 L.
1280 5133 1306 5182 in
1323 5145 1405 5195 marg.
1421 5131 1493 5183 4684.
1514 5130 1595 5182 «Nihil
1608 5132 1780 5183 mutandum:

448 5205 576 5270 cupiditas
594 5208 666 5258 enlm
677 5205 839 5272 uoluptatem
859 5207 1000 5270 antecedit,
1019 5222 1088 5273 quac
1107 5210 1163 5258 tum
1180 5209 1273 5259 secuta
1292 5212 1405 5258 nonest.
1426 5208 1459 5258 cl.
1473 5207 1497 5272 ἕ.
1511 5208 1551 5258 67.
1565 5207 1623 5257 79·
1642 5210 1735 5259 Gausr.
1748 5208 1779 5259 11.

447 5309 475 5322 -
494 5279 534 5335 36.
555 5282 582 5332 ia
597 5282 691 5351 Arium]
711 5285 821 5350 propter
839 5281 1039 5335 collocationem
1056 5283 1124 5334 baec
1140 5283 1223 5335 verba
1242 5282 1275 5334 de
1292 5281 1380 5348 glossa
1398 5284 1524 5350 suspecta
1540 5280 1672 5335 videntur.
