4367 6109
797 558 871 622 cn.
892 557 1108 622 xm-xrv.
1135 553 1192 638 ss.
1214 551 1363 619 ars-sa
1676 552 1738 622 rao

413 727 542 793 dicante
567 747 610 791 ne
642 726 829 791 tenuissima
850 728 979 811 quidem
1001 727 1140 811 suspicio
1162 735 1310 811 acceptae
1331 727 1484 810 pecuniae
1506 727 1546 790 ob
1567 747 1634 791 rem
1656 727 1740 790 iudi·

413 823 548 887 candam
575 822 748 886 constituta
775 822 832 897 sit;
861 820 939 906 quid
968 823 1024 895 sit,
1053 820 1141 904 quod
1169 821 1295 884 iudiciis
1316 822 1358 884 ad
1379 820 1573 883 senatorium
1595 820 1739 884 ordinem

412 916 576 981 translatis
596 914 785 999 sublataque
806 915 919 1000 populi
941 916 1075 979 Romani
1099 916 1132 977 in
1155 934 1414 998 unumquemque
1428 922 1566 978 restrum
1583 923 1740 998 potestate

413 1010 454 1086 Q.
477 1010 621 1075 Calidius
649 1009 817 1073 damnatus
844 1010 961 1073 dixerit
991 1009 1122 1072 minoris
1151 1007 1211 1070 HS
1234 1009 1341 1072 tricies
1362 1009 1557 1091 praetorium
1578 1008 1739 1072 hominem

412 1105 549 1170 honeste
562 1125 629 1169 non
644 1124 740 1188 posse
754 1105 916 1178 damnari3
938 1104 1016 1187 qnid
1031 1103 1087 1175 sit,
1111 1103 1197 1185 quod
1212 1102 1245 1164 Ρ.
1260 1103 1415 1185 Septimio
1430 1111 1576 1167 senatore
1592 1104 1764 1168 damnatos

415 1199 454 1275 Q.
469 1199 641 1263 Hortensio
663 1206 809 1283 praetore
831 1201 871 1263 de
892 1198 1037 1283 pecuniis
1057 1195 1244 1278 repetundis
1259 1196 1299 1258 lis
1314 1198 1478 1261 aestimata
1492 1200 1585 1261 sileo
1601 1200 1740 1274 nomine,

416 1293 503 1376 qnod
526 1293 581 1356 ille
602 1293 644 1357 ob
665 1314 731 1356 rem
753 1293 956 1356 iudicandam
977 1292 1147 1376 pecuniam
1169 1292 1360 1374 accepisset3
1389 1289 1440 1355 39.
1464 1295 1551 1376 quod
1573 1296 1606 1356 in
1630 1294 1741 1357 (1.Ηο-

417 1386 546 1462 nennio,
569 1388 656 1471 qnod
678 1388 712 1449 in
736 1387 769 1450 C.
791 1387 945 1469 Popillio,
975 1385 1192 1460 senatoribus,
1222 1388 1277 1470 qui
1300 1388 1393 1450 ambo
1415 1390 1580 1472 peculatus
1602 1389 1741 1452 damnati

416 1489 505 1557 sunt,
535 1483 622 1565 qnod
650 1483 684 1544 in
711 1483 753 1544 Μ.
774 1481 887 1556 atilio,
919 1481 975 1564 qui
997 1482 1037 1543 de
1059 1480 1224 1543 maiestate
1246 1481 1411 1545 damnatus
1434 1492 1498 1556 est,
1526 1484 1589 1548 hoc
1611 1485 1740 1567 planum

414 1574 531 1639 fictum
560 1584 624 1652 est,
653 1596 708 1640 eos
735 1576 903 1658 pecuniam
933 1576 974 1637 ob
995 1596 1062 1638 rem
1080 1574 1284 1638 iudicandam
1305 1572 1483 1659 accepisse}
1511 1579 1598 1661 quod
1620 1577 1740 1642 inventi
1750 1591 1778 1636 to

416 1676 490 1732 sunt
512 1679 693 1745 senatores,
722 1671 778 1754 qui
802 1670 835 1733 C.
857 1671 955 1731 Verre
984 1678 1131 1753 praetore
1152 1669 1273 1730 urbano
1296 1670 1447 1732 sortiente
1470 1672 1593 1735 exirent
1612 1671 1646 1734 in
1668 1690 1740 1733 eum

415 1782 522 1839 reum,
544 1784 640 1849 quern
662 1765 823 1859 incognita
845 1784 942 1827 causa
964 1764 1227 1837 condemnarent3
1257 1761 1345 1846 quod
1365 1764 1514 1827 inventus
1536 1773 1585 1828 est
1605 1774 1741 1838 senator,

415 1858 472 1942 qui
501 1878 574 1921 cum
602 1860 701 1922 iudex
729 1867 828 1933 esset,
857 1860 889 1921 io
913 1859 1025 1921 eodem
1048 1857 1166 1919 iudicio
1189 1864 1221 1919 et
1246 1856 1285 1918 ab
1308 1877 1363 1920 reo
1385 1860 1553 1939 pecuniam
1575 1861 1741 1942 acciperet,

417 1972 515 2037 vam
547 1953 705 2017 iudicibus
739 1953 910 2028 divideret,
944 1960 976 2015 et
1007 1953 1046 2013 ab
1080 1959 1282 2024 accusatore,
1316 1960 1352 2013 ut
1385 1972 1473 2015 reum
1507 1952 1741 2016 condemnaret.

413 2043 467 2109 40.
495 2047 563 2110 lam
590 2066 666 2111 vero
688 2067 754 2131 qno
776 2047 872 2109 modo
895 2066 954 2128 ego
982 2045 1067 2108 illam
1090 2045 1210 2119 labem,
1239 2045 1447 2127 ignominiam
1469 2048 1780 2129 calamitatemqneu
1839 2056 1841 2062 '

414 2141 516 2204 totins
538 2142 660 2205 ordinis
673 2144 872 2224 conquerar?
894 2141 956 2203 boc
970 2139 1088 2202 laetum
1103 2159 1173 2201 esse
1188 2141 1222 2201 in
1236 2139 1297 2203 bae
1311 2141 1455 2217 civitate,
1478 2162 1550 2205 cum
1564 2139 1743 2204 senatorius

414 2235 495 2297 ordo
517 2235 687 2311 indiceret,
708 2242 745 2298 nt
766 2235 977 2299 discoloribus
1000 2234 1100 2316 signis
1122 2234 1297 2296 iuratorum
1313 2235 1480 2298 bominum
1495 2235 1671 2299 sententiae
1686 2252 1744 2296 uo·

415 2329 574 2391 tarenturl
614 2328 701 2392 Haec
730 2329 837 2392 omnia
863 2348 913 2390 me
936 2327 1104 2408 diligenter
1125 2346 1299 2410 severeque
1321 2336 1464 2390 acturum
1488 2350 1557 2392 esse
1579 2327 1744 2413 polliceor.

413 2421 499 2485 xlv.
523 2422 596 2498 Quo
624 2441 675 2485 me
704 2422 832 2485 tandem
860 2421 966 2484 animo
988 2420 1056 2483 lore
1078 2420 1215 2504 putatis,
1241 2420 1269 2483 si
1292 2422 1370 2504 quid
1392 2422 1426 2485 in
1446 2422 1509 2486 hoc
1530 2425 1601 2507 ipso
1623 2419 1743 2484 iudicio

414 2515 604 2580 intellexero
626 2517 722 2580 simili
744 2517 852 2600 aliqua
873 2515 997 2578 ratione
1020 2535 1090 2578 esse
1113 2514 1265 2577 violatum
1294 2522 1392 2598 atque
1415 2518 1641 2581 commissum?
1672 2529 1782 2579 comeo

415 2607 546 2691 planum
575 2608 681 2673 facere
703 2609 812 2672 multis
835 2609 968 2673 testibus
997 2609 1119 2691 possim
1142 2608 1176 2671 C.
1199 2611 1328 2673 Verrem
1356 2610 1389 2671 in
1419 2611 1528 2674 Sicilia
1555 2613 1664 2676 multis
1690 2631 1745 2674 au·
1851 2689 1853 2692 Ι

415 2700 578 2768 dientibns
607 2723 702 2787 saepe
732 2704 870 2777 dixisse,
902 2722 962 2765 use
983 2701 1101 2765 habere
1121 2703 1283 2765 hominem
1305 2711 1484 2787 potentem,
1517 2707 1607 2770 cuius
1629 2705 1746 2769 lidneia

415 2798 616 2883 provinciam
638 2797 808 2881 spoliaret;
831 2816 936 2879 neque
958 2795 1018 2858 sibi
1042 2795 1103 2858 soli
1124 2797 1292 2879 pecuniam
1315 2817 1482 2880 quaerere,
1505 2801 1561 2863 sed
1582 2802 1626 2863 ita
1649 2801 1747 2863 trien-

416 2893 505 2958 nium
526 2892 608 2956 illud
630 2899 797 2976 praeturae
820 2890 996 2954 Siciliensis
1018 2889 1221 2952 distributum
1244 2891 1376 2965 habere,
1398 2900 1435 2955 nt
1455 2913 1562 2956 secum
1583 2895 1745 2977 praeclare

416 3006 456 3069 ag
491 2987 626 3060 diceret,
657 2985 684 3049 si
705 2986 801 3048 unius
824 2985 897 3047 anni
924 2992 1091 3068 quaestum
1113 2984 1147 3045 in
1168 3003 1233 3045 rem
1256 3004 1346 3047 suam
1368 2996 1583 3063 converteret,
1611 2991 1783 3052 alterumue

416 3082 566 3165 patronis
588 3089 620 3144 et
642 3080 861 3143 defensoribus
884 3079 1035 3152 traderet,
1058 3079 1185 3141 tertium
1208 3078 1298 3140 illum
1321 3081 1514 3144 uberrimum
1529 3084 1747 3166 quaestuosis·

418 3178 599 3262 simumqne
629 3196 748 3240 annum
773 3183 875 3239 toturn
896 3174 1056 3236 indicibus
1077 3180 1283 3236 reservaret.»
1328 3169 1380 3236 dl.
1401 3175 1451 3237 Ex
1473 3195 1537 3258 quo
1559 3176 1637 3238 mihi
1658 3177 1747 3240 venit

417 3273 451 3335 in
472 3281 611 3337 mentem
632 3271 713 3334 illud
734 3270 857 3343 dicere,
881 3268 966 3352 quod
988 3266 1074 3349 apud
1096 3268 1146 3328 Μ’.
1164 3266 1368 3330 Glabrionem
1390 3288 1501 3351 nuper,
1523 3289 1595 3331 cum
1617 3270 1651 3332 in
1672 3271 1745 3332 reii-

417 3367 539 3430 ciendis
561 3365 720 3428 indicibus
744 3381 1055 3433 commemorassem,
1078 3360 1222 3423 intellexi
1237 3361 1441 3426 vehementer
1462 3362 1616 3446 populum
1631 3366 1745 3428 Roma-

416 3480 494 3525 num
515 3461 729 3524 commoveri:
751 3479 801 3522 me
823 3456 968 3521 arbitrari
979 3454 1072 3527 sore,
1095 3454 1141 3517 uti
1164 3454 1310 3517 nationes
1333 3463 1460 3519 exterae
1482 3457 1602 3539 legatos
1624 3461 1666 3523 ad
1687 3470 1782 3543 po·ao

417 3557 528 3639 pulum
549 3557 727 3619 Romanum
748 3554 924 3624 mitterent,
954 3557 989 3612 ut
1017 3548 1071 3610 lex
1092 3547 1132 3610 de
1154 3549 1298 3630 pecuniis
1321 3552 1505 3632 repetundis
1526 3554 1744 3639 iudiciumque

417 3651 599 3724 tolleretur;
622 3649 649 3714 si
675 3649 759 3711 enim
781 3647 899 3710 iudicia
921 3644 1010 3706 nulla
1031 3644 1110 3717 sint,
1140 3651 1262 3706 tantum
1283 3664 1545 3732 unumquemque
1565 3648 1744 3712 ablaturum

418 3752 546 3829 putant,
575 3750 729 3828 qnantum
760 3740 821 3803 sibi
843 3760 880 3802 ac
901 3737 1010 3801 liberis
1032 3736 1099 3798 suis
1121 3736 1198 3799 satis
1220 3757 1290 3800 esse
1313 3739 1502 3817 arbitretur;
1527 3761 1628 3817 nunc,
1657 3745 1745 3827 qnod

418 3838 578 3904 eiusmodi
598 3836 718 3901 iudicia
739 3835 818 3909 sint,
840 3839 962 3896 tuntum
984 3849 1245 3913 unumquemque
1259 3831 1398 3906 aniene,
1421 3842 1576 3917 qnantum
1590 3836 1667 3912 sibi,
1689 3858 1745 3920 pa·

419 3934 538 4010 nonis,
559 3930 736 4005 advocatis,
757 3926 913 4011 praetori,
935 3926 1095 3989 iudicibus
1118 3927 1194 3989 satis
1216 3926 1357 3990 futurum
1379 3929 1440 3991 sit:
1460 3929 1523 3993 boc
1537 3930 1680 4013 profecto
1696 3931 1782 3992 in-ss

420 4023 544 4091 dmunm
565 4045 656 4089 esse:
679 4045 714 4088 se
735 4022 911 4087 avarissimi
931 4021 1071 4084 bominis
1094 4020 1261 4103 cupiditati
1282 4022 1478 4087 satisfacere
1500 4044 1605 4107 posse,
1626 4044 1745 4088 noeen-

419 4122 535 4187 tisnmi
557 4120 710 4188 victoriae
730 4139 796 4183 non
817 4138 922 4201 posse.
965 4112 1017 4179 42.
1046 4115 1074 4179 Ο
1097 4118 1373 4180 commemoranda
1394 4118 1515 4182 indicia
1535 4119 1745 4202 praeclaram·

483 4441 509 4494 a.
530 4438 742 4518 semustae:
768 4441 882 4488 nostrum
903 4435 952 4486 att.
971 4437 1000 4485 0.
1021 4460 1048 4470 -
1075 4433 1101 4486 4.
1119 4435 1161 4485 ns
1176 4436 1260 4486 rasa
1276 4437 1314 4500 t:
1327 4423 1459 4499 as‘xx‘n
1476 4440 1515 4489 n:
1541 4438 1584 4489 ns
1599 4438 1667 4487 rur
1681 4439 1743 4501 agg.
1779 4489 1781 4493 .

421 4523 531 4592 atquae
549 4525 592 4576 413
606 4523 674 4576 ΧΧΧ
689 4523 772 4586 Lgt9;
790 4520 831 4572 HS
847 4520 915 4571 XXX
928 4518 1007 4569 codd.
1026 4517 1120 4583 pleriq.
1135 4547 1163 4555 -
1182 4521 1205 4570 6.
1221 4535 1248 4582 p.
1261 4535 1285 4570 r.
1299 4527 1418 4582 praetore
1429 4523 1474 4572 Gt.
1493 4551 1517 4559 -
1536 4523 1560 4574 8.
1578 4523 1672 4586 Popilio
1683 4523 1745 4572 042

420 4602 480 4666 bag.
497 4602 606 4667 praeter
621 4598 662 4651 lt.
682 4598 715 4649 ct.
734 4595 845 4648 Ellendt.
864 4595 898 4646 ad
916 4595 950 4645 de
968 4596 1037 4644 Orat.
1057 4593 1114 4644 Vol.
1132 4596 1163 4644 44.
1182 4607 1208 4656 p.
1227 4593 1270 4644 434
1290 4607 1331 4657 sq.
1347 4619 1375 4630 -
1395 4596 1435 4646 40.
1452 4596 1547 4658 suctum
1564 4598 1642 4647 stt--
1653 4595 1747 4647 locunt

420 4676 468 4726 alat
478 4676 547 4727 coni.
559 4674 621 4725 seb.
631 4672 709 4738 prob.
720 4670 847 4722 Wesenb.
861 4670 896 4720 ad
906 4672 974 4720 sest.
987 4681 1013 4732 p.
1024 4667 1077 4729 to,
1096 4669 1142 4730 qui
1154 4670 1234 4719 etiam
1246 4668 1311 4719 intra
1323 4671 1437 4721 insonus
1446 4674 1478 4721 stt
1488 4671 1612 4736 postulat,
1624 4672 1669 4723 ubi
1682 4673 1742 4722 Scb.

419 4755 529 4810 estom.;
549 4747 614 4800 «sed
631 4751 673 4799 est
688 4760 772 4798 unum
789 4760 822 4797 ex
838 4742 1002 4795 anacolutbis
1018 4740 1067 4791 illis
1084 4741 1307 4794 vereTulliaois.·
1325 4745 1370 4795 Or.
1391 4771 1418 4782 -
1438 4745 1477 4795 43.
1496 4751 1520 4796 et
1536 4747 1568 4796 ab
1584 4746 1636 4812 reo]
1654 4745 1686 4794 ab
1701 4757 1745 4794 reo

421 4825 480 4877 044
496 4826 559 4888 bgg.
577 4824 686 4889 praeter
701 4820 733 4873 44
750 4820 782 4871 ol.
801 4821 838 4871 st.
859 4844 886 4855 -
906 4817 946 4870 44,
964 4818 1139 4868 condemnet
1156 4818 1191 4868 03
1202 4832 1220 4880 ς
1231 4819 1316 4882 ngas:
1335 4821 1468 4872 domaret
1484 4822 1513 4871 0.
1529 4848 1556 4857 -
1575 4824 1616 4871 45.
1634 4834 1679 4884 epo
1690 4833 1743 4870 om.

420 4897 467 4950 ota
479 4900 509 4951 0.
522 4924 550 4935 -
570 4899 612 4949 40.
629 4898 688 4963 use]
705 4902 741 4948 est
751 4898 797 4947 Gt.
816 4894 917 4945 111th
933 4906 992 4955 aare,
1000 4906 1094 4963 paron,
1112 4899 1147 4944 est
1162 4895 1318 4959 saepissime
1334 4899 1446 4962 propter
1461 4898 1584 4947 notarum
1596 4893 1747 4944 similitudi-

421 4986 482 5025 nem
498 4973 705 5027 eonlundnntur.
726 4998 753 5008 -
772 4971 813 5020 40.
831 4971 929 5033 putetis
944 4970 964 5020 b
980 4969 1006 5019 iu
1024 4981 1108 5032 marg.
1127 4967 1200 5020 4084.
1218 4970 1321 5034 Zumpt.
1340 4970 1426 5022 Madv.
1445 4971 1478 5022 ud
1496 4971 1550 5021 Pin.
1568 4983 1595 5034 p.
1613 4968 1678 5018 273:
1699 4981 1748 5029 pu·

420 5049 474 5099 tetta
488 5049 569 5101 codd.
583 5049 613 5098 0.
628 5071 656 5085 -·
675 5047 716 5096 20.
735 5059 792 5096 eum
804 5045 911 5108 planum
927 5045 1006 5106 03ςε
1024 5057 1081 5092 man
1095 5043 1246 5107 praesertim
1259 5044 1295 5106 pl.
1314 5043 1362 5096 dtt.
1376 5048 1405 5097 0.
1426 5073 1454 5083 —
1471 5046 1513 5096 2³.
1531 5043 1682 5107 aspdlorct
1699 5042 1745 5102 Gt,

419 5121 881 5187 aa-aauotmouuaotag:
907 5121 954 5184 det.
973 5118 1087 5169 nesso.
1107 5118 1136 5170 0.
1156 5142 1185 5154 -
1207 5117 1576 5184 animemini.
1598 5142 1625 5152 -
1645 5116 1745 5167 &bau

420 5197 542 5250 danem
557 5198 607 5250 dtt.
619 5199 649 5251 0.
660 5226 688 5236 —
707 5198 748 5249 30.
763 5199 877 5262 praetori
888 5199 924 5248 Gt
940 5196 990 5247 Ld:
1010 5194 1137 5257 praem
1153 5195 1203 5254 Gt;
1218 5195 1378 5256 praetoribus
1393 5196 1451 5259 cll)
1468 5194 1502 5245 al.
1523 5218 1550 5232 -
1570 5194 1610 5245 36.
1628 5192 1750 5243 nocentis·

419 5273 476 5324 soa
491 5275 518 5338 s,
535 5273 625 5327 Madv.
643 5272 678 5328 de
693 5275 755 5330 Asc.
772 5275 841 5339 App,
860 5287 887 5338 p.
905 5272 945 5325 33.
964 5271 1012 5337 Op.
1030 5270 1050 5321 4.
1068 5282 1096 5336 p.
1109 5269 1153 5321 304
1171 5283 1177 5320 :
1192 5269 1380 5324 westanae
1395 5268 1474 5323 codd.
1489 5271 1518 5321 0.

461 5365 632 5432 ‘ml-ll.
1511 5361 1533 5427 a
