4367 6109
661 578 904 648 cmix-xa
925 580 981 668 ss.
997 579 1145 649 io-aa.
1169 581 1317 671 [v-vn.
1334 582 1460 672 o-sa.]
1654 584 1716 652 iso

484 752 532 817 Du
560 770 688 817 aarum
715 772 851 818 vmmro.
891 754 939 818 De
962 774 1063 819 nanno
1084 757 1322 820 Voconrorrrs.
1361 758 1409 820 Du
1432 777 1644 823 nrsrosmonr
1665 778 1717 824 m·

401 865 578 912 suanorum.

483 941 525 1004 X.
539 936 590 1004 El.
608 938 671 1026 [vl.
686 937 749 1025 to]
771 942 812 1005 st
824 941 885 1006 hoc
900 943 981 1007 Galli
997 951 1166 1028 negant.-
1176 944 1218 1007 At
1230 945 1308 1008 ratio
1322 964 1427 1009 rerum
1442 952 1474 1010 et
1488 947 1536 1010 ris
1550 967 1717 1031 argumen-

399 1042 503 1101 torum
525 1036 732 1118 coarguit-
753 1037 859 1099 Potest
879 1038 973 1120 igitur
995 1038 1127 1101 testibus
1148 1037 1245 1100 iudex
1266 1058 1331 1101 non
1353 1039 1502 1104 crederet
1523 1074 1565 1088 -
1588 1042 1716 1125 Cupidis

399 1137 432 1193 et
451 1129 538 1192 iratis
560 1135 592 1193 et
613 1129 779 1192 coniuratis
801 1136 833 1192 et
853 1132 892 1193 ab
912 1132 1062 1213 religione
1077 1131 1204 1193 remotis
1219 1150 1283 1194 non
1298 1131 1398 1195 solum
1413 1141 1529 1215 potest,
1552 1135 1607 1198 sed
1622 1137 1740 1200 etiams

399 1223 502 1287 debet.
535 1224 659 1286 Etenim
681 1224 724 1298 si,
746 1225 820 1307 quia
842 1223 924 1288 Galli
946 1224 1067 1299 dicunt,
1095 1223 1211 1285 idcirco
1233 1224 1275 1286 ld.
1296 1225 1446 1288 Fonteius
1467 1248 1586 1291 nocens
1609 1229 1717 1292 existi·

398 1317 532 1381 mandus
555 1325 618 1391 est,
641 1317 717 1400 quid
739 1316 814 1379 mihi
836 1338 915 1401 opus
937 1324 985 1380 est
998 1318 1139 1400 sapiente
1155 1316 1284 1380 iudicet
1307 1318 1384 1401 quid
1399 1337 1503 1403 aequo
1518 1325 1716 1407 quaesitore?

401 1410 477 1494 quid
500 1417 621 1474 oratore
643 1429 709 1473 non
731 1410 849 1473 stultot
871 1411 982 1474 dicunt
1003 1411 1087 1473 enim
1109 1408 1210 1472 Galli:
1233 1430 1348 1492 negare
1369 1431 1433 1474 non
1454 1434 1628 1495 possumus.
1657 1416 1717 1479 llic

399 1507 425 1568 si
454 1503 611 1586 ingeniosi
642 1511 673 1566 et
700 1503 790 1586 periti
820 1510 851 1566 et
875 1504 969 1588 aequi
998 1502 1113 1566 iudicis
1142 1502 1200 1566 has
1221 1512 1324 1586 partes
1347 1525 1417 1567 osse
1438 1507 1639 1584 existimatis,
1666 1516 1716 1584 ut,

399 1598 548 1681 quoniam
572 1596 700 1680 quidem
721 1590 819 1660 testes
841 1598 961 1671 dicunt,
984 1597 1053 1659 sine
1074 1595 1141 1659 ulla
1162 1595 1357 1660 dubitatione
1372 1599 1561 1663 credendum
1583 1604 1638 1678 sit,
1661 1604 1753 1668 Saso

397 1692 447 1754 lus
473 1692 541 1774 ipsa
569 1692 705 1754 virorum
736 1690 860 1753 tortium
887 1690 1098 1755 innocentiam
1126 1691 1205 1752 tueri
1235 1710 1298 1753 non
1329 1699 1451 1774 potest:
1479 1694 1527 1756 sin
1558 1696 1717 1758 antemio

397 1786 492 1849 rebus
524 1784 697 1847 iudicandis
726 1804 790 1847 non
821 1785 982 1849 minimam
1004 1791 1125 1866 partem
1147 1784 1303 1848 adunam
1330 1805 1487 1870 quamque
1513 1808 1579 1849 rem
1609 1788 1717 1850 existi·

399 1879 544 1942 mandam
573 1885 794 1962 momentoque
821 1899 878 1941 suo
906 1878 1139 1963 ponderandam
1168 1879 1355 1960 sapientiam
1376 1879 1510 1955 iudicis,
1541 1880 1644 1942 videte
1676 1900 1717 1944 ne

401 1972 503 2034 multo
523 1979 643 2035 vestrae
666 1973 799 2036 maiores
820 1975 1044 2058 gravioresque
1072 1977 1177 2054 partes
1199 1973 1262 2035 sint
1281 1971 1320 2034 ad
1344 1974 1539 2055 cogitandum
1563 1991 1655 2055 quam
1676 1974 1717 2036 ad

406 2064 572 2129 dicendum
603 2084 700 2128 meae.
743 2063 794 2128 22.
819 2062 893 2150 [li]
915 2068 993 2130 Mihi
1016 2067 1098 2129 enim
1122 2085 1245 2147 semper
1264 2086 1327 2128 una
1350 2086 1476 2150 quaque
1505 2066 1545 2129 de
1572 2086 1608 2129 re
1629 2068 1754 2134 testisso

401 2180 465 2223 non
487 2159 589 2222 solum
611 2159 726 2234 semol,
755 2176 865 2223 rerum
888 2162 980 2224 etiam
1002 2160 1137 2222 breviter
1157 2158 1394 2241 interrogandus
1416 2167 1477 2235 est,
1508 2180 1601 2243 saepe
1622 2161 1717 2225 etiam

401 2273 466 2317 non
496 2252 751 2334 interrogandus,
780 2273 821 2317 ne
850 2263 903 2317 aut
928 2254 1008 2317 irato
1031 2254 1161 2317 facultas
1183 2252 1224 2316 ad
1245 2252 1411 2316 dicendum
1433 2253 1505 2317 data
1525 2263 1581 2318 aut
1600 2252 1717 2338 cupido

402 2346 571 2411 auctoritas
600 2346 747 2409 attributa
776 2366 845 2410 esse
872 2347 1023 2412 rideatur.
1065 2349 1130 2409 Vos
1159 2353 1189 2409 et
1217 2347 1343 2428 saepius
1365 2347 1496 2410 eandem
1518 2368 1582 2411 rem
1603 2347 1717 2410 animis

402 2441 518 2522 agitare
546 2445 577 2502 et
606 2439 724 2503 diutius
745 2460 810 2503 uno
833 2441 872 2503 de
894 2447 973 2504 teste
995 2442 1132 2523 cogitare
1153 2441 1285 2523 potestis
1307 2446 1354 2515 et,
1380 2441 1407 2503 si
1428 2460 1522 2524 quem
1542 2463 1601 2506 nos
1621 2443 1718 2505 inter-

402 2550 512 2615 rogare
541 2532 715 2607 noluimus,
749 2554 829 2618 quae
860 2555 953 2599 causa
980 2535 1071 2597 nobis
1100 2534 1223 2597 tacendi
1244 2533 1352 2609 tuerit,
1381 2534 1559 2600 existimare
1588 2535 1753 2603 debetis„

403 2627 505 2703 Quam
527 2627 568 2689 ob
590 2648 673 2703 rem,
696 2630 722 2692 si
742 2629 802 2692 hoc
824 2629 919 2692 iudici
941 2629 1163 2714 praescriptum
1185 2628 1254 2709 lege
1276 2633 1331 2690 aut
1350 2623 1452 2690 officio
1473 2631 1605 2710 putatis,
1630 2629 1718 2692 testi·

402 2720 462 2784 bus
484 2719 629 2796 credere,
656 2721 736 2784 nihil
759 2729 807 2785 est
827 2743 881 2785 cur
901 2723 982 2786 alius
1004 2722 1065 2785 alio
1089 2721 1193 2784 iudice
1214 2721 1400 2784 meliorant
1421 2723 1590 2804 sapientior
1611 2722 1717 2785 existi-

403 2821 527 2880 meturz
548 2834 646 2878 unum
669 2823 717 2878 est
739 2818 821 2879 enim
843 2824 875 2879 et
896 2816 1030 2899 simplex
1045 2815 1165 2878 aurium
1180 2815 1350 2889 iudicium,
1372 2821 1405 2877 et
1417 2817 1572 2896 promisce
1587 2822 1620 2878 ct
1633 2835 1717 2879 com·

402 2909 538 2974 munitet
559 2909 662 2972 stultis
684 2929 720 2972 ac
742 2910 937 2993 sapientibus
959 2911 997 2973 ab
1020 2917 1130 2972 natura
1143 2908 1261 2971 datum.
1290 2904 1340 2969 23.
1358 2903 1432 2992 [l3.]
1456 2908 1541 2984 Quid
1555 2915 1602 2972 est
1615 2909 1717 2990 igitur,

402 3004 457 3066 ubi
480 3004 602 3066 elucere
624 3005 722 3086 possit
742 3003 932 3086 prudentia?
953 3004 1006 3066 ubi
1029 3003 1164 3066 discerni
1187 3003 1298 3066 stultus
1319 3002 1445 3065 auditor
1466 3010 1498 3065 et
1511 3002 1656 3066 credulus
1676 3004 1754 3073 ahsa

403 3098 553 3180 religioso
577 3104 608 3160 et
629 3098 762 3178 sapienti
783 3098 912 3160 iudicet
945 3097 1098 3159 Nimirum
1120 3096 1215 3171 illud,
1236 3096 1270 3158 in
1286 3116 1349 3180 quo
1371 3115 1408 3158 ea
1431 3116 1511 3180 quae
1533 3096 1678 3159 dicuntur
1697 3117 1717 3162 a

402 3191 534 3255 testibus
557 3192 753 3254 coniecturae
776 3198 808 3254 et
830 3193 1009 3274 cogitationi
1030 3189 1210 3264 traduntur,
1239 3197 1355 3274 quamn
1376 3190 1573 3264 auctoritate,
1602 3198 1717 3274 quanta

403 3285 499 3349 animi
520 3285 693 3368 aequitate,
722 3293 838 3368 quanto
860 3284 995 3368 pudore,
1028 3291 1145 3369 quanta
1167 3280 1243 3357 fide,
1273 3289 1389 3366 quanta
1409 3283 1576 3365 religione,
1599 3292 1717 3368 quomo

406 3378 509 3442 studio
539 3379 775 3442 existimationis
804 3379 924 3453 bonae,
953 3385 1069 3462 quanta
1091 3396 1178 3452 cura,
1208 3384 1325 3459 quanto
1347 3377 1457 3440 timore
1478 3376 1629 3441 dicanmr.
1660 3376 1716 3439 Xl.

405 3467 497 3557 [vlt]
529 3473 579 3534 An
609 3491 683 3535 vero
712 3492 769 3535 ros
796 3472 828 3535 id
859 3473 892 3534 in
912 3471 1099 3536 testimoniis
1119 3470 1280 3533 hominum
1302 3469 1502 3533 barbarorum
1524 3469 1752 3544 dubitabitis„

405 3566 490 3654 quod
522 3586 673 3652 persaepe
704 3573 736 3629 et
763 3572 871 3630 nostra
900 3573 932 3629 et
960 3573 1082 3651 patrum
1110 3565 1259 3628 memoria
1286 3563 1507 3648 sapientissimi
1531 3562 1653 3626 iudices
1676 3563 1716 3625 de

468 3784 492 3834 4.
511 3782 557 3833 DE
573 3780 708 3832 CltllthE
723 3780 785 3846 cet]
806 3781 882 3832 siloc
898 3779 1032 3845 quomodo
1049 3777 1232 3843 accipiendum
1249 3778 1295 3838 sit,
1319 3776 1398 3828 docet
1413 3776 1488 3828 Nieb.
1506 3789 1534 3841 p.
1551 3775 1593 3828 44.
1611 3789 1626 3826 e
1643 3774 1717 3826 Plinii

403 3857 481 3922 Epist.
499 3858 518 3908 l.
536 3855 578 3914 2⁰,
596 3857 621 3906 7.
648 3857 732 3908 Duum
752 3857 842 3907 tamen
858 3855 968 3906 dubium
988 3855 1050 3906 mihi
1068 3857 1159 3905 movet
1176 3853 1351 3915 fragmentum
1367 3850 1430 3902 illud
1446 3851 1480 3903 ab
1497 3854 1635 3903 Ammiano
1650 3853 1718 3902 llar-

404 3931 498 3985 ccllino
519 3933 667 3993 servatum,
692 3932 763 3996 quod
785 3945 800 3982 e
817 3931 875 3983 loco
892 3932 936 3982 hic
952 3929 1089 3995 deperdito
1107 3929 1141 3980 de
1157 3928 1266 3978 crimine
1283 3927 1384 3978 vitiano
1400 3925 1571 3991 desumptum
1587 3939 1647 3977 esse
1664 3927 1719 3978 iam

403 4010 551 4073 Wagnerus
568 4007 695 4058 censuit.»
713 4008 812 4057 Onnum.
839 4010 871 4058 st
892 4009 995 4072 poterat
1015 4005 1098 4056 breve
1121 4002 1183 4054 illud
1200 4002 1374 4065 fragmentum
1390 4003 1470 4052 etiam
1486 4003 1512 4052 in
1528 4000 1579 4051 alia
1594 4001 1718 4052 orationis

404 4085 480 4148 parte
496 4080 584 4132 locum
600 4078 709 4130 habere.
721 4106 749 4117 -
761 4082 808 4132 DE
824 4083 927 4133 DELLD
943 4079 1166 4132 conticuisti.
1185 4077 1242 4142 (DE
1256 4077 1359 4128 DELLD
1377 4077 1437 4127 .V0.
1450 4076 1633 4127 conuentu
1643 4075 1678 4138 S.)
1688 4101 1716 4112 -

405 4157 429 4208 3.
448 4157 482 4206 ad
497 4157 542 4206 too
557 4154 589 4205 V.
609 4181 636 4190 -
656 4159 683 4204 ot
698 4155 774 4221 ratio]
791 4157 857 4206 atrio
873 4156 896 4205 V
911 4158 980 4207 teste
997 4157 1082 4207 Garat.
1101 4181 1128 4189 —
1147 4151 1172 4204 4.
1191 4152 1296 4216 coargui
1308 4156 1395 4213 potest.
1419 4151 1500 4215 Igitur
1515 4150 1612 4200 ustibus
1626 4150 1719 4200 induas

405 4232 436 4293 S,
455 4231 500 4295 qui
518 4228 614 4280 deinde
631 4229 725 4282 habet:
743 4245 794 4280 noo
809 4231 888 4281 solum
900 4231 1001 4293 potestte
1015 4231 1057 4280 sed
1072 4230 1147 4280 ctiam
1158 4226 1254 4277 debetis
1268 4252 1296 4261 —
1315 4226 1339 4275 6.
1352 4225 1453 4287 potos:
1471 4238 1522 4286 pao
1532 4224 1563 4274 V.
1578 4250 1605 4261 —
1623 4225 1648 4274 7.
1661 4236 1719 4285 poa

404 4305 739 4369 massmanni.
760 4305 986 4356 -9.iodieosv.
1007 4300 1448 4366 -utupotoomluepoiooma
1469 4299 1718 4350 -t0.Sotorllo-

334 4416 339 4429 .
405 4383 540 4432 tomanus:
563 4380 631 4430 soler
647 4379 707 4430 edd.
726 4381 836 4443 pn'orcs.
857 4408 884 4417 -
909 4382 950 4430 ts.
968 4390 1161 4442 unumquenque
1177 4377 1203 4427 S.
1222 4403 1251 4414 -
1269 4376 1462 4426 wistimoodom
1477 4374 1513 4424 V:
1537 4373 1719 4423 destinandam

405 4458 431 4506 S.
455 4458 554 4505 Locum
571 4468 624 4507 non
642 4456 724 4518 tetigit
740 4454 805 4506 liud.
818 4456 981 4518 Dietschius,
1000 4457 1044 4520 qui
1062 4456 1086 4505 in
1099 4454 1212 4505 opsono.
1230 4452 1296 4502 citt.
1314 4451 1405 4501 insat.
1417 4450 1471 4514 lup.
1491 4450 1630 4512 (Grimmae
1643 4447 1716 4499 taso.

404 4545 432 4598 p.
450 4531 482 4581 28
499 4531 568 4596 sqq.)
591 4531 625 4581 de
648 4530 794 4582 differentia
811 4532 955 4582 verborum
972 4531 1121 4581 osstimondi
1136 4530 1164 4578 et
1182 4528 1339 4577 monadi
1356 4523 1502 4577 luculenter
1517 4523 1667 4587 disputavit.
1687 4549 1715 4558 -

405 4606 445 4657 43.
464 4606 611 4668 sapientiam
627 4606 715 4656 44444443
728 4607 806 4656 videto
821 4604 860 4670 na]
877 4606 1025 4669 sapientiam
1039 4605 1128 4653 iudicis
1143 4602 1221 4660 oall;
1239 4601 1361 4665 supientia
1376 4601 1464 4650 iudeis
1480 4603 1543 4648 tow
1558 4596 1644 4646 aoso
1662 4594 1718 4658 (sed

405 4682 449 4732 hic
465 4681 536 4745 oool;
554 4682 678 4744 sapientia
693 4682 781 4731 iudicis
796 4686 875 4732 tenet:
891 4682 969 4732 uidete
982 4692 1013 4729 no
1024 4679 1090 4729 coni.
1104 4679 1227 4727 Faernus.
1245 4679 1279 4727 At
1294 4674 1389 4727 sutflclt
1404 4671 1616 4738 supplementum
1627 4670 1718 4728 videtu

406 4756 441 4807 ad
456 4756 539 4808 sorba
555 4758 593 4807 sio
604 4770 701 4806 --uoa
716 4757 846 4807 minimam
858 4762 958 4820 portem
973 4756 1007 4805 od
1022 4767 1101 4803 onom
1116 4764 1239 4815 pomoque
1253 4763 1307 4801 roan
1317 4748 1552 4812 --pondorondom
1572 4743 1720 4807 sapientiam

405 4833 495 4882 iudicia
514 4845 547 4883 er
567 4830 748 4896 superioribus
763 4845 813 4882 osso
829 4831 975 4882 mammis
990 4827 1165 4893 repetendum
1181 4827 1231 4876 est.
1251 4852 1280 4862 -
1297 4825 1346 4874 siat
1363 4824 1396 4873 V:
1414 4828 1471 4872 rosit
1486 4823 1542 4872 SO.
1559 4820 1597 4870 Ex
1613 4819 1664 4868 huo
1679 4815 1719 4867 le-

407 4908 493 4957 ctione
510 4908 625 4958 Fatrnus
642 4910 814 4971 perspexerat
827 4908 906 4957 videto
921 4907 948 4955 in
965 4904 1042 4957 codd.
1061 4902 1235 4953 intercidisse.
1255 4924 1282 4936 -
1301 4899 1342 4950 46.
1360 4903 1395 4949 oct
1410 4910 1484 4960 coepe
1499 4895 1585 4946 illota:
1610 4899 1633 4943 ot
1648 4905 1720 4954 saepo

407 4982 493 5033 vso.
512 4981 556 5047 (cat
571 4985 658 5031 intem
676 4985 699 5030 ot
715 4994 787 5044 coepe
803 4983 822 5032 Ι.
839 4995 873 5032 ex
889 4982 996 5033 Hotom.
1009 4979 1089 5041 coni.)
1109 5004 1136 5013 -
1154 4976 1195 5026 48.
1213 4974 1341 5025 adtritus
1357 4975 1387 5024 V.
1401 4998 1431 5010 -
1450 4973 1490 5023 49.
1507 4985 1557 5020 saro
1573 4969 1637 5019 VS:
1655 4979 1720 5017 mo-

408 5069 504 5120 puopoo
520 5056 562 5107 ed.
581 5055 692 5117 llervag.
712 5081 739 5090 -
758 5057 798 5107 2⁴.
816 5058 908 5108 iudices
924 5057 950 5107 S.
968 5081 995 5090 —
1013 5055 1053 5104 ἥ.
1071 5052 1195 5116 supienter
1210 5051 1268 5113 VS,
1287 5051 1358 5115 qnod
1375 5048 1447 5099 idem
1463 5048 1555 5097 vitium
1572 5045 1655 5096 estin
1672 5044 1721 5092 lta·

408 5129 509 5183 biriana
521 5129 544 5193 3.
558 5129 598 5180 32.
613 5158 640 5167 -
653 5130 694 5181 23.
705 5130 791 5196 unm]
809 5133 846 5182 tis
860 5145 938 5182 anun
949 5132 979 5180 V.
997 5127 1062 5179 Vide
1079 5141 1112 5178 ne
1122 5127 1275 5177 munem
1287 5138 1351 5176 esu:
1366 5137 1444 5174 mun
1460 5121 1629 5174 scribendum
1644 5120 1719 5169 sit.-

406 5206 528 5273 promisco
544 5204 605 5254 Vs:
620 5205 760 5269 promiscae
776 5207 805 5257 0.
824 5232 852 5242 -
870 5206 910 5256 26.
928 5203 1016 5269 iudico]
1033 5204 1085 5254 iud.
1104 5202 1201 5266 (sicil.
1215 5228 1243 5240 -
1260 5201 1302 5253 ti.
1319 5197 1521 5251 conioeorosv:
1540 5193 1719 5243 mixturas.

411 5306 439 5323 “
456 5279 603 5355 ⁶⁰8¹W¹⁰t0
618 5280 680 5342 Vs;
699 5282 812 5339 conexu
827 5281 998 5335 Hotomanus.
1017 5302 1044 5317 -
1064 5277 1106 5333 30.
1123 5276 1264 5332 dutitoldis
1278 5277 1306 5330 in
1320 5276 1345 5329 v
1360 5287 1452 5328 errore
1467 5272 1510 5326 bis
1526 5271 1654 5341 scriptum
1670 5269 1719 5323 est.
