4367 6109
946 808 1275 869 accusnrtortts

1092 961 1127 1010 tit

709 1101 1514 1185 &VERREM

846 1371 852 1383 ι
958 1297 1067 1348 LIBER
1089 1299 1262 1359 QUINTUS.

895 1457 959 1520 DE
999 1459 1318 1525 SUPPLICIIS.

1023 1656 1194 1670 —

515 1799 594 1851 Liber
614 1800 721 1864 quintus
742 1801 912 1853 verrinarum
934 1801 1028 1854 iisdem
1049 1803 1187 1856 codicibus
1209 1806 1373 1866 continetur,
1396 1820 1464 1873 quos
1480 1806 1515 1858 ad
1530 1804 1630 1858 librum
1647 1809 1779 1871 33334333

451 1875 727 1926 commemoravimus.
761 1875 926 1942 Palimpsesti
947 1877 1064 1928 Vaticani
1086 1879 1154 1931 haec
1175 1884 1265 1931 extant
1285 1881 1440 1944 1333333343.
1474 1883 1497 1944 4)
1520 1894 1579 1947 cap.
1596 1883 1714 1934 XXVlll.
1734 1883 1777 1933 rt.

446 1954 551 2013 propter
565 1949 630 2000 14333
645 1964 749 2000 causum
762 1979 789 1988 —
802 1950 826 2016 5.
843 1952 884 2001 14.
902 1952 1124 2017 crudelissimoque.
1158 1956 1182 2018 2)
1201 1969 1258 2021 cap.
1271 1957 1357 2008 XXXl.
1370 1957 1410 2007 80.
1429 1956 1577 2022 [praestlrtto
1591 1971 1681 2008 333333
1698 1958 1778 2008 etim

447 2026 545 2087 praedo
556 2052 583 2062 -
598 2026 694 2076 XXXll.
707 2027 749 2077 85.
770 2027 840 2087 4443,
859 2028 918 2089 putet
933 2029 999 2078 43433
1014 2033 1042 2077 tu
1052 2066 1076 2079 ..
1112 2029 1135 2093 0)
1155 2044 1213 2095 cap.
1226 2033 1335 2082 XXXVl.
1348 2033 1388 2084 94.
1400 2046 1489 2097 coprem
1506 2033 1582 2082 333344
1593 2059 1620 2070 -
1635 2031 1775 2083 XXXVlll.

450 2100 491 2151 00.
509 2100 634 2151 Siculosne
648 2101 749 2163 33414433,
775 2107 915 2152 aratorum.
951 2101 974 2163 4)
997 2116 1056 2167 cap.
1074 2104 1125 2155 XL.
1145 2105 1201 2156 404.
1225 2106 1397 2171 [dissentiam
1423 2108 1466 2170 qui
1487 2107 1552 2178 33133
1571 2134 1598 2144 -
1617 2108 1694 2158 XLll.
1714 2106 1775 2158 409.

450 2176 516 2226 dorm
535 2177 680 2238 reliquisses.
715 2178 738 2240 b)
757 2189 814 2241 cap.
832 2177 917 2229 XLIV.
937 2177 993 2230 444.
1011 2179 1058 2228 4343
1070 2185 1190 2241 praetore
1205 2182 1231 2231 ln
1247 2181 1297 2232 Sic.
1316 2207 1343 2217 -
1366 2182 1439 2233 XLV.
1458 2182 1514 2233 449.
1536 2185 1616 2246 Atque
1630 2183 1680 2247 ipsi
1696 2183 1778 2233 344333

450 2251 621 2303 &elucentem
656 2251 679 2316 6)
698 2263 756 2318 cap.
774 2251 848 2303 XLV.
867 2252 923 2304 tao.
942 2252 1125 2317 loquebantur?
1148 2269 1199 2305 non
1215 2269 1297 2307 333333
1314 2282 1341 2292 -
1360 2257 1411 2307 111.
1431 2257 1486 2307 436.
1506 2257 1542 2308 143
1556 2259 1583 2307 in
1600 2270 1676 2322 3333.
1696 2259 1725 2309 Ρ.
1743 2258 1774 2309 14.

448 2338 506 2378 curn
521 2326 573 2380 ttbt.

535 2605 559 2667 1.
582 2598 611 2666 4.
633 2604 758 2668 Nemini
780 2604 872 2669 rideo
889 2605 1019 2669 dubium
1035 2627 1120 2681 3333,
1142 2606 1278 2681 4344333,
1300 2607 1378 2690 quin
1393 2608 1590 2690 apertissime
1605 2607 1639 2671 C.
1654 2608 1774 2671 Verres

450 2701 485 2765 in
502 2699 608 2765 Sicilia
629 2718 717 2761 33333
737 2699 932 2783 3334333333
955 2701 1060 2764 omnia
1082 2707 1114 2763 et
1134 2701 1277 2785 privatim
1300 2708 1332 2765 34
1353 2701 1480 2784 publice
1502 2701 1645 2785 spoliarit
1663 2720 1775 2765 versa·

451 2802 565 2876 tueque
588 2791 719 2855 3443434
741 2793 891 2857 3113333
913 2794 1007 2858 modo
1028 2794 1198 2877 religione,
1220 2815 1327 2858 verum
1349 2796 1444 2858 etiam
1466 2794 1716 2859 dissimulatione
1737 2796 1774 2858 in

451 2887 537 2950 omni
560 2905 675 2968 333333
697 2886 821 2952 4333344
844 2898 940 2972 atque
965 2888 1147 2973 praedandi.
1191 2888 1253 2952 Sed
1277 2889 1432 2973 quaedam
1454 2889 1530 2952 mibi
1553 2886 1718 2972 3333344433
1739 2897 1776 2954 34

426 2981 608 3069 3333331333
630 2983 698 3045 3433
721 2981 864 3046 defensio
887 2984 1071 3057 ostenditur,
1094 2983 1144 3045 334
1167 3003 1259 3066 quem
1281 2981 1322 3044 ad
1343 2983 1471 3046 modum
1491 2984 1647 3058 resistam,
1668 2983 1773 3047 multo

450 3075 528 3142 mibi
548 3082 622 3139 ante
637 3083 702 3150 334,
724 3076 854 3152 4344333,
870 3077 1109 3160 providendum.
1135 3077 1181 3138 lta
1197 3077 1281 3139 enim
1296 3096 1388 3140 causa
1403 3078 1618 3149 constituitur,
1639 3078 1774 3160 provin·

451 3171 531 3234 ciam
553 3169 693 3234 Siciliam
714 3171 828 3234 virtute
850 3171 942 3235 istius
965 3179 996 3234 et
1016 3170 1176 3253 vigilantia
1198 3170 1349 3253 singulari
1368 3171 1471 3234 dubiis
1491 3170 1773 3257 formidolosisque

450 3265 643 3347 temporibus
676 3285 695 3326 3
726 3264 867 3347 fugitivis
900 3274 995 3349 atque
1027 3285 1046 3328 a
1077 3264 1154 3327 belli
1189 3264 1337 3348 periculis
1370 3273 1466 3328 tutam
1501 3286 1571 3329 esse
1603 3276 1772 3331 servatam.

450 3355 480 3421 2.
503 3359 586 3435 Quid
609 3379 715 3442 33333,
737 3360 880 3424 43443334
905 3381 968 3445 333
990 3359 1194 3423 accusationis
1217 3377 1305 3421 meae
1328 3360 1479 3438 rationem
1502 3361 1682 3423 3334333334
1706 3380 1773 3444 quo

414 3464 500 3518 tome
528 3457 671 3518 vertant
701 3453 740 3516 34
771 3474 879 3518 omnes
909 3457 992 3517 enim
1018 3475 1106 3517 meos
1134 3455 1267 3538 impetus
1296 3454 1385 3535 quasi
1415 3474 1521 3517 murus
1543 3455 1671 3538 quidam
1693 3455 1775 3519 boui

449 3570 565 3613 nomen
588 3549 788 3631 imperatoris
810 3551 986 3633 opponitur.
1021 3550 1102 3612 Novi
1124 3548 1244 3611 locum:
1267 3547 1377 3620 video,
1400 3548 1454 3610 ubi
1478 3568 1512 3611 se
1534 3550 1707 3611 iactaturus
1730 3550 1775 3612 sit

449 3645 647 3707 Hortensius.
681 3643 760 3706 Belli
781 3645 935 3726 pericula,
958 3651 1102 3726 tempora
1122 3644 1168 3705 rei
1191 3641 1343 3725 publicae,
1365 3641 1588 3725 imperatorum
1604 3644 1774 3725 penuriam

450 3737 719 3802 commemorabit:
743 3746 809 3800 tum
831 3738 1052 3820 deprecabitur
1073 3756 1092 3800 a
1113 3736 1217 3809 vobis,
1241 3742 1307 3797 tum
1329 3735 1423 3798 etium
1445 3755 1502 3818 pro
1525 3756 1582 3799 suo
1598 3738 1671 3800 ¹iure
1695 3758 1774 3802 333-

450 3832 575 3907 tendet,
596 3852 638 3895 33
659 3833 822 3915 patiamini
838 3832 933 3895 talem
954 3832 1176 3916 imperatorem
1198 3829 1318 3912 populo
1335 3830 1475 3893 Romano
1491 3830 1666 3894 Siculorum
1681 3832 1775 3895 testi-

412 3927 564 3991 semontis
587 3927 676 4011 eripi,
698 3946 738 3989 ne
761 3927 861 3989 obteri
882 3925 1006 3989 laudem
1022 3924 1256 4008 imperatoriam
1278 3923 1461 3986 criminibus
1482 3925 1631 3987 avaritiae
1652 3924 1773 3988 velitis.

450 4017 479 4082 3.
501 4021 570 4084 Non
592 4041 721 4105 possum
743 4019 958 4095 dissimulare,
979 4020 1119 4083 iudices:
1148 4022 1261 4093 timeo,
1282 4039 1322 4081 ne
1346 4019 1379 4080 C.
1401 4020 1515 4082 Verres
1537 4027 1666 4105 propter
1686 4019 1773 4084 hauc

451 4113 597 4177 eximiam
618 4114 765 4177 virtutem
786 4117 819 4178 43
841 4135 874 4176 33
890 4115 1016 4178 militari
1032 4115 1156 4190 omnia,
1179 4134 1259 4199 quae
1273 4113 1359 4187 fecit,
1383 4113 1511 4197 impune
1524 4114 1643 4177 fecerit.
1675 4113 1773 4177 Venit

450 4206 535 4271 enim
556 4206 635 4271 mibi
657 4208 691 4270 43
710 4216 863 4282 mentem,
885 4208 919 4270 in
935 4209 1053 4271 iudicio
1072 4208 1122 4272 Μ’.
1138 4208 1256 4291 Aquilii
1272 4213 1424 4291 quamum
1438 4208 1647 4281 auctoritatis,
1669 4227 1774 4290 3333-

449 4310 515 4366 tum
538 4302 687 4364 momenti
710 4303 811 4366 oratio
832 4304 874 4365 M.
895 4303 1023 4365 Antonii
1044 4303 1193 4366 babuisse
1216 4302 1393 4365 existimata
1414 4301 1470 4365 sit:
1495 4302 1570 4385 qui,
1591 4309 1626 4363 34
1647 4307 1715 4362 3334
1736 4299 1773 4362 43

411 4396 585 4461 mulcendo
606 4416 671 4458 333
693 4396 794 4459 solum
816 4398 956 4480 sapiens,
979 4398 1034 4460 sed
1057 4398 1151 4460 etiam
1173 4397 1278 4470 433443,
1301 4416 1396 4459 33333
1416 4415 1513 4481 prope
1535 4401 1679 4478 perorata
1700 4393 1773 4476 ipse

449 4489 581 4573 arripuit
611 4489 661 4552 Μ’.
688 4489 849 4572 Aquilium
879 4491 1104 4574 constituitque
1135 4491 1168 4553 in
1199 4498 1371 4573 conspectu
1400 4491 1540 4554 omnium
1568 4488 1772 4571 tunicamque

514 4739 650 4788 luscmrno
668 4746 804 4786 3333333333.
832 4733 903 4784 Liber
921 4735 970 4785 Vll.
990 4736 1055 4798 134;
1073 4735 1126 4785 Lib.
1145 4736 1195 4787 Vll.
1213 4740 1236 4785 34
1250 4734 1471 4796 3443331344Ἡ
1489 4734 1516 4783 43
1532 4731 1589 4783 3311.
1603 4734 1680 4796 lagg.
1693 4732 1776 4784 deest

449 4813 529 4865 iuscri
549 4813 593 4863 tio.

514 4826 548 4939 ii,
558 4887 675 4950 spoliaret
690 4888 719 4937 lt.
734 4913 761 4921 -
782 4886 806 4936 3.
825 4886 899 4934 otiam
916 4898 969 4935 om.
989 4885 1066 4948 1333.
1085 4885 1150 4935 4344.
1171 4913 1198 4922 -
1218 4886 1243 4935 b.
1262 4884 1368 4947 defensio
1384 4884 1437 4933 3433
1453 4881 1525 4934 463.
1545 4911 1572 4920 -
1592 4884 1616 4934 6.
1634 4883 1694 4933 mibi
1712 4889 1775 4936 ante

450 4969 485 5016 334
506 4965 558 5014 iud.
577 4964 597 5013 14
615 4961 679 5013 dett.
693 4961 786 5024 411343.
800 4961 846 5025 03.
860 4963 879 5010 l.
893 4974 919 5025 p.
933 4961 999 5023 3644.)
1013 4975 1018 5009 :
1038 4966 1096 5011 3343
1112 4966 1147 5010 334
1161 4962 1221 5011 mibi
1232 4962 1294 5024 (om.
1307 4960 1369 5021 434.)
1382 4960 1432 5018 G3;
1450 4961 1510 5009 mibi
1521 4966 1592 5020 3343,
1610 4960 1673 5020 iud„
1691 4962 1772 5011 3340.

451 5038 517 5088 -1,
535 5036 663 5087 4344331433
681 5037 733 5086 3433
749 5035 814 5085 dett.
829 5034 896 5085 0.-
916 5036 956 5084 40.
975 5037 1054 5084 omnis
1070 5037 1099 5087 14.
1115 5063 1142 5072 -
1161 5035 1201 5086 44.
1219 5035 1387 5098 pepulisti.
1403 5061 1430 5070 -
1450 5036 1489 5085 ts.
1507 5048 1538 5084 33
1555 5036 1606 5085 tas:
1625 5048 1684 5085 3333
1700 5034 1770 5085 4344.

450 5114 480 5163 0.
501 5139 528 5149 -
548 5111 587 5161 tt.
605 5113 663 5162 uiri.
681 5112 801 5161 cointium
818 5110 883 5160 4344.
902 5110 930 5159 0.
957 5110 996 5160 Cl.
1016 5111 1101 5160 Madv.
1119 5125 1145 5174 p.
1164 5111 1204 5161 411.
1232 5137 1258 5146 -
1284 5110 1324 5160 ts.
1342 5111 1369 5159 43
1385 5116 1489 5160 merrtem
1505 5111 1624 5160 iudicium
1640 5109 1718 5172 1349.
1739 5135 1769 5146 -

449 5186 504 5251 14.)
519 5187 555 5237 M.
568 5186 646 5237 codd.
660 5189 688 5236 et
704 5188 743 5237 stc
754 5187 890 5251 deinceps.
905 5211 932 5221 -
946 5185 1068 5250 43344414
1081 5189 1107 5236 34
1120 5187 1197 5250 4333.
1211 5186 1295 5249 (34343
1307 5183 1392 5247 aliast:
1410 5186 1511 5250 43344144
1523 5186 1551 5236 0.
1571 5186 1609 5236 Ci.
1621 5198 1647 5250 p.
1661 5184 1770 5244 Quinct.

451 5261 474 5328 5.
495 5262 518 5313 i.
537 5287 565 5298 ¹·
584 5261 625 5317 20·
643 5263 684 5314 3044
700 5267 723 5313 Oi
740 5262 788 5317 03·
