4367 6109
468 572 530 640 634
835 580 889 646 DE
910 580 1015 645 teda
1035 578 1215 645 AGRARIA
1234 577 1355 646 umen
1375 580 1414 644 II.

467 749 651 832 Pompeios,
673 749 836 812 Nuceriam
857 751 922 813 suis
944 748 1107 832 praesidiis
1129 749 1324 825 devincient3
1345 747 1495 812 Puteolos
1509 767 1600 823 vero,
1622 748 1678 832 qui
1697 767 1780 811 nunc

468 844 501 905 in
523 863 581 906 sua
601 849 757 928 potestate
777 849 866 917 sunt,
888 862 946 905 suo
967 844 1035 906 iure
1058 842 1263 926 libertateque
1284 849 1431 917 utuntur,
1453 849 1537 905 totos
1552 862 1636 905 novo
1660 841 1780 924 populo

467 943 561 1019 atque
582 935 768 999 adventiciis
790 935 888 1019 copiis
910 935 1118 1018 occupabunt.
1161 935 1293 997 XXXII.
1316 937 1405 998 Tunc
1425 934 1503 998 illud
1524 935 1674 998 vexillum
1693 934 1781 998 Cam-

467 1047 568 1111 panae
589 1029 748 1103 ooloniae,
775 1029 978 1091 vehementer
997 1028 1070 1090 huic
1093 1029 1225 1111 imperio
1248 1029 1434 1103 timendum,
1457 1028 1596 1112 Capuam
1617 1049 1636 1090 a
1657 1028 1781 1091 decem·

443 1122 541 1184 auris
562 1121 730 1184 inseretur:
759 1130 833 1185 tune
854 1130 961 1185 contra
987 1122 1068 1184 hanc
1089 1123 1237 1196 Romam,
1267 1142 1464 1185 communem
1486 1124 1617 1205 patriam
1640 1121 1781 1184 omnium

465 1221 623 1288 nostmm,
645 1214 699 1278 illa
720 1215 817 1278 altera
839 1216 936 1277 Roma
952 1224 1129 1299 quaeretur.
1172 1213 1222 1278 87.
1242 1217 1277 1277 Iu
1300 1215 1333 1277 id
1349 1215 1499 1300 oppidum
1513 1215 1655 1279 homines
1669 1213 1781 1276 nefarii

465 1329 530 1371 rem
552 1306 705 1392 publicam
728 1316 867 1372 nostram
890 1309 1057 1373 transferre
1080 1317 1245 1384 conantur,
1269 1328 1332 1392 quo
1352 1310 1384 1372 in
1399 1308 1517 1392 oppido
1532 1308 1668 1370 maiores
1682 1307 1781 1369 nostri

463 1402 583 1466 nullam
612 1403 738 1465 omnino
770 1422 835 1464 rem
864 1401 1019 1487 publicam
1043 1423 1112 1466 esse
1133 1403 1318 1477 voluerunt,
1349 1405 1404 1487 qui
1426 1410 1490 1465 tres
1511 1402 1612 1465 solum
1632 1400 1726 1463 urbes
1748 1400 1780 1461 iu

463 1497 555 1559 terris
577 1497 740 1570 omnibus,
769 1495 1007 1579 Karthaginem,
1030 1496 1230 1570 Corinthum,
1255 1497 1391 1581 Capuam
1413 1505 1589 1573 statuerunt
1608 1514 1702 1578 posse
1723 1493 1781 1556 im·

427 1591 543 1675 ⁴⁰perii
572 1590 755 1672 gravitatem
786 1610 822 1652 ac
850 1610 965 1652 nomen
988 1591 1153 1653 sustinere.
1195 1591 1305 1654 Deleta
1327 1591 1485 1673 Karthago
1507 1598 1571 1663 est,
1601 1587 1689 1671 quod
1711 1607 1780 1650 oum

462 1684 626 1748 hominum
648 1683 763 1767 copiis,
792 1692 858 1747 tum
887 1683 955 1766 ipsa
977 1692 1088 1747 natura
1110 1704 1146 1747 ac
1173 1684 1261 1758 loco,
1291 1686 1447 1747 succincta
1475 1683 1636 1767 portibus,
1663 1689 1781 1743 umato

464 1777 577 1852 muris,
600 1797 766 1841 excurrere
789 1798 828 1840 ex
843 1777 962 1852 Africa,
989 1778 1152 1839 imminere
1177 1773 1243 1860 [ita]
1267 1777 1520 1841 fructuosissimis
1542 1775 1652 1840 insulis
1673 1775 1781 1858 populi

462 1872 594 1934 Romani
613 1870 786 1934 videbatur.
823 1872 964 1935 Corinthi
986 1871 1152 1953 vestigium
1174 1871 1228 1933 vix
1253 1870 1396 1933 relictum
1418 1878 1476 1933 est.
1517 1872 1593 1933 Erat
1614 1869 1698 1931 enim
1723 1887 1781 1950 po·

464 1964 523 2028 sita
549 1966 583 2027 in
612 1965 763 2047 angustiis
785 1972 879 2049 atque
902 1966 934 2027 in
959 1964 1101 2028 faucibus
1124 1965 1271 2027 Graeciae
1294 1964 1355 2040 sic,
1382 1972 1417 2027 ut
1438 1972 1521 2028 terra
1541 1964 1676 2026 claustra
1696 1960 1780 2024 loeo·

428 2065 533 2122 tirum
554 2066 676 2122 teneret
698 2065 729 2121 et
751 2057 813 2121 duo
836 2058 933 2121 maria
954 2058 1089 2120 maxime
1105 2059 1298 2140 navigationi
1314 2058 1437 2121 diversa
1452 2078 1553 2142 paene
1568 2056 1780 2137 coniungeret,

464 2171 535 2215 eum
555 2153 699 2236 pertenui
721 2151 899 2215 discrimine
921 2158 1148 2236 separarentur.
1191 2151 1294 2225 Ilaec,
1324 2172 1405 2236 quae
1426 2152 1535 2235 procul
1557 2157 1646 2214 erant
1667 2167 1686 2211 a
1708 2168 1782 2211 oon·

464 2252 571 2328 spectu
597 2245 738 2327 imperii,
769 2265 832 2308 non
862 2245 964 2308 solum
987 2244 1182 2320 afflixerunt,
1212 2244 1268 2308 sed
1291 2245 1402 2319 etiam,
1431 2266 1471 2308 ne
1494 2245 1620 2328 quando
1642 2250 1781 2305 recreata

464 2358 633 2421 exsurgere
655 2347 750 2422 atque
773 2339 892 2421 erigere
915 2358 949 2401 se
971 2348 1115 2423 possent,
1144 2338 1302 2413 funditus,
1324 2349 1359 2403 ut
1380 2340 1466 2414 dlxi,
1488 2338 1693 2402 sustulerunt.
1730 2333 1781 2398 88.

463 2434 510 2495 De
526 2432 634 2515 Capua
654 2433 785 2495 multum
809 2439 858 2495 est
878 2440 910 2496 et
931 2432 985 2495 diu
1000 2433 1226 2496 consultatum:
1250 2440 1375 2497 exstant
1388 2434 1521 2508 litterae,
1544 2431 1700 2508 Quirites,
1722 2450 1782 2514 pu·

427 2526 581 2601 oblinam
603 2533 676 2589 sunt
696 2532 823 2590 senatus
845 2526 986 2590 consulta
999 2526 1171 2609 complura.
1195 2526 1377 2590 Statueruut
1396 2527 1541 2591 homines
1556 2527 1731 2609 sapientes,
1753 2525 1782 2588 si

463 2640 571 2704 agrum
595 2620 760 2702 Campanis
781 2619 989 2694 ademissent,
1021 2619 1234 2700 magistratus,
1267 2617 1448 2703 [senatum]
1479 2621 1639 2704 publicum
1662 2640 1704 2683 ex
1726 2618 1782 2682 illa

463 2715 541 2778 urbe
570 2713 731 2777 consilium
763 2712 977 2787 sustulissent,
1006 2712 1175 2794 imaginem
1196 2713 1242 2775 rei
1264 2714 1407 2797 publicae
1429 2714 1548 2777 nullam
1571 2714 1781 2797 reliquissent,

464 2807 542 2870 nihil
568 2807 635 2870 iore
663 2806 749 2890 quod
777 2806 914 2890 Capuam
942 2807 1133 2869 timeremus.
1176 2806 1286 2890 Itaque
1307 2807 1369 2869 hoc
1388 2808 1595 2892 perscriptum
1616 2809 1649 2870 in
1670 2826 1782 2870 monu-

464 2902 577 2964 mentis
603 2900 759 2965 veteribus
788 2899 969 2982 reperietis,
995 2905 1032 2962 ut
1060 2907 1146 2962 esset
1174 2899 1265 2973 urbs,
1296 2919 1451 2983 quaeres
1473 2920 1543 2975 eas,
1571 2902 1686 2984 quibus
1708 2920 1782 2983 ager

426 2996 641 3078 ”Campanus
675 2994 847 3067 coleretur,
880 2992 1080 3078 suppeditare
1108 2999 1232 3077 posset,
1264 3001 1298 3056 ut
1325 3000 1408 3057 esset
1435 2995 1521 3058 loeus
1546 2995 1780 3078 comportandis

464 3089 702 3173 condendisque
723 3086 894 3161 fructibus,
917 3095 952 3148 ut
973 3094 1110 3150 aratores
1132 3087 1216 3151 cultu
1237 3106 1383 3170 agrorum
1407 3087 1521 3151 defessi
1542 3089 1629 3151 urbis
1650 3087 1781 3151 domici·

462 3183 513 3246 liis
535 3189 712 3256 uterentur,
734 3181 849 3244 idcirco
871 3181 925 3244 illa
947 3181 1088 3244 aedificia
1109 3201 1174 3244 non
1195 3201 1265 3244 esse
1288 3181 1399 3244 deleta.
1427 3184 1575 3245 XXXIII.
1590 3181 1641 3246 89.
1656 3183 1780 3257 Videte,

464 3283 614 3361 quantum
645 3275 843 3338 intervallum
873 3276 913 3338 sit
941 3275 1139 3337 interiectum
1163 3275 1245 3338 inter
1265 3276 1417 3339 maiorum
1443 3284 1624 3341 nostrorum
1650 3276 1780 3339 consilia

463 3377 494 3432 et
514 3371 596 3432 inter
616 3370 748 3432 istorum
770 3369 929 3431 hominum
952 3369 1151 3431 dementiam.
1194 3368 1242 3431 Illi
1265 3369 1402 3452 Capuam
1424 3371 1656 3454 receptaculum
1678 3379 1780 3433 arato-

424 3473 547 3536 tornm,
575 3462 732 3526 nundinas
760 3463 964 3537 rusticorum,
995 3462 1107 3525 cellam
1133 3470 1230 3546 atque
1258 3463 1406 3527 horreum
1435 3461 1585 3547 Campani
1617 3465 1683 3547 agri
1711 3485 1780 3527 esse

339 3623 344 3633 ,
426 3612 432 3631 ,
462 3556 644 3620 voluerunt:
671 3557 704 3620 hi
732 3556 872 3641 expulsis
894 3558 1083 3629 aratoribus,
1113 3557 1221 3618 effusis
1243 3575 1278 3618 ac
1302 3555 1462 3639 dissipatis
1483 3557 1635 3621 fructibus
1657 3560 1779 3632 vestris,

462 3650 595 3713 eandem
624 3649 761 3732 Capuam
791 3649 897 3714 sedem
926 3671 1026 3714 nouae
1054 3650 1099 3712 rei
1126 3649 1269 3733 publicae
1298 3650 1507 3725 constituunt,
1535 3652 1651 3714 molem
1673 3659 1780 3713 contm

461 3751 599 3807 veterem
620 3763 686 3806 rem
708 3742 864 3827 publicam
887 3751 1076 3827 comparant.
1110 3742 1202 3820 Quod
1225 3744 1252 3805 si
1271 3742 1405 3806 maiores
1424 3744 1523 3807 nostri
1545 3746 1781 3809 existimassent

462 3857 651 3923 quemquam
672 3840 704 3900 in
725 3845 790 3902 tam
811 3838 926 3901 illustri
948 3837 1080 3921 imperio
1103 3845 1217 3900 ettam
1239 3836 1400 3919 praeclara
1412 3838 1523 3921 populi
1538 3838 1672 3901 Romani
1686 3838 1779 3901 disci-

421 3943 452 3990 aa
462 3933 547 4018 plina
568 3934 609 3994 M.
631 3933 717 3995 Bruti
739 3940 793 3995 aut
814 3934 847 3995 P.
869 3932 953 3995 Rulli
975 3931 1109 3995 similem
1135 3931 1274 3994 futurum
1295 3930 1416 3994 —hos
1438 3931 1522 3995 enim
1543 3952 1601 3995 nos
1622 3932 1703 3996 duos
1724 3933 1779 3996 ad-

460 4027 523 4089 huc
544 4025 694 4100 vidimus,
717 4027 772 4110 qui
793 4027 875 4088 hauc
895 4046 961 4088 rem
976 4023 1130 4109 publicam
1146 4026 1286 4108 Capuam
1301 4030 1397 4088 totam
1412 4025 1580 4089 transferre
1594 4027 1714 4089 vellent
1726 4059 1777 4102 -,

459 4118 600 4202 profecto
627 4139 743 4182 nomen
768 4120 853 4183 illius
881 4119 967 4181 urbis
995 4138 1057 4181 non
1086 4119 1297 4202 reliquissent.
1339 4115 1390 4180 90.
1412 4119 1527 4182 Verum
1549 4119 1779 4183 arbitrabantur

462 4212 601 4277 Corinthi
634 4219 665 4276 et
696 4214 899 4295 Karthagini,
932 4213 1026 4276 etiam
1057 4212 1083 4275 si
1117 4221 1259 4276 senatum
1292 4221 1323 4277 et
1350 4215 1548 4297 magistratus
1578 4215 1780 4278 sustulissent

525 4458 548 4504 4.
567 4454 723 4505 deuiocemss
734 4455 758 4504 F.
770 4479 798 4490 -
809 4454 834 4505 Ξ.
846 4453 1019 4517 libertateque
1029 4458 1134 4504 utuntur
1144 4454 1164 4504 ii
1173 4456 1191 4504 F
1199 4447 1230 4513 P;
1244 4454 1355 4504 libertus
1366 4467 1448 4516 aequa
1458 4458 1563 4505 utuntur
1574 4454 1775 4506 Mommsenius.

462 4555 489 4566 -
499 4530 523 4580 3.
541 4534 616 4592 atque
632 4541 685 4580 om.
704 4530 733 4580 Ε.
746 4530 902 4580 -oemtttom
918 4530 1060 4592 Campanae
1075 4529 1260 4580 Lauredanus:
1277 4530 1382 4581 &Aaou
1397 4542 1536 4592 campanae
1551 4531 1599 4579 PA
1609 4525 1634 4588 8;
1652 4531 1779 4580 mmilim

459 4617 597 4666 campanae
607 4605 640 4663 E3
652 4618 774 4668 campane
783 4606 886 4655 esitium
898 4606 924 4654 F.
934 4629 960 4641 -
967 4603 991 4655 4.
1005 4606 1119 4668 Capuam
1130 4608 1151 4655 A
1160 4606 1190 4654 t:
1205 4605 1292 4666 Copae
1302 4607 1322 4656 Ii
1332 4607 1350 4656 F
1360 4603 1391 4664 8;
1405 4606 1506 4668 Capuae
1517 4617 1579 4656 eum
1590 4605 1649 4655 cod.
1662 4605 1778 4657 Turnebi

459 4680 489 4730 0.
509 4706 536 4716 —
548 4680 571 4729 6.
589 4684 696 4730 veatncm
712 4681 768 4731 EF.
780 4704 808 4716 -
818 4681 855 4729 4444
871 4681 899 4730 Ε.
912 4707 938 4716 -
952 4681 1048 4744 nefarie
1063 4680 1177 4730 EFPA.
1196 4679 1351 4730 Emendavit
1367 4681 1512 4744 Naugerius
1528 4680 1554 4729 in
1573 4681 1615 4731 ed.
1633 4680 1735 4732 Aldina.
1748 4710 1776 4719 -

459 4754 483 4804 7.
496 4758 606 4803 rteatrom
621 4754 705 4805 EFP.
718 4781 744 4790 -
755 4756 831 4805 uestri
846 4751 902 4806 rt.
915 4782 943 4790 —
955 4758 995 4805 44,
1010 4754 1123 4816 portibus
1139 4755 1198 4804 EF:
1213 4755 1336 4816 portubus
1352 4752 1435 4806 A80.
1448 4782 1475 4792 -
1486 4756 1525 4805 ti.
1539 4755 1583 4820 tto]
1600 4756 1777 4808 iornKlotzius

459 4828 503 4891 (ol.
516 4828 540 4892 ἓ.
554 4827 594 4879 lt).
612 4841 639 4892 p.
653 4828 754 4880 Cluent.
769 4830 793 4894 ἓ.
806 4829 845 4879 459.
865 4831 943 4881 Tross
959 4830 993 4881 ad
1004 4830 1084 4880 Taciti
1097 4831 1218 4879 German.
1238 4844 1263 4894 p.
1277 4830 1342 4892 34.);
1360 4832 1448 4881 ltaliae
1458 4844 1489 4880 oc
1500 4843 1562 4880 cum
1574 4830 1729 4882 Lauredauo
1741 4833 1776 4891 I.;

459 4902 554 4953 maobto
565 4903 699 4954 Gebhardt
715 4903 1251 4969 1.l.111.p.resqq.-to.muetmoce;
1268 4906 1421 4956 moazim.
1435 4934 1461 4942 -
1473 4907 1512 4956 46.
1525 4905 1775 4969 reparenturEPffl

458 4983 611 5040 separantur
627 4983 656 5030 A.
678 4979 834 5031 Emendavit
850 4981 994 5043 Naugerius
1006 4982 1031 5031 in
1044 4980 1085 5032 ed.
1099 4979 1200 5030 Aldina.
1213 5007 1240 5015 -
1252 4981 1291 5032 48.
1305 4988 1380 5044 atque
1390 4983 1484 5044 eripere
1495 4983 1513 5031 F
1522 4985 1549 5032 P.
1562 5009 1588 5019 -
1600 4980 1639 5032 49,
1653 4980 1778 5029 causaue·

459 5058 511 5103 tam
522 5055 541 5102 L
550 5068 555 5101 ε
574 5053 713 5105 (inhiatum
723 5058 743 5106 G
752 5071 757 5115 ς
775 5055 912 5105 coasultum
923 5056 1013 5105 ceteri.
1026 5082 1052 5090 -
1063 5057 1105 5105 it.
1117 5060 1231 5105 senatum
1242 5067 1295 5105 om.
1309 5056 1336 5105 T.
1348 5082 1375 5090 -
1384 5056 1425 5104 25.
1438 5056 1621 5118 comportandis
1630 5056 1650 5105 E
1660 5056 1677 5105 F
1686 5067 1692 5103 :
1710 5069 1777 5105 corn·

456 5131 580 5191 parandis
596 5127 652 5180 Ab.
665 5157 692 5166 -
703 5130 744 5180 33.
762 5131 965 5181 eatsttmooissent
978 5132 1006 5181 T.
1019 5158 1045 5165 -
1059 5131 1099 5181 35.
1117 5131 1152 5180 u.
1172 5128 1358 5180 Lauredauus:
1377 5142 1430 5180 om.
1443 5126 1581 5181 erret.
1600 5129 1638 5180 ct.
1651 5129 1674 5195 ἓ.
1687 5131 1729 5180 92.
1745 5156 1772 5168 -

459 5206 485 5254 P.
499 5217 551 5254 om.
570 5206 598 5255 b.
618 5231 644 5240 -
665 5206 705 5256 36.
722 5205 828 5256 uidimus
851 5206 1036 5258 Lauredanus:
1060 5205 1172 5255 videraut
1195 5206 1280 5256 ENA.
1304 5230 1331 5240 -
1358 5205 1423 5254 hooc
1438 5217 1491 5255 om.
1510 5205 1539 5255 E.
1560 5230 1587 5243 -·
1606 5203 1645 5255 38.
1664 5203 1778 5254 Corinthi

460 5278 1084 5335 Erazcetoaocumed.1untrnstto.-
1102 5280 1267 5346 mcqtatrotor
1282 5281 1424 5333 Gmeuius:
1441 5280 1617 5346 meptmotm
1632 5278 1772 5334 EIALP.
