4367 6109
456 563 518 632 ati
829 569 873 634 lN
892 567 1060 635 innanti
1080 568 1203 635 ACTIO
1225 568 1409 635 SECUNDA

456 759 529 804 cum
549 736 666 803 virtute
685 743 719 800 34
738 735 903 803 nobilitate
919 740 1005 803 domi
1027 759 1120 816 suae,
1142 748 1208 804 tum
1230 741 1327 804 etiam
1347 741 1484 824 pecunia
1505 745 1662 828 princeps.
1697 744 1780 810 linio

455 832 595 910 homini,
616 831 755 907 iudices,
776 831 1020 898 honestissimae
1043 834 1180 897 civitatis
1201 833 1425 898 honestissimo
1440 856 1506 900 non
1520 835 1616 901 modo
1631 837 1780 902 frumenti

455 929 583 1003 scitote,
611 925 669 989 sed
689 925 774 989 ritae
797 935 828 990 et
857 929 1021 1011 sanguinis
1043 936 1165 991 tantum
1180 929 1331 1013 ‚relictum
1353 950 1439 1006 esse,
1470 940 1625 1014 quantum
1646 932 1781 1016 Apronii

455 1021 555 1084 libido
577 1020 660 1083 tulit.
702 1022 781 1083 Nam
802 1022 851 1097 vi,
873 1022 972 1097 malo,
994 1022 1096 1105 plagis
1119 1022 1276 1086 adductus
1291 1033 1354 1099 est,
1376 1034 1412 1088 ut
1425 1024 1574 1088 frumenti
1591 1026 1694 1102 daret,
1716 1045 1782 1089 non

431 1123 610 1200 liquantum
637 1114 781 1190 deberet,
810 1114 866 1179 sed
895 1123 1050 1199 quantum
1077 1124 1254 1199 cogeretur.
1297 1115 1348 1180 57.
1371 1120 1533 1182 Sostratus
1555 1127 1587 1182 et
1607 1122 1783 1184 Numenius

455 1216 487 1274 et
513 1209 759 1294 Nymphodorus
790 1210 931 1273 eiusdem
962 1211 1097 1274 civitatis
1128 1232 1199 1274 cum
1230 1231 1270 1274 ex
1293 1212 1377 1294 agris
1399 1220 1462 1276 tres
1484 1212 1596 1276 iratres
1618 1221 1783 1278 consortes

453 1304 686 1389 profugissent,
716 1305 804 1386 quod
825 1304 866 1367 iis
888 1304 960 1388 plus
981 1305 1132 1370 frumenti
1154 1306 1387 1389 imperabatur,
1414 1327 1510 1391 quam
1533 1315 1686 1391 quantum
1709 1328 1784 1372 exa·

453 1406 575 1473 rarant,
596 1396 780 1460 hominihus
803 1400 920 1462 coactis
942 1401 977 1462 in
999 1419 1110 1463 eorum
1130 1401 1289 1464 arationes
1310 1403 1471 1484 Apronius
1493 1403 1595 1477 venit,
1618 1422 1713 1466 omne
1735 1403 1783 1465 in·

454 1499 663 1558 strumentum
691 1490 839 1573 diripuit,
869 1491 1020 1556 familiam
1051 1494 1200 1568 abduxit,
1233 1514 1331 1577 pecus
1352 1494 1468 1578 3433344.
1511 1497 1626 1558 Postea
1647 1515 1720 1558 cum
1741 1493 1782 1557 ad

417 1603 445 1652 43
455 1606 527 1651 eum
548 1584 794 1670 Nymphodorus
816 1586 957 1650 venisset
970 1586 1104 1650 Aetnam
1127 1595 1159 1651 et
1181 1595 1301 1662 oraret,
1323 1596 1360 1651 ut
1381 1588 1441 1651 sihi
1456 1607 1514 1651 sua
1528 1589 1782 1662 restituerentur,

453 1680 615 1745 hominem
636 1679 753 1760 corripi
777 1698 814 1743 ac
835 1680 988 1762 suspendi
1008 1682 1102 1745 iussit
1122 1682 1155 1745 in
1178 1681 1315 1745 oleastro
1339 1681 1494 1765 quodam,
1516 1701 1601 1768 quae
1615 1689 1665 1745 est
1678 1682 1782 1755 arhor,

454 1775 586 1850 iudices,
609 1774 729 1836 Aetnae
750 1772 785 1835 in
806 1772 886 1836 l'oro.
930 1775 1083 1838 Tamdiu
1105 1775 1257 1858 pependit
1278 1775 1311 1838 in
1333 1776 1445 1839 arhore
1468 1778 1575 1840 socius
1596 1776 1782 1858 amicusque

453 1868 566 1953 populi
596 1866 730 1930 Romani
761 1866 795 1929 in
822 1866 984 1930 sociorum
1011 1868 1091 1932 urhe
1120 1886 1157 1932 ac
1185 1868 1273 1945 loro,
1306 1870 1440 1934 colonus
1469 1878 1638 1954 aratorque
1659 1878 1782 1943 vester,

454 1983 549 2049 quam
572 1962 626 2025 diu
647 1961 796 2026 voluntas
816 1961 951 2044 Apronii
973 1962 1056 2026 tulit

415 2074 444 2121 aa
538 2055 589 2120 58.
611 2057 734 2120 Genera
752 2054 815 2117 iam
831 2055 951 2118 dudum
965 2056 1245 2121 innumerabilium
1261 2057 1464 2133 iniuriarum,
1486 2059 1626 2132 iudices,
1649 2056 1783 2140 singulis

452 2153 635 2218 nominihus
656 2147 801 2233 profero,
822 2147 979 2211 infinitam
1001 2150 1236 2213 multitudinem
1258 2151 1444 2216 iniuriarum
1466 2151 1694 2235 praetermitto.
1716 2151 1783 2214 Vos

452 2257 525 2314 ante
556 2245 668 2311 oculos
698 2243 886 2327 animosque
914 2251 1037 2307 vestros
1063 2251 1129 2307 tota
1152 2244 1262 2308 Sicilia
1283 2244 1532 2308 decumanorum
1551 2245 1611 2308 hos
1633 2243 1783 2326 impetus,

451 2350 611 2408 aratorum
634 2338 845 2420 direptiones,
867 2336 963 2400 huius
985 2339 1277 2420 importunitatem,
1298 2339 1431 2422 Apronii
1451 2359 1584 2421 regnum
1600 2337 1782 2421 proponite.

453 2433 651 2518 Contempsit
679 2430 820 2494 Siculos:
853 2450 918 2494 non
948 2431 1040 2494 duxit
1067 2432 1229 2496 homines:
1259 2452 1318 2496 neo
1346 2433 1434 2516 ipsos
1463 2433 1504 2495 ad
1525 2431 1782 2517 persequendum

413 2530 654 2595 rorehementes
676 2525 745 2589 fore
767 2532 800 2588 34
813 2545 870 2588 vos
893 2525 1026 2589 iniurias
1047 2545 1158 2589 eorum
1172 2526 1283 2590 leviter
1297 2527 1418 2589 laturos
1434 2527 1635 2591 existimarit.
1665 2526 1781 2590 XXIV.

450 2620 502 2687 59.
524 2624 619 2686 Esto:
647 2619 759 2684 falsam
781 2619 821 2682 de
848 2619 912 2683 illis
943 2620 1057 2684 hahuit
1085 2619 1288 2703 opinionem,
1316 2619 1431 2683 malam
1459 2620 1499 2684 de
1529 2621 1638 2696 vohis;
1670 2641 1781 2684 verum

450 2724 555 2783 tamen
578 2736 649 2779 cum
672 2714 712 2777 de
735 2712 850 2776 Siculis
871 2713 954 2776 male
976 2720 1167 2788 mereretur,
1190 2713 1275 2777 cives
1297 2715 1457 2777 Romanos
1478 2714 1592 2789 coluit,
1614 2715 1654 2778 iis
1676 2714 1782 2778 indul·

450 2813 507 2888 sit,
538 2831 647 2875 eomm
677 2807 833 2871 voluntati
862 2813 894 2869 et
919 2809 1038 2889 gratiae
1059 2806 1187 2871 deditus
1208 2808 1278 2871 fuit.
1321 2809 1384 2872 lste
1407 2808 1492 2872 cives
1513 2809 1697 2873 Romanost
1740 2809 1782 2871 At

448 2908 546 2973 nullis
569 2904 729 2970 inimicior
749 2910 805 2965 aut
826 2902 972 2966 infestior
992 2901 1060 2965 luit
1104 2902 1195 2965 Mitto
1217 2902 1338 2977 vincla,
1369 2903 1459 2965 mitto
1481 2921 1658 2978 carcerem,
1689 2902 1780 2966 mitto

411 3002 597 3074 reverbare,
637 2998 727 3061 mitto
766 3016 914 3069 secures,
953 3015 1078 3058 crucem
1115 2995 1254 3079 denique
1287 2997 1374 3059 illam
1407 2995 1648 3079 praetermitto,
1683 3016 1780 3081 quam

448 3099 509 3162 iste
541 3094 662 3158 civibus
687 3090 838 3154 Romanis
866 3096 979 3153 testem
1006 3088 1213 3152 humanitatis
1239 3091 1351 3153 ineos
1376 3109 1414 3153 ae
1436 3090 1680 3153 benevolentiae
1703 3110 1779 3153 suae

448 3189 552 3255 voluit
578 3207 665 3262 esse3
696 3185 802 3259 mitto,
833 3184 980 3267 inquam,
1009 3182 1088 3246 haec
1118 3183 1224 3245 omnia
1255 3190 1352 3267 atque
1380 3183 1414 3246 in
1442 3182 1531 3246 aliud
1553 3182 1678 3247 dicendi
1701 3190 1781 3246 tem·

448 3305 510 3368 pus
537 3282 663 3346 reiicio:
693 3280 733 3343 de
762 3278 922 3352 decumis,
951 3279 991 3340 de
1013 3276 1130 3340 cisium
1152 3278 1366 3341 Romanorum
1396 3276 1583 3341 condicione
1608 3277 1643 3340 in
1664 3275 1781 3338 aratio-

449 3379 542 3443 nihus
578 3377 723 3459 disputo;
756 3372 812 3457 qui
843 3392 938 3456 quem
971 3371 1011 3434 ad
1043 3371 1174 3435 modum
1206 3379 1313 3435 essent
1343 3371 1486 3454 accepti,
1517 3371 1656 3445 iudices,
1688 3370 1782 3433 audi·

412 3473 508 3536 tostis
538 3490 578 3533 ex
607 3470 705 3552 ipsis:
735 3467 820 3529 hona
849 3465 909 3528 sihi
938 3471 1047 3547 erepta
1068 3484 1138 3527 esse
1165 3465 1323 3527 dixerunt.
1367 3463 1418 3527 60.
1442 3465 1561 3527 Verum
1581 3465 1676 3538 haec,
1700 3482 1781 3547 quo-

450 3564 536 3631 niam
559 3562 729 3628 eiusmodi
752 3579 847 3624 causa
867 3559 937 3634 fuit,
960 3557 1090 3622 serenda
1112 3565 1202 3622 suntz
1224 3558 1305 3621 nihil
1319 3558 1457 3622 valuisse
1473 3559 1676 3643 aequitatem,
1698 3557 1779 3621 nihil

517 3791 541 3839 4.
557 3785 677 3850 pecusius
686 3785 718 3834 V.
733 3811 760 3821 -
779 3783 804 3833 2.
816 3782 908 3832 433334.
921 3781 987 3833 civit.
1000 3794 1053 3833 om.
1066 3781 1098 3832 V.
1114 3809 1141 3818 -
1154 3782 1178 3832 3,
1191 3782 1232 3832 sed
1242 3781 1318 3832 344333
1330 3780 1398 3846 4342
1410 3797 1448 3845 φς
1466 3779 1611 3847 scillatium]
1623 3783 1651 3832 0.
1665 3784 1686 3832 A
1697 3779 1779 3832 libra-

450 3865 497 3917 riis
514 3864 589 3915 sitnm
604 3863 640 3913 ite
657 3873 710 3911 non
726 3871 787 3908 raro
804 3856 925 3907 adiicitur
940 3855 981 3907 vel
999 3857 1025 3907 in
1042 3857 1149 3921 optimis
1166 3856 1244 3907 codd.
1264 3857 1297 3908 34.
1316 3856 1341 3920 s.
1360 3858 1383 3906 4.
1402 3857 1458 3916 23.;
1479 3856 1555 3908 deest
1570 3860 1648 3909 stiam
1663 3859 1689 3908 ln
1702 3858 1733 3908 V.
1749 3882 1776 3895 -

451 3954 502 3991 3333
511 3951 565 3990 om.
578 3935 686 4001 4342.-
701 3932 724 3986 4.
737 3934 832 3997 Aproni
842 3932 924 3981 434443
933 3931 996 3982 V.-
1008 3933 1034 3981 os·
1048 3945 1181 3996 superscr.
1194 3933 1220 3983 ln
1231 3933 1296 3983 V.-
1309 3934 1333 3983 4.
1347 3933 1442 3982 aieret
1453 3931 1468 3983 4
1481 3931 1521 3995 (cl.
1535 3930 1560 3996 ὅ.
1571 3933 1611 3983 ut.
1625 3933 1692 3997 soi:
1709 3931 1780 3982 334434

449 4015 486 4076 V;
504 4015 603 4065 433334
613 4012 660 4062 dtt.
674 4011 703 4061 0.
723 4007 1139 4072 (conquestumvdktsuperscr.
1152 4008 1232 4070 inv.)
1247 4034 1276 4045 -
1294 4008 1337 4058 sed
1348 4021 1372 4070 3.
1386 4020 1440 4070 cop.
1454 4019 1507 4056 om.
1522 4006 1599 4070 4329.
1615 4034 1642 4044 -
1656 4012 1780 4068 queamus

450 4091 580 4142 4433333433
588 4088 620 4137 V.
634 4113 663 4124 -
682 4087 706 4137 7.
719 4085 758 4150 its]
775 4085 813 4134 443
823 4084 854 4132 V.
866 4109 893 4119 -
907 4096 984 4146 33333
994 4095 1130 4147 superscr.
1143 4083 1170 4133 in
1180 4082 1211 4132 V.
1224 4110 1252 4119 -
1264 4089 1403 4134 3334333334
1419 4083 1497 4146 4342.
1509 4107 1538 4119 -
1557 4082 1581 4132 8.
1594 4094 1691 4132 moen
1703 4082 1733 4130 V.
1750 4106 1778 4119 ·-

449 4166 475 4216 9.
488 4165 596 4228 deripuit
606 4162 675 4226 4329
685 4164 705 4212 A
714 4163 775 4212 B.-
788 4173 844 4209 3333
856 4157 966 4222 434244τ
986 4170 1062 4221 quam
1073 4156 1163 4209 rell-
1178 4160 1217 4209 l0.
1230 4171 1290 4208 soor
1300 4159 1330 4208 V.
1343 4185 1370 4195 -
1382 4159 1476 4208 4343333
1487 4157 1514 4207 h.
1526 4154 1544 4206 4.
1558 4156 1621 4205 V.-
1636 4157 1675 4206 42.
1687 4157 1781 4207 Actaea

449 4239 550 4300 l,NV:
569 4251 622 4289 om.
636 4237 716 4288 dtt.-
730 4235 770 4285 43.
783 4239 865 4284 amtor
875 4232 984 4296 4342.-
1000 4232 1040 4284 44.
1052 4233 1175 4283 uoluntas
1185 4234 1279 4296 Aproni
1290 4234 1353 4284 V.-
1367 4235 1406 4283 is.
1419 4231 1520 4297 333333]
1531 4245 1656 4281 amimam
1667 4230 1778 4295 4342.-

451 4314 490 4366 is.
509 4316 601 4378 inport.
613 4313 708 4376 Aproni
718 4311 748 4360 V.
762 4336 789 4346 -
809 4307 849 4359 l9.
863 4307 966 4370 Sicutm]
978 4307 1087 4371 34333433
1099 4307 1176 4371 4342.
1196 4309 1228 4358 cl.
1242 4308 1276 4358 ad
1288 4307 1312 4372 5.
1324 4309 1348 4358 6.
1361 4336 1388 4347 -
1401 4310 1443 4359 20.
1455 4307 1602 4358 vehementis
1611 4305 1693 4369 4342,
1711 4306 1781 4356 3343-

448 4392 554 4442 msntiur
565 4390 596 4440 V.
609 4415 636 4425 -
653 4388 720 4450 screa
729 4385 793 4434 44.-
805 4383 884 4432 intur.
896 4396 982 4431 eoram
992 4382 1027 4431 V:
1040 4397 1127 4433 sorum
1137 4385 1214 4434 intur.
1228 4386 1274 4434 344.
1287 4384 1349 4434 0.-
1362 4384 1449 4433 4334433
1460 4382 1569 4446 4342-
1582 4383 1623 4431 24.
1635 4381 1704 4445 tolca
1713 4381 1777 4431 V.-

449 4467 491 4517 22.
502 4470 613 4516 meratiu-
624 4464 686 4525 [non
697 4458 809 4524 namet]
822 4457 1060 4521 4342-343434434
1069 4457 1179 4520 4344-
1190 4460 1222 4509 its
1229 4459 1260 4520 V,
1267 4458 1316 4510 sed
1324 4459 1356 4508 ir:
1370 4459 1430 4521 [huc
1442 4458 1513 4509 reler
1524 4456 1652 4507 mendum
1664 4457 1690 4506 in
1698 4455 1776 4520 4342.

449 4541 554 4592 33434433
571 4542 634 4602 [non
647 4537 735 4595 334433,
753 4536 782 4584 34
794 4535 835 4583 est
847 4531 917 4597 apud
929 4530 967 4595 Z.]
980 4545 1028 4595 pro
1040 4533 1115 4582 334344
1125 4534 1179 4596 443);
1196 4533 1235 4582 iis
1245 4531 1301 4583 rell.
1314 4534 1346 4584 0.
1356 4559 1383 4568 -
1402 4532 1443 4583 23.
1455 4532 1586 4581 unianimi
1597 4531 1627 4580 V.
1642 4556 1671 4567 -
1690 4535 1713 4580 34
1722 4530 1780 4593 343-

448 4616 594 4668 3433344-
613 4611 719 4670 civim
737 4610 808 4659 33433
818 4608 839 4657 ts
851 4608 905 4669 (sic)
918 4606 996 4670 4342.
1012 4635 1039 4644 -
1053 4613 1080 4657 at
1090 4608 1166 4658 nadis
1176 4609 1247 4672 43244
1258 4606 1289 4660 42
1300 4610 1351 4659 BN
1366 4607 1423 4670 [sed
1435 4606 1482 4659 li:
1500 4620 1518 4656 n
1529 4605 1626 4670 33444314
1645 4620 1679 4654 an
1690 4605 1735 4654 3444
1746 4605 1777 4664 V;

449 4697 478 4742 at
493 4691 576 4742 nullus
592 4691 638 4739 ctt.
657 4687 689 4738 cl.
709 4684 785 4736 Hand
802 4684 876 4733 rurs.
889 4683 909 4732 1.
927 4695 954 4746 p.
967 4679 1024 4731 434.
1038 4680 1097 4732 coll.
1110 4681 1166 4733 4344.
1183 4708 1209 4719 -
1228 4681 1269 4733 24.
1281 4683 1352 4732 mino
1367 4681 1451 4731 343343
1465 4694 1498 4731 m.
1511 4695 1579 4732 carc.
1593 4694 1647 4733 om.
1661 4681 1737 4746 4342.
1749 4708 1777 4718 -·

449 4779 551 4817 3333333
561 4775 695 4829 superscr.
704 4774 730 4809 m
741 4759 804 4810 4.-
817 4758 859 4809 lt.
869 4761 988 4819 praem.
999 4757 1062 4807 4.-
1076 4758 1117 4807 26.
1130 4759 1175 4807 ista
1185 4769 1238 4807 om.
1252 4758 1280 4807 4..
1290 4755 1354 4808 4484
1363 4759 1456 4807 contra
1467 4755 1577 4806 codd-
1591 4770 1622 4806 ac
1632 4769 1687 4807 om.
1699 4754 1776 4819 4342.

451 4869 480 4881 ·-
498 4840 601 4892 4334334.
617 4839 639 4887 V
656 4840 683 4887 34
700 4838 777 4899 4333.
793 4861 820 4869 -
833 4847 877 4883 aaa
886 4832 916 4881 V.
932 4858 960 4870 -
973 4834 1015 4883 24.
1034 4832 1098 4882 aliut
1113 4834 1138 4882 d.
1156 4837 1174 4882 4.
1192 4832 1269 4882 reicis
1279 4831 1310 4882 V.
1325 4858 1352 4868 -
1373 4831 1414 4881 29.
1433 4832 1477 4892 qui
1488 4844 1540 4881 om.
1554 4831 1631 4895 4329.
1647 4857 1674 4868 ·-
1686 4832 1779 4880 3344443

449 4916 531 4969 idem.
545 4944 572 4953 —
586 4915 627 4965 34.
643 4925 693 4964 ease
703 4923 757 4960 om.
770 4908 802 4959 V.
817 4934 842 4944 -
863 4907 982 4957 dicerunt
993 4905 1060 4969 4342
1073 4907 1109 4955 V:
1128 4907 1216 4957 diam
1227 4908 1272 4956 ctt.
1286 4907 1314 4956 0.
1331 4933 1356 4943 -
1376 4920 1464 4957 osiam
1474 4918 1527 4956 om.
1542 4906 1603 4970 433.
1617 4908 1724 4969 praeter
1734 4903 1777 4957 42.

451 5018 479 5031 ·-
495 4991 535 5042 34.
554 4989 672 5042 34333344
683 4984 751 5051 4342
763 4983 825 5034 FV:
843 4982 1042 5032 iuturusodiAB
1060 4979 1110 5030 (444.
1124 5006 1153 5015 —-
1170 4993 1249 5030 33333
1264 4979 1313 5044 suit
1324 4977 1392 5043 4342
1404 4980 1434 5029 F:
1454 4993 1528 5029 cesar
1542 4979 1623 5043 434444
1636 4981 1661 5042 (4.
1676 4993 1700 5031 3.
1714 4993 1779 5044 quo-

450 5067 520 5117 nlam
542 5077 586 5116 res
603 5065 637 5113 ita
655 5060 762 5111 eccidit:
787 5071 820 5108 ne
842 5057 909 5107 haec
930 5055 1039 5120 quidem
1062 5055 1192 5106 sententia
1214 5054 1248 5104 ab
1265 5052 1393 5104 hocloco
1410 5056 1451 5104 est
1468 5052 1576 5116 aliena);
1602 5067 1676 5104 curor
1697 5055 1779 5117 3444444

449 5140 576 5204 4329444
594 5139 642 5188 dit.
674 5131 853 5187 Memorabilis
871 5131 963 5183 estad
979 5132 1006 5181 h.
1024 5129 1041 5180 l.
1060 5129 1180 5180 Lambini
1197 5129 1331 5179 adnotatio
1349 5128 1383 5178 de
1402 5127 1454 5178 tide
1472 5129 1605 5178 variarum
1623 5127 1776 5190 lectionum,

450 5227 516 5280 quas
534 5226 566 5264 ex
583 5212 662 5263 codd.
681 5208 854 5276 deprompsit.
882 5209 935 5257 «Ac
950 5218 986 5256 ne
1003 5205 1099 5257 trustra
1114 5204 1245 5256 lectorem
1261 5217 1364 5265 morer,
1383 5205 1480 5268 lnquit,
1499 5203 1563 5253 dum
1581 5199 1697 5265 singulos
1712 5203 1779 5253 scri-

449 5293 541 5357 pturas
558 5302 573 5340 a
589 5285 693 5352 3343343
709 5283 823 5338 43344333
841 5281 1004 5334 didereuieis
1020 5281 1176 5333 amentata
1193 5279 1317 5333 codicum
1326 5280 1450 5333 veterum
1466 5277 1611 5340 confirmo,
1629 5274 1721 5328 lectori
1737 5289 1780 5328 aa·
