4367 6109
837 572 911 637 cn.
932 572 1090 639 x-xu
1117 570 1174 657 ss.
1196 570 1345 638 ao-ao.
1685 567 1741 635 444

426 763 514 816 mus,
547 740 704 806 concedas
731 748 858 824 oportet
883 742 939 816 iis,
972 744 1028 828 qui
1056 744 1147 807 nullo
1176 764 1235 808 suo
1262 750 1394 826 peccato
1416 742 1649 826 impediuntur,
1681 759 1747 823 qno

426 836 533 899 minus
554 836 684 899 alterins
706 842 838 918 peccata
859 836 1073 900 demonstrare
1095 839 1229 921 possint
1272 837 1323 900 35.
1345 841 1391 901 dc
1411 838 1500 912 vide,
1523 843 1677 920 quantum
1699 835 1747 897 in·

426 927 615 991 terfaturum
645 929 686 991 sit
712 929 795 991 inter
822 949 923 992 meam
952 938 984 993 et
1005 938 1092 993 tuam
1114 933 1358 995 accusationem.
1401 933 1468 1013 Ego
1491 931 1586 994 etiam
1608 949 1690 1013 quae
1712 934 1747 990 tu

425 1023 494 1085 sine
516 1022 612 1085 Verre
635 1023 839 1096 commisisti,
861 1023 951 1086 Verri
975 1024 1098 1087 crimini
1122 1025 1253 1089 daturus
1275 1048 1362 1101 sum,
1390 1028 1479 1110 quod
1501 1034 1530 1088 te
1554 1045 1618 1087 non
1639 1022 1748 1106 prohi-

424 1116 546 1191 buerit,
574 1137 646 1180 cum
672 1135 828 1179 summam
856 1117 926 1198 ipse
952 1118 1083 1181 haberet
1104 1124 1308 1200 potestatem:
1339 1127 1374 1182 tu
1397 1129 1506 1184 contra
1528 1141 1566 1182 ne
1588 1137 1672 1203 quae
1692 1116 1786 1183 illes

424 1210 556 1294 quidem
576 1210 652 1274 fecit
674 1210 824 1286 obiicies,
846 1231 886 1274 ne
910 1232 974 1294 qua
995 1232 1035 1274 ex
1057 1219 1146 1294 parte
1170 1214 1359 1276 coniunctus
1382 1235 1454 1277 cum
1476 1234 1513 1276 eo
1535 1212 1706 1294 reperiare.

509 1305 616 1380 Quid‘l
638 1305 711 1380 illa,
736 1306 868 1380 Caecili,
891 1306 1163 1369 contemnendane
1184 1306 1240 1368 tihi
1263 1307 1412 1371 videntur
1433 1328 1519 1382 esse,
1541 1309 1610 1370 sine
1631 1304 1748 1388 quibus

424 1418 521 1463 causa
535 1400 684 1462 sustineri
699 1400 886 1482 praesertim
897 1407 985 1462 tanta
996 1399 1086 1463 nullo
1100 1400 1195 1462 modo
1206 1405 1334 1482 potest‘l
1348 1402 1458 1486 aliqua
1469 1402 1601 1464 facultas
1613 1398 1747 1482 agendii

423 1495 531 1577 aliqua
553 1492 679 1556 dicendi
696 1494 916 1558 consuetudo?
939 1496 1047 1579 aliqua
1061 1496 1095 1557 in
1112 1494 1198 1570 foro,
1221 1496 1365 1571 iudiciis,
1389 1497 1511 1579 legibus
1526 1504 1581 1560 aut
1594 1495 1676 1558 ratio
1691 1501 1748 1556 aut

424 1588 635 1651 exercitatio?
680 1585 730 1650 36.
753 1588 915 1670 intelligo,
939 1610 1035 1671 quam
1064 1589 1236 1671 scopuloso
1264 1587 1449 1673 difficilique
1478 1591 1510 1652 in
1538 1589 1608 1652 loco
1631 1606 1746 1650 verser.
1756 1606 1784 1655 tt

423 1685 502 1745 Nam
524 1702 597 1744 cum
620 1683 723 1745 omnis
745 1683 925 1764 arrogantia
946 1683 1058 1746 odiosa
1080 1691 1145 1756 est,
1169 1691 1233 1745 turn
1256 1683 1312 1747 illa
1333 1684 1452 1766 ingenii
1475 1691 1574 1766 atque
1595 1683 1748 1765 eloquen-

423 1777 485 1838 tiae
508 1774 608 1837 multo
630 1775 864 1839 molestissima.
888 1777 1103 1852 Quamobrem
1125 1776 1205 1838 nihil
1228 1777 1298 1839 dico
1322 1779 1361 1840 de
1384 1798 1454 1841 meo
1475 1777 1618 1859 ingenio:
1642 1793 1747 1858 neque

423 1878 487 1944 est,
510 1868 599 1954 quod
621 1871 742 1955 possim
765 1871 887 1946 dicere;
914 1890 1036 1953 neque,
1058 1870 1085 1933 si
1109 1878 1209 1945 esset,
1232 1870 1379 1934 dicerem.
1423 1872 1488 1934 Aut
1508 1868 1647 1945 euimid
1670 1867 1746 1930 mihi

422 1967 499 2030 satis
528 1971 591 2039 est,
620 1965 709 2048 quod
737 1973 786 2028 est
812 1966 852 2028 de
881 1986 930 2027 me
953 1965 1132 2046 opinionis,
1163 1965 1322 2047 quidquid
1350 1974 1415 2028 est:
1437 1973 1507 2039 aut,
1530 1967 1557 2028 si
1579 1965 1612 2026 id
1635 1983 1746 2046 parum

419 2068 486 2134 est,
508 2079 568 2141 ego
591 2061 694 2123 maius
716 2059 749 2121 id
771 2058 1047 2122 commemorando
1069 2058 1174 2122 facere
1197 2079 1261 2120 non
1288 2080 1428 2142 possum.
1473 2060 1543 2121 XII.
1565 2057 1615 2122 37.
1637 2060 1684 2121 De
1706 2066 1785 2133 teto

423 2154 539 2216 Caecili
569 2151 643 2235 (iam
672 2154 853 2217 mehercule
883 2155 945 2216 hoc
968 2160 1057 2216 extra
1079 2153 1161 2214 hanc
1183 2155 1421 2216 contentionem
1443 2162 1669 2236 certamenque
1691 2172 1748 2215 no·

421 2257 521 2312 strum
541 2246 739 2312 familiariter
761 2256 865 2310 tecum
888 2246 1022 2329 loquar),
1046 2255 1079 2310 tu
1102 2247 1170 2329 ipse
1185 2249 1453 2332 quemadmodum
1473 2248 1652 2322 existimes,
1674 2247 1747 2310 vide

422 2345 516 2407 etiam
543 2349 640 2425 atque
670 2343 782 2416 etiam3
811 2349 851 2404 et·
865 2350 898 2405 tu
923 2351 953 2404 te
975 2341 1108 2423 collige,
1138 2349 1170 2404 et
1192 2343 1248 2425 qui
1270 2343 1314 2404 sis
1352 2343 1484 2424 etquid
1506 2340 1610 2404 facere
1632 2341 1748 2423 possis,

421 2437 597 2501 considera.
639 2439 777 2500 Putasne
806 2444 837 2498 te
863 2457 958 2519 posse
986 2434 1024 2496 de
1053 2435 1200 2499 maximis
1230 2437 1507 2519 acerbissimisque
1533 2435 1644 2510 rebus,
1676 2455 1747 2497 cum

421 2553 549 2596 musam
571 2533 733 2595 sociorum
753 2531 962 2614 fortunasque
983 2531 1183 2613 provinciae,
1204 2533 1256 2594 ius
1271 2532 1384 2615 populi
1399 2531 1533 2594 Romani
1548 2529 1785 2611 gravitatem-so

331 2660 337 2669 ·
422 2647 484 2711 que
505 2626 619 2689 iudicii
642 2626 813 2708 legumque
836 2626 1030 2706 susceperis,
1053 2631 1100 2686 tot
1121 2644 1188 2699 res,
1211 2634 1274 2688 tam
1293 2647 1420 2708 graves,
1444 2633 1507 2687 tarn
1533 2623 1635 2685 varias
1658 2643 1747 2695 voce,

420 2720 588 2798 memoria,
617 2720 767 2792 consilio,
798 2720 926 2801 ingenio
956 2720 1136 2782 sustinere?
1182 2717 1233 2781 38.
1255 2722 1393 2783 Putasne
1416 2728 1446 2781 te
1468 2737 1580 2802 posse,
1608 2736 1690 2799 quae
1714 2717 1747 2779 C.

420 2815 534 2876 Verres
555 2814 589 2875 iu
611 2822 797 2897 quaestura,
820 2833 905 2896 quae
927 2814 960 2874 in
983 2813 1158 2895 legatione,
1181 2814 1312 2897 quaein
1334 2821 1497 2895 praetura,
1521 2834 1603 2896 quae
1618 2815 1747 2886 Romae,

419 2927 502 2991 quae
516 2907 550 2969 in
563 2908 672 2982 Italia,
694 2927 781 2990 quae.
793 2907 824 2968 in
840 2907 975 2979 Achaia,
993 2908 1067 2969 Asin
1081 2907 1333 2991 Pamphyliaque
1348 2909 1495 2990 peccarit,
1518 2929 1573 2983 ea,
1596 2906 1747 2991 quemad·

419 3001 550 3064 modum
571 3000 651 3064 locis
673 3002 933 3084 temporibusque
950 3001 1052 3065 divisa
1067 3004 1145 3076 sint,
1168 3002 1213 3063 sic
1229 3002 1414 3064 criminibus
1429 3010 1462 3065 et
1476 3003 1620 3067 oratione
1635 3001 1785 3065 distin-ac

419 3099 540 3178 guerc‘l
568 3097 705 3159 Putasne
734 3115 843 3177 posse,
872 3095 905 3157 id
934 3097 1022 3178 quod
1049 3096 1081 3157 in
1109 3096 1268 3160 eiusmodi
1295 3116 1349 3159 reo
1373 3098 1510 3161 maxime
1532 3097 1745 3160 necessarium

419 3198 482 3263 est,
504 3189 627 3264 facere,
648 3197 700 3263 ut,
722 3208 806 3272 quae
828 3190 883 3251 ille
906 3189 1092 3263 libidinose,
1116 3212 1198 3275 quae
1219 3190 1356 3266 nefarie,
1380 3213 1463 3275 quac
1479 3191 1650 3255 crudeliter
1663 3190 1745 3253 fece·

327 3293 334 3302 '
419 3284 475 3358 rit,
503 3303 542 3347 ea
564 3303 666 3367 aeque
689 3283 802 3346 acerba
824 3291 855 3345 et
877 3283 1007 3365 indigna
1029 3285 1196 3347 videantur
1219 3304 1288 3347 esse
1310 3285 1367 3360 iis,
1399 3286 1454 3368 qui
1476 3285 1624 3359 audient,
1649 3291 1745 3366 atque

418 3378 481 3440 illis
495 3379 565 3441 visa
580 3385 670 3451 sunt,
692 3378 749 3460 qui
765 3381 954 3439 senserunt?
984 3374 1034 3438 39.
1049 3379 1164 3459 Magna
1178 3388 1253 3440 sunt
1268 3399 1320 3452 ea,
1343 3400 1425 3464 quae
1441 3379 1528 3453 dico,
1543 3379 1744 3441 mihicrede:

418 3472 484 3534 noli
506 3471 586 3534 haec
608 3478 820 3534 contemnere.
863 3470 1022 3544 Dicenda,
1044 3470 1305 3546 demonstranda,
1329 3472 1516 3555 explicanda
1531 3482 1606 3537 sunt
1621 3473 1782 3536 omntazao

419 3583 515 3627 causa
536 3584 602 3627 non
624 3564 729 3627 solum
752 3564 957 3645 exponenda,
980 3563 1036 3625 sed
1059 3564 1153 3626 etiam
1176 3567 1312 3647 graviter
1334 3568 1527 3649 copioseque
1549 3569 1672 3650 agenda
1687 3576 1744 3630 est.

418 3655 649 3722 Perficiendum
681 3666 746 3730 est,
780 3659 806 3719 si
837 3658 914 3741 quid
939 3677 1032 3739 agere
1054 3666 1110 3720 aut
1131 3656 1283 3741 proficere
1306 3662 1371 3735 vis,
1403 3667 1440 3723 ut
1458 3661 1604 3724 homines
1627 3669 1656 3724 te
1679 3682 1744 3725 non

418 3753 521 3815 solnm
545 3752 692 3825 audiant,
713 3771 824 3813 verum
845 3751 940 3813 etiam
962 3750 1099 3814 libenter
1121 3753 1330 3838 studioseque
1352 3754 1491 3819 audiant.
1523 3757 1560 3818 ln
1576 3776 1640 3838 quo
1663 3755 1689 3816 si
1713 3761 1743 3816 te

419 3846 550 3909 multum
572 3853 685 3909 natura
706 3845 885 3920 adiuvaret3
909 3846 935 3907 si
959 3845 1088 3927 optimis
1111 3867 1129 3909 a
1151 3849 1287 3929 pueritia
1308 3849 1487 3932 disciplinis
1509 3856 1605 3934 atque
1625 3849 1743 3912 artibus

419 3940 594 4004 studuisses
617 3947 649 4001 et
670 3940 704 4001 in
725 3939 776 4000 his
798 3939 1013 4013 elaborasses;
1046 3941 1073 4001 si
1097 3940 1217 4005 litteras
1240 3942 1376 4005 Graecas
1397 3943 1550 4018 Athenis,
1573 3965 1637 4008 non
1659 3943 1781 4029 Lily-an

417 4034 504 4106 basi,
531 4033 660 4096 Latinas
689 4034 825 4107 Romae,
854 4054 920 4095 non
947 4034 980 4095 in
1012 4034 1120 4096 Sicilia
1150 4034 1332 4099 didicisses:
1362 4044 1466 4099 tamen
1490 4045 1575 4105 esset
1595 4059 1743 4122 magnum

418 4135 536 4191 anam
559 4146 702 4202 causam,
725 4134 788 4190 tarn
812 4133 1026 4208 exspectatam
1048 4136 1080 4190 et
1096 4129 1259 4211 diligentia
1275 4131 1427 4215 consequi
1447 4140 1478 4194 et
1492 4132 1643 4196 memoria
1658 4153 1743 4197 com-

484 4379 509 4429 3.
528 4382 552 4428 ct
567 4383 638 4427 tuom
655 4379 686 4426 Gt
709 4377 751 4437 (cf.
771 4377 795 4440 g.
814 4377 854 4427 64.
873 4378 914 4426 lV.
934 4377 1025 4441 §.tta
1045 4392 1071 4443 p.
1091 4380 1159 4430 Sest.
1181 4381 1204 4444 5.
1225 4383 1279 4430 447.
1299 4383 1325 4432 in
1342 4383 1393 4432 Pis.
1411 4381 1435 4443 ἓ.
1456 4383 1495 4432 46.
1514 4385 1590 4434 Tusc.
1609 4386 1638 4434 V.
1659 4386 1682 4448 5.
1702 4386 1742 4437 ³1.

415 4454 449 4504 de
466 4455 537 4504 Orat.
560 4455 590 4503 ll.
609 4453 633 4516 ἕ.
652 4453 693 4502 89.
712 4453 754 4502 444.
773 4452 798 4514 5.
818 4452 873 4503 tbi.
893 4455 922 4502 N.
941 4455 971 4502 Ι).
991 4455 1010 4501 l.
1029 4453 1052 4516 ἓ.
1073 4453 1113 4502 46.
1132 4456 1174 4504 444.
1192 4455 1216 4517 5.
1235 4456 1275 4504 46.
1295 4455 1329 4505 de
1348 4456 1400 4505 Fin.
1420 4457 1439 4505 l.
1458 4457 1537 4520 §.dh
1557 4460 1604 4509 044.
1624 4462 1643 4511 l.
1662 4462 1740 4524 §.ta

416 4529 449 4580 ad
467 4531 518 4580 stt.
537 4528 567 4579 x.
586 4527 612 4585 4,
630 4529 654 4576 t.
674 4528 699 4577 in
717 4528 772 4576 Cat.
787 4527 828 4576 lV.
847 4527 870 4589 5.
885 4527 907 4576 9.
928 4541 954 4592 p.
973 4527 1045 4577 dom.
1064 4527 1088 4591 5.
1102 4527 1142 4578 84.
1162 4529 1196 4578 ad
1213 4531 1284 4589 Quin.
1303 4530 1327 4592 5.
1342 4529 1410 4591 thl:
1429 4537 1547 4593 tuomque
1564 4536 1645 4585 nand
1657 4537 1686 4596 l),
1705 4536 1739 4586 cf.

416 4603 475 4654 infr.
495 4603 526 4653 V.
551 4603 576 4667 5.
594 4601 635 4653 85.
654 4601 731 4665 proh.
750 4601 925 4664 Wesenberg.
945 4601 1042 4653 Obsvv.
1061 4603 1129 4652 critt.
1149 4605 1175 4653 in
1192 4606 1259 4653 Sest.
1278 4617 1304 4667 p.
1325 4605 1379 4665 44.,
1406 4612 1481 4669 atquc
1497 4614 1568 4659 taam
1585 4610 1632 4658 dtt.
1646 4611 1679 4666 Ο,
1706 4610 1739 4659 cf.

415 4681 473 4730 Act.
492 4679 512 4727 l.
531 4677 556 4740 g.
574 4678 615 4727 55.
637 4703 664 4712 -
688 4677 742 4740 Ego
755 4677 908 4724 --dotoras
923 4689 978 4726 sum
994 4679 1060 4727 Non.
1079 4690 1106 4741 p.
1119 4677 1175 4728 448.
1195 4679 1252 4728 479.
1278 4706 1305 4714 -
1331 4679 1370 4731 44.
1389 4682 1411 4730 si
1427 4682 1461 4747 td]
1478 4685 1500 4732 si
1517 4686 1562 4734 64.
1583 4711 1609 4718 -
1629 4684 1669 4732 ta.
1687 4685 1740 4749 boo]

415 4754 476 4803 hooc
493 4752 591 4809 Gihd,
614 4752 648 4801 cl.
673 4752 758 4801 liuha.
776 4752 795 4799 l.
816 4751 855 4801 40.
881 4750 944 4813 ibiq.
967 4751 1069 4801 Ruhulr.
1095 4765 1120 4816 p.
1139 4753 1196 4802 403.
1224 4755 1464 4818 luterpunctionem
1482 4759 1559 4808 huius
1576 4756 1626 4807 loci
1644 4771 1741 4822 paren-

416 4829 523 4878 theseos
535 4827 616 4889 signis
629 4827 719 4891 positis
733 4827 800 4890 (post
811 4827 897 4875 Garat.
911 4825 950 4887 ll.)
964 4828 1037 4875 recto
1049 4827 1184 4876 constituit
1194 4827 1280 4876 Madv.
1294 4829 1320 4877 iu
1333 4830 1387 4879 Cic.
1402 4833 1478 4894 Legg.
1493 4834 1518 4881 el
1530 4831 1628 4881 acadd.
1641 4845 1667 4894 p.
1681 4832 1738 4882 468.

418 4929 445 4938 -
464 4902 505 4952 48.
524 4903 568 4964 qai
584 4902 665 4952 autc.
686 4901 718 4951 cl.
735 4901 759 4964 5.
772 4902 824 4950 40.;
843 4902 898 4962 quis
914 4901 945 4949 ot
959 4901 1015 4950 44),
1030 4927 1057 4936 -
1076 4901 1118 4950 40.
1134 4902 1333 4965 ρναιτίιαωηιᾳυο
1349 4906 1381 4953 ct
1394 4905 1462 4956 ist:
1480 4907 1630 4970 pronitatem
1647 4906 1694 4956 dtt.
1709 4907 1738 4956 0.

417 5001 445 5013 -·
463 4979 504 5027 44.
523 4978 657 5039 acciperes
673 4974 910 5039 GlPDng‘iPp.
930 4989 1015 5026 m.-
987 4990 1145 5028 -rcsom
1164 4977 1335 5028 flandi).-
1353 4983 1441 5031 oars'cs
1456 4996 1495 5032 res
1513 4981 1606 5030 ld
1626 4979 1666 5031 44.
1683 4995 1741 5044 pcc-

413 5054 479 5101 con't
504 5049 674 5114 Glbbglc
701 5049 763 5100 Pall
787 5048 834 5101 al:
859 5052 972 5113 patrarit
994 5051 1147 5114 aglao—
1120 5053 1207 5102 -4.6
1226 5059 1249 5103 tc
1268 5056 1404 5116 posscdtt
1422 5070 1501 5107 nonu.
1521 5055 1554 5106 cl.
1573 5054 1685 5107 Ellendt.
1705 5057 1738 5108 de

414 5128 483 5177 Orat.
503 5125 559 5176 Vol.
579 5127 609 5177 44.
632 5140 659 5190 p.
678 5124 787 5174 354-
814 5126 880 5186 quod
899 5127 938 5175 ocl
956 5127 1080 5176 laC.—
1106 5126 1246 5178 huiusmodi
1269 5131 1302 5179 Gt
1329 5135 1383 5182 tres
1402 5134 1508 5193 4443.-
1536 5131 1577 5180 49.
1596 5145 1739 5196 magno--
1797 5181 1799 5184 .

412 5207 566 5252 contemsero
581 5203 675 5252 Donat.
694 5199 729 5249 ad
746 5201 804 5250 Ter.
822 5199 933 5266 Adelph.
952 5202 1009 5263 44
1023 5204 1103 5252 44.-
1123 5202 1163 5254 aa
1179 5207 1301 5271 proficere
1317 5207 1469 5271 brchglb
1478 5205 1525 5256 44
1541 5210 1661 5277 perficere
1678 5208 1738 5264 644

413 5275 460 5325 dtt.
489 5275 527 5326 Cf.
545 5275 580 5326 ad
596 5278 648 5327 att.
668 5278 687 5325 1.
706 5272 731 5338 ἓ.
749 5276 838 5325 40.-
857 5275 897 5326 344.
916 5276 1055 5328 laborasses
1070 5277 1149 5345 4349.
