4367 6109
448 586 491 654 34
732 584 882 652 ORATIO
903 584 982 651 PRO
1004 584 1094 651 SEX.
1116 584 1265 651 ROSCIO
1285 583 1468 652 AblERlNO

451 781 523 825 oum
555 757 693 823 omnium
720 756 875 819 nobilium
903 755 1040 838 dignitas
1061 764 1093 820 et
1114 757 1199 819 salus
1221 757 1254 819 in
1276 756 1442 818 discrimen
1465 754 1602 829 veniret,
1635 760 1761 837 praeter

450 863 571 918 ceteros
593 853 625 914 in
645 869 683 912 ea
696 848 859 912 vicinitate
873 868 942 912 eam
956 857 1077 933 partem
1092 870 1284 934 causamque
1300 870 1409 932 opera,
1431 848 1552 923 studio,
1574 849 1760 912 auctoritate

450 948 606 1012 defendit:
638 942 754 1006 etenim
776 951 895 1005 rectum
917 945 1048 1026 putabat
1068 965 1127 1027 pro
1149 964 1258 1007 eorum
1279 944 1444 1007 honestate
1460 962 1494 1006 se
1509 962 1666 1025 pugnare,
1689 963 1762 1025 pro·

448 1051 520 1125 pter
533 1059 612 1123 quos
627 1038 695 1121 ipse
710 1036 954 1100 honestissimus
970 1038 1053 1102 inter
1066 1058 1142 1101 suos
1152 1037 1386 1100 numerabatur.
1407 1039 1616 1122 Posteaquam
1630 1037 1763 1100 victoria

426 1134 619 1198 :constituta
640 1139 689 1194 est
709 1131 749 1194 ab
771 1131 930 1213 armisque
951 1132 1156 1207 recessimus,
1179 1153 1250 1195 oum
1265 1131 1536 1214 proscriberentur
1549 1130 1696 1194 homines
1716 1137 1763 1192 at-

449 1248 510 1312 que
537 1247 577 1289 ex
604 1225 691 1289 omni
719 1225 850 1307 regione
879 1234 1065 1308 caperentur
1086 1227 1124 1300 ii,
1158 1227 1213 1309 qui
1244 1225 1414 1288 adversarii
1436 1224 1534 1288 luisse
1556 1224 1762 1305 putabantur,

448 1329 514 1386 erat
534 1320 588 1384 ille
609 1321 727 1383 Romae
747 1318 898 1401 [requam
920 1327 1016 1402 atque
1038 1319 1072 1381 in
1093 1320 1163 1383 toro
1186 1328 1218 1382 et
1238 1319 1273 1381 in
1296 1338 1350 1382 ore
1369 1319 1510 1381 omnium
1533 1317 1677 1400 quotidie
1693 1334 1762 1379 ver·

447 1415 590 1489 sabatur,
622 1406 722 1496 mag'is
743 1419 780 1475 ut
800 1412 958 1476 exsultare
980 1413 1112 1476 victoria
1133 1412 1308 1475 nobilitatis
1330 1411 1490 1474 videretur
1517 1431 1612 1494 quam
1642 1411 1762 1482 timere,

446 1528 487 1572 ne
510 1509 588 1593 quid
610 1529 651 1571 ex
672 1526 710 1569 ea
732 1505 917 1570 calamitatis
940 1507 998 1569 sibi
1015 1506 1182 1569 accideret.
1217 1501 1266 1567 tt.
1286 1506 1385 1568 Erant
1398 1506 1428 1569 ei
1443 1512 1564 1568 veteres
1579 1504 1762 1567 inimicitiae

412 1614 439 1661 44
448 1623 520 1666 cum
548 1601 672 1664 duobus
700 1600 823 1663 Rosciis
844 1601 1016 1675 Amerinis,
1046 1619 1181 1682 quorum
1202 1599 1335 1661 alterum
1357 1600 1468 1662 sedere
1490 1599 1523 1661 in
1544 1605 1763 1662 accusatorum

448 1695 607 1760 subselliis
629 1695 739 1768 video,
761 1693 895 1756 alterum
916 1695 976 1756 tria
995 1694 1128 1756 huiusce
1150 1692 1278 1774 praedia
1293 1693 1456 1774 possidere
1471 1693 1584 1769 audio:
1607 1711 1687 1776 quas
1702 1692 1763 1754 ini-

448 1791 584 1854 micitias
605 1789 632 1852 si
654 1795 717 1852 tam
740 1807 850 1850 cavere
871 1787 1041 1871 potuisset,
1064 1806 1160 1870 quam
1175 1792 1314 1848 metuere
1330 1785 1468 1861 solebat,
1491 1786 1626 1850 vireret:
1656 1803 1763 1868 neque

449 1884 549 1957 enim,
571 1882 708 1957 iudices,
730 1882 846 1945 iniuria
868 1881 1036 1944 metuebat.
1078 1883 1157 1943 Nam
1180 1880 1242 1942 duo
1264 1880 1316 1942 isti
1338 1887 1411 1943 sunt
1426 1881 1488 1943 Titi
1504 1881 1611 1943 Roscii
1626 1913 1668 1928 -
1683 1898 1763 1963 quo-

449 1999 519 2041 rum
545 1976 637 2039 alteri
669 1977 813 2059 Capitoni
844 1996 1018 2058 cognomen
1048 1984 1116 2050 est,
1148 1976 1208 2037 iste
1231 1971 1285 2055 qui
1308 1973 1397 2035 adest
1417 1975 1549 2056 Magnus
1570 1980 1703 2037 vocatur
1722 2004 1764 2019 -

412 2085 440 2131 44
448 2071 594 2135 homines
616 2069 789 2133 eiusmodi:
812 2070 893 2133 alter
913 2071 1118 2154 plurimarum
1141 2071 1314 2151 palmarum
1336 2075 1426 2130 vetus
1448 2087 1485 2130 ac
1506 2067 1623 2131 nobilis
1645 2066 1764 2149 gladia·

449 2173 500 2230 tor
519 2163 668 2238 habetur,
688 2162 742 2226 bic
762 2172 868 2228 autem
883 2184 986 2247 nuper
999 2184 1033 2227 se
1048 2163 1088 2225 ad
1104 2183 1176 2225 eum
1190 2160 1337 2226 lanistam
1353 2161 1503 2225 contulit:
1526 2163 1581 2245 qui
1595 2169 1669 2225 ante
1683 2161 1764 2224 hano

449 2278 586 2344 pugnam
607 2257 668 2320 tiro
690 2265 775 2322 esset
797 2254 895 2342 [quod
918 2253 1049 2338 sciaml,
1075 2256 1168 2320 facile
1195 2257 1300 2340 ipsum
1321 2255 1504 2338 magistrum
1526 2254 1646 2320 scelere
1668 2255 1764 2319 auda·

449 2354 561 2438 sieque
583 2351 752 2436 superavit.

531 2447 599 2511 vss.
620 2443 670 2510 t8.
699 2448 778 2510 Nam
800 2466 871 2511 oum
892 2446 944 2509 hic
967 2447 1080 2509 Sextus
1103 2445 1236 2508 Roscius
1258 2452 1342 2509 esset
1363 2446 1524 2522 Ameriae,
1546 2446 1637 2509 Titus
1658 2452 1763 2508 autem

411 2543 508 2607 :siste
536 2541 670 2605 Roscius
697 2542 832 2617 Romae,
861 2562 932 2605 cum
960 2541 1012 2603 hio
1033 2536 1117 2603 lilius
1139 2539 1285 2603 assiduus
1307 2542 1340 2602 in
1362 2541 1501 2624 praediis
1523 2549 1607 2605 esset
1627 2559 1763 2625 cumque

448 2657 483 2701 se
509 2636 672 2699 voluntate
699 2634 797 2716 patris
826 2634 872 2697 rei
893 2634 1040 2697 familiari
1062 2634 1209 2715 vitaeque
1231 2633 1366 2696 rusticae
1389 2634 1544 2710 dedisset,
1577 2635 1636 2698 iste
1658 2643 1763 2698 autern

447 2731 596 2814 frequens
624 2730 741 2792 Rornae
771 2734 869 2803 esset,
898 2728 1052 2791 occiditur
1083 2728 1123 2790 ad
1150 2726 1279 2790 balneas
1301 2727 1475 2791 Pallacinas
1497 2729 1623 2792 rediens
1644 2748 1665 2791 a
1685 2747 1763 2792 cena

449 2826 522 2888 Sex.
544 2824 686 2887 Roscius.
721 2823 820 2906 Spero
843 2842 883 2885 ex
903 2822 965 2884 hoc
987 2821 1056 2904 ipso
1079 2841 1145 2885 non
1167 2842 1236 2883 esse
1252 2820 1437 2896 obscurum,
1458 2822 1499 2885 ad
1515 2840 1609 2906 quem
1623 2821 1762 2905 suspicio

448 2914 594 2982 maleficii
615 2916 788 3000 pertineat:
811 2935 919 2981 verum
941 2915 990 2990 id,
1013 2915 1100 2998 quod
1122 2914 1225 2977 adhuc
1247 2922 1296 2977 est
1310 2915 1536 2997 suspiciosum,
1558 2915 1621 2978 nisi
1642 2915 1763 2998 perspi·

410 3026 542 3076 etenum
564 3029 614 3073 res
635 3011 706 3092 ipsa
726 3009 853 3084 iecerit,
875 3010 960 3071 huno
981 3006 1108 3071 affinem
1130 3008 1242 3091 culpae
1264 3009 1446 3072 iudicatote.
1483 3004 1534 3069 tt.
1557 3007 1671 3071 Occiso
1690 3008 1762 3069 Sex.
1804 3084 1810 3094 θ

448 3105 562 3168 Roscio
585 3105 705 3188 primus
726 3104 884 3167 Ameriam
906 3102 1031 3165 nuntiat
1052 3102 1178 3165 ltlallius
1200 3101 1331 3164 Glaucia
1355 3102 1500 3184 quidam,
1530 3101 1626 3166 homo
1649 3102 1763 3176 tenuis,

511 3346 536 3397 4.
557 3343 691 3407 vicinitate]
714 3344 814 3394 44444444
831 3355 847 3392 4
864 3346 891 3393 44
907 3345 967 3406 Lag.
986 3344 1010 3393 7.
1029 3343 1053 3393 9.
1073 3343 1114 3392 te.
1134 3342 1173 3391 48.
1191 3342 1231 3391 id.
1252 3368 1280 3378 -
1299 3340 1323 3392 4.
1341 3347 1476 3392 occurant
1492 3343 1553 3407 Lag.
1572 3343 1613 3393 26.
1633 3367 1661 3380 -
1680 3345 1704 3395 6.
1723 3357 1764 3394 oo-

446 3426 564 3483 44444444
580 3419 672 3471 codd:
690 3424 840 3481 4444444444
857 3419 923 3469 coni.
943 3416 1020 3468 Orelli
1038 3417 1084 3481 (ῆς
1102 3417 1307 3479 conquererentur
1324 3417 1388 3467 44444.
1407 3417 1441 3468 de
1459 3419 1504 3468 lan
1521 3418 1546 3467 in
1563 3418 1700 3469 4444444444·
1714 3418 1761 3483 gel.

447 3498 570 3560 44444444
586 3495 658 3548 4844.
677 3507 750 3543 num.
769 3492 827 3544 tto.
853 3496 886 3543 At
901 3492 954 3543 vid.
973 3494 1015 3543 Os.
1036 3497 1062 3543 et
1079 3492 1112 3544 cl.
1131 3494 1207 3542 Auct.
1225 3491 1259 3542 ad
1276 3493 1392 3543 lierenn.
1411 3492 1452 3552 lv,
1472 3492 1496 3555 5.
1515 3491 1563 3542 344
1589 3493 1762 3554 8444444ιὶ4444,

326 3632 332 3643 ι
446 3573 495 3637 fide
518 3575 632 3634 ceptum,
657 3569 783 3619 4444444444
802 3570 910 3633 perfidie
929 3570 983 3619 cito
1003 3569 1122 3631 44444444.
1144 3595 1171 3602 -
1189 3568 1213 3616 4.
1232 3573 1307 3630 etque
1323 3569 1349 3617 in
1365 3567 1429 3632 toro]
1447 3579 1501 3617 om.
1520 3573 1594 3627 atque
1611 3567 1721 3617 444484
1738 3570 1764 3618 44

448 3646 463 3696 3
481 3647 557 3709 Legg.
577 3644 640 3695 dett.
659 3642 706 3694 soli
724 3657 756 3694 ex
773 3645 850 3695 notis.
871 3671 899 3680 -
922 3644 946 3694 8.
965 3644 1080 3696 44444444
1096 3647 1207 3694 Grac.
1229 3671 1256 3681 -
1275 3646 1314 3694 ta.
1332 3643 1428 3709 444444]
1442 3643 1574 3705 protom
1590 3643 1684 3693 Curius
1701 3643 1764 3693 For-

449 3721 597 3770 tunatinnus
614 3731 640 3783 p.
659 3719 701 3769 82.
720 3743 748 3755 —
768 3717 807 3768 48.
827 3719 868 3767 isti
884 3719 933 3767 44444
949 3720 999 3782 444,
1020 3720 1102 3780 dud,
1120 3732 1146 3768 v.
1168 3745 1194 3755 -
1216 3718 1262 3769 Titi
1279 3721 1334 3770 4444
1346 3734 1362 3769 v
1373 3733 1388 3768 a
1400 3733 1432 3770 c:
1452 3719 1477 3768 T.
1496 3716 1584 3782 vulgo.
1600 3744 1628 3755 —-
1645 3719 1717 3770 Rosci
1733 3719 1762 3770 C.

450 3822 477 3832 ·-
497 3797 536 3846 lb.
555 3794 699 3845 4444444444
719 3794 774 3853 llll,
802 3794 941 3843 4444444444
957 3795 1023 3844 coni.
1042 3795 1128 3857 Reisig
1149 3793 1252 3856 (Verisa.
1270 3793 1331 3844 iiber
1346 3795 1431 3844 444444.
1449 3795 1612 3856 8444444444.
1635 3807 1663 3859 4).
1680 3793 1762 3858 toa),

448 3884 516 3934 quae
534 3868 684 3921 emendatio
700 3869 850 3919 necessaria
867 3867 979 3918 videtur.
1000 3894 1027 3905 -
1049 3869 1197 3931 4444444444
1213 3882 1266 3919 orn.
1286 3873 1314 3919 G.
1335 3897 1362 3906 -
1380 3871 1421 3920 46.
1439 3869 1642 3934 444444441444
1657 3870 1722 3920 44444
1737 3882 1762 3921 a.

449 3947 534 3996 Garat.
554 3946 585 4009 (i)
603 3944 713 4008 requirit
727 3941 770 3992 vel
786 3943 851 3993 alter
867 3949 949 3992 44444444
965 3941 1007 3992 vel
1024 3943 1068 3993 iste
1084 3948 1181 4002 eutem3
1205 3946 1232 3992 nt
1254 3955 1315 3992 cum
1338 3956 1465 4007 praesens
1482 3943 1585 3995 absenti
1601 3958 1634 3997 ex
1650 3944 1764 3997 adverso

448 4023 573 4085 ponatur,
591 4018 669 4071 lectio
687 4016 764 4068 oodd.
778 4021 884 4068 nonest
898 4015 1037 4075 tentanda:
1054 4031 1080 4067 v.
1095 4016 1118 4080 5.
1132 4017 1189 4067 448.
1204 4044 1229 4051 -
1250 4017 1294 4079 qui
1304 4023 1361 4068 44444
1372 4017 1468 4069 codd:
1487 4019 1530 4080 4444
1540 4032 1597 4069 curn
1608 4020 1763 4081 4444444ος

449 4094 554 4145 additu
571 4108 628 4144 cum
644 4095 704 4143 ente
721 4093 784 4152 tiro:
803 4093 885 4155 etqui
902 4097 959 4142 4444
975 4093 1042 4142 coni.
1061 4092 1164 4156 Madvig
1182 4094 1278 4157 opusc.
1291 4094 1310 4142 l.
1329 4106 1355 4157 p.
1368 4094 1424 4143 478.
1448 4094 1501 4156 Ego
1518 4091 1612 4158 reliqui
1621 4092 1763 4159 vulgatam,

449 4182 530 4235 quam
546 4169 664 4221 defendit
679 4168 774 4219 lordan
791 4167 808 4218 l.
826 4181 850 4219 o.
869 4181 895 4232 p.
908 4166 979 4229 6644,
998 4167 1069 4232 quod
1087 4168 1216 4218 incertum
1234 4166 1386 4228 videbatur,
1405 4180 1470 4218 num
1487 4173 1510 4218 et
1526 4170 1570 4232 4444
1585 4183 1634 4232 an,
1652 4170 1681 4220 ld
1693 4169 1766 4235 quod

449 4259 498 4310 ego
515 4244 619 4307 malim,
638 4245 729 4308 quique
745 4243 929 4308 corrigendum
947 4245 1026 4293 esset.
1048 4271 1074 4279 -
1093 4248 1151 4293 4444
1167 4242 1239 4306 benc]
1258 4248 1316 4294 4444
1331 4244 1357 4292 io
1373 4244 1433 4293 sch.
1447 4243 1490 4307 (ex
1507 4249 1565 4294 4444
1580 4242 1655 4308 mm).
1676 4271 1704 4280 -
1722 4244 1762 4294 tt.

449 4323 514 4384 quod
529 4322 607 4372 4444444
623 4321 695 4371 Gara
707 4321 726 4370 C
737 4319 758 4369 ll
768 4334 799 4379 χ,
817 4320 854 4368 84.
868 4319 944 4377 vict,
963 4316 1035 4379 Pell,
1054 4316 1166 4380 lParr.,
1185 4332 1250 4368 vac
1267 4321 1294 4369 et
1311 4321 1387 4382 Lagg.
1400 4317 1537 4383 plerique:
1556 4319 1622 4382 quod
1638 4319 1766 4370 4444444444

449 4396 510 4459 Lag.
528 4396 583 4455 aa:
602 4396 667 4458 444444
682 4395 784 4445 scientio
800 4395 836 4444 444
852 4395 952 4457 Risit:
972 4393 1015 4455 444
1030 4392 1134 4442 solertia
1150 4394 1208 4443 Par.
1220 4394 1256 4455 7.,
1275 4395 1345 4445 unde
1361 4394 1431 4459 vulg.
1452 4397 1501 4446 tiro
1518 4401 1577 4447 esset
1588 4395 1692 4446 44444444
1708 4396 1766 4446 orta

450 4474 499 4522 est.
523 4469 599 4534 (quod
613 4471 703 4531 444444,
725 4471 777 4519 iam
792 4469 867 4533 focile
884 4469 951 4520 coni.
969 4467 1096 4529 Ruecbn.)
1120 4466 1263 4533 Madvigius
1279 4468 1296 4519 l.
1315 4483 1338 4519 c.
1358 4468 1498 4521 lectionem
1523 4471 1588 4534 quod
1604 4471 1683 4522 444444
1698 4471 1765 4522 scite

448 4545 491 4596 ille
509 4544 617 4610 quidem
634 4544 763 4605 defendit,
781 4543 830 4596 sed
846 4557 939 4595 verum
955 4543 1060 4594 videtur
1076 4544 1207 4594 Garatonii
1224 4545 1265 4608 (4.)
1284 4544 1421 4605 iudicium,
1440 4547 1486 4610 qui
1502 4546 1620 4598 diversas
1636 4545 1766 4598 lectiones

450 4633 482 4671 ex
499 4618 586 4684 glossa
603 4619 739 4684 marginali
757 4621 854 4682 «444444
869 4619 1014 4669 centiam»
1031 4618 1164 4683 proiectas
1181 4622 1282 4671 censet.
1298 4647 1325 4657 -
1344 4621 1384 4671 49.
1401 4621 1440 4670 bic
1457 4634 1510 4672 om.
1524 4635 1548 4672 v.
1564 4646 1591 4658 —
1613 4622 1679 4671 Tite:
1695 4621 1762 4672 mei:

450 4696 477 4746 Τ.
494 4692 581 4758 vulgo.
601 4719 630 4731 -
649 4695 740 4756 4444444]
758 4692 822 4743 citer
838 4695 898 4757 Lag.
918 4695 941 4743 4.
960 4693 984 4742 3.
1002 4693 1026 4743 8.
1045 4696 1072 4742 et
1088 4706 1136 4743 ac.
1157 4723 1184 4730 -
1202 4697 1243 4746 20.
1261 4697 1301 4746 bic
1317 4709 1369 4747 om.
1384 4699 1412 4746 G.
1435 4724 1463 4733 —
1482 4699 1523 4747 44.
1540 4698 1676 4761 semitecta
1691 4699 1721 4748 G.
1735 4724 1764 4734 -

450 4771 578 4822 4444444444
594 4769 661 4820 coni.
679 4769 778 4833 lieisig3
797 4771 825 4817 at
840 4781 865 4818 v.
884 4768 941 4818 Div.
959 4768 986 4817 in
1003 4769 1081 4819 Coeo.
1103 4768 1128 4832 5.
1146 4768 1177 4820 l:
1196 4770 1240 4833 qui
1254 4784 1295 4821 me
1312 4772 1346 4821 44
1362 4771 1522 4834 4444444444
1536 4773 1645 4825 domim
1660 4799 1675 4811 -
1690 4798 1705 4809 -
1721 4772 1766 4823 de-

450 4846 548 4907 44444444,
567 4845 616 4895 nist
631 4846 745 4907 utroque
761 4841 820 4893 loco
837 4843 923 4893 44444444
938 4841 1132 4894 restituendum
1149 4847 1199 4895 est.
1219 4872 1246 4880 -
1271 4847 1312 4896 22.
1330 4847 1422 4898 44444444
1437 4847 1552 4910 [requam
1567 4861 1593 4900 v.
1614 4874 1642 4886 -
1660 4847 1767 4898 4444444-

449 4932 497 4970 aa:
512 4919 595 4978 llllx
612 4918 640 4968 et
655 4918 670 4968 't
687 4919 777 4982 lagg:
794 4916 943 4966 4444444444
957 4917 1017 4981 bag.
1030 4919 1086 4978 26:
1104 4919 1248 4971 Pollucem:
1258 4921 1355 4972 Nonius
1372 4935 1398 4987 p.
1411 4920 1459 4973 494
1470 4923 1517 4982 44.;
1535 4923 1660 4973 4444444444
1675 4918 1763 4974 schol.

451 4996 477 5046 ln
493 4997 601 5058 Argum.
619 5005 645 5057 p.
658 4989 715 5043 444.
735 4994 762 5041 44
777 5003 803 5055 p.
816 4988 889 5051 434.;
906 4991 1039 5042 Petticinas
1050 4995 1111 5056 Lag.
1125 4995 1165 5055 7.;
1182 4995 1320 5046 4444444444
1330 4996 1391 5061 Lag.
1403 4996 1427 5048 3.
1440 5012 1447 5060 3
1460 4995 1764 5060 omoeoeusion.

451 5069 570 5130 Phocoe:
587 5067 714 5132 Pottegersi
729 5066 837 5131 Pompei
855 5066 957 5117 comm.
975 5068 1038 5118 artis
1054 5068 1148 5120 Donati
1164 5083 1191 5135 p.
1204 5071 1252 5121 ⁴50
1266 5071 1356 5132 Lind.;
1371 5072 1599 5138 44444444484444444
1609 5085 1636 5137 p.
1648 5069 1713 5123 4844
1724 5072 1764 5131 Ρ.;

452 5143 579 5195 Palatino:
595 5143 719 5194 Govac
735 5142 762 5192 et
778 5141 878 5192 Phocus
894 5154 920 5205 p.
939 5140 987 5194 838
1003 5142 1077 5193 lind.
1098 5170 1126 5180 -
1143 5142 1184 5195 44.
1203 5150 1238 5195 est
1253 5157 1306 5196 om.
1320 5148 1349 5197 G.
1371 5173 1397 5182 —
1416 5146 1457 5199 44.
1476 5147 1624 5214 menti.
1638 5170 1666 5182 -
1684 5145 1766 5196 occiso

453 5246 490 5258 ··
501 5219 602 5273 4444444444
621 5230 674 5270 om.
694 5219 723 5268 44.
743 5243 771 5253 -
792 5216 833 5269 44.
856 5216 972 5269 tumre
987 5216 1025 5277 ll3
1047 5218 1178 5271 Amerinus
1193 5221 1221 5272 T.
1241 5243 1269 5256 -
1286 5222 1389 5273 44444444
1404 5223 1469 5290 liv,
1491 5221 1626 5291 1183.qu
1649 5218 1703 5279 444.
1720 5219 1763 5277 8.:

453 5290 563 5348 itastis:
578 5292 655 5349 codd.
672 5289 793 5360 plerique
808 5288 912 5357 reliqul.
931 5317 959 5332 -
978 5291 1080 5346 44444444
1095 5294 1150 5360 tlt,
1167 5305 1202 5359 v:
1220 5294 1329 5350 (44444444
1345 5297 1375 5350 G.
