4367 6109
699 586 768 652 Lm.
790 587 827 651 V.
858 586 932 653 Car.
954 587 1153 653 Lv-Lvll.
1181 584 1238 671 §5
1260 582 1449 652 tit-tis.
1673 585 1737 653 429

412 754 536 839 rybdim
558 760 621 818 tam
642 754 789 819 infestam
812 776 916 840 neque
940 758 1076 841 Scyllam
1099 759 1221 834 nautis,
1245 779 1339 843 quam
1361 760 1454 822 istum
1476 758 1509 820 in
1524 756 1638 822 eodem
1655 757 1736 822 freto

412 847 510 913 fuisse
532 848 686 913 arbitror:
708 850 771 913 boc
794 852 886 913 etiam
909 851 968 914 iste
991 852 1149 928 infestior,
1173 852 1260 936 quod
1284 853 1382 915 multo
1405 874 1438 916 se
1460 853 1604 935 pluribus
1626 859 1658 915 et
1678 851 1737 914 im·

414 942 608 1006 manioribus
635 944 767 1006 canibus
798 946 1004 1008 succinxerat.
1045 947 1180 1029 Cyclops
1209 946 1289 1009 alter
1313 947 1411 1010 multu
1433 945 1657 1030 importunior,
1685 942 1737 1009 bio

414 1035 497 1097 enim
521 1044 618 1099 totam
640 1036 775 1100 insulam
797 1036 979 1113 obsidebat,
1000 1039 1054 1102 ille
1069 1042 1202 1103 Aetnam
1225 1039 1323 1103 solam
1346 1048 1377 1102 et
1392 1060 1461 1103 eam
1477 1041 1601 1104 Siciliae
1616 1047 1737 1122 partem

414 1129 553 1193 tenuisse
576 1129 701 1194 dicitur.
735 1132 777 1192 At
790 1150 872 1214 quae
890 1140 1065 1194 causatum
1081 1133 1360 1197 subiiciebaturab
1376 1135 1463 1217 ipso,
1486 1134 1621 1208 iudices,
1643 1133 1761 1197 intusa

414 1231 478 1286 tam
498 1223 637 1287 nefariae
659 1223 877 1288 crudelitatis?
911 1225 1045 1298 Eadem,
1080 1231 1160 1308 quae
1184 1227 1321 1289 nuncin
1344 1226 1527 1291 defensione
1549 1247 1739 1291 commemo·

413 1317 543 1380 rabitur.
577 1316 777 1402 Quicumque
799 1326 998 1381 accesserant
1019 1318 1058 1380 ad
1082 1319 1219 1382 Siciliam
1242 1320 1338 1402 paulo
1359 1322 1538 1404 pleniores,
1561 1343 1615 1386 eos
1632 1325 1739 1385 Serto·

412 1412 517 1473 rianos
547 1410 661 1474 milites
683 1431 753 1474 esse
775 1420 871 1496 atque
896 1432 915 1475 a
935 1413 1051 1474 Dianio
1074 1411 1182 1493 fugere
1205 1412 1336 1476 dicebat.
1372 1415 1422 1477 Illi
1444 1417 1484 1477 ad
1506 1415 1738 1499 deprecandum

413 1505 588 1587 periculum
616 1504 820 1588 proferebant
840 1506 894 1568 alii
916 1526 1088 1588 purpuram
1111 1508 1254 1590 Tyriam,
1285 1516 1335 1570 tus
1357 1509 1410 1571 alii
1431 1516 1527 1592 atque
1549 1510 1662 1572 odores
1685 1529 1739 1573 ve·

414 1606 558 1683 stemque
587 1598 733 1673 linteam,
763 1619 901 1682 gemmas
924 1600 977 1663 alii
1005 1608 1037 1663 et
1058 1602 1257 1683 margaritas,
1285 1601 1358 1664 vina
1380 1602 1524 1666 nonnulli
1547 1602 1664 1665 Graeca
1685 1611 1777 1666 rie-¹⁰

414 1691 566 1776 nelesque
589 1693 760 1766 Asiaticos,
789 1700 824 1755 ut
845 1692 1073 1776 intelligeretur
1093 1714 1134 1756 ex
1157 1694 1330 1768 mercibus,
1352 1695 1467 1779 quibus
1490 1717 1530 1759 ex
1553 1696 1631 1759 locis
1652 1699 1740 1760 navi·

413 1792 535 1867 garent.
571 1787 641 1849 Non
664 1786 869 1869 providerant
891 1807 944 1853 eas
967 1788 1051 1869 ipsas
1073 1785 1135 1849 sibi
1158 1806 1269 1851 causas
1291 1807 1360 1851 esse
1382 1790 1531 1871 periculi,
1555 1791 1668 1875 quibus
1691 1811 1740 1853 ar·

414 1880 571 1963 gumentis
598 1899 632 1942 se
664 1880 705 1944 ad
727 1880 861 1943 salutem
882 1883 929 1944 uti
950 1881 1190 1944 arbitrabantur.
1225 1882 1289 1944 lste
1312 1883 1396 1945 enim
1417 1883 1495 1946 baec
1519 1904 1574 1948 eos
1595 1904 1636 1948 ex
1658 1884 1740 1966 pira·

414 1982 516 2037 tarum
538 1976 687 2037 societate
710 1972 843 2057 adeptos
866 1995 936 2038 esse
958 1974 1101 2037 dicebat:
1124 1974 1211 2056 ipsos
1234 1975 1264 2037 in
1288 1975 1454 2039 lautumias
1470 1977 1581 2041 abduci
1605 1978 1740 2061 impera·

412 2068 486 2131 bat:
507 2087 603 2131 naves
626 2088 736 2131 eorum
758 2077 855 2152 atque
877 2090 974 2132 onera
996 2069 1164 2152 diligenter
1178 2069 1369 2133 asservando
1385 2072 1523 2135 curabat.
1557 2072 1651 2133 LVll.
1667 2065 1778 2137 44744

413 2163 470 2225 llis
491 2161 643 2226 institutis
666 2182 738 2224 cum
760 2162 934 2244 completus
956 2165 1018 2226 iam
1038 2171 1248 2226 mercatorum
1270 2184 1376 2227 carcer
1398 2172 1497 2240 esset,
1520 2174 1586 2229 tum
1608 2165 1663 2228 illa
1683 2164 1741 2227 lie-

413 2257 504 2329 bant,
526 2275 609 2339 quae
632 2256 666 2317 L.
690 2257 850 2333 Suetium,
881 2257 1020 2341 equitem
1043 2258 1237 2330 Romanum,
1268 2257 1471 2321 lectissimum
1494 2258 1611 2333 virum,
1634 2258 1740 2321 dicere

413 2349 566 2424 audistis,
589 2357 621 2412 et
642 2369 723 2432 quae
747 2358 868 2413 ceteros
890 2350 1037 2415 audietis.
1075 2350 1221 2414 Cervices
1243 2351 1275 2413 in
1299 2370 1424 2414 carcere
1445 2351 1669 2436 frangebantur
1691 2352 1740 2414 in-

413 2444 595 2526 dignissime
618 2442 731 2506 civium
753 2445 982 2518 Romanorum,
1004 2445 1124 2507 utiam
1147 2444 1201 2507 illa
1221 2465 1285 2508 vox
1306 2453 1338 2508 et
1359 2446 1553 2529 imploratio,
1577 2467 1656 2511 crvrs
1677 2445 1741 2509 lio·

414 2558 516 2601 uauvs
538 2557 616 2610 svrr,
646 2557 728 2620 quae
759 2558 855 2621 saepe
878 2539 985 2602 multis
1007 2540 1040 2602 in
1061 2539 1182 2603 ultimis
1205 2539 1296 2602 terris
1318 2560 1412 2623 opem
1433 2541 1515 2604 inter
1535 2541 1686 2604 barbaros
1709 2546 1777 2605 etro

414 2631 548 2695 salutem
570 2631 657 2704 tulit,
679 2651 717 2693 ea
740 2639 872 2695 mortem
894 2633 958 2696 illis
979 2634 1172 2696 acerbiorem
1195 2640 1226 2695 et
1247 2634 1436 2716 supplicium
1459 2636 1611 2699 maturius
1633 2635 1739 2699 ferret.

414 2726 499 2803 Quid
522 2734 584 2799 est,
606 2727 743 2788 Verres?
774 2726 849 2810 quid
872 2725 911 2789 ad
933 2726 1011 2789 baec
1034 2729 1154 2809 cogitas
1176 2727 1390 2810 responderet
1420 2750 1496 2791 num
1518 2730 1644 2792 mentiri
1666 2731 1739 2793 mei

413 2840 488 2881 num
511 2815 629 2900 fingere
651 2818 794 2901 aliquid?
816 2840 891 2882 num
914 2840 1029 2902 augere
1053 2823 1192 2883 crimen?
1214 2842 1290 2883 num
1314 2820 1389 2904 quid
1410 2822 1524 2886 borum
1544 2822 1649 2886 dicere
1672 2822 1739 2887 istis

415 2912 633 2976 defensoribus
655 2914 717 2975 tuis
739 2913 858 2976 audes?
893 2915 977 2977 Cedo
1000 2915 1093 2988 mibi,
1117 2934 1253 2998 quaeso,
1276 2934 1317 2977 ex
1338 2915 1438 2997 ipsius
1453 2917 1525 2979 sinu
1547 2917 1666 2980 litteras
1682 2916 1740 2999 Sy·

414 3026 654 3081 racusanorum,
683 3026 761 3089 quas
792 3007 852 3069 iste
881 3008 920 3069 ad
954 3006 1116 3069 arbitrium
1143 3029 1235 3072 suum
1265 3008 1424 3072 confectas
1455 3031 1525 3072 esse
1554 3010 1777 3074 arbitraturztt

415 3099 492 3164 cedo
514 3100 671 3163 rationem
694 3101 842 3174 carceris,
865 3120 946 3184 quae
969 3099 1208 3181 diligentissime
1230 3099 1409 3178 coniicitur,
1439 3121 1504 3186 quo
1529 3105 1666 3187 quisque
1688 3103 1739 3167 dia

415 3193 507 3258 datus
529 3194 563 3256 in
584 3194 778 3270 custodiam,
805 3214 870 3278 quo
893 3202 1051 3268 mortuus,
1075 3215 1139 3278 quo
1161 3205 1290 3260 necatus
1312 3197 1360 3261 sit
1405 3192 1476 3259 ll8.
1499 3199 1659 3262 errnnau
1682 3199 1740 3262 Sr-

414 3306 648 3351 aacvsruonvrr.
689 3287 810 3350 Videtis
838 3289 922 3351 cives
948 3289 1109 3351 Romanos
1138 3291 1289 3374 gregatim
1319 3291 1477 3355 coniectos
1499 3292 1532 3354 in
1554 3293 1739 3356 lautumias:

414 3382 526 3446 videtis
548 3381 766 3463 indignissimo
791 3382 824 3444 in
846 3381 916 3444 loco
939 3390 1153 3446 coacervatam
1168 3382 1401 3447 multitudinem
1420 3392 1596 3450 vestmrum
1615 3387 1739 3450 civium.

415 3473 564 3550 Quaerite
593 3494 676 3538 nunc
707 3476 855 3559 vestigia,
885 3476 1000 3559 quibus
1030 3476 1134 3539 exitus
1161 3497 1269 3540 eorum
1291 3497 1331 3542 ex
1357 3478 1412 3541 illo
1435 3478 1505 3543 loco
1528 3486 1779 3563 compareantao

414 3568 507 3632 Nulla
528 3575 614 3632 sunt.
648 3569 809 3633 Omnesne
823 3570 962 3634 mortui‘t
996 3570 1028 3632 Si
1050 3570 1096 3632 ita
1117 3578 1227 3652 posset
1245 3569 1431 3646 defendere,
1453 3581 1558 3637 tamen
1572 3573 1653 3637 fides
1666 3572 1741 3637 huic

415 3660 593 3727 defensioni
624 3682 688 3725 non
715 3663 893 3727 haberetur.
935 3662 998 3726 Sed
1021 3664 1171 3747 scriptum
1193 3671 1296 3727 emtat
1316 3665 1350 3727 in
1371 3663 1473 3728 isdem
1495 3666 1623 3741 litteris,
1652 3662 1740 3751 quod

414 3755 474 3818 iste
496 3755 592 3819 bomo
614 3755 765 3820 barbarus
787 3778 823 3820 ac
845 3756 1018 3820 dissolutus
1040 3778 1147 3841 neque
1169 3757 1331 3821 attendere
1350 3779 1500 3842 umquam
1522 3780 1627 3844 nequo
1647 3760 1742 3824 intel·

414 3849 513 3933 ligere
528 3852 645 3935 potuit:
667 3851 1049 3926 ΕΔΙΚΑΙΩΘΗΣΑΝ,
1072 3853 1192 3937 inquit,
1214 3852 1275 3915 boc
1296 3859 1359 3927 est,
1381 3860 1416 3916 ut
1438 3853 1535 3918 Siculi
1556 3855 1740 3939 loquuntur,

481 4094 505 4143 4.
524 4094 620 4144 milam
636 4095 665 4144 44.
685 4120 714 4131 -
732 4094 838 4144 sociem
853 4095 940 4155 Quint.
965 4123 988 4131 -
1007 4095 1034 4144 ie
1051 4107 1104 4146 orn.
1123 4094 1168 4144 443.
1183 4122 1210 4132 -
1228 4095 1418 4146 inmanioiiius
1434 4096 1468 4146 de
1485 4098 1601 4149 ltemmii
1618 4099 1687 4149 coni.
1700 4099 1740 4151 ln:

415 4168 579 4218 immaioribus
594 4170 629 4230 44,
654 4169 730 4220 codd.
750 4169 856 4229 Lamb.;
878 4170 1017 4222 maioribus
1033 4171 1069 4222 63
1087 4171 1152 4221 dett,
1171 4173 1201 4221 0.
1221 4197 1248 4206 -
1267 4171 1291 4221 3.
1309 4172 1389 4233 cgcim
1405 4174 1425 4222 ll
1442 4185 1483 4237 pr.
1501 4186 1539 4224 m.
1559 4201 1587 4210 -
1605 4174 1698 4237 inpari.
1709 4174 1739 4226 44.

416 4268 445 4278 -
464 4243 488 4294 i.
507 4245 631 4294 obsidebat
647 4245 692 4305 443,
711 4246 788 4296 codd.
807 4245 915 4296 Lamb:
941 4246 1063 4298 obtinebat
1079 4247 1144 4298 dett.
1163 4248 1192 4298 0.
1208 4274 1234 4284 -
1248 4249 1290 4298 ille
1305 4250 1382 4300 etiam
1397 4250 1502 4300 Aetnam
1518 4249 1595 4311 igit).
1616 4275 1643 4284 -
1662 4249 1742 4300 solam

417 4331 473 4367 eam
489 4319 559 4369 4462
577 4318 638 4377 Ld.;
665 4320 791 4382 solamque
807 4334 863 4371 com
880 4322 925 4370 64.
952 4349 979 4356 -
1004 4322 1029 4372 8.
1047 4328 1123 4383 atque
1139 4323 1241 4372 dianio
1258 4324 1287 4373 44.
1315 4350 1342 4359 -
1370 4324 1395 4374 9.
1413 4330 1453 4374 ias
1468 4323 1596 4387 egreia:
1623 4324 1679 4373 ibor
1694 4323 1740 4384 443,

415 4392 535 4458 plerique
552 4393 603 4444 alii.
631 4394 670 4444 64.
688 4396 791 4458 Zumpt.
812 4421 839 4431 -
857 4401 995 4457 oesterague
1010 4397 1037 4445 ia
1053 4396 1130 4446 lintea
1146 4397 1175 4446 44.
1190 4425 1217 4433 -
1238 4397 1276 4447 40.
1294 4401 1437 4461 omatisgae
1453 4401 1482 4450 44.
1497 4427 1525 4436 -
1544 4400 1584 4449 44.
1602 4398 1743 4463 intelleger-

414 4473 485 4518 retur
501 4470 529 4522 ii.
550 4495 578 4504 -
597 4481 630 4518 ea:
647 4480 700 4518 om.
720 4469 797 4531 Lagg.
818 4496 845 4506 -
863 4471 1017 4520 mercedibus
1033 4471 1078 4522 443.
1099 4499 1125 4509 -
1150 4473 1190 4522 42.
1206 4472 1467 4534 provideramiiai:
1491 4473 1658 4538 intelligebant
1674 4472 1740 4524 dett.

415 4543 444 4593 0.
462 4542 555 4607 [Alteri
570 4545 639 4595 hanc
656 4544 813 4594 varietatem
829 4545 915 4605 Nicb.,
934 4547 983 4597 sed
1000 4546 1078 4597 codd.
1098 4549 1216 4598 numeris
1233 4561 1286 4599 non
1302 4550 1461 4616 adscriptis]
1481 4577 1508 4587 -
1536 4549 1690 4611 argenteolis
1704 4546 1741 4598 143

415 4619 442 4666 et
459 4619 550 4681 bagg:
569 4620 717 4669 adiumentis
733 4620 763 4669 0.
784 4644 810 4656 -
835 4618 875 4671 44.
894 4622 986 4670 adduci
1001 4621 1112 4683 litgi9,
1133 4647 1160 4657 -
1185 4622 1225 4671 45.
1243 4624 1316 4672 cacis
1331 4624 1440 4687 litgitt.
1468 4650 1495 4661 -
1519 4623 1615 4672 tenera
1631 4623 1673 4672 dii.
1692 4623 1742 4672 ad·

414 4694 539 4742 amanda
555 4695 584 4745 li.
605 4721 633 4731 -
661 4696 700 4745 47.
719 4696 841 4745 Suettium
857 4697 886 4744 li.
907 4723 933 4733 -
956 4696 996 4746 48.
1015 4700 1039 4744 et
1055 4708 1121 4757 quoe
1137 4694 1268 4759 aalma:
1291 4711 1355 4759 qaae
1371 4697 1436 4749 dett.
1455 4700 1484 4749 0.
1510 4721 1539 4734 -
1565 4696 1605 4747 49.
1623 4701 1650 4745 ut
1665 4696 1742 4747 etiam

415 4766 493 4829 augg.
514 4794 541 4802 -
560 4772 583 4818 el
599 4769 742 4831 imploratio
759 4770 795 4820 443
807 4767 822 4818 λ
835 4769 903 4832 agla
921 4771 989 4832 (ingl.
1009 4772 1056 4833 lii:
1083 4771 1129 4820 itta
1145 4771 1214 4834 impl.
1232 4773 1326 4836 Lagg.;
1344 4778 1368 4822 et
1383 4774 1429 4823 itia
1443 4773 1513 4837 impl.
1532 4773 1561 4822 0.
1582 4797 1609 4808 -
1628 4771 1669 4820 20.
1687 4783 1742 4820 scm

415 4853 469 4890 om.
488 4842 534 4892 63.
556 4870 581 4880 -
601 4844 642 4893 24.
662 4845 747 4895 attatit
763 4843 840 4908 igit.
862 4870 889 4881 -
913 4846 980 4895 iiiios
995 4847 1064 4897 4462
1075 4847 1124 4901 Ld.
1147 4874 1175 4883 —
1198 4847 1239 4898 22.
1256 4863 1317 4898 nam
1338 4863 1413 4912 agere
1430 4850 1508 4913 Lagg.
1528 4848 1634 4913 praeter
1649 4844 1691 4896 42.
1711 4870 1755 4882 -·

416 4914 457 4966 23.
475 4929 542 4966 acac
558 4919 618 4980 qaid
634 4920 655 4969 44
671 4932 713 4984 pr.
731 4932 769 4969 m.
789 4945 815 4956 -
834 4920 888 4969 istir
903 4922 952 4971 tois
968 4922 1057 4985 desem.
1071 4921 1108 4972 63
1126 4923 1188 4984 (non
1200 4923 1237 4987 44).
1254 4949 1281 4960 -
1299 4923 1339 4974 at.
1357 4925 1524 4975 secutarem
1533 4924 1563 4972 n.
1577 4948 1606 4959 -
1623 4921 1664 4970 25.
1678 4931 1743 4980 qaae

415 4990 468 5052 iste]
486 4992 584 5051 quasise
599 4994 633 5052 R;
660 5007 723 5056 goar
745 4995 796 5056 mre
813 4995 859 5046 63.
884 5023 911 5033 -
938 4996 972 5044 ad
989 5010 1042 5046 om.
1061 4997 1090 5046 R.
1119 5021 1146 5033 -
1172 4997 1213 5047 29.
1232 5004 1411 5063 congregatam
1427 4999 1504 5063 ngas.
1524 5021 1552 5033 -
1579 4996 1621 5047 30.
1638 4993 1744 5059 venam

413 5065 487 5126 orias
503 5067 591 5130 goiim
607 5070 684 5133 Lagg.
711 5096 738 5107 -
764 5083 851 5121 eoram
866 5071 903 5122 443
915 5069 948 5120 i:
975 5072 1074 5122 illorum
1096 5072 1161 5124 dett.
1180 5074 1209 5125 0.
1234 5101 1262 5110 -
1288 5088 1392 5138 conpar.
1410 5077 1439 5125 li.
1466 5101 1493 5110 -
1520 5072 1561 5123 32.
1579 5068 1669 5135 artat]
1686 5072 1744 5121 erat

417 5140 495 5202 Legg.
514 5145 621 5206 praeter
636 5145 677 5196 es.
698 5170 726 5180 -
743 5145 820 5196 iden
836 5149 870 5197 R:
887 5147 973 5198 iirdm
989 5149 1019 5198 0.
1036 5175 1064 5186 -
1083 5147 1123 5199 34.
1142 5145 1353 5215 scammoneae
1364 5152 1394 5211 n,
1411 5151 1427 5200 2
1444 5147 1522 5199 codd.
1536 5145 1665 5207 Lambini,
1682 5141 1740 5195 alil:

417 5210 597 5282 ἐδικώθησαν
618 5218 651 5270 al.
671 5220 704 5282 0,
728 5221 755 5272 in
778 5223 811 5273 64
832 5236 902 5283 om..
926 5223 975 5273 sed
991 5225 1106 5288 spatium
1122 5237 1238 5277 vaenum
1253 5223 1376 5277 relictum
1392 5227 1448 5284 est;
1472 5223 1499 5273 in
1516 5223 1553 5273 62
1569 5234 1622 5272 non
1639 5219 1741 5272 catrico

387 5340 394 5356 ,
417 5289 498 5343 miras
514 5289 662 5348 littemrum
678 5295 788 5349 tormas.
807 5324 836 5335 -
852 5303 882 5351 ot
896 5299 947 5351 Sir.
965 5299 1026 5363 rog,
1043 5299 1089 5352 ior
1104 5303 1140 5353 ert
1154 5300 1217 5354 Em.
1235 5302 1328 5354 contra
1343 5297 1423 5352 codd·
1442 5297 1565 5362 (lammae
1580 5294 1621 5361 n.)
