4367 6109
714 596 788 662 444.
811 597 1135 663 xxxiv-xxxv.
1164 595 1221 682 ss.
1243 592 1412 662 44-444.
1439 615 1444 629 ·
1660 594 1722 661 sta

399 768 486 834 hisce
506 767 602 831 rebus
623 766 720 830 adimi
741 767 871 830 libertas
892 773 946 830 aut
968 766 1077 831 civitas
1099 774 1222 851 potest,
1252 787 1317 831 non
1339 766 1536 849 intelligunt,
1566 767 1622 850 qui
1642 766 1721 830 haee

400 868 661 934 commemorant,
692 862 717 924 si
740 880 799 943 per
818 860 876 922 has
897 861 1035 924 rationes
1058 862 1192 925 maiores
1215 861 1309 924 adimi
1332 880 1426 944 posse
1447 860 1632 936 voluerunt,
1658 861 1721 924 alio

399 956 494 1020 modo
518 955 680 1018 noluisset
716 950 787 1016 l00.
808 955 898 1027 Nam,
920 961 956 1016 ut
976 953 1054 1016 haec
1076 974 1118 1016 ex
1140 956 1208 1017 iure
1230 954 1316 1016 civili
1337 953 1511 1038 proferunt,
1533 956 1578 1018 sic
1591 956 1724 1018 aflerant

398 1050 509 1123 velim,
539 1049 655 1132 quihus
681 1049 751 1132 lege
779 1055 834 1112 aut
863 1048 1028 1128 rogatione
1057 1048 1167 1110 civitas
1198 1056 1253 1110 aut
1274 1046 1402 1110 libertas
1424 1057 1531 1131 erepta
1552 1049 1602 1111 sit.
1644 1051 1722 1111 Nam

400 1144 485 1229 quod
507 1142 546 1205 ad
569 1143 715 1206 exsilium
737 1143 858 1215 attinet,
881 1141 1047 1223 perspicue
1069 1141 1200 1223 intelligi
1224 1148 1337 1224 potest,
1358 1141 1452 1223 quale
1475 1143 1524 1203 sit.
1566 1142 1747 1205 Exsiliumt

399 1240 482 1302 enim
505 1257 570 1300 non
592 1235 781 1318 supplicium
803 1243 865 1309 est,
888 1232 944 1297 sed
966 1231 1143 1315 perfugium
1166 1242 1340 1317 portusque
1362 1234 1527 1317 supplicii3
1554 1255 1626 1298 nam
1649 1238 1725 1320 quia

398 1334 512 1398 volunt
532 1350 667 1416 poenam
691 1329 829 1413 aliquam
851 1326 1068 1407 subterfugere
1091 1336 1147 1390 aut
1168 1328 1388 1403 calamitatem,
1411 1346 1449 1390 eo
1471 1330 1572 1391 solum
1587 1336 1724 1404 44444444,

399 1428 460 1490 hoc
482 1436 545 1502 est,
576 1424 683 1488 sedem
706 1442 743 1485 ae
765 1422 869 1487 locum
893 1428 1025 1485 mutant.
1069 1421 1180 1505 ltaque
1202 1421 1290 1484 nulla
1312 1422 1343 1483 in
1366 1421 1436 1504 lege
1458 1431 1566 1485 nostra
1588 1424 1725 1508 reperie-

400 1529 465 1595 tur,
486 1530 522 1583 ut
544 1519 627 1603 apud
649 1526 769 1582 ceteras
791 1517 951 1591 civitates,
982 1512 1171 1580 maleficium
1195 1513 1293 1577 ullum
1316 1515 1429 1578 exsilio
1453 1535 1522 1579 esse
1544 1518 1724 1591 multatum3

400 1614 455 1678 sed
478 1632 549 1678 cum
570 1612 716 1676 homines
738 1610 880 1686 vincula,
912 1604 1005 1675 neces
1027 1609 1283 1693 ignominiasque
1306 1610 1421 1684 ritant,
1450 1630 1532 1693 quae
1556 1619 1628 1673 sunt
1649 1609 1725 1693 legi-
1735 1622 1763 1669 44

399 1708 458 1771 bus
481 1706 679 1780 constitutae,
701 1702 888 1787 confugiunt
910 1706 1001 1789 quasi
1024 1704 1172 1766 adaram
1195 1703 1226 1765 in
1249 1703 1414 1766 exsilium:
1437 1705 1492 1787 qui
1508 1705 1582 1767 siin
1598 1705 1724 1768 civitate

399 1802 479 1885 legis
508 1801 571 1863 vim
602 1798 708 1862 subire
730 1798 864 1872 vellent,
894 1819 957 1862 non
983 1798 1071 1881 prius
1093 1797 1249 1859 civitatem
1276 1815 1373 1880 quam
1404 1797 1501 1860 vitam
1530 1797 1724 1862 amitterent:

400 1896 475 1978 quia
496 1893 624 1967 nolunt,
651 1911 715 1955 non
744 1891 894 1955 adimitur
921 1892 960 1955 iis
983 1891 1110 1963 civitas,
1142 1890 1196 1952 sed
1219 1890 1258 1952 ab
1280 1891 1319 1954 iis
1344 1890 1534 1974 relinquitur
1554 1899 1650 1974 atque
1672 1893 1726 1955 dc-

398 1988 536 2072 ponitur.
575 1988 663 2060 Nam,
686 2006 756 2049 cnm
778 2006 820 2048 ex
841 1991 950 2048 nostro
973 1985 1041 2047 iure
1064 1983 1198 2046 duarum
1222 1985 1385 2048 civitatum
1407 2003 1501 2047 nemo
1524 2004 1593 2047 esse
1615 1987 1725 2068 possit,

399 2090 465 2144 tum
487 2080 642 2144 amittitur
662 2079 742 2142 haec
764 2080 874 2143 civitas
896 2079 1048 2162 denique,
1078 2097 1151 2140 eum
1173 2079 1217 2152 is,
1250 2078 1305 2162 qui
1327 2076 1483 2161 profugit,
1511 2087 1656 2162 receptus
1678 2086 1727 2142 est
1736 2088 1764 2135 44

399 2174 432 2237 in
454 2173 612 2248 exsilium,
634 2173 694 2236 hoo
716 2180 774 2246 est,
795 2173 828 2235 in
851 2172 944 2236 aliam
967 2172 1137 2235 civitatem.

483 2269 613 2332 XXXV.
640 2261 711 2329 l0l.
733 2268 804 2329 Non
827 2286 877 2328 mc
897 2267 1062 2349 praeterit,
1084 2275 1342 2350 recuperatores,
1364 2267 1488 2331 tametsi
1510 2266 1634 2330 dehoc
1656 2268 1725 2331 iuro

400 2363 557 2448 permulta
579 2368 755 2444 praetereo,
778 2367 880 2422 4444444
904 2379 953 2422 me
976 2359 1102 2442 longius
1125 2380 1194 2424 esse
1209 2361 1404 2444 prolapsum,
1427 2380 1521 2445 quam
1536 2363 1615 2425 ratio
1630 2361 1725 2425 vestri

342 2526 345 2531 ,
399 2457 509 2521 iudicii
538 2455 715 2540 postularit.
759 2454 875 2517 Verum
898 2454 931 2516 id
951 2453 1026 2528 feci,
1056 2474 1121 2517 non
1144 2474 1207 2538 quo
1230 2476 1286 2518 vos
1314 2456 1396 2519 hanc
1417 2456 1450 2520 in
1472 2456 1532 2519 hac
1553 2474 1649 2519 causa
1670 2455 1726 2519 de·

398 2551 575 2614 sensionem
598 2548 777 2612 desiderare
799 2547 977 2622 arbitrarer,
1001 2547 1056 2610 sed
1072 2555 1108 2610 ut
1122 2567 1233 2612 omnes
1247 2549 1460 2633 intelligerent
1472 2569 1531 2612 nec
1545 2548 1725 2632 ademptam
1735 2558 1764 2607 to

399 2646 545 2728 cuiquam
569 2642 726 2705 civitatem
756 2660 826 2704 esse
856 2660 961 2724 neque
988 2640 1085 2703 adimi
1115 2660 1219 2724 posse.
1261 2642 1423 2706 floccum
1445 2662 1501 2706 eos
1523 2643 1604 2706 scire
1627 2641 1725 2719 volui,

399 2737 515 2823 quibus
538 2735 625 2799 Sulla
646 2734 750 2798 voluit
770 2734 916 2797 iniuriam
939 2732 1052 2808 facere,
1074 2743 1141 2796 tum
1163 2755 1272 2799 omnes
1286 2742 1406 2800 ceteros
1422 2756 1522 2801 noros
1537 2742 1724 2820 veteresque

399 2833 500 2905 cives3
533 2847 637 2912 neque
659 2829 744 2892 enim
774 2828 855 2891 ratio
885 2828 989 2890 afferri
1011 2835 1132 2911 potest,
1163 2849 1235 2904 cur,
1263 2831 1290 2893 si
1312 2830 1460 2912 cuiquam
1482 2848 1564 2892 novo
1586 2829 1646 2892 civi
1668 2848 1725 2912 po·

399 2927 493 2989 tuerit
514 2923 610 2987 adimi
632 2922 763 2998 civitas,
785 2941 848 2986 non
871 2921 1018 2985 omnibus
1040 2921 1199 3004 patriciis,
1229 2923 1375 2987 omnibus
1397 2923 1625 3007 antiquissimis
1647 2923 1725 2986 civi·

397 3018 457 3081 bus
480 3018 590 3101 possit.
639 3012 710 3078 ⁴02.
738 3019 817 3080 Nam
848 3016 888 3079 ad
915 3016 997 3078 hanc
1024 3015 1154 3099 quidem
1183 3034 1311 3078 eausam
1337 3016 1420 3078 nihil
1443 3016 1504 3079 lroc
1532 3016 1762 3100 pertinuisseaa

396 3111 534 3194 primum
557 3132 598 3175 ex
620 3130 658 3174 eo
679 3109 813 3192 intelligi
835 3115 951 3192 potest,
973 3108 1060 3193 quod
1081 3128 1138 3172 vos
1160 3109 1200 3171 de
1222 3130 1260 3173 ea
1281 3129 1316 3172 re
1337 3109 1477 3173 iudicare
1498 3128 1563 3172 non
1585 3108 1723 3172 debetis:

399 3204 515 3269 deinde
537 3205 622 3289 quod
645 3204 733 3267 Sulla
757 3204 824 3288 ipsc
854 3203 898 3265 ita
926 3202 999 3265 tulit
1027 3202 1066 3265 de
1095 3202 1237 3277 civitate,
1264 3209 1391 3266 utnon
1421 3202 1584 3266 sustulerit
1610 3202 1724 3266 horum

463 3419 487 3468 4.
504 3418 569 3467 44444
585 3417 657 3468 retus
672 3417 689 3467 k
706 3419 733 3468 et
749 3417 867 3467 luntioa:
885 3416 1005 3468 teteritas
1021 3418 1055 3475 u;
1073 3415 1208 3467 uisceribus
1224 3417 1243 3467 lt
1262 3415 1304 3479 (de
1316 3417 1336 3466 T
1347 3419 1437 3468 tamen
1449 3416 1509 3468 silet
1520 3416 1673 3480 llarlesslus)
1685 3421 1721 3478 4;

398 3492 456 3542 44444
471 3492 544 3542 rodus
559 3491 724 3542 4444414444
742 3489 825 3546 440.
841 3517 867 3528 -
886 3491 1121 3542 444444444444444
1139 3491 1310 3556 ETGlpa:
1329 3493 1408 3542 4444444
1422 3493 1720 3548 4444444440.-

398 3565 423 3616 3.
439 3566 571 3629 profem
586 3566 603 3615 lr
620 3568 647 3616 et
663 3565 773 3616 Orelltus
789 3566 881 3629 (04444.
894 3566 936 3616 set.
949 3566 1013 3631 XV.)
1024 3581 1030 3614 :
1047 3565 1188 3629 proluerint
1199 3569 1232 3622 G:
1249 3568 1399 3632 4444444444
1412 3569 1476 3628 444;
1491 3570 1650 3631 protulerunt
1660 3581 1722 3618 cum

398 3638 490 3691 Aldine
504 3637 585 3693 440.
599 3639 638 3691 ct.
649 3653 704 3690 var.
716 3639 775 3692 lect.
787 3655 811 3705 p.
822 3640 879 3691 644.
892 3654 918 3690 v.
930 3642 969 3692 46.
984 3668 1010 3679 ·-
1022 3642 1130 3703 44444444
1141 3653 1202 3692 com
1214 3641 1305 3694 Aldina
1318 3641 1410 3698 4404
1428 3644 1534 3694 ederem
1546 3644 1587 3706 444
1598 3642 1723 3706 4444444444)

398 3712 434 3773 te
452 3716 572 3765 adderem
581 3717 643 3765 4.-
656 3714 680 3766 4.
698 3717 828 3780 4444444444
839 3718 897 3766 Ant.
911 3715 1086 3778 Augustinus:
1104 3714 1275 3776 4444444444,
1294 3719 1408 3768 44444444
1418 3730 1479 3769 44444
1492 3719 1592 3770 tantine
1606 3717 1720 3772 440.-

398 3791 422 3840 t.
436 3790 542 3853 tctettopt
552 3790 612 3840 4.-
631 3791 654 3841 6.
672 3792 814 3855 4444444444
825 3790 899 3855 srq
912 3794 938 3841 et
949 3787 1036 3843 Lfo:
1052 3789 1199 3854 4444444444
1210 3791 1301 3841 444.-
1319 3793 1380 3855 quta
1392 3793 1518 3845 londanus
1531 3791 1598 3855 (coll.
1611 3793 1675 3858 Epp.
1688 3789 1723 3842 ad

398 3866 450 3915 444.
463 3864 494 3915 x.
508 3865 547 3927 44,
565 3864 589 3916 4.
607 3865 642 3916 ad
659 3867 730 3917 Fam.
748 3866 789 3917 lx.
804 3866 844 3928 46,
858 3865 908 3929 ll:
925 3867 968 3929 qut
984 3863 1131 3920 sasso.
1151 3891 1178 3901 -
1197 3866 1222 3915 4.
1241 3866 1354 3929 44444444
1366 3881 1475 3930 poenum
1491 3869 1519 3919 Τ.
1544 3870 1640 3920 Deerat
1656 3868 1723 3918 44444

398 3938 476 3990 444444
493 3941 519 3991 in
537 3940 702 3992 ttommsenii
718 3941 871 3994 schedis—
890 3944 915 3994 8.
932 3941 1088 4004 repperietur
1103 3941 1160 3992 44.
1185 3940 1224 3992 ct.
1243 3940 1267 4006 5.
1280 3943 1321 3993 64.
1341 3970 1369 3980 -
1387 3943 1413 3994 4.
1430 3948 1459 3993 ut
1471 3956 1524 3994 om.
1537 3940 1599 3995 tlt.
1618 3940 1725 3992 aodtott

397 4018 544 4080 Naugerius
561 4017 587 4067 ln
604 4017 705 4068 Aldina.
718 4044 746 4054 —
763 4018 860 4067 44444444
876 4018 905 4068 4.
920 4041 947 4055 -
966 4017 1144 4068 mustum
1163 4019 1190 4068 et
1207 4030 1259 4081 mg.
1279 4010 1317 4079 tn
1334 4024 1459 4069 4444444444
1475 4014 1721 4082 4444444444

396 4092 500 4142 mucro
516 4092 544 4142 Ε.
566 4119 592 4130 -
611 4092 651 4144 40.
669 4090 734 4157 etan]
751 4096 779 4142 444
794 4091 824 4142 ’4.
845 4119 872 4130 -
894 4091 1011 4154 temtos]
1034 4104 1118 4142 44444444
1133 4089 1165 4143 st.
1190 4092 1346 4143 Emendavit
1362 4094 1507 4157 Naugerius
1528 4094 1554 4145 ln
1571 4091 1673 4144 Aldina.
1692 4119 1721 4130 -

396 4166 506 4232 4444444]
524 4167 599 4219 44444
616 4166 713 4228 verbo,
732 4180 785 4232 qno
802 4165 892 4218 linitur
907 4166 1015 4232 pagina,
1033 4165 1129 4217 destnit
1147 4167 1181 4228 (in
1199 4168 1227 4230 F.)
1245 4170 1330 4218 oratio
1348 4169 1534 4233 processioa,
1553 4180 1621 4232 quae
1633 4171 1723 4218 tamen

398 4241 432 4293 ab
451 4241 557 4294 librario
575 4244 690 4308 integra,
709 4245 739 4292 ut
754 4241 870 4301 videtur,
890 4243 948 4292 4444
964 4241 1107 4305 descripta.
1134 4241 1227 4293 444444
1248 4246 1311 4294 sunt
1334 4245 1404 4294 enim
1427 4242 1514 4308 plura,
1539 4254 1607 4306 quae
1624 4254 1723 4305 seque-

397 4317 508 4378 bantur,
527 4317 601 4381 folia,
619 4331 732 4383 quorum
750 4316 883 4381 quaedam
903 4316 983 4368 frusta
1000 4319 1151 4380 supersunt.
1177 4318 1205 4368 ln
1223 4318 1254 4368 tis
1271 4317 1338 4370 foliis
1354 4317 1414 4370 flots
1431 4321 1488 4368 erat
1504 4318 1582 4369 botos
1598 4315 1724 4367 orationis

398 4398 425 4444 et
441 4395 543 4445 initium
560 4394 709 4459 sequentis.
728 4405 797 4457 quae
809 4391 897 4443 44444444
910 4395 951 4444 444
962 4405 1009 4456 pro
1022 4394 1049 4442 P.
1063 4390 1159 4443 844444.»
1177 4393 1301 4444 44144444.
1317 4420 1345 4430 -
1365 4395 1404 4444 44.
1418 4393 1501 4459 orem]
1519 4389 1627 4443 4444444
1640 4394 1724 4457 (pree-

397 4468 439 4517 444
449 4464 477 4529 ld
489 4470 520 4517 A.
539 4466 695 4518 Emendavlt
711 4464 792 4518 Nicol.
805 4464 928 4530 Angelius
946 4466 971 4517 in
987 4468 1098 4518 4444444444.
1113 4493 1139 4504 -
1159 4466 1200 4517 44.
1211 4467 1301 4533 autin]
1318 4469 1372 4519 44444
1387 4469 1443 4520 turs
1453 4469 1482 4520 ’4.
1499 4495 1524 4505 -
1543 4468 1584 4518 43.
1600 4468 1631 4517 its
1646 4479 1669 4516 e.
1682 4467 1724 4517 4444

398 4544 430 4594 44
450 4543 636 4594 4444444444
659 4542 698 4592 tic
718 4540 1418 4599 444.4464444444;444444.444444444444440
1448 4542 1722 4595 -44.44444444.4.

399 4647 428 4658 -
447 4620 487 4671 46.
506 4618 617 4682 matous]
635 4619 733 4669 4444444
748 4616 888 4669 4444444444
907 4616 960 4667 etc.
974 4617 1008 4669 de
1023 4618 1103 4681 legg.
1122 4617 1152 4667 44.
1171 4615 1201 4678 4,
1220 4617 1260 4669 40.
1279 4631 1306 4683 p.
1321 4617 1378 4669 444.
1400 4615 1497 4668 sedct.
1511 4617 1584 4669 lland
1602 4619 1678 4670 44444.
1691 4619 1722 4669 ll.

397 4709 424 4762 p.
443 4696 492 4747 4444
509 4707 550 4759 sq.
570 4720 597 4730 -
624 4693 664 4745 46.
679 4694 805 4757 pometa
822 4693 886 4744 TV:
908 4692 989 4743 mutto
1005 4688 1148 4746 444440.
1169 4718 1196 4728 -
1220 4705 1271 4742 csse
1288 4693 1438 4756 pmtoprum
1453 4692 1486 4742 T:
1507 4693 1654 4755 prolapsum
1674 4704 1725 4741 csse

398 4767 541 4825 444440.
565 4769 604 4820 Cf.
621 4769 692 4820 Bake
709 4769 742 4820 sd
760 4770 815 4820 th.
834 4766 868 4819 de
885 4769 963 4832 Legg.
982 4782 1008 4834 p.
1027 4767 1085 4820 446.
1102 4793 1131 4804 -
1148 4767 1223 4817 vetut
1239 4768 1260 4817 4·
1277 4768 1307 4829 (sl
1325 4767 1393 4819 tides
1409 4770 1451 4819 est
1471 4767 1594 4818 llarlssstt
1611 4764 1722 4829 silentio)

398 4844 415 4894 lr
432 4848 459 4895 44
476 4857 538 4896 cum
557 4843 649 4895 Aldina
666 4842 757 4899 4404
774 4843 854 4894 4444444
870 4844 931 4893 ns.
951 4869 979 4879 -
999 4843 1039 4893 49.
1058 4855 1107 4904 quo
1122 4854 1167 4892 444
1181 4840 1335 4892 ’46444444
1354 4855 1403 4905 quo
1419 4855 1464 4892 4444
1480 4842 1514 4901 V;
1533 4854 1594 4904 4444
1609 4840 1640 4900 4;
1659 4840 1725 4903 quod

397 4933 441 4970 sos
457 4917 601 4973 444400.
621 4946 648 4956 -
666 4920 731 4970 4444
746 4920 774 4969 to
789 4918 837 4969 4444
852 4919 978 4969 4444444
997 4917 1024 4968 ln
1039 4918 1087 4968 444
1102 4929 1181 4968 ceusu
1196 4915 1262 4966 44444
1278 4915 1422 4971 444440.
1441 4915 1480 4968 Cf.
1496 4916 1607 4967 Dtvtnet.
1621 4918 1645 4967 io
1659 4917 1725 4966 Cae·

380 4994 440 5046 'cll
460 4994 483 5060 5.
503 4997 544 5047 46.
562 4995 630 5047 44444·
651 4996 693 5046 444.
711 4993 789 5058 §.tlt
804 5019 831 5029 -
850 4994 891 5044 44.
908 5005 988 5056 osque
1003 4991 1027 5045 a
1044 4991 1212 5057 (praeterfllt
1229 4989 1320 5055 444449,
1338 4991 1443 5054 Aldina,
1461 4990 1575 5045 4440.
1590 5018 1617 5027 -
1636 4990 1722 5056 odiost]

398 5070 541 5121 4444444444.
557 5093 585 5107 -
604 5083 633 5120 so
649 5070 793 5120 444444-
811 5064 1560 5131 sectarunt.-omuncoucctnmpt-
1578 5065 1725 5128 asagora

398 5144 457 5195 TV.
478 5172 505 5182 -
523 5143 565 5196 st.
583 5158 634 5195 44444
655 5142 768 5196 comtum
784 5143 963 5207 4444444444444
977 5139 1370 5206 compostellanae.
1391 5142 1527 5194 -2d.de
1541 5153 1573 5192 44
1588 5152 1616 5191 44
1632 5138 1724 5190 lorda-
1818 5155 1824 5163 ·

397 5230 448 5270 nus
465 5218 609 5284 (0444444444.
628 5221 659 5271 de
675 5219 733 5272 Cod.
754 5218 866 5285 44444444.
884 5231 913 5285 p.
925 5218 991 5281 44444
1012 5218 1043 5268 de
1057 5230 1085 5269 44
1102 5214 1125 5269 tt
1142 5219 1258 5283 (praeter
1268 5217 1293 5284 ll
1310 5220 1346 5279 A3
1363 5230 1395 5270 44
1410 5218 1441 5268 de
1455 5230 1485 5269 re
1499 5216 1531 5281 k,
1549 5214 1592 5268 ed.
1610 5214 1721 5275 44444444,

397 5293 481 5350 440.
504 5294 685 5361 4444444.
705 5293 931 5360 (14444444-
949 5293 991 5346 m.
1009 5289 1252 5356 comtfetltl..

441 5386 531 5436 cumo
546 5386 609 5437 444.
1468 5383 1511 5453 33
