4367 6109
501 560 564 631 532
817 562 968 628 onorio
989 561 1043 629 DE
1058 562 1233 629 ‘munio
1256 564 1318 630 CN.
1339 565 1506 633 POllPllll

499 753 565 798 non
586 734 677 796 utin
698 732 785 796 illius
806 738 965 816 potestate
985 732 1145 796 fortunam
1167 735 1302 817 positam
1324 755 1393 800 esse
1416 734 1534 810 dicam,
1566 734 1623 798 sed
1643 742 1682 800 ut
1701 740 1833 820 praete·

498 830 560 893 rita
580 827 777 902 meminisse,
798 826 926 911 reliqua
948 847 1074 911 sperare
1088 829 1269 904 videamur,
1290 849 1331 894 ne
1346 836 1401 894 aut
1413 830 1517 894 invisa
1530 829 1578 895 dis
1593 829 1832 894 immortalibus

499 922 599 987 oratio
630 928 738 986 nostra
758 928 814 985 aut
839 922 962 1005 ingrata
983 942 1053 985 csse
1074 921 1230 986 videatur.
1273 919 1325 986 l8.
1347 925 1459 1008 ltaque
1481 944 1546 988 non
1568 945 1639 988 sum
1660 923 1833 1008 praedica·

497 1023 601 1090 turus,
624 1023 758 1100 quotum
779 1015 834 1079 ille
855 1036 906 1080 res
922 1016 1008 1079 domi
1024 1016 1172 1092 militiae,
1195 1025 1278 1080 terra
1292 1019 1452 1099 marique,
1475 1024 1657 1102 wantaque
1671 1018 1830 1082 felicitate

473 1109 647 1192 egesserit3
669 1117 705 1173 ut
726 1110 794 1173 eius
816 1130 941 1193 semper
960 1111 1177 1174 voluntatibus
1199 1132 1265 1175 non
1287 1112 1382 1174 modo
1406 1112 1490 1175 cives
1508 1113 1720 1188 assenserint,
1743 1109 1829 1176 socii

496 1202 759 1286 obtemperarint,
779 1203 889 1268 hostes
911 1204 1105 1279 obedierint,
1137 1205 1193 1268 sed
1215 1206 1311 1269 etiam
1332 1206 1417 1269 venti
1440 1213 1709 1291 tempestatesque
1732 1206 1830 1270 obse·

495 1299 682 1363 cundarint:
709 1297 771 1362 boc
801 1298 986 1363 brevissime
1015 1299 1138 1372 dicam,
1166 1301 1327 1363 neminem
1346 1318 1498 1383 umquam
1520 1309 1583 1364 tam
1603 1300 1830 1384 impudentem

492 1390 610 1468 inisse,
632 1395 689 1478 qni
710 1392 749 1456 ab
772 1393 821 1456 dis
843 1393 1073 1456 immortalibus
1095 1397 1143 1456 tot
1164 1400 1196 1456 et
1217 1400 1320 1457 tantas
1342 1413 1393 1456 res
1414 1394 1528 1460 tacitus
1550 1395 1681 1459 auderet
1699 1403 1828 1479 optare,

493 1494 574 1570 quot
601 1495 633 1550 et
655 1495 789 1571 quantas
818 1488 850 1551 di
871 1487 1065 1552 immortales
1087 1487 1127 1550 ad
1150 1487 1207 1551 Cn.
1229 1488 1413 1571 Pompeium
1436 1487 1627 1553 detulerunt
1664 1489 1759 1566 Quod
1789 1495 1828 1552 ut

456 1600 483 1647 io
492 1577 540 1642 illi
561 1581 725 1665 proprium
746 1601 782 1644 ao
802 1588 990 1666 perpetuum
1014 1581 1073 1656 sit,
1105 1581 1264 1657 Quirites,
1294 1601 1365 1645 cum
1389 1584 1566 1647 communis
1588 1583 1701 1648 salutis
1722 1591 1826 1667 atque

492 1673 633 1759 imperii,
655 1682 723 1739 tum
743 1676 843 1760 ipsius
865 1674 1004 1739 bominis
1027 1695 1139 1750 causa,
1162 1677 1255 1741 sicuti
1273 1675 1395 1751 facitis,
1416 1677 1498 1741 velle
1513 1686 1545 1742 et
1559 1685 1668 1762 optare
1685 1675 1826 1740 debetis.

576 1766 628 1832 te.
652 1770 757 1846 Quare
778 1789 850 1832 cum
872 1776 903 1832 et
924 1769 1043 1833 bellum
1065 1771 1107 1833 sit
1127 1770 1172 1832 ita
1193 1771 1423 1847 necessarium,
1444 1779 1481 1835 ut
1494 1773 1612 1856 negligi
1626 1791 1693 1835 non
1706 1769 1825 1854 possit,

489 1864 722 1947 ita‘magnum,
744 1870 780 1928 ut
801 1863 1035 1927 accuratissime
1058 1864 1099 1926 sit
1120 1863 1419 1940 administtandum,
1447 1873 1571 1929 etcum
1594 1867 1624 1929 ei
1645 1866 1825 1949 imperato·

490 1979 558 2022 rem
578 1955 749 2043 praeficere
771 1957 918 2041 possitis,
942 1958 975 2020 in
997 1976 1063 2041 quo
1086 1958 1129 2020 sit
1150 1958 1267 2022 eximia
1287 1958 1364 2021 belli
1387 1960 1535 2036 scientia,
1564 1959 1733 2043 singularis
1755 1958 1823 2022 rir-

454 2061 561 2130 tutus,
583 2052 758 2117 clarissima
779 2052 966 2126 auctoritas,
989 2052 1115 2134 egregia
1129 2050 1274 2127 fortuna,
1296 2051 1460 2127 dubitatis,
1484 2054 1642 2130 Quirites,
1664 2056 1742 2136 quin
1756 2052 1822 2116 boc

377 2162 380 2169 ’
490 2155 613 2213 tantum
634 2146 728 2222 boni,
751 2146 838 2230 quod
860 2146 952 2209 vobis
974 2146 1013 2209 ab
1036 2146 1084 2209 dis
1106 2146 1336 2210 immortalibus
1358 2146 1498 2211 oblatum
1521 2155 1554 2211 et
1567 2148 1674 2212 datum
1696 2155 1762 2221 est,
1785 2147 1821 2209 in

489 2241 737 2326 rempublicam
759 2239 1007 2304 conservandam
1029 2247 1125 2322 atque
1147 2237 1399 2324 amplificandam
1422 2240 1615 2304 conteratis?
1648 2242 1750 2305 XVII.
1765 2238 1819 2302 50.

490 2334 586 2412 Quod
617 2337 646 2400 si
674 2336 792 2398 Romae
822 2333 878 2397 Cn.
900 2334 1068 2417 Pompeius
1101 2334 1242 2416 privatus
1271 2340 1356 2398 esset
1375 2335 1438 2399 boc
1459 2341 1615 2419 tempore,
1647 2345 1755 2400 tamen
1776 2335 1819 2399 ad

489 2438 612 2495 tantum
632 2429 752 2493 bellum
769 2428 798 2491 is
820 2434 887 2492 erat
902 2427 1089 2511 deligendus
1103 2435 1200 2512 atque
1214 2427 1406 2492 mittendus:
1428 2448 1530 2503 nunc,
1553 2439 1625 2492 cum
1640 2428 1681 2492 ad
1696 2436 1819 2493 ceteros

451 2540 627 2590 aosummas
648 2522 803 2587 utilitates
823 2522 904 2586 haec
926 2542 1055 2607 quoque
1077 2523 1300 2607 opportunitas
1328 2523 1537 2606 adiungatur,
1562 2530 1600 2586 ut
1619 2523 1654 2586 in
1673 2523 1715 2588 iis
1736 2523 1818 2607 ipsis

487 2619 568 2683 locis
590 2618 689 2694 adsit,
711 2624 747 2681 ut
766 2616 881 2681 babeat
902 2617 1094 2692 exercitum,
1116 2623 1152 2679 ut
1173 2617 1290 2692 abiis,
1314 2616 1371 2702 qui
1392 2616 1528 2691 babent,
1549 2616 1694 2700 accipere
1708 2618 1817 2681 statim

487 2713 608 2798 possit,
630 2711 709 2797 quid
730 2715 977 2794 exspectamus?
999 2717 1055 2775 aut
1076 2730 1132 2774 cur
1152 2730 1218 2774 non
1237 2710 1370 2774 ducibus
1385 2710 1434 2774 dis
1453 2710 1684 2777 immortalibus
1699 2711 1817 2786 eidem,

487 2809 541 2872 cui
564 2815 669 2872 cetera
690 2824 813 2870 summa
834 2826 904 2869 cum
927 2806 1028 2870 salute
1050 2806 1097 2870 rei
1119 2803 1265 2890 publicae
1287 2805 1454 2871 commissa
1475 2813 1564 2882 sunt,
1597 2805 1660 2869 boc
1681 2824 1815 2890 quoque

471 2901 605 2966 bellum
625 2900 749 2985 regium
770 2900 1025 2963 committannst

450 3010 479 3060 so
569 2990 624 3058 ti.
644 2995 686 3058 At
707 2993 792 3058 enirn
812 2993 862 3057 vir
883 2993 1092 3070 clarissimus,
1114 2994 1349 3058 amantissimus
1371 2994 1417 3058 rei
1437 2995 1600 3079 publicae,
1621 2994 1735 3059 vestris
1756 2993 1815 3058 be·

486 3090 609 3155 noticiis
637 3086 841 3172 amplissimis
869 3088 1017 3164 allectus,
1051 3088 1089 3164 Q.
1113 3089 1260 3164 Catulus,
1291 3089 1430 3172 itemque
1457 3090 1588 3153 summis
1617 3087 1814 3152 ornamentis

485 3185 636 3260 bononis,
662 3182 826 3257 fortunae,
854 3182 997 3258 virtutis,
1024 3183 1144 3266 ingenii
1176 3182 1354 3265 praeditus,
1384 3183 1422 3258 Q.
1444 3183 1651 3257 Hortensius,
1680 3181 1720 3245 ab
1750 3179 1813 3245 bac

485 3280 609 3342 ratione
631 3275 842 3339 dissentiunt:
865 3295 1000 3360 quorum
1023 3296 1081 3360 ego
1104 3279 1322 3340 auctoritatem
1345 3277 1429 3359 apud
1443 3297 1500 3340 ros
1523 3275 1630 3339 multis
1644 3275 1724 3339 locis
1739 3274 1813 3359 plu-

486 3373 599 3436 rimum
619 3370 758 3435 valuisse
781 3377 813 3434 et
833 3370 938 3434 valere
961 3378 1108 3456 oportere
1132 3368 1298 3448 confiteor;
1328 3371 1383 3435 sed
1405 3373 1438 3433 in
1460 3371 1520 3434 bac
1542 3389 1654 3447 causa,
1683 3371 1812 3436 tametsi

448 3463 685 3549 aocoqnoscetis
712 3465 914 3529 auctoritates
944 3465 1117 3530 contrarias
1139 3466 1279 3529 virorum
1299 3464 1545 3528 fortissimorum
1566 3471 1598 3527 et
1619 3463 1812 3530 clarissimo-

484 3580 571 3635 rum,
594 3566 699 3623 tamen
721 3559 847 3623 omissis
869 3559 1110 3623 auctoritatibus
1131 3560 1201 3644 ipsa
1214 3580 1248 3623 re
1262 3580 1299 3623 ac
1317 3560 1440 3622 ratione
1455 3559 1623 3643 exquirere
1637 3578 1811 3643 possumus

484 3654 667 3731 veritatem,
681 3659 790 3738 *atque
811 3652 872 3716 boc
892 3652 1034 3729 facilius,
1061 3652 1149 3738 quod
1171 3674 1209 3717 ea
1230 3654 1355 3729 omnia,
1383 3673 1464 3737 quae
1486 3674 1506 3717 a
1526 3673 1576 3716 me
1597 3653 1700 3717 adbuc
1723 3651 1812 3716 dicta

550 3918 575 3968 l.
592 3914 812 3979 tumprucutitu
828 3915 858 3974 F;
877 3916 1102 3978 moeproemicn
1118 3916 1220 3966 ul-
1238 3916 1263 3965 2.
1281 3914 1362 3965 disi:
1380 3914 1585 3968 maleto.
1601 3941 1628 3953 -
1647 3914 1672 3966 3.
1689 3927 1810 3965 uuam

484 4005 538 4043 om.
556 3992 620 4054 Ev;
638 4005 689 4042 uon
704 3991 784 4041 sotum
800 3990 829 4041 T.
849 4015 876 4026 -
892 3991 1086 4053 praedicaturus
1101 3991 1222 4042 aaut:
1241 3991 1418 4052 muscatam
1433 3990 1467 4049 Vi
1487 3991 1681 4054 muudum
1697 3989 1809 4053 Quirites

482 4062 548 4130 ili,
570 4064 614 4116 ed.
632 4063 740 4126 Aldina,
758 4063 841 4120 tio.
863 4093 890 4103 —
909 4065 934 4118 i.
952 4066 1056 4117 militiae
1071 4067 1106 4127 Ε,
1124 4066 1215 4117 meua
1230 4066 1265 4115 V:
1286 4065 1439 4126 muniamus
1454 4063 1596 4119 anuto,
1616 4089 1644 4100 -
1668 4064 1693 4115 d.
1710 4075 1810 4127 anper

481 4144 544 4208 post
558 4142 622 4192 moes
637 4141 712 4207 pontt
727 4138 760 4204 ll.
780 4168 808 4178 -
832 4141 988 4206 ammerici]
1006 4143 1125 4205 affuerim
1140 4139 1173 4203 il.
1188 4167 1215 4178 -
1234 4139 1259 4191 6.
1277 4139 1500 4204 cimmeriorum
1514 4140 1593 4191 tosus
1607 4138 1761 4190 obediueiat
1776 4139 1807 4190 F.

483 4245 511 4255 -
535 4219 560 4269 7.
578 4217 710 4269 eutium
735 4217 881 4282 (superscr.
904 4216 952 4268 «al.
971 4216 1136 4280 bretimaco»)
1154 4217 1180 4269 F.
1207 4215 1326 4280 (bouum
1346 4215 1458 4279 margini
1479 4214 1620 4280 adscripsit
1641 4213 1806 4276 Torrentius,

481 4291 531 4345 sed
548 4295 637 4343 notam
650 4291 748 4344 codicis
760 4292 898 4343 porcensis
915 4305 968 4343 non
985 4291 1104 4355 addidit.)
1119 4320 1146 4331 -
1163 4291 1188 4343 8.
1202 4290 1234 4342 ub
1250 4289 1343 4342 ETV:
1360 4305 1378 4342 e
1394 4289 1599 4345 ratleo-
1618 4287 1700 4341 dial:
1719 4287 1769 4339 dtis
1784 4290 1808 4339 Δ

481 4366 565 4423 cio.
585 4392 613 4404 -
632 4368 656 4418 9.
675 4367 743 4433 quot]
760 4373 867 4430 quotque
883 4368 971 4419 ETV.
991 4394 1019 4404 -
1039 4369 1086 4420 Gn.
1105 4369 1126 4420 Τ
1143 4366 1278 4433 (semper).
1298 4390 1326 4403 -
1345 4366 1484 4417 demumst
1499 4363 1676 4418 arveio:
1693 4363 1808 4414 motute-

478 4445 614 4495 ntutllb.
633 4470 661 4480 -
681 4444 722 4494 ti.
741 4444 772 4493 sit
793 4444 831 4494 im
851 4444 1097 4495 ammomumEV:
1122 4445 1161 4493 ltu
1181 4439 1558 4504 titaocewttusslllillm
1584 4438 1807 4491 mmmmm

478 4518 511 4570 att
527 4516 612 4572 blo.
633 4545 660 4556 -
677 4518 774 4584 neptem
789 4520 818 4571 T.
832 4545 859 4555 -
880 4518 920 4570 ⁴3.
938 4533 995 4570 um
1012 4531 1065 4571 om.
1079 4520 1107 4570 t.
1126 4518 1193 4583 (mm
1209 4531 1266 4568 mm
1281 4516 1304 4567 et
1319 4516 1439 4568 llosems
1455 4514 1564 4577 Sumboi.
1580 4516 1637 4566 crit.
1649 4515 1693 4566 lll.
1711 4526 1738 4580 p.
1751 4513 1805 4578 ἢ.)

479 4618 508 4630 -
527 4594 568 4644 ib.
586 4590 704 4642 dubitatis
721 4593 740 4643 E
758 4595 812 4658 (pr.
831 4606 867 4644 m.
886 4595 955 4645 teste
972 4593 1117 4659 Freundio)
1134 4591 1284 4655 Tuaen:
1312 4589 1453 4641 dubitmma
1468 4590 1504 4653 V,
1529 4603 1598 4641 corr.
1616 4589 1650 4650 E,
1669 4585 1754 4642 cto.
1775 4614 1804 4626 -

478 4668 519 4720 to.
537 4667 605 4718 uobis
620 4666 777 4729 WCbE'l’,
796 4679 848 4731 mg.
863 4665 895 4721 ἒς
914 4667 983 4718 nobb
999 4668 1034 4728 V3
1053 4682 1106 4720 om.
1121 4666 1234 4721 Rebi.
1254 4693 1283 4704 -
1302 4666 1335 4717 ub
1351 4664 1474 4729 etue:
1492 4663 1699 4719 avaliso
1719 4691 1748 4701 -
1767 4664 1807 4714 dia

477 4744 511 4795 r:
531 4743 578 4793 cio
594 4739 708 4795 ineo.
729 4767 756 4777 -
785 4742 825 4793 ts.
845 4742 892 4793 cn.
911 4744 945 4805 Τ,
964 4744 994 4793 ut
1010 4754 1126 4809 semper.
1146 4771 1174 4781 -
1202 4743 1242 4792 ie.
1260 4742 1410 4806 nummum]
1432 4742 1569 4806 ααῳωαω
1586 4741 1643 4792 cr.
1663 4765 1691 4776 -
1711 4739 1755 4791 ao.
1772 4738 1806 4789 so

476 4816 628 4873 ETLiO:
646 4817 740 4878 stov,
758 4817 907 4869 buBA.·-
926 4816 1183 4869 ii.ossitETV.-
1200 4817 1292 4876 biisV;
1310 4816 1459 4865 coru·
1478 4811 1804 4866 it.cooanitiumusETV

476 4890 573 4958 bun:
591 4894 791 4944 commendemus
807 4892 860 4953 Ch;
880 4895 1053 4944 ommittimus
1069 4891 1156 4950 Lem
1174 4905 1224 4942 nou
1240 4892 1414 4941 committimus
1429 4892 1457 4940 F.
1469 4916 1502 4927 -
1518 4889 1560 4940 25.
1573 4886 1804 4939 commissimusw

476 4969 612 5030 enarr,
630 4965 771 5033 nnec:
791 4981 843 5018 om.
858 4963 1465 5028 ronne-vamchnanvmg.eo:
1482 4960 1663 5028 comanam
1681 4959 1805 5012 eimau

474 5042 615 5099 renti.
629 5069 656 5081 -
675 5044 716 5095 30.
735 5046 883 5109 coqnoscetia
899 5044 958 5096 cod.
975 5042 1142 5096 Monacensis
1156 5043 1187 5093 d:
1205 5038 1503 5106 coporoscittslttblto.
1522 5037 1652 5104 (comestis
1662 5033 1802 5097 Halmius.)

475 5116 549 5184 Cis.
563 5119 834 5182 68.-oiromonsort.
848 5117 1179 5170 eiciortsstmmumETV:
1196 5117 1255 5180 sort.
1268 5108 1803 5177 uronmciausmmnmqmilmortiui-

473 5191 1011 5251 monmur.uctmmenoruman20;
1028 5190 1534 5257 [ortuummmucior.oironm1..-
1552 5187 1798 5241 diremtum.-

473 5267 615 5321 uclil'V:
634 5265 1299 5332 etltALEO.-3i.umeudtueETVllFBl:
1317 5258 1801 5320 manumissionum
