4367 6109
461 545 523 617 626
825 548 879 612 DE
901 547 1006 613 LEGE
1026 547 1205 613 AGRARIA
1225 547 1345 613 LIBER
1364 548 1404 612 Π.

543 717 595 785 59.
616 718 679 783 Vix
700 718 763 783 iam
784 717 907 782 ridetur
927 718 1013 782 locus
1035 738 1121 794 esse,
1142 718 1198 802 qui
1219 726 1322 783 tantos
1343 738 1471 783 acervos
1491 714 1658 801 pecuniae
1679 714 1791 797 capiat.

458 814 577 897 Auget,
599 811 703 888 addit,
724 812 919 876 accumulat:
942 832 1064 888 amru,
1085 832 1254 877 rnssrrru
1272 833 1316 877 rx
1330 831 1469 888 errem,
1490 832 1535 876 nx
1549 827 1730 884 usuram,
1751 827 1792 872 rx

460 927 649 983 coaorunro,
678 926 720 970 ao
748 925 954 980 oroscruovs
983 927 1138 970 rnrvsmr
1174 927 1277 982 reove
1299 928 1446 971 nscrrvu
1473 927 1532 971 ssr
1561 926 1598 970 m
1629 922 1792 971 murm

458 1019 563 1074 arom
584 1020 617 1064 m
639 1019 831 1063 uorrnuro
854 1019 1077 1077 cousvunrvu,
1100 1001 1132 1064 id
1153 1003 1294 1084 profiteri
1315 1002 1398 1085 apud
1414 1001 1613 1066 decemviros
1629 1006 1667 1064 et
1679 996 1726 1062 ad
1739 1016 1792 1063 eas

435 1093 575 1158 treierre
602 1094 698 1158 iubet
737 1093 806 1157 Hoc
833 1094 934 1175 capite
956 1094 1050 1158 etiam
1072 1096 1290 1179 quaestionem
1321 1094 1360 1158 de
1389 1095 1571 1159 clarissimis
1605 1093 1710 1167 viris,
1738 1091 1792 1176 qui

458 1189 568 1272 populi
589 1188 721 1251 Romani
741 1188 825 1251 bella
846 1196 1029 1269 gesserunt,
1058 1187 1275 1273 iudiciumque
1306 1189 1345 1252 de
1367 1188 1508 1272 pecuniis
1529 1183 1735 1272 repetundis
1754 1184 1793 1249 ad

458 1282 650 1347 decemviros
664 1282 850 1346 translatum
863 1280 986 1345 ridetis.
1015 1281 1136 1344 Horum
1151 1283 1210 1345 erit
1230 1303 1314 1344 nunc
1336 1283 1496 1357 iudicium,
1519 1287 1670 1367 quantae
1687 1279 1792 1343 cnius-

459 1397 521 1461 que
535 1374 702 1441 manubiae
720 1374 847 1449 fuerint,
869 1374 945 1458 qnid
960 1375 1100 1448 relatum,
1123 1374 1200 1459 quid
1215 1375 1375 1439 residuum
1390 1377 1440 1438 sit.
1471 1376 1508 1438 ln
1524 1382 1702 1459 posterum
1716 1392 1791 1437 vero

457 1471 512 1535 lex
537 1472 616 1536 haec
645 1469 881 1554 imperatoribus
902 1470 1015 1533 vestris
1038 1469 1251 1543 constituitur,
1281 1478 1317 1533 ut
1338 1470 1528 1552 quicumque
1551 1470 1596 1533 de
1619 1467 1791 1552 provincia

420 1575 448 1621 ⁴0
458 1565 627 1629 decesserit
647 1561 732 1646 apud
754 1562 881 1625 eosdem
898 1563 1109 1635 decemviros,
1131 1570 1282 1645 qnantum
1303 1561 1419 1627 habeat
1438 1564 1594 1645 praedae,
1617 1560 1791 1626 manrrbia·

456 1679 540 1732 rum,
562 1657 630 1722 auri
651 1656 821 1729 coronarii,
842 1653 1032 1737 profiteatur.
1076 1653 1127 1717 60.
1142 1656 1202 1719 Hic
1224 1663 1327 1718 tamen
1348 1656 1397 1718 vir
1418 1657 1554 1740 optimus
1570 1677 1668 1732 enm,
1693 1674 1790 1739 quem

455 1759 554 1826 amat,
584 1750 714 1833 excipit,
744 1748 799 1811 Cn.
830 1749 1023 1831 Pompeium.
1057 1750 1146 1812 Unde
1169 1750 1228 1812 iste
1250 1769 1336 1812 amor
1357 1758 1420 1812 tam
1441 1750 1637 1833 improvisus
1662 1769 1704 1814 ac
1725 1755 1789 1813 tan

455 1845 660 1927 repentinus?
694 1842 756 1919 Qui
776 1841 897 1907 honore
912 1843 1140 1907 decemviratus
1156 1841 1333 1906 excluditur
1346 1863 1443 1927 prope
1458 1843 1671 1917 nominatim,
1696 1842 1789 1907 cuins

455 1938 606 2002 iudicium
628 1936 797 2020 legumque
819 1937 921 2011 datio,
951 1943 1112 2019 captorum
1134 1956 1279 2018 agrorum
1300 1937 1400 2020 ipsius
1421 1938 1534 2001 virtute
1556 1936 1707 2020 cognitio
1729 1933 1790 1999 tol·

419 2032 543 2108 ulitur,
566 2030 652 2096 cuius
675 2049 740 2092 non
762 2029 795 2092 in
814 2030 1021 2110 provinciam,
1043 2029 1148 2093 sedin
1168 2031 1234 2112 ipsa
1248 2038 1349 2094 castra
1364 2030 1532 2094 decemviri
1546 2050 1620 2095 cum
1635 2028 1789 2113 imperio,

453 2123 578 2189 infinita
601 2123 753 2207 pecunia,
781 2123 917 2186 maxima
943 2131 1096 2207 potestate
1118 2132 1150 2185 et
1174 2123 1290 2187 iudicio
1310 2143 1417 2189 rerum
1438 2127 1581 2189 omnium
1603 2126 1789 2197 mittuntur,

455 2221 506 2283 cui
532 2218 583 2282 ius
611 2217 862 2301 imperatorium,
892 2217 978 2301 quod
1003 2237 1128 2299 semper
1150 2216 1294 2280 omnihus
1315 2218 1553 2302 imperatoribus
1577 2225 1630 2281 est
1654 2236 1790 2281 conser-

453 2319 575 2386 vatum,
607 2310 669 2375 soli
701 2311 848 2393 eripitur:
881 2311 908 2374 is
941 2313 1093 2394 excipitur
1121 2331 1218 2385 unus,
1247 2332 1286 2375 ne
1315 2314 1479 2377 manubias
1509 2311 1631 2377 referre
1657 2309 1788 2375 dehent.

454 2407 564 2470 Unum
585 2404 712 2470 tandem
732 2405 795 2468 hoc
817 2404 918 2487 capite
938 2406 1041 2469 honos
1055 2405 1165 2470 haberi
1179 2405 1299 2469 homini
1313 2426 1354 2470 an
1369 2405 1488 2470 invidia
1501 2407 1613 2490 quaeri
1630 2402 1788 2470 ridetur?

417 2495 808 2566 commetamur
833 2497 895 2562 hoc
923 2499 1016 2562 Rullo
1046 2497 1101 2561 Cn.
1124 2498 1311 2579 Pompeius;
1337 2496 1488 2563 beneficio
1510 2501 1573 2563 isto
1595 2499 1700 2582 legis,
1730 2497 1789 2562 be·

454 2593 605 2678 nignitate
627 2591 828 2658 decemvirali
849 2591 928 2656 nihil
948 2592 1055 2655 utitur.
1099 2593 1176 2655 Nam
1206 2593 1232 2655 si
1254 2600 1303 2663 est
1323 2613 1458 2677 aequum
1478 2592 1632 2678 praedam
1655 2611 1695 2656 ae
1717 2609 1789 2656 rna·

454 2688 564 2752 nubias
586 2706 659 2751 suas
680 2688 885 2770 imperatores
907 2686 1026 2749 nonin
1048 2693 1251 2749 monumenta
1272 2688 1401 2750 deorum
1422 2686 1652 2752 immortalium
1674 2704 1788 2770 neque

453 2782 486 2844 in
514 2781 598 2844 urbis
627 2787 811 2844 ornamenta
838 2779 994 2853 conferre,
1019 2777 1075 2841 sed
1105 2778 1145 2842 ad
1167 2779 1361 2844 decemviros
1384 2787 1541 2864 tamquam
1563 2778 1605 2844 ad
1628 2779 1786 2844 dominos

452 2881 630 2958 reportare,
651 2873 730 2936 nihil
752 2873 812 2937 sihi
835 2874 955 2956 appetit
975 2873 1134 2957 praecipui
1161 2873 1345 2955 Pompeius,
1368 2872 1466 2935 nihii:
1488 2872 1556 2936 vult
1577 2893 1612 2938 se
1635 2876 1673 2938 in
1695 2895 1787 2939 conr-

415 2971 541 3032 somuni
562 2976 656 3052 atque
677 2967 711 3030 in
733 2966 845 3030 eodem
866 2987 929 3049 quo
951 2967 1045 3029 ceteri
1066 2968 1136 3029 iure
1152 2967 1277 3030 versari.
1300 2967 1357 3029 Sin
1373 2972 1420 3029 est
1440 2966 1600 3049 iniquum,
1624 2965 1784 3043 Quirites,

452 3063 480 3127 si
500 3070 608 3147 turpe,
635 3063 661 3125 si
689 3060 936 3135 intolerandum,
963 3059 1022 3123 hos
1049 3060 1244 3125 decemviros
1275 3059 1441 3144 portitores
1463 3060 1609 3124 omnibus
1634 3062 1783 3125 omnium

451 3158 595 3242 pecuniis
620 3155 780 3229 constitui,
811 3155 865 3238 qui
894 3174 957 3218 non
986 3152 1080 3218 modo
1102 3174 1192 3236 reges
1214 3162 1310 3236 atque
1332 3159 1510 3216 exterarum
1530 3153 1699 3219 nationum
1721 3153 1783 3219 ho·

451 3253 568 3327 mines,
596 3249 652 3315 sed
682 3250 775 3313 etiam
796 3249 996 3332 imperatores
1017 3256 1139 3312 vestros
1162 3246 1340 3320 excutiant,
1363 3266 1427 3309 non
1448 3245 1522 3309 milri
1544 3244 1698 3312 videntur
1720 3248 1783 3312 ho-

450 3346 536 3409 noris
558 3363 654 3409 causa
675 3344 820 3427 excipere
841 3341 1040 3426 Pompeium,
1069 3340 1126 3404 sed
1154 3350 1293 3405 metuere
1316 3359 1357 3403 ne
1379 3339 1433 3403 ille
1455 3338 1588 3404 eandem
1608 3351 1782 3407 contume-

413 3437 526 3501 soliam
547 3457 642 3522 quam
663 3438 758 3501 ceteri
779 3436 861 3499 ferre
882 3454 947 3498 non
969 3435 1077 3518 possit
1121 3432 1172 3498 62.
1187 3434 1357 3517 Pompeius
1378 3439 1482 3496 autem
1503 3432 1565 3495 hoc
1585 3437 1695 3499 animo
1720 3443 1780 3511 est,

450 3538 499 3606 ut,
528 3529 683 3614 quidquid
712 3529 802 3594 vobis
829 3529 968 3612 placeat,
996 3528 1057 3591 sihi
1087 3528 1250 3593 ferendum
1271 3532 1377 3608 putet,
1412 3525 1498 3608 quod
1520 3545 1578 3591 vos
1598 3527 1686 3594 ferre
1709 3549 1778 3595 non

449 3624 607 3707 poteritis,
638 3624 670 3686 id
698 3623 840 3707 profecto
865 3617 1005 3705 perficiat
1032 3641 1072 3684 ne
1096 3621 1213 3685 diutius
1235 3620 1325 3683 inviti
1347 3619 1429 3682 serre
1451 3621 1617 3702 cogamini.
1655 3627 1779 3688 Verum

449 3725 554 3781 tamen
576 3725 664 3782 caret
684 3724 736 3791 ut,
758 3717 786 3780 si
808 3736 871 3799 qua
894 3715 1030 3798 pecunia
1050 3724 1123 3799 post
1143 3735 1203 3779 nos
1218 3713 1365 3777 consules
1387 3733 1427 3776 ex
1448 3713 1540 3776 noris
1562 3715 1778 3798 vectigalibus

447 3811 635 3893 recipiatur,
664 3830 703 3874 ea
730 3809 899 3874 decemviri
928 3814 1066 3872 utantur.
1108 3812 1195 3873 Nova
1221 3827 1315 3892 pomo
1337 3807 1501 3890 vectigalia
1521 3807 1610 3872 videt
1632 3829 1672 3875 ea
1692 3809 1778 3885 iore,

410 3917 531 3987 acquae
553 3902 718 3988 Pompeius
740 3902 936 3968 adiunxeritz
958 3903 1002 3969 ita
1022 3902 1161 3969 remissis
1182 3903 1338 3969 manubiis
1352 3901 1557 3987 vectigalibus
1570 3905 1642 3972 eius
1654 3903 1778 3978 virtuts

447 3996 546 4081 partis
570 4017 604 4062 se
619 3995 680 4062 frui
702 4003 790 4080 putat
812 4001 967 4082 oportere.

510 4343 534 4392 4.
549 4341 670 4404 poemiae
687 4351 739 4390 om.
758 4339 787 4390 E.
809 4366 836 4375 —
855 4344 938 4404 auget.
956 4341 1041 4403 captu
1057 4344 1086 4394 E.
1108 4369 1135 4378 -
1154 4344 1178 4394 2.
1197 4344 1310 4393 manum
1325 4345 1359 4404 Ε,
1378 4344 1427 4393 sed
1443 4357 1459 4394 a
1475 4355 1530 4395 see.
1550 4356 1587 4395 m.
1605 4345 1771 4397 correctum

448 4442 475 4453 -
495 4418 581 4467 «Fort.
600 4430 633 4467 es
655 4427 720 4464 auro
739 4414 887 4464 coronario»
905 4427 960 4478 mg.
978 4411 1004 4466 6.
1025 4442 1052 4451 -
1076 4415 1100 4466 3.
1119 4418 1289 4482 germenque
1304 4419 1415 4469 EFPA.
1443 4416 1599 4470 Emendavit
1620 4420 1773 4483 Naugerius

447 4493 474 4542 in
491 4492 534 4543 ed.
551 4490 652 4542 Aldina.
672 4489 742 4552 (qum
757 4488 784 4540 id
799 4501 903 4550 namque
923 4488 1036 4541 Klotzius
1053 4490 1096 4540 ed.
1115 4491 1167 4556 alt)
1187 4521 1213 4528 —
1232 4494 1256 4546 4.
1275 4495 1422 4544 monimo
1438 4493 1555 4557 (ubique)
1572 4495 1607 4555 F;
1624 4507 1775 4547 arom

320 4611 324 4618 .
445 4572 497 4617 tom
513 4569 543 4617 G.
567 4566 605 4617 Ct.
623 4567 642 4616 Ι.
661 4563 685 4627 5.
704 4564 745 4613 ti.
766 4592 793 4599 -
814 4565 936 4629 promen]
952 4566 1027 4628 soteri
1044 4566 1072 4616 E.
1092 4593 1120 4602 -
1145 4568 1169 4618 7.
1186 4583 1252 4618 succ
1267 4569 1385 4619 indutum
1401 4568 1586 4620 Lauredanus:
1611 4569 1713 4621 muium
1728 4571 1773 4621 is-

444 4641 536 4691 dr'ctum
556 4640 677 4698 EFAO;
702 4639 811 4688 remmon
830 4640 949 4689 {uomitum
969 4640 1004 4699 L3
1026 4640 1086 4690 titud
1103 4642 1221 4693 tudinum
1238 4642 1270 4703 ἒς
1288 4657 1353 4694 nunc
1369 4644 1431 4693 444αά
1445 4645 1565 4694 {widun
1581 4642 1723 4697 Gebmrait
1737 4646 1771 4699 11.

443 4716 581 4780 posq-
598 4713 837 4766 roamusr-
857 4713 1104 4779 u.se]rrocr.-
1124 4717 1363 4769 remorasse.
1385 4717 1770 4782 capereris—acm.

443 4791 472 4840 T.
488 4817 516 4826 -
530 4790 570 4843 rt.
582 4789 689 4856 coponio
700 4801 753 4839 om.
766 4789 827 4840 E.—
842 4790 883 4838 45.
895 4804 945 4839 oon
956 4790 983 4838 in
995 4789 1014 4838 E
1026 4792 1235 4856 superscriptum
1253 4795 1332 4843 cst·
1347 4793 1386 4842 47.
1399 4793 1449 4854 cur]
1460 4792 1526 4854 quod
1536 4793 1611 4844 EFP
1628 4794 1673 4857 (ex
1690 4795 1770 4859 quoti.

444 4887 471 4899 -
487 4865 527 4915 48.
540 4863 633 4929 deaut]
645 4862 772 4923 tubum
785 4864 900 4914 iubemur
911 4864 1045 4915 Graevius.
1059 4866 1136 4916 -24,
1150 4867 1374 4928 proedomEFP:
1386 4868 1524 4931 proedosA
1536 4863 1620 4920 Lsso.
1633 4895 1661 4906 -
1674 4869 1773 4922 Μ*

440 4942 545 4999 portare
561 4941 621 4991 60.
637 4965 663 4975 -
678 4939 812 5003 praecipui
827 4937 950 4989 Orellius:
967 4939 1102 5002 praecipue
1123 4941 1214 4991 ceteri.
1229 4968 1255 4976 —
1268 4942 1310 4992 26.
1327 4943 1349 4990 st
1365 4947 1437 5005 turpe
1452 4954 1506 4993 om.
1523 4943 1608 4994 EFP.
1624 4969 1652 4980 -
1671 4944 1697 4994 si
1713 4943 1772 5010 tat]

442 5017 477 5062 est
492 5011 537 5062 iot.
556 5014 639 5064 EFP.
660 5037 687 5050 -
705 5014 746 5064 28.
765 5018 858 5064 vestros
874 5013 935 5063 EP:
959 5018 1056 5064 coruos
1071 5012 1213 5066 Facto
1239 5042 1266 5051 —
1289 5016 1330 5065 29.
1348 5017 1530 5083 coutumeliam]
1547 5018 1670 5070 manian
1687 5019 1720 5071 E.
1740 5044 1770 5055 -

442 5086 483 5136 ³0.
501 5087 593 5153 cumo]
610 5089 675 5140 enan
686 5089 714 5139 L.
730 5115 756 5123 —
774 5089 819 5139 troc
835 5088 920 5138 ocrim
936 5093 971 5138 ert
987 5091 1154 5142 Garatonius:
1173 5091 1218 5142 hoc
1234 5091 1318 5142 comto
1333 5092 1366 5143 stt
1380 5090 1526 5153 Eira&
1543 5106 1601 5144 m
1615 5094 1663 5147 noc
1680 5097 1772 5148 utino

443 5161 475 5210 rtt
491 5174 553 5213 cum
564 5164 593 5212 P.
611 5163 725 5214 Manutio
742 5163 800 5215 LO.
815 5191 843 5200 -
862 5162 902 5213 34.
916 5163 989 5228 quod]
1007 5165 1174 5228 monost.
1186 5193 1215 5203 -
1232 5166 1272 5218 34.
1286 5165 1676 5231 paracoemomenum.
1690 5168 1771 5227 44644.

442 5233 500 5286 Lo·
520 5262 548 5274 ¹¹·
566 5235 608 5289 330
624 5241 708 5293 mmm
724 5249 778 5291 oms
797 5239 826 5291 G·
846 5261 875 5278 '¹'
893 5237 934 5292 3⁴·
952 5240 1079 5306 rm
1095 5241 1123 5293 L·
