4367 6109
454 609 517 680 ll8
827 623 871 686 IN
893 620 932 700 Q.
955 618 1175 687 desumunt
1194 620 1407 687 nlvluario

454 792 641 876 propulsare
662 810 837 876 eorumque
858 791 1001 855 fortunas
1024 791 1205 855 defendere.
1247 792 1290 856 bl.
1306 793 1456 856 Catonem
1479 791 1569 854 illum
1586 789 1779 873 Sapientem,

453 887 661 950 clarissimum
681 886 784 949 virum
806 891 839 948 et
859 885 1156 968 prudentissimum,
1179 908 1251 950 cnm
1265 888 1374 950 multis
1389 907 1501 970 graves
1514 884 1696 948 inimicitias
1710 902 1782 966 ges·

454 981 533 1043 sisse
554 979 735 1061 accepimus
755 985 887 1062 propter
900 980 1131 1063 Hispanorum,
1154 980 1239 1063 apud
1261 1001 1342 1065 quos
1361 981 1474 1044 consul
1494 980 1615 1053 iuerat,
1637 978 1780 1042 iniurias.

453 1069 505 1135 67.
533 1073 641 1154 Nuper
668 1070 724 1134 Cn.
746 1073 920 1135 Domitium
947 1075 1063 1137 scimus
1092 1075 1134 1136 bl.
1158 1075 1265 1137 Silano
1288 1075 1372 1138 diem
1394 1075 1512 1138 dixisse
1533 1080 1664 1158 propter
1683 1074 1780 1137 unius

429 1164 590 1229 abominis
603 1164 829 1247 Aegritomari,
850 1167 975 1249 paterni
990 1169 1083 1231 amici
1100 1176 1196 1252 atque
1210 1168 1360 1251 hospitis,
1381 1168 1523 1232 iniurias.
1558 1168 1646 1232 xxl.
1666 1168 1780 1250 Neque

453 1258 538 1323 enim
559 1259 658 1341 magis
672 1259 795 1322 animos
809 1259 974 1323 bominum
988 1264 1171 1324 nocentium
1186 1281 1236 1324 res
1251 1281 1403 1346 umquam
1418 1262 1483 1325 ulla
1498 1262 1670 1325 commovit
1684 1279 1780 1345 quam

451 1353 531 1416 baec
552 1354 708 1416 maiorum
730 1353 929 1417 consuetudo
951 1354 1046 1437 longo
1074 1354 1241 1418 intervallo
1263 1357 1398 1438 repetita
1418 1376 1454 1419 ac
1476 1356 1591 1430 relata;
1620 1355 1781 1417 sociorum

412 1531 413 1535 Ἰ
452 1446 671 1532 querimoniae
702 1445 826 1510 delatae
853 1449 894 1510 ad
921 1447 1081 1512 bominem
1110 1469 1174 1511 non
1204 1449 1447 1525 inertissimum,
1480 1457 1648 1532 susceptae
1669 1447 1710 1510 ab
1732 1466 1781 1522 eo,

453 1540 509 1625 qui
540 1539 707 1603 videbatur
739 1560 849 1604 eorum
877 1541 1021 1605 fortunas
1048 1539 1111 1605 lide
1140 1542 1368 1627 diligentiaque
1394 1563 1453 1607 sua
1480 1563 1575 1627 posse
1597 1541 1781 1606 defendere.

415 1652 443 1698 so
452 1631 503 1698 68.
525 1634 594 1696 Hoc
617 1634 729 1697 timent
749 1634 911 1710 homines,
940 1637 1002 1699 hoc
1024 1636 1185 1710 laborant,
1206 1636 1268 1699 boc
1289 1638 1412 1701 institui
1433 1645 1530 1722 atque
1551 1637 1632 1701 adeo
1655 1637 1782 1699 institu-

451 1737 519 1792 tum
540 1725 650 1790 reterri
672 1748 709 1790 ac
729 1729 875 1793 renouari
889 1730 1022 1794 moleste
1036 1731 1152 1793 ferunt.
1181 1732 1296 1793 Putant
1315 1731 1383 1794 lore
1404 1740 1455 1805 ut,
1478 1731 1505 1794 si
1526 1730 1680 1814 paulatim
1701 1730 1781 1793 baec

452 1820 650 1885 consuetudo
673 1843 801 1908 serpere
823 1843 859 1887 ac
874 1824 1002 1907 prodire
1017 1826 1173 1908 coeperit,
1195 1845 1253 1909 per
1266 1823 1411 1888 homines
1426 1826 1667 1888 honestissimos
1681 1825 1781 1888 viros·

452 1935 516 2000 que
537 1915 741 1991 fortissimos,
766 1937 832 1980 non
853 1919 1016 2001 imperitos
1038 1918 1295 1984 adolescentulos
1317 1926 1372 1981 aut
1391 1918 1564 1982 illiusmodi
1587 1917 1781 2002 quadrupla·

452 2020 537 2073 tores
567 2010 654 2092 leges
686 2011 870 2095 iudiciaque
902 2012 1171 2077 administrentur.
1215 2011 1265 2076 69.
1295 2012 1393 2076 Cuius
1421 2012 1661 2075 consuetudinis
1684 2021 1780 2095 atque

415 2104 587 2169 seinstituti
609 2112 715 2186 patres
737 2106 938 2190 maioresque
956 2115 1081 2170 nostros
1096 2129 1160 2170 non
1176 2107 1359 2191 poenitebat
1373 2097 1458 2181 tum,
1480 2127 1553 2168 cum
1567 2108 1601 2169 Ρ.
1616 2106 1779 2180 Lentulus,

452 2199 480 2261 is
503 2199 558 2281 qui
579 2199 728 2282 princeps
751 2207 880 2263 senatus
901 2200 971 2274 fuit,
993 2202 1162 2264 accusabat
1182 2203 1232 2264 Μ’.
1240 2201 1403 2284 Aquilium
1426 2201 1639 2284 subscriptore
1662 2198 1696 2263 C.
1716 2200 1780 2262 Ru·

452 2291 522 2355 tilio
544 2291 642 2365 Ruso,
671 2301 726 2356 aut
747 2313 819 2355 cum
840 2295 874 2356 P.
895 2293 1075 2368 Africanus,
1106 2295 1202 2358 bomo
1224 2296 1356 2369 virtute,
1377 2294 1522 2369 fortuna,
1544 2293 1663 2376 gloria,
1685 2293 1779 2357 rebus

453 2387 550 2469 gestis
572 2388 803 2470 amplissimus,
830 2395 1039 2472 posteaquam
1061 2389 1109 2452 bis
1131 2389 1242 2452 consul
1264 2395 1296 2452 et
1317 2408 1431 2452 censor
1451 2388 1570 2462 tuerat,
1599 2389 1634 2450 l..
1657 2386 1780 2450 Cottam

452 2481 486 2543 in
507 2479 661 2543 iudicium
682 2481 824 2545 vocabat.
856 2483 929 2546 lure
952 2489 1018 2545 tum
1041 2483 1175 2545 florebat
1195 2483 1306 2565 populi
1321 2484 1455 2546 Romani
1477 2502 1610 2557 nomen;
1632 2483 1703 2544 iure
1725 2500 1781 2543 au·

359 2608 365 2622 ·
414 2574 580 2640 auctoritas
602 2574 697 2639 buius
718 2577 843 2658 imperii
865 2577 1066 2660 civitatisque
1089 2578 1236 2640 maiestas
1258 2577 1362 2658 gravis
1382 2577 1567 2639 habebatur.
1601 2576 1701 2637 Nemo
1723 2576 1782 2637 mi-

451 2667 581 2731 rabatur
607 2669 641 2731 in
668 2669 816 2732 Africano
846 2670 919 2746 illo,
947 2670 1032 2754 quod
1062 2671 1095 2733 in
1126 2691 1176 2733 me
1200 2691 1301 2745 nunc,
1329 2670 1457 2733 bomine
1479 2671 1584 2752 parvis
1607 2669 1722 2752 opibus
1744 2688 1781 2732 ac

451 2760 654 2824 facultatibus
687 2764 848 2845 praedito,
878 2765 1029 2827 simulant
1057 2783 1127 2826 sese
1159 2764 1283 2838 mirari,
1314 2785 1384 2826 cum
1415 2764 1547 2826 moleste
1575 2762 1692 2825 ierunt.
1729 2757 1780 2823 70.

453 2854 539 2931 Quid
566 2857 625 2919 sibi
654 2858 713 2919 iste
734 2857 825 2921 vulti
853 2866 1112 2922 accusatoremne
1138 2878 1173 2921 se
1196 2859 1385 2931 existimari,
1416 2858 1471 2940 qui
1494 2863 1587 2919 antea
1608 2854 1780 2929 defendere

450 2956 676 3026 consueverat,
705 2972 790 3015 nunc
822 2953 1009 3037 praesertim
1039 2972 1077 3015 ea
1104 2953 1168 3015 iam
1195 2959 1314 3025 aetate,
1348 2972 1419 3015 cum
1449 2951 1642 3015 aedilitatem
1669 2952 1779 3033 petati

414 3045 517 3127 etEgo
540 3063 614 3107 vero
637 3051 670 3107 et
690 3047 802 3111 aetatis
824 3067 890 3110 non
912 3045 1006 3108 modo
1030 3065 1132 3120 meae,
1155 3045 1212 3108 sed
1235 3045 1334 3107 multo
1357 3046 1451 3108 etiam
1471 3045 1644 3127 superioris
1666 3051 1700 3106 et
1722 3043 1780 3107 bo·

450 3138 537 3200 noris
552 3138 746 3220 amplissimi
767 3148 846 3222 puto
869 3159 938 3204 esse
961 3146 993 3202 et
1013 3158 1162 3202 accusare
1183 3138 1345 3221 improbos
1367 3146 1399 3200 et
1417 3139 1549 3201 miseros
1564 3137 1780 3201 calamitosos·

451 3250 514 3316 que
544 3230 726 3295 defendere.
768 3234 809 3296 Et
838 3233 980 3317 proiecto
1010 3238 1066 3295 aut
1091 3233 1153 3294 hoc
1182 3231 1358 3294 remedium
1381 3239 1428 3294 est
1450 3240 1598 3313 aegrotae
1621 3249 1658 3292 ac
1679 3249 1779 3313 prope

451 3325 637 3410 desperatae
666 3327 712 3389 rei
740 3327 887 3409 publicae
915 3326 1106 3410 iudiciisque
1129 3326 1286 3407 corruptis
1309 3334 1340 3388 et
1361 3325 1582 3388 contaminatis
1603 3343 1780 3407 paucorum

449 3420 527 3483 vitio
550 3439 586 3482 ac
608 3419 819 3502 turpitudine,
847 3421 992 3483 homines
1015 3420 1055 3481 ad
1077 3419 1183 3501 legum
1206 3418 1423 3482 defensionem
1444 3418 1703 3501 iudiciorumque
1724 3436 1780 3478 au-

412 3514 626 3580 aectoritatem
656 3534 751 3597 quam
781 3515 1021 3578 honestissimos
1044 3520 1076 3574 et
1103 3514 1323 3595 integerrimos
1345 3512 1670 3596 diligentissimosque
1691 3528 1780 3571 acce-

450 3606 545 3669 dere:
574 3612 629 3668 aut
658 3607 684 3668 si
708 3627 747 3670 ne
775 3608 837 3671 boc
859 3608 989 3691 quidem
1011 3606 1164 3688 prodesse
1186 3607 1318 3689 poterit,
1352 3607 1494 3689 profecto
1516 3605 1606 3670 nulla
1627 3623 1778 3688 umquam

449 3698 607 3762 medicina
632 3698 684 3762 bis
711 3708 760 3764 tot
787 3699 998 3764 incommodis
1026 3701 1213 3782 reperietur.
1258 3695 1309 3762 74.
1331 3700 1426 3763 Nulla
1454 3700 1539 3763 salus
1566 3701 1611 3763 rei
1634 3697 1778 3782 publicae

449 3795 550 3856 maior
571 3799 635 3867 est,
658 3813 754 3877 quam
777 3814 832 3857 eos
854 3796 909 3878 qui
931 3794 1064 3856 alterum
1085 3803 1236 3857 accusant
1257 3815 1322 3856 non
1345 3796 1450 3857 minus
1474 3793 1512 3856 de
1534 3791 1644 3867 laude,
1667 3790 1707 3852 de
1721 3788 1779 3852 bo·

448 3907 543 3963 nore,
567 3888 606 3951 de
627 3888 711 3951 fama
733 3906 805 3961 sua,
828 3907 924 3970 quam
946 3886 1018 3949 illos
1039 3887 1096 3970 qui
1118 3896 1307 3950 accusantur
1329 3888 1369 3949 de
1392 3888 1495 3970 capite
1510 3907 1547 3950 ac
1561 3885 1698 3949 fortunis
1712 3884 1778 3947 suis

410 3998 440 4046 ee
448 3984 681 4066 pertimescere.
724 3982 834 4065 ltaque
864 4000 989 4064 semper
1013 3981 1035 4042 ii
1058 3980 1297 4062 diligentissime
1319 3981 1629 4063 laboriosissimeque
1650 3995 1780 4041 accusa·

448 4085 537 4151 runt,
561 4078 616 4160 qui
638 4095 672 4141 se
694 4076 781 4158 ipsos
803 4077 837 4138 in
859 4076 1029 4138 discrimen
1052 4075 1295 4137 existimationis
1317 4075 1426 4137 venire
1449 4073 1591 4136 arbitrati
1614 4077 1698 4135 sunt.

531 4170 634 4232 llllll.
657 4169 870 4244 Quamobrem
889 4169 950 4232 boc
961 4176 1120 4242 statuere,
1143 4169 1282 4244 iudices,
1305 4170 1445 4244 debetis,
1470 4169 1508 4244 Q.
1525 4167 1715 4241 Caecilium,
1738 4167 1778 4229 de

448 4282 513 4348 quo
536 4262 623 4325 nulla
644 4282 796 4346 umquam
818 4264 927 4346 opinio
943 4262 1039 4325 fuerit
1059 4261 1212 4345 nullaque
1235 4265 1269 4326 in
1282 4263 1344 4326 boc
1359 4264 1430 4346 ipso
1446 4262 1565 4326 iudicio
1581 4261 1778 4342 exspectatio

445 4355 552 4419 fertura
574 4357 631 4431 sit,
655 4356 712 4438 qui
732 4376 838 4441 neque
860 4365 896 4419 ut
917 4363 990 4418 ante
1013 4355 1179 4419 collectam
1200 4358 1315 4420 famam
1331 4364 1498 4420 conservet
1516 4374 1621 4438 neque
1636 4355 1682 4417 uti
1704 4353 1779 4416 reli-

409 4453 502 4535 teqni
525 4451 676 4532 temporis
699 4471 787 4535 spem
816 4449 980 4515 confirmet
1009 4450 1152 4527 laborat,
1182 4471 1248 4514 non
1275 4453 1370 4514 nimis
1398 4452 1479 4513 hanc
1508 4468 1635 4512 causam
1658 4465 1778 4519 serere,

445 4564 511 4607 non
533 4544 629 4606 nimis
650 4553 813 4621 accurate,
843 4566 907 4608 non
936 4547 1031 4608 nimis
1054 4546 1223 4628 diligenter
1248 4555 1401 4609 acturum.
1445 4545 1550 4607 Habet
1571 4545 1657 4607 enim
1679 4541 1777 4616 nibil,

446 4636 534 4721 quod
556 4638 588 4699 in
612 4638 788 4701 otieusione
810 4639 980 4722 deperdat:
1010 4646 1046 4702 ut
1074 4641 1255 4723 turpissime
1284 4639 1595 4723 flagitiosissimeque
1617 4636 1777 4710 discedat,

446 4730 527 4793 nibil
549 4730 589 4793 de
611 4732 678 4794 suis
699 4733 857 4796 veteribus
880 4735 1075 4797 ornamentis
1097 4735 1248 4818 requiret.
1292 4731 1342 4801 72.
1365 4734 1392 4795 Α
1410 4733 1503 4796 nobis
1518 4731 1634 4794 multos
1650 4729 1778 4793 obsides

511 4961 535 5016 4.
554 4966 587 5016 D.
601 4965 688 5015 Sileno
704 4965 782 5017 codd.
801 4967 835 5016 At
851 4966 1020 5019 silleti.
1036 4994 1061 5003 -
1081 4968 1106 5018 5.
1125 4966 1282 5031 Egritornnri
1298 4964 1377 5017 codd.
1397 4965 1429 5015 ct.
1444 4963 1477 5015 ad
1489 4965 1519 5015 ll.
1538 4964 1563 5028 s.
1577 4963 1634 5015 448.
1650 4989 1677 5000 -
1697 4963 1737 5013 44.
1750 4967 1779 5013 nt

446 5040 483 5090 62
492 5039 530 5090 Ld
540 5039 621 5104 tgtis
639 5041 677 5090 uti
693 5042 725 5091 64
747 5039 780 5092 al.
793 5042 823 5091 0.
844 5068 871 5077 -
891 5041 931 5091 46.
951 5042 1079 5091 manauit
1094 5045 1125 5093 Α.
1141 5069 1169 5078 -
1188 5043 1228 5092 49.
1245 5042 1346 5092 amavit
1360 5044 1390 5091 Α.
1406 5068 1433 5077 -
1452 5042 1492 5091 22.
1510 5040 1595 5104 [mint
1612 5040 1644 5088 64
1657 5038 1778 5101 agogas

445 5114 479 5168 ul.
497 5116 574 5182 prob.
594 5117 680 5167 Garat.
700 5117 745 5166 ll.:
768 5116 853 5179 seram
869 5118 899 5167 0.
920 5143 945 5154 -
972 5117 1013 5168 24.
1031 5122 1166 5167 consuerat
1181 5117 1260 5181 Lgitl.
1281 5144 1307 5154 -
1332 5118 1373 5167 25.
1396 5121 1419 5166 et
1440 5117 1530 5166 ectasis
1546 5116 1579 5165 Gt
1591 5113 1728 5177 ifbgw:
1754 5117 1779 5164 et

445 5202 499 5241 om.
518 5191 567 5241 dtt.
580 5191 610 5242 0.
625 5218 653 5227 -
672 5195 695 5240 ct
711 5190 998 5255 nemrir··desendsre
1014 5193 1081 5243 Non.
1094 5206 1121 5257 p.
1134 5192 1174 5244 33.
1190 5220 1218 5230 -
1236 5193 1277 5242 27.
1296 5192 1437 5256 muntani
1448 5190 1500 5251 Ld;
1519 5194 1666 5254 semotam
1676 5190 1723 5241 62.
1744 5192 1778 5241 At

445 5265 478 5316 ct.
497 5265 585 5316 bladv.
603 5267 622 5316 l.
641 5279 668 5331 p.
686 5264 743 5316 334.
765 5293 792 5302 -
811 5267 852 5317 28.
871 5272 895 5317 et
909 5268 1087 5317 contaminatis
1102 5271 1123 5319 Α
1140 5266 1205 5331 ibiq.
1224 5268 1320 5318 Baiter.
1339 5268 1399 5331 ng.
1418 5267 1441 5317 6.
1461 5267 1510 5318 29:
1533 5272 1557 5317 et
1573 5266 1778 5318 incontaminatis

445 5341 482 5396 62
493 5343 528 5403 1);
547 5355 579 5394 oc
594 5348 703 5394 comam.
722 5344 755 5393 64
776 5342 810 5395 al.
830 5343 859 5395 0.
880 5370 908 5380 -
926 5342 968 5395 43.
986 5343 1094 5408 requirit
1110 5343 1142 5393 64
1155 5342 1249 5406 26329
1266 5340 1299 5396 al.
