4367 6109
449 571 514 642 282
701 579 702 582 ’
818 580 860 647 lu
880 582 1047 659 vanuum
1066 580 1191 647 ACTIO
1213 582 1396 647 SECUNDA

532 747 619 809 llaec
642 753 685 823 tu,
705 749 830 812 tametsi
852 751 991 813 omnium
1011 750 1173 815 bominum
1186 750 1447 814 dissolutissimus
1462 747 1762 832 crudelissimusque
1847 823 1854 833 Ι

449 858 573 924 semper
593 839 689 916 feristi,
712 850 816 906 tamen
836 864 1006 927 numquam
1027 853 1237 928 perpeterere,
1259 851 1427 927 propterea
1448 839 1534 925 quod
1555 839 1609 903 ille
1630 843 1764 923 gemitus

448 929 617 1017 luctusque
636 938 817 1016 provinciae
838 939 878 1002 ad
899 939 945 1002 tui
965 940 1075 1024 capitis
1096 937 1271 1022 periculum
1291 936 1482 1020 pertinebat:
1515 954 1596 1009 non,
1625 935 1765 1018 inquam,

448 1034 663 1108 perpeterere,
693 1039 729 1094 ut
755 1030 900 1096 homines
931 1033 1064 1098 iniuriae
1095 1040 1168 1097 tuae
1196 1031 1369 1095 remedium
1400 1037 1499 1094 morte
1528 1049 1566 1093 ac
1593 1030 1765 1113 suspendio

425 1126 655 1199 equaererent,
686 1124 747 1187 nisi
776 1145 814 1189 ea
840 1147 890 1189 res
918 1126 958 1189 ad
987 1135 1154 1211 quaestum
1182 1126 1274 1190 etad
1302 1124 1451 1208 praedam
1478 1131 1563 1187 tuam
1583 1124 1764 1208 pertineret.

449 1202 520 1272 t30.
544 1211 650 1287 Quidt
671 1217 751 1281 illud
772 1223 993 1302 perpeterere?
1025 1220 1201 1292 Attendite,
1223 1217 1360 1293 iudicem
1387 1217 1532 1281 omnibus
1555 1217 1639 1281 enim
1661 1216 1765 1279 nervis

448 1301 526 1365 mibi
548 1309 772 1374 connitendum
794 1322 842 1376 est
863 1321 957 1397 atque
979 1314 1013 1377 in
1039 1313 1099 1376 boc
1121 1311 1362 1385 elaborandum,
1392 1319 1427 1373 ut
1448 1331 1557 1374 omnes
1579 1310 1767 1392 intelligant,

449 1415 544 1478 quam
572 1399 763 1484 improbam,
794 1427 888 1490 quam
916 1407 1127 1482 manifestam,
1161 1425 1255 1488 quam
1281 1403 1454 1468 confessam
1476 1424 1542 1467 rem
1562 1403 1695 1489 pecunia
1717 1421 1767 1464 re·

450 1488 568 1556 dimcre
590 1506 729 1562 conetur.
773 1500 875 1565 Grave
903 1502 1022 1566 crimen
1051 1509 1100 1564 est
1125 1501 1187 1563 hoc
1216 1506 1248 1561 et
1268 1497 1437 1562 vehemens
1458 1505 1491 1561 et
1511 1504 1584 1582 post
1602 1495 1767 1558 bominum

412 1589 629 1653 romemoriam
660 1593 842 1678 iudiciaque
875 1596 914 1659 de
946 1595 1088 1680 pecuniis
1125 1592 1309 1677 repetundis
1341 1593 1509 1656 constituta
1539 1590 1767 1673 gravissimum,

447 1687 624 1761 praetorem
652 1688 755 1751 socios
782 1687 930 1754 habuisse
958 1689 1158 1754 decumanos.
1205 1688 1299 1750 LVII.
1330 1687 1402 1749 Non
1429 1686 1489 1749 hoc
1518 1703 1601 1748 nunc
1630 1682 1767 1765 primum

448 1773 535 1836 audit
555 1776 696 1859 privatus
719 1781 758 1845 de
780 1782 917 1858 inimico,
939 1805 1012 1848 reus
1033 1784 1073 1847 ab
1095 1790 1290 1846 accusatore:
1311 1781 1374 1844 iam
1395 1789 1488 1843 antea
1510 1781 1542 1842 in
1557 1777 1635 1842 sella
1649 1775 1767 1839 sedens

447 1874 583 1948 llfflfllffl',
603 1891 674 1937 cum
695 1877 889 1957 provinciam
911 1878 1049 1944 Siciliam
1071 1877 1237 1950 obtineret,
1259 1895 1331 1937 cum
1352 1873 1391 1936 ab
1413 1874 1557 1938 omnibus
1571 1891 1636 1935 non
1653 1872 1766 1947 solum,

448 1959 481 2022 id
508 1964 592 2045 quod
622 1985 785 2032 commune
814 1978 879 2046 est,
908 1979 1039 2055 propter
1064 1970 1248 2051 imperium,
1280 1967 1335 2030 sed
1364 1967 1474 2042 etiam,
1495 1967 1529 2030 id
1558 1967 1644 2050 quod
1675 1967 1766 2030 istius

410 2058 652 2140 tepraecipuum
676 2070 738 2138 est,
770 2074 899 2148 propter
922 2065 1134 2128 crudelitatem
1162 2071 1369 2136 metueretur,
1402 2062 1505 2126 milies
1532 2062 1665 2136 audivit,
1696 2083 1767 2126 cum

450 2149 519 2212 sius
540 2152 677 2217 animum
697 2157 737 2221 ad
758 2159 1010 2242 persequendum
1032 2178 1096 2222 non
1117 2158 1308 2240 negligentia
1328 2157 1476 2231 tardaret,
1497 2157 1553 2220 sed
1575 2157 1769 2221 conscientia

450 2243 578 2307 sceleris
599 2249 813 2334 avaritiaeque
835 2271 911 2315 suae
933 2252 1115 2316 refrenaret.
1151 2251 1374 2335 Loquebantur
1388 2251 1472 2314 enim
1487 2251 1650 2314 decumani
1663 2251 1768 2336 palem

451 2343 483 2401 et
503 2345 629 2423 praeter
649 2349 770 2407 ceteros
793 2345 829 2420 is,
853 2345 907 2429 qui
920 2346 1003 2429 apud
1017 2346 1112 2409 istum
1128 2345 1297 2430 plurimum
1311 2351 1435 2427 poterat
1448 2345 1664 2428 maximosque
1676 2365 1768 2428 agros

449 2433 670 2519 populabatur,
691 2439 859 2522 Apronius,
881 2460 1069 2523 perparvum
1091 2459 1132 2502 ex
1154 2439 1219 2502 illis
1238 2439 1359 2521 magnis
1380 2437 1475 2501 lucris
1489 2438 1528 2500 ad
1544 2458 1578 2502 se
1593 2441 1769 2522 pervenire,

410 2534 624 2613 sopramorsm
645 2551 714 2595 esse
736 2533 865 2596 socium.
909 2528 980 2596 l3l.
1007 2533 1075 2595 Hoc
1102 2553 1173 2595 cum
1198 2532 1301 2614 palam
1330 2531 1493 2593 decumani
1523 2538 1587 2594 tota
1607 2533 1771 2615 provincia

449 2617 654 2703 loquerentur
681 2634 832 2712 tuumque
858 2647 973 2691 nomen
995 2628 1028 2693 iu
1049 2648 1083 2690 re
1106 2635 1170 2690 tam
1200 2624 1283 2708 turpi
1310 2621 1493 2705 nefariaque
1522 2623 1769 2707 interponerent,

449 2712 571 2779 nihilne
592 2717 649 2782 tibi
670 2720 813 2785 venitin
834 2730 972 2786 mentem
993 2719 1220 2785 existimationi
1237 2727 1308 2782 tuae
1323 2717 1512 2780 consuleret
1534 2717 1614 2780 nihil
1629 2717 1769 2801 denique

450 2810 545 2892 capiti
569 2829 607 2874 ac
634 2811 768 2879 fortunis
796 2816 858 2880 tuis
889 2817 1082 2901 provideret
1115 2836 1187 2879 cum
1213 2814 1260 2877 tui
1287 2812 1423 2876 nominis
1452 2819 1554 2875 terror
1581 2811 1614 2873 iu
1642 2812 1769 2876 auribus

450 2904 627 2989 animisque
648 2913 804 2974 aratorum
824 2919 1017 2985 versaretur,
1048 2930 1119 2974 cum
1148 2907 1310 2971 decumani
1337 2905 1509 2969 aratoribus
1540 2903 1579 2969 ad
1608 2906 1769 2989 pactiones

413 2996 610 3063 tilaciendas
631 3021 696 3065 non
717 3023 805 3066 suam
827 3006 902 3079 vim,
924 3006 980 3068 sed
995 3012 1083 3067 tuum
1098 3003 1200 3067 scelus
1215 3021 1251 3064 ao
1267 3019 1383 3063 nomen
1398 3007 1605 3082 opponerent
1639 3000 1769 3083 Ecquod

450 3091 602 3156 iudicium
622 3095 739 3159 Romae
762 3105 824 3161 tam
854 3099 1056 3172 dissolutum,
1085 3106 1149 3161 tam
1175 3094 1346 3180 perditum,
1376 3102 1440 3157 um
1467 3093 1676 3156 nummarium
1702 3093 1770 3157 lore

449 3188 663 3272 putealique
685 3208 726 3252 ex
748 3190 866 3256 iudicio
888 3201 918 3256 te
941 3193 1007 3256 ulla
1029 3192 1120 3255 Salus
1142 3209 1267 3254 servare
1288 3196 1411 3270 posset,
1439 3209 1510 3253 cum
1531 3187 1659 3274 planum
1681 3183 1771 3251 lieret

450 3276 592 3343 decumis
614 3290 722 3346 contra
743 3284 901 3361 instituta,
935 3286 1021 3369 leges
1050 3283 1372 3363 consuetudinemque
1401 3281 1542 3344 omnium
1570 3283 1707 3346 venditis
1735 3282 1770 3344 in

449 3381 606 3438 aratorum
632 3375 724 3439 bonis
752 3376 950 3462 fortunisque
979 3378 1166 3462 diripiendis
1193 3378 1381 3440 decumanos
1410 3374 1570 3437 dictitasse
1601 3383 1669 3438 tuas
1699 3393 1769 3438 esse

411 3473 565 3553 liparim,
586 3477 672 3533 tuam
693 3489 769 3546 rem,
793 3477 879 3535 tuam
900 3472 1066 3555 praedam,
1088 3471 1187 3554 idque
1209 3478 1239 3533 te
1261 3468 1396 3532 tacuisse
1418 3476 1465 3542 et,
1488 3487 1559 3531 cum
1573 3467 1770 3530 dissimulare

450 3580 515 3625 non
537 3581 662 3645 posses,
689 3565 829 3647 potuisse
857 3572 963 3628 tamen
992 3565 1115 3649 perpeti
1138 3572 1170 3627 et
1189 3562 1343 3647 perferre,
1372 3561 1458 3644 quod
1486 3560 1670 3642 magnitudo
1692 3560 1771 3623 lucri

450 3654 631 3719 obscuraret
659 3658 790 3741 periculi
819 3659 1065 3741 magnitudinem
1092 3658 1228 3742 plusque
1255 3655 1418 3738 aliquanto
1446 3654 1531 3737 apud
1559 3662 1589 3715 te
1603 3655 1772 3736 rpecuniae

451 3748 608 3833 cupiditas
636 3770 730 3834 quam
759 3751 869 3815 iudicii
897 3761 999 3816 metus
1025 3753 1155 3835 possctl
1206 3745 1277 3811 t32.
1305 3748 1398 3811 Esto:
1431 3754 1536 3810 cetera
1563 3765 1679 3828 negare
1706 3766 1772 3809 non

452 3849 558 3927 potes:
591 3861 631 3905 ne
653 3844 731 3908 illud
754 3846 884 3929 quidem
904 3845 962 3909 tibi
982 3845 1141 3929 reliquum
1161 3842 1273 3917 iecisti,
1294 3850 1331 3906 ut
1349 3843 1410 3905 boc
1431 3860 1541 3925 posses
1555 3839 1671 3915 dicere,
1691 3839 1773 3903 nibil

517 4073 540 4124 4.
558 4078 692 4136 propterea
708 4071 770 4124 lN:
795 4087 848 4124 om.
868 4076 912 4124 cti.
933 4101 960 4110 -
979 4074 1019 4122 iiie
1041 4072 1109 4136 4344
1120 4086 1157 4134 φτ
1180 4071 1217 4121 iiii
1233 4072 1278 4120 ott.
1297 4070 1326 4119 0.
1346 4096 1374 4105 -
1393 4069 1416 4120 3.
1432 4070 1696 4132 pennatum-enin
1712 4071 1774 4119 decu

451 4147 477 4212 g.
490 4146 537 4197 434)
554 4161 579 4197 v.
599 4148 629 4196 44
646 4147 728 4198 babet
743 4148 775 4197 V.
795 4173 823 4183 -
839 4147 978 4209 pertinebat
997 4147 1021 4195 V
1037 4146 1105 4210 4344
1122 4161 1159 4209 q:
1181 4143 1337 4209 pertinebant
1358 4146 1402 4194 cit.
1421 4144 1451 4192 0.
1471 4171 1498 4180 -
1518 4144 1673 4207 oppenere
1692 4141 1771 4207 4344,

447 4223 600 4285 pertinerere
616 4222 646 4271 V.
666 4247 695 4258 -
707 4222 768 4270 miti
784 4223 867 4272 neruis
883 4222 950 4284 4344
968 4220 1048 4272 solus.
1064 4248 1091 4256 -
1111 4223 1134 4271 t.
1152 4222 1325 4271 connitendum
1341 4221 1409 4284 4344
1424 4223 1460 4271 N:
1478 4224 1671 4274 contendendus
1686 4222 1709 4271 V
1726 4223 1772 4271 cti.

452 4298 481 4348 0.
507 4297 656 4360 iunguntur
672 4296 739 4347 haec
756 4294 809 4345 duo
823 4296 905 4347 verba
920 4295 953 4345 de
967 4296 1015 4345 044.
1030 4297 1072 4345 444.
1090 4297 1105 4360 5
1121 4297 1144 4346 6.
1174 4297 1271 4347 conniti
1288 4297 1400 4346 omniban
1415 4298 1514 4360 imperii
1527 4298 1610 4348 nervis
1624 4295 1660 4347 ad
1675 4294 1774 4359 aliquid

451 4369 535 4423 babes
552 4385 595 4436 ap.
614 4373 686 4423 Curi.
706 4372 758 4421 Vll.
777 4372 802 4432 3,
821 4371 860 4422 43.
879 4373 1023 4421 contendere
1039 4385 1127 4421 nenos
1143 4370 1203 4422 alibi
1222 4371 1285 4422 dicit
1301 4370 1398 4422 Tullius
1420 4386 1461 4423 ex.
1480 4386 1503 4423 c.
1521 4375 1579 4424 Act.
1597 4372 1617 4422 1.
1636 4371 1660 4436 5.
1679 4371 1720 4421 345.
1739 4369 1773 4420 ad

452 4447 524 4499 Fam.
542 4447 595 4497 XV.
614 4447 655 4499 44.
673 4447 707 4498 de
725 4449 778 4498 Fet.
797 4447 821 4512 S.
840 4449 880 4498 44.
910 4446 998 4497 Altera
1019 4447 1086 4496 haec
1107 4448 1236 4511 scriptura
1258 4446 1362 4498 videtur
1383 4447 1444 4498 inde
1467 4450 1539 4508 orta,
1563 4446 1635 4513 quod
1652 4445 1775 4498 librarius

451 4523 611 4573 4044444444ηαὶ
628 4527 655 4574 et
671 4523 816 4574 minandi
830 4522 913 4573 verba
930 4523 1001 4586 iungi
1017 4523 1183 4572 meminerat.
1201 4522 1234 4572 ct.
1248 4521 1281 4572 ad
1300 4523 1329 4582 Q.
1349 4522 1390 4572 Fr.
1402 4522 1422 4582 4,
1435 4524 1459 4582 4,
1473 4520 1512 4572 44.
1526 4523 1603 4574 Caes.
1615 4522 1644 4571 B.
1656 4522 1686 4571 G.
1700 4521 1718 4570 1.
1731 4520 1773 4570 34.

458 4623 485 4634 -
497 4597 719 4649 eicborcndmnV:
738 4599 903 4649 laborandum
919 4600 964 4649 cti.
984 4598 1012 4648 0.
1028 4624 1055 4634 -
1069 4597 1093 4647 9.
1112 4602 1213 4647 conetur
1223 4598 1246 4646 V
1256 4613 1280 4659 φ
1291 4596 1320 4647 l:
1338 4601 1458 4646 conentur
1474 4599 1519 4647 cti.
1532 4599 1562 4645 0.
1577 4620 1604 4629 -
1623 4595 1663 4645 to.
1673 4597 1776 4657 pecunie

453 4673 476 4721 V
494 4685 530 4723 m.
551 4674 574 4723 4.
595 4699 623 4708 -
642 4676 682 4724 44.
696 4679 838 4737 praetorem
854 4675 877 4723 V
894 4676 921 4724 et
936 4671 966 4724 l:
981 4673 1069 4736 popuii
1084 4674 1113 4723 lt.
1133 4673 1195 4732 dtt.;
1214 4678 1356 4736 praetorem
1368 4685 1428 4734 pop.
1446 4672 1475 4721 44.
1494 4671 1523 4721 0.
1538 4697 1566 4706 -
1584 4670 1624 4721 44.
1643 4672 1739 4719 audivit
1753 4671 1776 4719 V

455 4760 494 4813 pr.
514 4761 566 4808 m.;
584 4764 635 4801 non
649 4765 716 4801 ncnc
728 4765 771 4813 pr.
789 4751 860 4800 ondit
875 4750 920 4800 boc
938 4765 971 4811 φ.
992 4776 1019 4784 -
1038 4753 1096 4798 onte
1112 4748 1142 4798 V.
1155 4775 1183 4785 -
1194 4748 1234 4798 49.
1253 4749 1372 4811 optineret
1387 4747 1418 4796 V.
1432 4774 1458 4782 -
1469 4745 1501 4795 eb
1523 4758 1589 4795 omn.
1607 4742 1676 4807 4344
1696 4742 1728 4794 is
1739 4744 1774 4792 V:

456 4837 510 4875 om.
521 4824 554 4874 ab
563 4828 607 4876 ott.
619 4852 647 4862 -
659 4825 698 4876 44.
710 4826 775 4887 quod
784 4826 844 4875 ants
853 4838 941 4875 comm.
955 4836 1015 4887 sup.
1026 4822 1069 4874 lin.
1080 4823 1103 4871 V
1114 4835 1149 4872 m.
1164 4824 1187 4872 4.
1202 4822 1261 4884 (Bc.)
1273 4850 1300 4860 -
1312 4824 1351 4872 lb.
1364 4822 1461 4871 miliens
1471 4821 1507 4878 V;
1525 4820 1630 4869 milliens
1640 4820 1673 4878 B;
1690 4818 1778 4868 mittin

454 4900 485 4951 0.
506 4925 533 4934 -
552 4900 592 4950 te.
611 4900 752 4950 retardaret
767 4899 844 4961 4349.
865 4925 892 4934 -
912 4899 951 4947 u.
969 4897 1109 4961 refrenaret
1125 4897 1193 4960 4344
1209 4899 1229 4947 N
1241 4897 1313 4958 ch:
1335 4897 1446 4959 frenaret
1462 4896 1508 4944 ctt.
1529 4921 1556 4930 —
1575 4893 1615 4943 49.
1634 4894 1668 4943 cd
1683 4906 1708 4942 se
1723 4893 1776 4942 ΑΒ

455 4975 523 5038 4344
535 4975 567 5025 49
579 4972 623 5025 lt:
641 4976 675 5025 od
690 4988 740 5024 sese
756 4973 821 5024 dett.
840 4974 868 5024 0.
890 5000 915 5009 -
935 4974 976 5023 44.
994 4971 1242 5033 ninii--pronioere
1263 4983 1317 5020 om.
1336 4970 1351 5019 6
1369 4971 1446 5032 4433.
1466 4968 1530 5019 dett.
1551 4995 1579 5004 -
1597 4969 1638 5019 43.
1657 4969 1778 5018 mnins-

454 5063 502 5111 344
523 5055 655 5100 oromnen
676 5049 743 5113 4344
765 5049 837 5100 med.
858 5062 911 5099 om.
933 5075 959 5085 —
979 5049 1019 5099 46.
1041 5045 1218 5110 ammonens]
1240 5045 1348 5095 inenrons
1368 5044 1445 5106 4344.
1465 5071 1492 5080 -
1511 5044 1553 5094 44.
1575 5045 1641 5106 qood
1660 5057 1693 5093 ec
1713 5045 1776 5106 433.

456 5117 571 5190 lpraeter
587 5123 627 5188 44)
644 5126 710 5186 ΛΒ;
729 5127 794 5187 qaod
810 5126 908 5187 quidem
924 5138 957 5174 ec
973 5123 1067 5187 Legit.
1087 5149 1115 5158 —
1133 5122 1174 5172 444.
1192 5121 1256 5187 leges
1272 5119 1339 5184 4344
1350 5134 1387 5182 q:
1406 5120 1466 5184 tegis
1482 5121 1527 5169 cit.
1543 5146 1570 5154 -
1583 5119 1610 5168 in
1626 5131 1680 5168 om.
1699 5118 1776 5181 4349.

456 5225 485 5236 -
503 5199 546 5249 49.
564 5201 712 5250 dmmnanm
726 5201 856 5250 monimen
873 5197 949 5262 4344.
961 5224 989 5234 -
1000 5198 1040 5249 94).
1058 5203 1129 5249 tecm
1145 5199 1207 5249 ante
1222 5197 1345 5261 praedone
1361 5209 1415 5247 om.
1434 5194 1511 5260 4344.
1525 5221 1553 5231 -
1565 5194 1592 5243 id
1608 5198 1631 5244 te
1647 5208 1679 5255 φ.
1695 5218 1723 5228 -
1734 5192 1776 5244 34.

455 5280 538 5329 umen
555 5280 579 5329 et
590 5288 664 5346 perp.
682 5275 761 5346 4349,
782 5302 809 5315 -
827 5274 868 5331 94.
885 5274 975 5343 reliqui
991 5275 1018 5328 F.
