4367 6109
453 599 516 666 748
862 605 1011 669 ORATIO
1033 605 1112 671 PRO
1134 607 1168 669 L.
1190 605 1356 670 murtena

453 776 580 858 guendi.
621 776 723 859 Atque
745 773 823 837 baec
844 775 943 848 cives,
965 775 1065 846 cives,
1087 776 1235 858 inquam,
1258 776 1283 836 si
1304 794 1359 836 eos
1381 773 1441 835 boo
1463 772 1591 834 nomine
1613 768 1771 853 appellari

454 870 501 932 fas
524 877 587 943 est,
614 868 653 930 de
683 869 781 951 patria
804 877 912 931 suaet
933 870 1070 950 cogitent
1091 876 1123 932 et
1144 869 1379 950 cogitaverunt:
1407 867 1519 929 horum
1541 885 1598 947 ego
1623 860 1771 946 quotidie

454 962 595 1026 consiliis
609 981 747 1036 occurro,
770 963 931 1026 audaciam
946 961 1091 1034 debilito,
1114 963 1222 1025 sceleri
1240 962 1363 1024 resisto.
1397 961 1458 1023 Sed
1475 978 1605 1032 moneo,
1627 955 1769 1020 iudices:

453 1057 485 1118 in
508 1055 595 1119 exitu
617 1055 680 1117 iam
703 1063 750 1117 est
772 1075 860 1118 meus
879 1055 1077 1118 consulatus:
1101 1055 1199 1118 nolite
1220 1054 1298 1117 mibi
1317 1054 1499 1117 subtrahere
1513 1051 1662 1115 vicarium
1678 1066 1770 1110 meae

429 1149 649 1232 ediligentiae:
679 1149 778 1211 nolite
800 1148 937 1211 adimere
960 1168 1046 1224 eum,
1075 1150 1124 1211 cui
1152 1169 1218 1211 rem
1241 1149 1397 1231 publicam
1420 1148 1512 1230 cupio
1534 1144 1658 1209 tradere
1680 1142 1771 1203 inco-

451 1245 586 1316 lumem,
615 1243 654 1306 ab
682 1244 732 1305 bis
760 1244 853 1307 tantis
875 1242 1024 1325 periculis
1047 1242 1285 1304 defendendam.
1329 1234 1575 1304 xxxvl11.8l.
1598 1241 1706 1322 Atque
1729 1236 1770 1297 ad

450 1335 529 1399 beer
550 1336 648 1411 mala,
677 1338 816 1412 iudices,
845 1336 921 1419 quid
948 1335 1076 1399 accedat
1097 1336 1199 1410 aliud,
1230 1356 1293 1397 non
1315 1335 1454 1398 videtis?
1486 1337 1546 1406 Te,
1576 1342 1607 1396 te
1629 1329 1770 1413 appello,

451 1431 545 1493 Cato:
568 1450 673 1492 nonne
696 1430 850 1513 prospicis
864 1437 1082 1513 tempestatem
1097 1430 1171 1491 enni
1189 1431 1257 1493 tui‘l
1279 1429 1343 1491 iam
1358 1430 1441 1491 enim
1455 1430 1603 1492 hesterna
1616 1424 1769 1487 contione

450 1524 587 1586 intonuit
608 1544 670 1586 vox
692 1523 867 1605 perniciosa
883 1523 1036 1604 designati
1058 1523 1188 1596 tribuni,
1212 1522 1351 1605 collegae
1368 1523 1430 1585 tui:
1452 1530 1560 1585 eontra
1575 1540 1670 1605 quem
1687 1516 1769 1579 mul-

414 1623 516 1680 totum
544 1623 598 1678 tua
625 1637 729 1689 mens,
759 1616 888 1678 multum
918 1636 1027 1678 omnes
1048 1617 1124 1678 boni
1146 1616 1369 1698 providerunt,
1400 1617 1453 1699 qui
1476 1624 1505 1679 te
1528 1616 1566 1678 ad
1588 1614 1769 1678 tribunatus

450 1709 633 1793 petitionem
659 1717 859 1773 vocaverunt.
903 1708 1029 1784 Omnia,
1062 1730 1145 1793 qnae
1175 1731 1230 1794 per
1256 1709 1317 1772 boc
1346 1710 1516 1772 triennium
1542 1710 1656 1792 agitata
1683 1713 1768 1780 sunt,

450 1803 512 1866 iam
541 1804 580 1865 ab
609 1822 647 1865 eo
670 1812 825 1886 tempore,
857 1824 920 1886 quo
944 1823 962 1866 a
983 1804 1017 1865 L.
1041 1804 1174 1867 Catilina
1196 1812 1227 1866 et
1250 1804 1305 1866 Cn.
1327 1804 1439 1866 Pisone
1460 1803 1572 1864 initum
1594 1801 1769 1865 consilium

450 1904 576 1961 senatus
598 1894 804 1961 interficiendi
826 1897 912 1960 scitis
934 1917 1020 1971 esse,
1040 1900 1074 1960 in
1097 1898 1155 1960 bos
1179 1898 1262 1972 dies,
1285 1898 1318 1960 in
1333 1898 1390 1960 bos
1405 1916 1545 1970 menses,
1566 1898 1599 1959 in
1613 1896 1675 1958 boe
1689 1901 1769 1956 tern-

451 2012 509 2074 pus
532 2001 710 2075 erumpunt.
746 1989 795 2055 82.
812 1992 874 2067 Qui
897 1992 985 2055 loeus
1000 1999 1059 2064 est,
1082 1991 1218 2065 iudices,
1241 1991 1328 2075 quod
1344 1999 1482 2072 tempus,
1505 1989 1560 2072 qui
1575 1990 1660 2062 dier,
1684 2009 1769 2071 quae

413 2095 534 2161 tenor,
563 2107 634 2148 cum
666 2106 723 2168 ego
747 2106 810 2148 non
832 2106 871 2149 ex
893 2087 1025 2148 istorum
1047 2085 1171 2148 insidiis
1194 2106 1229 2148 ac
1251 2085 1453 2148 mucronibus
1474 2104 1538 2146 non
1561 2083 1662 2146 solum
1684 2102 1769 2156 meo,

451 2180 506 2244 sed
528 2180 626 2243 multo
650 2180 742 2242 etiam
764 2179 863 2260 magis
886 2179 994 2241 divino
1016 2179 1151 2241 consilio
1175 2180 1289 2262 eripiar
1311 2185 1405 2261 atque
1420 2178 1564 2241 evolem?
1585 2178 1699 2259 Neque
1714 2175 1768 2237 isti

451 2295 501 2339 me
524 2292 593 2335 meo
616 2272 741 2335 nomine
764 2271 912 2346 interfici,
935 2273 989 2335 sed
1012 2272 1192 2354 vigilantem
1215 2272 1374 2335 consulem
1390 2273 1429 2334 de
1443 2272 1489 2334 rei
1511 2271 1657 2355 publicae
1675 2288 1771 2352 prae-

451 2367 532 2432 sidio
555 2365 716 2429 demoveri
738 2366 863 2428 volunt:
894 2385 950 2428 nee
978 2365 1081 2428 minus
1103 2365 1235 2441 vellent,
1264 2366 1353 2440 Ceto,
1384 2375 1413 2430 te
1437 2385 1566 2450 quoque
1587 2364 1697 2447 aliqua
1720 2383 1771 2424 ra-

452 2461 552 2534 tione,
581 2460 607 2522 si
629 2467 774 2543 possent,
800 2459 929 2534 tollere,
957 2460 989 2522 id
1013 2461 1112 2544 quod,
1135 2459 1341 2534 mihicrede,
1365 2469 1396 2522 et
1416 2467 1511 2542 agunt
1532 2467 1563 2521 et
1583 2458 1770 2520 moliuntur.

413 2554 582 2626 ”Vident
606 2555 809 2637 quantumin
833 2561 862 2616 te
885 2554 925 2616 sit
939 2555 1051 2627 animi,
1075 2561 1227 2637 quantum
1243 2555 1375 2637 ingenii,
1398 2560 1549 2637 quantum
1564 2553 1770 2625 auctoritatis,

452 2653 603 2732 quantum
625 2647 671 2709 rei
692 2648 837 2730 publicae
858 2647 1026 2730 praesidii:
1050 2646 1106 2735 sed
1129 2668 1198 2710 cum
1220 2649 1376 2710 consulari
1398 2649 1580 2710 auctoritate
1603 2654 1634 2709 et
1648 2645 1771 2716 auxilio

451 2742 617 2826 spoliatam
638 2740 702 2802 vim
725 2742 924 2805 tribuniciam
939 2740 1089 2814 viderint,
1113 2749 1178 2803 tum
1201 2762 1234 2804 se
1256 2741 1378 2804 facilius
1402 2743 1551 2803 inermem
1573 2747 1605 2802 et
1620 2737 1771 2801 debilita-

451 2844 517 2898 tum
539 2842 570 2897 te
592 2852 796 2916 oppressuros
818 2835 1016 2898 arbitrantur.
1059 2836 1136 2897 Nam
1166 2855 1206 2897 ne
1228 2832 1401 2898 sufficiatur
1422 2832 1532 2896 consul
1553 2853 1615 2895 non
1638 2832 1770 2895 timent:

451 2927 612 2992 videntia
635 2935 758 2990 tuorum
781 2934 934 3011 potestate
956 2927 1146 3010 collegarum
1168 2927 1253 3001 fore3
1282 2936 1408 3012 sperant
1437 2928 1496 2990 sibi
1518 2926 1677 3000 Silenum,
1706 2925 1772 2987 cla·

410 3034 439 3083 rt
452 3044 520 3086 rum
541 3019 659 3095 virum,
688 3020 756 3083 sine
779 3020 914 3102 college,
937 3027 968 3082 te
990 3021 1058 3084 sine
1081 3022 1230 3095 consule,
1252 3041 1318 3084 rem
1340 3023 1496 3104 publicam
1517 3020 1585 3082 sine
1607 3019 1771 3103 praesidio

450 3118 543 3182 obiici
571 3110 675 3200 pos'se.
719 3108 769 3174 83.
791 3112 849 3176 His
879 3114 973 3176 tantis
1001 3115 1033 3175 in
1063 3114 1155 3177 rebus
1184 3115 1340 3198 tantisque
1369 3117 1399 3177 in
1428 3113 1575 3198 periculis
1597 3120 1771 3188 edituum,

449 3213 490 3274 Μ.
515 3210 605 3284 Cato,
630 3206 684 3293 qui
706 3205 782 3268 mihi
805 3225 869 3269 non
893 3207 964 3280 tibi,
987 3207 1042 3270 sed
1064 3208 1184 3290 patriae
1205 3216 1297 3271 natus
1319 3228 1388 3271 esse
1403 3209 1544 3281 videare,
1566 3207 1674 3270 videre
1689 3207 1771 3290 quid

450 3309 576 3385 agatur,
598 3301 732 3364 retinere
754 3301 944 3374 adiutorem,
968 3300 1183 3374 defensorem,
1206 3301 1324 3364 socium
1346 3304 1378 3365 in
1392 3322 1427 3364 re
1444 3301 1582 3385 publica,
1605 3301 1771 3363 consulem

451 3415 514 3458 non
548 3396 711 3478 cupidum,
745 3394 924 3468 consulem,
958 3393 1044 3476 quod
1074 3395 1208 3456 maxime
1231 3401 1354 3476 tempus
1376 3395 1435 3458 boc
1455 3395 1606 3476 postulat,
1638 3394 1772 3457 fortuna

413 3490 653 3553 meonetitutum
668 3489 707 3551 ad
724 3487 966 3569 amplexandum
983 3487 1098 3560 otium,
1121 3488 1252 3550 scientia
1266 3487 1306 3550 ad
1320 3488 1437 3551 bellum
1452 3487 1636 3570 gerendum,
1660 3487 1771 3549 animo

451 3591 482 3647 et
503 3604 562 3647 usu
585 3582 624 3645 ad
648 3583 734 3666 quod
755 3581 834 3644 velis
855 3581 1025 3663 negotium.

516 3873 539 3921 t.
557 3870 634 3931 ciem,
652 3870 715 3934 cives
731 3869 835 3930 inquam
846 3869 871 3918 Μ
888 3871 915 3918 et
927 3867 1030 3929 Quintil.
1044 3869 1085 3920 lx.
1099 3869 1127 3928 Ε,
1141 3870 1186 3918 ts:
1206 3882 1253 3931 que
1268 3869 1289 3917 si
1305 3869 1369 3918 circs
1385 3869 1489 3931 inquom
1506 3868 1602 3930 cnei,
1621 3881 1687 3929 quoe
1702 3871 1771 3920 cives

450 3946 552 4008 inquom
569 3958 624 4005 χν,
647 3946 699 3995 sine
714 3946 817 4007 inquom
834 3946 863 3994 G.
888 3971 914 3979 -
938 3945 982 3994 boc
1003 3958 1043 3995 ees
1063 3943 1167 4004 Quintil.
1193 3972 1220 3980 -
1246 3945 1271 3993 Ε.
1289 3945 1377 3993 cotidie
1393 3946 1422 3993 G.
1447 3971 1472 3978 -
1500 3944 1524 3993 3.
1541 3946 1583 3994 sed
1598 3958 1685 3994 moneo
1702 3949 1768 4007 mei,

450 4022 523 4080 orn,
541 4021 632 4083 begga
651 4022 692 4070 sed
708 4033 751 4069 vos
765 4032 851 4069 moneo
868 4021 925 4069 Lo.
940 4044 967 4055 -
987 4020 1010 4070 l.
1029 4021 1082 4069 iem
1099 4025 1133 4069 est
1149 4020 1218 4068 mei:
1237 4024 1272 4069 ert
1287 4021 1340 4069 iem
1357 4021 1412 4069 LO.
1429 4047 1455 4054 —
1474 4020 1498 4069 6.
1517 4020 1645 4082 defendam
1660 4022 1727 4084 Gip.
1739 4049 1767 4057 —

450 4096 521 4156 etqui
537 4095 596 4144 boec
612 4110 639 4154 χ.
654 4122 680 4130 -
701 4096 724 4143 7.
744 4095 842 4144 occidet
857 4101 893 4156 ψ.
908 4120 935 4130 -
956 4093 1024 4158 tete]
1041 4099 1105 4153 ter,
1124 4099 1244 4144 letamen
1261 4110 1329 4154 χ.-
1349 4095 1373 4143 8.
1391 4095 1517 4143 besteuor
1530 4095 1568 4152 Μ,
1587 4099 1692 4144 entem
1710 4097 1767 4157 Ev,

448 4168 543 4220 lex.
563 4196 589 4204 -
608 4170 722 4219 ceneiorm
739 4170 767 4218 0.
788 4195 814 4202 —
833 4168 858 4217 9.
877 4169 1017 4232 desipuerit
1033 4171 1066 4225 G;
1089 4169 1210 4232 desiqrroti
1232 4171 1386 4233 suspectum
1408 4170 1459 4218 iam
1482 4167 1608 4218 lambino
1629 4170 1768 4221 Ernestins

450 4245 478 4292 et
493 4244 603 4294 Beckius
621 4244 677 4293 sine
694 4255 774 4293 causa
791 4242 893 4292 uncinis
910 4241 1080 4292 incluserunt.
1101 4270 1127 4277 —
1147 4242 1239 4292 tribum
1255 4257 1285 4293 v:
1314 4245 1360 4293 rr.
1379 4244 1445 4302 ΕΜ,
1464 4256 1516 4292 om.
1535 4245 1564 4292 G.
1584 4270 1610 4278 -
1631 4246 1671 4294 ⁴0.
1688 4247 1769 4311 mens]

449 4319 488 4367 uis
503 4326 539 4380 ψ.
560 4345 587 4355 -
605 4317 709 4366 muitum
725 4330 778 4366 om.
798 4318 827 4366 G.
848 4345 874 4352 —
895 4318 934 4366 42.
954 4317 998 4367 Cn.
1017 4318 1073 4367 Ev:
1101 4331 1122 4366 c.
1142 4320 1176 4376 G,
1195 4319 1221 4367 l.
1241 4319 1274 4368 Μ.
1295 4345 1322 4354 —-
1342 4319 1382 4367 46.
1400 4319 1491 4381 eripiet
1506 4323 1580 4379 atoue
1595 4319 1672 4368 motet
1686 4320 1717 4371 E.
1739 4349 1766 4356 —

450 4395 497 4455 isti]
514 4394 555 4442 isti
570 4406 612 4442 mo
629 4393 662 4452 C,
681 4392 795 4441 eeistimo
812 4392 840 4441 E.
861 4418 887 4427 -
908 4392 947 4441 te.
967 4392 1089 4441 dernomri
1106 4391 1213 4442 lamb:
1233 4393 1351 4442 dimoveri
1368 4393 1427 4455 Lag.
1447 4392 1482 4452 9.,
1501 4394 1622 4442 demonem
1638 4395 1700 4456 Lug.
1713 4394 1768 4456 ii..

449 4470 474 4519 Μ
491 4481 526 4518 m.
540 4480 605 4527 see..
623 4468 693 4529 llum
711 4479 835 4516 rennuere
853 4467 916 4526 ΟΕ,
935 4467 1192 4528 denmueredllltic,
1211 4467 1288 4517 codd.
1302 4465 1357 4517 rell.
1374 4495 1400 4502 —
1419 4467 1472 4516 oiie
1486 4467 1628 4518 retienebl.
1643 4493 1669 4502 -
1690 4469 1732 4519 49.
1746 4477 1769 4520 et

450 4545 509 4593 ente
527 4547 606 4606 oprtet
622 4540 727 4592 mallem
744 4541 860 4592 abesset.
887 4569 913 4577 -
940 4542 980 4591 20.
998 4543 1054 4592 eide
1070 4557 1098 4601 χ.
1119 4570 1145 4577 -
1164 4545 1205 4593 rt.
1225 4547 1346 4604 quedem
1361 4544 1387 4590 io
1404 4543 1441 4592 rei
1453 4555 1480 4604 p.
1499 4544 1536 4603 Μ,
1560 4557 1636 4605 quem
1652 4558 1718 4606 resp.
1738 4561 1767 4606 χ.

452 4646 478 4655 -
496 4619 588 4681 presidi
609 4620 638 4667 G.
663 4643 690 4653 -
714 4616 755 4667 23.
774 4621 796 4666 te
818 4630 870 4667 om.
890 4621 918 4665 G.
943 4644 969 4652 -
993 4616 1033 4667 tl.
1052 4619 1134 4667 rident
1150 4623 1172 4667 te
1188 4619 1214 4666 ic
1231 4623 1331 4666 tuorum
1347 4630 1474 4681 perverse
1491 4619 1519 4667 L.
1542 4644 1569 4652 —
1593 4617 1711 4668 sidenem
1728 4622 1768 4682 ll,

448 4695 571 4756 mireum
588 4694 639 4743 CH
647 4707 677 4755 v,
694 4693 818 4754 sylemum
835 4695 867 4752 E,
885 4694 1000 4743 salacem
1017 4696 1046 4744 G.
1067 4721 1094 4730 —
1113 4695 1153 4744 26.
1172 4693 1234 4743 obici
1250 4694 1340 4743 EGM.
1361 4719 1388 4727 -
1406 4692 1556 4755 imperterrite
1571 4693 1604 4754 Ε,
1621 4694 1648 4742 in
1665 4707 1720 4745 om.
1741 4709 1767 4745 v.

452 4795 477 4806 -
496 4770 537 4818 Μ.
556 4769 599 4830 qui
622 4768 682 4816 mibi
706 4782 756 4817 eon
775 4768 952 4819 tibi--retus
973 4783 1022 4819 erse
1041 4769 1153 4829 videare,
1178 4768 1268 4832 videre]
1291 4768 1329 4817 sie
1352 4767 1444 4830 scripsi
1461 4781 1493 4816 ex
1509 4770 1624 4832 vestigiis
1641 4769 1769 4822 codicum

449 4847 574 4908 (itemque
591 4841 704 4892 Klotzius
722 4844 748 4892 et
764 4841 908 4905 Madvigius
926 4843 959 4893 ed
977 4844 1030 4893 Cio.
1050 4845 1079 4892 de
1096 4844 1167 4892 Fine.
1187 4843 1209 4892 b.
1227 4849 1250 4892 et
1265 4857 1299 4891 m.
1317 4855 1342 4906 p.
1361 4841 1432 4903 ml,
1456 4843 1505 4892 nisi
1522 4844 1593 4906 quod
1609 4844 1701 4894 uideris
1718 4859 1769 4910 pro

447 4924 548 4972 videare
564 4918 663 4968 addere
680 4916 854 4980 malueruntlt
873 4920 916 4978 qui
932 4933 981 4967 noer
997 4919 1070 4977 mibi,
1088 4932 1139 4967 non
1155 4918 1209 4978 tibi,
1228 4919 1270 4967 sed
1282 4919 1384 4980 petride
1400 4921 1474 4966 netur
1484 4931 1520 4978 es,
1538 4919 1620 4968 uidere
1631 4919 1651 4968 0
1664 4921 1691 4968 ct
1702 4919 1767 4971 edd.

450 4997 559 5061 priores.
582 4993 633 5042 Sed
651 4991 751 5042 babent
766 5006 817 5043 rien
833 4995 892 5042 ente
910 4994 968 5042 mili
986 4992 1033 5043 soli
1050 4995 1090 5053 Μ,
1109 4995 1170 5055 Lag.
1190 4994 1214 5043 9.
1233 4992 1284 5052 il„
1304 4994 1426 5042 omittunt
1443 4993 1529 5051 EGv,
1552 4993 1567 5040 6
1584 4994 1663 5052 On..
1686 4994 1768 5058 Legg.

450 5069 520 5130 rell.;
539 5073 613 5118 netur
628 5081 654 5116 es
669 5067 768 5117 hubent
784 5069 848 5126 Mv,
868 5069 928 5129 Lag.
947 5068 971 5117 9.
989 5067 1030 5117 el.
1049 5068 1093 5124 26;
1119 5073 1267 5117 notesceret
1284 5071 1319 5127 G,
1342 5072 1417 5116 retro
1432 5079 1483 5116 esse
1497 5065 1590 5129 reliqui
1607 5079 1717 5126 omnes3
1742 5071 1771 5119 in

450 5147 510 5207 Lag.
530 5143 569 5193 ⁴3.
594 5142 708 5204 denique
731 5145 772 5192 est
791 5143 901 5192 viderere
917 5155 965 5207 pro
981 5143 1072 5192 videre.
1092 5170 1118 5178 -
1143 5144 1182 5192 ⁶28.
1201 5143 1294 5192 socium
1310 5155 1362 5192 om.
1381 5155 1407 5191 v.
1427 5167 1454 5176 -
1478 5142 1601 5191 consulem
1620 5155 1671 5191 ooo
1692 5144 1770 5204 eripi-

450 5222 509 5271 dum
525 5232 578 5270 oni.
593 5220 620 5270 E.
632 5244 658 5252 —
670 5218 710 5268 29.
724 5222 817 5281 ternpus
832 5218 877 5270 bec
894 5218 986 5271 Gblv:
1004 5217 1049 5267 boe
1064 5223 1159 5281 termes
1175 5220 1203 5269 Ε.
1216 5216 1359 5280 -postuiet
1374 5230 1424 5266 nen
1439 5218 1556 5280 cupidum
1571 5216 1696 5267 eonmtem
1712 5218 1772 5281 [or-

450 5302 512 5348 tune
528 5295 653 5348 costitutus
669 5294 697 5349 Ε.
