4367 6109
471 573 533 642 348
835 579 879 644 nt
899 578 1065 644 Vlllillllld
1086 576 1210 643 acuo
1233 577 1417 644 sacuam

472 748 667 822 attulissent,
688 747 778 811 utin
800 748 955 831 Capitolio
976 756 1147 832 ponerent,
1170 747 1256 831 quod
1277 746 1419 810 nondum
1439 746 1613 830 perfectum
1634 747 1793 831 templum

474 842 684 918 offenderant,
705 862 811 925 neque
832 862 953 926 ponere
974 849 1147 926 potuerunt
1167 862 1272 925 neque
1285 842 1380 925 vulgo
1399 843 1567 906 ostendere
1588 863 1625 908 ac
1647 843 1793 927 proferre

467 937 654 1011 uoluerunt,
675 944 713 1000 ut
733 943 764 999 et
784 933 1032 1018 magnificentius
1053 936 1226 1011 videretur,
1248 957 1320 998 cum
1341 956 1400 999 suo
1422 945 1561 1021 tempore
1581 938 1615 1001 in
1637 939 1722 1003 cella
1742 937 1794 999 lo-

472 1029 520 1092 vis
543 1029 659 1112 Optimi
681 1029 810 1094 Maximi
831 1038 1019 1114 poneretur,
1048 1037 1080 1093 et
1107 1030 1239 1105 clarius,
1266 1051 1338 1093 cum
1363 1030 1564 1113 pulchritudo
1586 1034 1656 1099 eius
1677 1055 1793 1100 recens

449 1122 512 1187 aad
535 1124 644 1187 oculos
672 1124 836 1188 hominum
861 1133 959 1209 atque
987 1125 1109 1206 integra
1138 1125 1325 1207 perveniret.
1369 1123 1552 1188 Statuerunt
1571 1126 1603 1189 id
1625 1148 1736 1193 secum
1757 1131 1793 1194 in

473 1218 594 1302 Syriam
616 1227 794 1301 reportare,
824 1226 876 1293 ut,
906 1239 977 1282 cum
1005 1219 1170 1282 audissent
1191 1219 1392 1283 simulacrum
1413 1219 1497 1282 lovis
1520 1219 1638 1303 Optimi
1659 1223 1794 1287 Maximi

472 1309 665 1388 dedicatum,
691 1313 811 1396 legatos
837 1314 1013 1388 mitterent,
1042 1313 1098 1395 qui
1126 1333 1198 1375 cum
1221 1314 1333 1377 ceteris
1353 1315 1449 1377 rebus
1470 1314 1549 1377 illud
1571 1336 1701 1400 quoque
1724 1317 1795 1380 exi·

471 1406 569 1470 mium
591 1428 628 1472 ac
650 1409 895 1493 pulcherrimum
916 1408 1036 1471 donum
1057 1409 1090 1474 in
1114 1407 1303 1492 Capitolium
1325 1412 1483 1475 afferrent.
1516 1411 1663 1476 Pervenit
1683 1432 1735 1476 res
1750 1410 1794 1474 ad

471 1499 562 1563 istius
583 1522 692 1578 aures,
714 1503 822 1566 nescio
845 1522 909 1587 quo
930 1505 1040 1567 modo:
1070 1523 1143 1566 nam
1164 1523 1222 1566 rex
1242 1504 1275 1566 id
1298 1504 1432 1568 celatum
1454 1506 1611 1580 voluerat,
1637 1524 1705 1568 non
1727 1523 1794 1589 quo

435 1607 462 1657 tt
472 1594 647 1678 quidquam
669 1604 823 1660 metueret
842 1604 897 1660 aut
918 1599 1144 1680 suspicaretur,
1167 1598 1223 1660 sed
1245 1606 1341 1662 utne
1362 1599 1452 1664 multi
1474 1599 1554 1663 illud
1576 1608 1648 1663 ante
1669 1600 1796 1683 praeci·

470 1697 584 1772 pereni
604 1690 705 1754 oculis
727 1711 821 1776 quam
849 1692 986 1775 populus
1010 1695 1179 1756 Romanus.
1221 1692 1284 1755 lste
1305 1695 1385 1776 petit
1405 1714 1425 1757 a
1446 1713 1518 1776 rege
1541 1701 1665 1757 etcum
1691 1693 1796 1777 pluri-

471 1783 531 1848 bus
552 1783 655 1847 verhis
678 1793 783 1867 rogat,
803 1793 840 1849 ut
861 1786 893 1848 id
915 1786 955 1848 ad
977 1807 1011 1849 se
1034 1788 1154 1850 mittat:
1177 1805 1293 1869 cupere
1315 1806 1349 1850 se
1372 1786 1448 1850 dicit
1464 1788 1619 1871 inspicere
1634 1809 1740 1872 neque
1757 1808 1795 1852 se

471 1876 542 1940 aliis
573 1876 703 1942 videndi
732 1886 920 1962 potestatem
951 1900 1021 1945 esse
1048 1882 1215 1946 facturum.
1258 1879 1309 1943 65.
1330 1882 1521 1957 Antiochus,
1553 1883 1608 1966 qui
1629 1884 1737 1947 animo
1760 1889 1797 1947 et

471 1970 586 2053 puerili
620 1981 704 2036 esset
732 1983 764 2040 et
795 1976 898 2057 regio,
929 1975 1006 2039 nihil
1029 1977 1068 2039 de
1089 1977 1180 2039 istius
1205 1975 1404 2059 improbitate
1431 1977 1607 2060 suspicatus
1634 1984 1699 2040 est:
1732 1978 1796 2040 im·

436 2077 464 2128 tt
472 2072 563 2149 perat
590 2068 672 2143 suis,
707 2076 741 2133 ut
770 2069 802 2132 id
831 2071 865 2132 in
893 2071 1084 2155 praetorium
1114 2069 1290 2132 involutum
1321 2088 1418 2152 quam
1448 2069 1659 2133 occultissime
1688 2068 1798 2132 deter-

472 2166 552 2223 rent.
595 2160 667 2237 Quo
699 2171 907 2248 posteaquam
936 2165 1108 2228 attulerunt
1133 2163 1370 2246 involucrisque
1399 2163 1523 2226 reiectis
1550 2164 1796 2250 constituerunt,

473 2254 607 2318 clamare
629 2257 688 2321 iste
710 2259 817 2342 coepit
843 2259 970 2341 dignam
996 2279 1064 2321 rem
1091 2278 1161 2321 esse
1188 2276 1286 2338 regno
1309 2254 1435 2339 Syriae,
1463 2256 1589 2339 dignam
1610 2259 1697 2343 regio
1720 2282 1794 2326 mu-

472 2369 562 2426 nere,
594 2353 720 2435 diguam
751 2351 916 2436 Capitolio.
959 2353 1084 2416 Etenim
1115 2360 1182 2415 erat
1215 2369 1253 2412 eo
1282 2349 1466 2434 splendore,
1500 2353 1555 2435 qui
1585 2373 1626 2416 ex
1654 2356 1795 2420 clarissi-

472 2446 532 2509 mis
554 2454 585 2511 et
605 2448 825 2533 pulcherrimis
847 2448 977 2531 gemmis
1000 2466 1069 2509 esse
1092 2446 1242 2518 debehat3
1276 2463 1313 2506 ea
1334 2444 1483 2509 varietate
1505 2466 1652 2529 operum,
1683 2458 1720 2512 ut
1740 2471 1795 2514 ars

435 2548 591 2605 wcertare
612 2541 774 2604 videretur
795 2561 867 2604 cum
889 2541 996 2624 copia3
1019 2559 1056 2602 ea
1077 2537 1308 2621 magnitudine,
1329 2546 1366 2601 ut
1386 2538 1518 2622 intelligi
1538 2550 1646 2622 posset
1664 2563 1730 2608 non
1751 2545 1794 2610 ad

471 2635 635 2698 hominum
662 2642 861 2719 apparatum,
894 2635 950 2698 sed
979 2637 1018 2698 ad
1047 2632 1232 2718 amplissimi
1261 2632 1369 2714 templi
1397 2641 1541 2697 ornatum
1568 2655 1638 2700 esse
1662 2637 1794 2702 iactum.

473 2728 552 2791 Cum
573 2731 648 2792 satis
670 2730 732 2792 iam
754 2730 953 2813 perspexisse
974 2729 1145 2802 videretur,
1168 2727 1279 2790 tollere
1294 2727 1467 2809 incipiunt,
1488 2736 1523 2793 ut
1538 2729 1699 2794 referrent.
1729 2733 1794 2796 lete

471 2823 517 2886 ait
538 2842 571 2885 se
594 2824 675 2886 velle
695 2824 774 2887 illud
797 2824 891 2887 etiam
913 2831 1008 2908 atque
1032 2823 1125 2886 etiam
1149 2820 1364 2897 considerare3
1386 2842 1587 2908 nequaquam
1609 2845 1643 2888 se
1658 2845 1728 2890 esse
1743 2847 1796 2891 sa·

471 2918 604 2981 tiatum:
637 2919 724 2982 iuhet
750 2918 823 2981 illos
853 2918 1017 2982 discedere
1045 2926 1077 2980 et
1106 2913 1327 2978 caudelabrum
1348 2915 1539 3000 relinquere.
1584 2918 1635 2982 Sic
1656 2919 1703 2982 illi
1725 2928 1794 2984 tum

436 3013 583 3076 tiiuaues
604 3012 644 3076 ad
660 3012 850 3076 Antiochum
872 3018 1082 3075 revertuntur.
1121 3008 1240 3071 XXIX.
1261 3005 1311 3069 06.
1333 3009 1402 3071 Rex
1423 3010 1523 3093 primo
1545 3012 1625 3075 nihil
1640 3023 1794 3090 metuere,

473 3106 551 3171 nihil
573 3106 737 3189 suspicari.
778 3106 854 3168 Dies
877 3125 975 3179 unus,
1004 3104 1099 3178 alter,
1127 3104 1250 3188 plures:
1280 3123 1345 3165 uon
1366 3103 1487 3167 referri.
1530 3106 1610 3168 l'um
1631 3107 1742 3182 mittit,
1765 3109 1794 3171 si

473 3198 634 3273 videatur,
656 3207 691 3264 ut
711 3199 833 3263 reddat.
865 3201 955 3264 lubet
969 3199 1028 3262 iste
1043 3200 1199 3282 posterius
1215 3197 1254 3259 ad
1269 3216 1303 3258 se
1318 3198 1442 3260 reverti.
1469 3198 1584 3261 hlirum
1604 3198 1651 3262 illi
1672 3200 1793 3263 videri:

473 3293 569 3359 mittit
589 3293 713 3357 iterum.
747 3297 816 3359 Non
838 3296 990 3359 redditur.
1033 3295 1106 3377 lpse
1127 3291 1288 3356 hominem
1308 3290 1463 3373 appellat:
1485 3299 1591 3374 rogat,
1614 3299 1650 3355 ut
1671 3292 1793 3356 reddat.

475 3389 518 3452 Os
545 3388 682 3452 hominis
709 3389 929 3474 insignemque
960 3387 1189 3473 impudentiam
1210 3385 1403 3467 cognoscite.
1447 3383 1542 3459 Quod
1564 3387 1673 3463 sciret,
1705 3386 1794 3472 quod

435 3491 515 3546 toex
542 3485 611 3565 ipso
639 3503 713 3566 rege
742 3484 882 3548 audisset
909 3485 942 3547 iu
965 3482 1120 3565 Capitolio
1145 3499 1214 3542 esse
1241 3479 1436 3564 ponendum,
1468 3479 1555 3562 quod
1577 3480 1643 3542 lovi
1666 3480 1793 3565 Optimo

474 3578 629 3654 ldaximo,
660 3579 745 3661 quod
767 3579 886 3662 populo
907 3581 1048 3642 Romano
1071 3576 1189 3641 servari
1211 3574 1349 3647 videret,
1380 3573 1413 3635 id
1435 3573 1494 3636 sihi
1516 3581 1552 3636 ut
1573 3574 1721 3648 donaret,
1741 3594 1795 3637 ro-

474 3694 547 3756 gare
580 3682 612 3736 et
642 3673 916 3737 vehementissime
946 3683 1053 3757 petere
1083 3671 1198 3754 coepit.
1249 3667 1326 3730 Cum
1351 3666 1405 3730 ille
1427 3688 1461 3730 se
1484 3675 1515 3729 et
1534 3666 1688 3750 religione
1710 3669 1794 3732 lovis

476 3767 642 3851 Capitolini
673 3775 704 3830 et
723 3767 888 3831 hominum
910 3765 1144 3830 existimatione
1165 3762 1309 3848 impediri
1332 3762 1465 3836 diceret,
1494 3761 1578 3846 quod
1600 3763 1718 3827 multae
1738 3783 1795 3826 na·

473 3863 577 3925 tiones
606 3869 701 3925 testes
730 3869 836 3925 essent
862 3862 947 3924 illius
970 3860 1073 3944 operis
1105 3877 1142 3921 ac
1164 3858 1321 3931 muneris,
1351 3858 1410 3919 iste
1431 3857 1553 3919 homini
1574 3858 1686 3921 minari
1708 3878 1796 3922 accr-

437 3957 552 4020 ³⁵rime
574 3957 688 4040 coepit.
722 3956 780 4019 Uhi
803 3956 890 4019 videt
910 3973 983 4018 cum
1004 3951 1104 4016 nihilo
1126 3955 1226 4035 magis
1247 3953 1341 4017 minis
1357 3971 1451 4035 quam
1469 3951 1616 4035 precihus
1630 3953 1795 4028 removeri,

540 4304 563 4351 4.
585 4302 694 4350 modurn
719 4298 855 4362 RlEGt,
877 4300 942 4348 Nou.
961 4312 987 4363 p.
1006 4299 1079 4349 aaa:
1108 4312 1236 4362 uunquam
1257 4299 1294 4348 Ga
1311 4297 1374 4356 Ld.;
1401 4297 1510 4347 oondatm
1531 4298 1607 4347 etiam
1626 4297 1690 4349 dett.
1714 4298 1743 4348 0.
1765 4324 1793 4335 -

473 4379 497 4428 3.
521 4382 656 4440 potuerunt
676 4389 728 4427 om.
753 4375 833 4434 dett.;
858 4375 989 4424 voluerum
1013 4377 1079 4425 Nou.
1102 4374 1119 4426 l.
1139 4374 1156 4425 l.
1183 4403 1210 4411 -
1235 4374 1259 4425 3.
1283 4375 1347 4424 loeis
1367 4373 1744 4438 circumamictis.
1765 4402 1794 4410 —

474 4453 498 4504 8.
517 4466 547 4501 oc
564 4451 658 4502 utica
675 4450 722 4500 Ld.
742 4451 756 4500 6
773 4452 866 4513 lagg:
885 4455 959 4512 atque
976 4451 1008 4500 Gt
1024 4448 1177 4512 1349450.
1193 4476 1220 4486 -
1240 4450 1366 4513 adferrent
1383 4450 1412 4499 lt.
1433 4475 1461 4485 ·-
1480 4450 1504 4498 9.
1523 4451 1594 4498 cums
1609 4451 1638 4500 lt.
1653 4476 1678 4486 -
1699 4451 1795 4512 idltE,

474 4531 568 4593 lagg:
589 4540 642 4577 om.
661 4523 733 4576 lca.
754 4552 781 4560 -
807 4527 846 4575 40.
862 4526 1036 4587 praeciperent
1052 4526 1105 4576 RE
1121 4524 1168 4575 Ld.
1187 4525 1273 4588 Lgttz
1295 4526 1448 4588 perciperent
1464 4521 1521 4574 rell.
1540 4525 1573 4586 0,
1594 4527 1623 4574 ut
1639 4525 1708 4576 Orat.
1727 4525 1751 4588 S.
1770 4525 1795 4576 8.

476 4631 503 4640 -
523 4605 563 4654 ta.
581 4604 619 4653 uti
636 4604 670 4652 ad
685 4615 710 4652 se
726 4604 804 4665 lagg.
823 4603 931 4666 praeter
946 4600 987 4652 29.
1003 4627 1030 4636 —
1049 4599 1090 4651 ti.
1109 4613 1158 4650 csse
1173 4604 1197 4650 et
1213 4601 1232 4649 lt
1249 4612 1288 4665 pr.
1308 4613 1344 4649 m.
1362 4625 1389 4635 -
1407 4598 1495 4678 religio
1512 4599 1551 4648 stc
1568 4600 1603 4659 lt,
1624 4598 1695 4663 quod
1713 4603 1798 4650 muta·

474 4699 512 4749 vit
527 4710 582 4748 sec.
601 4709 695 4747 manus
712 4697 737 4746 iu
754 4696 883 4759 reiipioso,
902 4699 931 4745 ut
948 4696 989 4745 est
1005 4695 1031 4743 in
1049 4693 1101 4754 Ga,
1119 4692 1175 4744 nt.
1196 4718 1223 4730 -
1252 4695 1292 4743 45.
1310 4694 1336 4742 id
1353 4706 1405 4742 om.
1424 4694 1502 4755 lagg.
1523 4719 1550 4728 -
1569 4693 1610 4743 46.
1627 4694 1672 4743 iste
1687 4693 1799 4746 clamore

475 4773 539 4824 dett.
558 4773 587 4822 0.
608 4799 635 4809 -
655 4771 695 4821 49.
714 4775 736 4821 et
749 4771 866 4833 plurimis
882 4770 951 4834 Lgtt
969 4773 995 4819 et
1012 4767 1089 4819 tratti.
1106 4796 1133 4805 -
1151 4770 1192 4819 20.
1208 4769 1285 4832 possit
1301 4767 1378 4830 ngas.
1394 4795 1421 4802 -
1439 4768 1480 4816 at.
1499 4767 1651 4829 odpcrctreu
1667 4771 1695 4820 li.
1711 4798 1738 4807 -
1757 4773 1799 4821 sed

474 4848 516 4913 cd]
533 4849 568 4897 aa
583 4860 637 4897 om.
656 4846 733 4910 Lgit.
753 4845 794 4910 [ct.
814 4861 837 4896 c.
856 4848 896 4896 37.
916 4846 961 4909 in]
986 4871 1015 4882 -
1040 4849 1159 4893 cremum
1178 4843 1227 4904 113,
1246 4844 1266 4893 E
1292 4840 1376 4906 (prob.
1395 4841 1480 4891 ltladv.
1499 4855 1526 4905 p.
1545 4841 1599 4903 701:
1625 4850 1799 4896 mommsen

475 4922 538 4973 dett.
553 4923 582 4982 0,
600 4920 676 4985 prob.
690 4921 752 4971 Balr.
771 4934 797 4985 p.
811 4922 838 4972 at
852 4933 892 4984 sq.
909 4947 936 4956 -
949 4921 989 4970 tt.
1002 4932 1059 4969 euro
1069 4920 1119 4980 lii,
1138 4922 1157 4970 C
1170 4921 1190 4970 E
1202 4918 1235 4968 λι
1253 4920 1319 4981 quod
1334 4931 1391 4967 arm
1407 4917 1471 4968 dett.
1486 4919 1514 4968 0.
1530 4945 1557 4954 -
1571 4916 1611 4968 at.
1630 4923 1653 4968 et
1668 4918 1750 4970 hahet
1766 4921 1797 4971 ll.

476 4999 559 5061 (error
576 4999 618 5047 est
633 4997 660 5046 tu
676 4994 762 5046 collat.
776 4996 918 5046 Hauniensi
934 5008 961 5059 p.
975 4994 1041 5057 tta.)
1061 5021 1088 5028 -
1108 4994 1168 5059 aim]
1186 5001 1239 5044 tam
1255 4994 1304 5054 liti,
1323 4999 1381 5042 tuuc
1399 4992 1476 5057 Lgli.
1491 5020 1518 5029 -
1537 4993 1577 5042 26.
1597 4993 1648 5042 dics
1662 5007 1729 5043 curu
1744 4998 1796 5044 cet.

475 5071 514 5123 ci.
532 5070 646 5123 similem
662 5069 752 5121 locum
769 5069 841 5121 Plinii
858 5071 937 5134 Epist.
956 5069 976 5118 l.
995 5069 1046 5129 ⁴2,
1065 5081 1145 5131 quem
1163 5071 1250 5119 Garat.
1268 5070 1293 5118 2.
1313 5069 1462 5133 adscripsit.
1482 5096 1509 5106 -
1528 5069 1593 5120 alter
1608 5083 1661 5121 om.
1680 5071 1757 5133 ngat.
1768 5097 1797 5107 -

473 5148 550 5198 rediit
564 5160 613 5196 ree
629 5147 664 5196 cd
679 5148 754 5197 utum
769 5148 791 5197 33·
806 5146 852 5196 siti
866 5147 982 5195 videnter
997 5146 1075 5207 Lagg.
1095 5143 1152 5207 (sed
1163 5143 1195 5194 29
1207 5157 1260 5193 om.
1274 5144 1342 5206 ribi),
1362 5144 1391 5193 0.
1414 5144 1453 5195 ct.
1466 5144 1552 5196 Madv.
1565 5158 1591 5210 p.
1604 5145 1644 5196 30.
1659 5171 1688 5182 -
1706 5145 1748 5194 29.
1760 5146 1800 5193 io·

472 5223 535 5285 pud.
548 5224 577 5273 lt.
598 5248 625 5257 -
644 5225 711 5284 qood
727 5237 759 5274 ee
776 5222 858 5273 aaa:
876 5223 988 5285 quodque
1003 5234 1036 5272 ce
1052 5222 1117 5273 dett.
1130 5224 1158 5273 0.
1175 5250 1202 5260 —
1221 5223 1261 5273 ³2.
1279 5222 1309 5287 et]
1326 5228 1354 5273 att
1370 5223 1415 5273 tta.
1430 5251 1458 5262 -
1475 5224 1627 5275 vehentmter
1643 5220 1708 5272 dett.
1721 5220 1751 5270 0.
1768 5247 1795 5258 -

476 5297 517 5350 30.
532 5296 665 5364 praecitur
679 5299 709 5352 a.
729 5325 757 5336 -
774 5298 896 5350 reuereri
911 5296 960 5361 93,
977 5294 1008 5348 l:
1023 5298 1165 5364 permoveri
1180 5296 1258 5362 Eli),
1277 5297 1342 5350 dett.
1360 5298 1390 5350 0.
