4367 6109
746 583 1045 649 omnm-xiv.
1072 578 1297 667 seor-ao.
1626 573 1689 640 cro

370 751 422 817 33.
449 754 634 837 Perspicite,
665 761 781 835 quanta
808 758 948 835 potestas
975 752 1187 837 permittatur:
1219 772 1283 815 non
1304 751 1495 834 privatorum
1516 749 1688 820 insaniam,

368 849 425 912 sed
446 846 680 910 intolerantiam
702 865 810 928 regum
833 867 902 910 esse
925 846 1044 911 dicetis.
1087 846 1226 909 Primum
1247 844 1435 929 permittitur
1455 843 1579 906 infinita
1599 848 1688 923 pote-

367 949 434 1005 stas
455 941 693 1004 innumerabilis
707 941 862 1023 pecuniae
876 938 1088 1004 conficiendae
1103 939 1143 1003 de
1157 940 1269 1004 vestris
1283 938 1491 1021 vectigalibus
1505 957 1568 999 non
1581 934 1689 998 {ruen-

368 1035 435 1111 dis,
463 1035 519 1098 sed
549 1035 743 1110 alienandis:
771 1034 886 1098 deinde
916 1036 1001 1098 orbis
1028 1043 1180 1097 terrarum
1210 1035 1414 1116 gentiumque
1435 1032 1575 1094 omnium
1597 1030 1690 1092 datur

367 1131 507 1215 cognitio
531 1130 599 1193 sine
621 1128 773 1202 consilio,
803 1148 907 1212 poena
927 1131 996 1192 sine
1024 1128 1264 1211 provocatione,
1292 1125 1522 1191 animadversio
1544 1123 1613 1187 sine
1633 1141 1712 1187 ans

367 1224 457 1288 xiiio.
500 1218 551 1284 3i.
573 1221 715 1284 ludicare
745 1241 803 1304 per
830 1222 1081 1305 quinquennium
1109 1219 1159 1282 vel
1186 1221 1225 1283 de
1252 1219 1436 1283 consulibus
1464 1218 1513 1281 rel
1543 1216 1582 1278 de
1610 1215 1690 1298 ipsis

367 1316 501 1380 tribunis
522 1315 624 1398 plebis
646 1323 810 1396 poterunt:
833 1313 873 1377 de
894 1314 959 1377 illis
981 1314 1101 1376 interea
1122 1333 1215 1375 nemo
1237 1313 1399 1377 iudicabit.
1431 1313 1629 1394 Magistratus
1650 1309 1689 1370 iis

366 1419 475 1491 potere
495 1409 620 1487 licebit,
642 1427 768 1471 causam
790 1408 895 1471 dicere
917 1429 979 1472 non
1002 1406 1125 1482 licebit:
1148 1425 1253 1469 emere
1275 1426 1384 1490 agros,
1406 1427 1425 1470 a
1446 1405 1561 1489 quibus
1582 1402 1690 1464 volent

367 1509 400 1565 et
422 1523 501 1586 quos
523 1502 650 1575 volent,
673 1521 768 1585 quam
783 1502 893 1565 volent
913 1521 1043 1585 magno,
1065 1508 1230 1583 poterunt:
1253 1500 1394 1563 colonias
1409 1499 1566 1563 deducere
1581 1513 1689 1567 noras,

365 1616 519 1660 renovare
539 1603 678 1670 veteres,
707 1603 805 1657 totam
830 1596 952 1659 ltaliam
974 1597 1038 1659 suis
1060 1594 1181 1658 colonis
1203 1601 1240 1656 ut
1260 1593 1419 1676 complere
1441 1593 1536 1656 liceat
1562 1589 1727 1674 permit-ro

366 1690 459 1765 titur:
482 1710 590 1753 omnes
613 1689 793 1772 provincias
815 1689 969 1765 obeundi,
990 1690 1105 1752 liberos
1127 1686 1263 1771 populos
1285 1687 1368 1769 agris
1383 1685 1555 1758 multandi,
1576 1701 1690 1765 regno·

366 1803 436 1845 rum
464 1781 638 1846 dandorum
668 1802 790 1845 summa
818 1791 958 1866 potestas
979 1783 1086 1856 datur,
1120 1802 1191 1844 cum
1213 1781 1328 1856 veiint:
1360 1781 1478 1843 Romae
1500 1797 1586 1852 esse,
1619 1796 1689 1839 cum

367 1874 566 1940 commodum
589 1876 646 1950 sit,
668 1893 868 1959 quacumque
890 1876 990 1939 velint
1011 1895 1133 1939 summo
1156 1895 1227 1938 oum
1242 1873 1374 1957 imperio
1389 1873 1572 1957 iudicioque
1585 1890 1690 1934 rerum

366 1970 508 2033 omnium
528 1971 634 2052 vagari
657 1977 693 2031 ut
717 1968 812 2032 liceat
842 1969 1042 2032 conceditur:
1071 1970 1193 2031 interea
1216 1967 1390 2031 dissolvant
1409 1967 1527 2029 iudicia
1548 1965 1690 2050 publica,

367 2082 384 2126 e
412 2062 554 2126 consiliis
583 2062 741 2125 abducant
767 2082 847 2147 quos
875 2063 995 2137 velint,
1028 2062 1145 2144 singuli
1174 2062 1213 2124 de
1244 2061 1390 2124 maximis
1414 2059 1510 2122 rebus
1531 2058 1727 2129 iudicemus

367 2157 525 2241 quaestori
546 2157 745 2241 permittant,
768 2155 925 2219 finitorem
948 2159 1090 2230 mittant,
1113 2164 1215 2219 ratum
1236 2156 1296 2229 sit,
1318 2155 1403 2238 quod
1425 2155 1534 2217 finitor
1555 2150 1610 2213 uni
1632 2149 1690 2223 illi,

365 2267 468 2330 aquo
491 2247 605 2314 missus
628 2252 705 2325 erit,
733 2253 972 2316 renuntiaverit.
1016 2253 1100 2314 XIV.
1122 2247 1173 2312 35.
1196 2250 1334 2311 Verbum
1357 2248 1433 2310 mibi
1456 2245 1561 2319 deest,
1583 2241 1691 2318 Quiri·

365 2350 428 2416 tes,
458 2360 531 2404 oum
558 2363 617 2426 ego
640 2345 721 2408 banc
751 2353 939 2428 potestatem
961 2348 1080 2429 regiam
1104 2342 1250 2428 appello,
1280 2342 1335 2406 sed
1356 2342 1499 2425 profecto
1520 2337 1622 2401 maior
1643 2343 1692 2398 est

365 2435 530 2520 quaedam.
564 2438 692 2501 Nullum
707 2441 792 2503 enim
806 2459 937 2523 regnum
952 2440 1012 2503 fuit
1026 2458 1187 2523 umquam,
1210 2437 1297 2520 quod
1312 2458 1376 2500 non
1390 2456 1435 2510 se,
1457 2435 1484 2498 si
1499 2432 1603 2495 minus
1622 2430 1690 2492 iure

364 2529 485 2612 aliquo,
518 2538 551 2593 at
583 2531 765 2613 regionibus
794 2538 899 2595 tamen
928 2534 1022 2596 certis
1044 2533 1230 2596 contineret
1268 2531 1337 2594 Hoc
1358 2551 1433 2594 vero
1454 2525 1610 2594 infinitum
1632 2531 1727 2599 estse

365 2644 428 2708 quo
451 2631 482 2686 et
503 2643 600 2707 regna
622 2626 726 2688 omnia
749 2636 780 2688 et
802 2634 940 2691 vestrum
962 2627 1147 2710 imperinm,
1174 2627 1261 2710 quod
1289 2625 1441 2689 latissime
1462 2627 1564 2709 patet,
1590 2628 1622 2682 ct
1642 2639 1690 2693 ea,

364 2737 446 2800 quae
467 2717 582 2800 partim
603 2718 703 2782 libera
724 2739 744 2782 a
765 2720 873 2795 vobis,
894 2721 1007 2805 partim
1029 2721 1123 2784 etiam
1145 2719 1289 2802 ignorata
1309 2718 1401 2782 vobis
1422 2725 1513 2792 sunt,
1534 2715 1690 2801 permissu

363 2811 441 2894 legis
466 2812 678 2874 continentur.

447 2906 548 2968 Datur
578 2907 673 2989 igitur
701 2909 746 2971 eis
775 2908 928 2991 primum,
960 2916 996 2971 ut
1021 2907 1116 2972 liceat
1137 2927 1175 2972 ea
1195 2909 1334 2973 vendere
1357 2907 1479 2982 omnia,
1512 2905 1552 2969 de
1574 2905 1689 2990 quibus

364 2999 540 3063 vendendis
562 3009 690 3065 senatus
713 3003 857 3065 consulta
878 3001 962 3065 facta
983 3010 1057 3065 sunt
1077 3004 1119 3066 Μ.
1139 3003 1243 3066 Tullio
1266 3003 1321 3066 Cn.
1338 3002 1484 3068 Cornelio
1507 2998 1727 3064 consulibussa

363 3101 418 3156 aut
439 3101 559 3176 postea.
602 3091 653 3156 36.
677 3096 740 3159 Cur
761 3096 822 3160 boc
844 3105 893 3159 est
915 3101 978 3158 tam
1001 3095 1171 3159 obscurum
1193 3104 1289 3181 atque
1311 3098 1465 3161 caecum?
1493 3092 1601 3171 Quid?
1629 3093 1689 3156 ista

363 3187 485 3260 omnia,
515 3187 554 3250 de
583 3188 701 3272 quibus
730 3196 859 3253 senatus
889 3190 1026 3264 censuit,
1057 3190 1243 3254 nominatim
1264 3191 1299 3253 in
1320 3191 1390 3274 lege
1410 3188 1561 3274 perscribi
1584 3205 1688 3251 nonne

361 3284 557 3363 potuerunt?
589 3281 678 3344 Duae
701 3292 774 3345 snut
794 3282 891 3347 huius
905 3284 1106 3347 obscuritatis
1130 3303 1261 3360 causae,
1284 3284 1440 3361 Quirites:
1462 3303 1526 3346 una
1547 3280 1688 3364 pudoris,

362 3374 388 3436 si
412 3373 484 3455 quis
505 3374 608 3456 pudor
629 3395 699 3439 esse
716 3383 821 3459 potest
835 3378 868 3441 in
884 3384 948 3441 tam
963 3378 1081 3461 insigni
1096 3378 1309 3461 impudentia,
1331 3380 1431 3442 altera
1445 3377 1582 3441 sceleris.
1610 3379 1688 3438 Nam

361 3486 467 3549 neque
495 3487 548 3541 ea,
578 3488 659 3551 quae
682 3478 811 3534 senatus
833 3471 1020 3536 nominatim
1042 3471 1209 3535 vendenda
1231 3473 1369 3547 censuit,
1398 3473 1493 3535 audet
1514 3469 1726 3554 appellarem

361 3568 436 3623 sunt
457 3561 542 3623 enim
563 3561 633 3624 loca
654 3563 779 3647 publica
800 3566 905 3639 urbis,
935 3573 1009 3629 sunt
1030 3565 1162 3640 sacella,
1194 3585 1276 3650 qnae
1298 3574 1371 3649 post
1392 3566 1569 3630 restitutam
1591 3564 1689 3627 tribu-

360 3654 475 3716 niciam
499 3661 685 3736 potestatem
715 3676 808 3722 nemo
825 3659 943 3741 attigit,
970 3679 1053 3743 quae
1080 3660 1212 3724 maiores
1252 3661 1284 3722 in
1310 3661 1389 3724 urbe
1414 3661 1528 3744 partim
1554 3657 1689 3743 periculi

358 3747 506 3831 perfugia
529 3768 598 3811 esse
619 3749 798 3813 voluerunt
841 3751 928 3815 Haec
949 3753 1019 3835 lege
1042 3753 1208 3816 tribunicia
1230 3754 1400 3818 decemviri
1421 3754 1569 3818 vendent
1591 3754 1688 3815 Acoe-

359 3843 414 3905 det
436 3862 474 3905 eo
497 3862 587 3905 mons
609 3843 750 3920 Gaurus:
777 3845 927 3909 accedent
956 3847 1068 3910 salicta
1098 3845 1137 3909 ad
1159 3848 1350 3923 Minturnas:
1381 3846 1570 3930 adiungetur
1591 3846 1687 3909 etiam

357 3936 487 4014 illaria
509 3936 677 4001 vendibilis
699 3938 913 4014 Herculanea,
935 3940 1105 4003 muitarum
1128 3939 1312 4004 deliciarum
1327 3948 1359 4004 et
1375 3960 1507 4024 maguae
1520 3940 1724 4024 pecuniae‚³a

363 4079 511 4093 —

424 4162 449 4211 2.
468 4161 535 4224 repis
551 4174 614 4212 cum
630 4161 673 4211 cd.
693 4161 868 4212 Cratandrina
884 4160 911 4217 9.
933 4188 960 4199 -
985 4175 1034 4214 eisc
1051 4175 1105 4214 om.
1124 4164 1153 4214 E.
1175 4190 1202 4200 -
1226 4162 1252 4214 i.
1269 4163 1356 4214 deindo
1372 4164 1402 4214 dc
1417 4162 1484 4213 orbis
1499 4165 1532 4225 F:
1555 4164 1642 4215 deinde
1657 4164 1688 4214 dc

350 4235 417 4286 orbs
433 4236 462 4286 E.
483 4261 510 4270 -
530 4235 554 4285 7.
573 4237 604 4285 iis
619 4237 651 4286 P:
670 4236 692 4284 i:
708 4237 738 4296 F:
762 4237 800 4286 bia
816 4234 959 4289 nasio.
980 4266 1007 4275 —
1026 4240 1050 4290 8.
1067 4244 1152 4302 petere
1168 4239 1260 4290 EFA:
1278 4253 1365 4304 perere
1381 4252 1443 4290 cum
1460 4238 1503 4289 ed.
1522 4240 1686 4303 Hcrvagiana

347 4308 441 4361 Leo.
466 4309 505 4360 Cf.
524 4309 548 4373 5.
567 4309 608 4360 99.
629 4337 656 4347 -
683 4309 708 4360 9.
727 4315 750 4360 ci
770 4311 804 4362 E:
826 4316 854 4361 ut
877 4313 911 4372 F:
934 4313 973 4363 uei
988 4311 1109 4374 ibbo:
1132 4326 1186 4364 om.
1205 4313 1386 4365 Lauredanus.
1403 4341 1438 4351 -
1454 4315 1495 4365 40.
1512 4316 1605 4366 ociosus
1620 4317 1687 4366 Tur-

343 4381 421 4435 nebi
438 4382 506 4433 liber
522 4387 613 4434 vetus:
634 4384 736 4434 coloniis
752 4384 893 4441 EFAIAE.
913 4413 940 4423 -
968 4389 1009 4438 44.
1027 4391 1107 4440 mucis
1123 4391 1152 4440 E.
1172 4416 1199 4425 -
1221 4403 1358 4454 rocconem
1379 4391 1523 4441 modom
1538 4391 1573 4442 E:
1598 4404 1687 4455 repca

334 4458 626 4510 nosocomiorum
643 4460 762 4516 raas:
780 4463 1155 4524 aerumnosissimo&
1173 4462 1687 4529 ripnomceicoiaoruuooioipioi-

327 4534 448 4587 &nco
464 4534 606 4593 Graevius:
624 4546 759 4598 manorum
774 4535 813 4586 cei
828 4537 969 4588 drumm
984 4540 1023 4589 cci
1037 4541 1227 4591 adimendam
1248 4554 1310 4592 cum
1326 4542 1447 4592 Ernestio
1464 4543 1493 4591 0.
1508 4567 1536 4576 —
1555 4540 1595 4591 43.
1614 4554 1688 4602 φωσ-

315 4620 462 4677 qunque
477 4607 534 4658 EF.
549 4633 576 4642 -
595 4622 682 4658 rerum
698 4610 907 4661 mnniomEFT:
925 4614 1037 4664 omnium
1051 4629 1139 4666 renen
1154 4615 1267 4668 4430.
1282 4642 1310 4652 -
1331 4618 1370 4666 iii.
1389 4629 1402 4665 e
1418 4616 1508 4667 EFP:
1526 4616 1556 4666 dc
1571 4612 1684 4667 4430.

393 4682 446 4734 43.
466 4682 602 4744 quaraiion'
618 4683 646 4732 T.
661 4710 688 4719 -
707 4685 790 4734 mittut
801 4686 829 4735 T.
845 4712 871 4723 -
891 4686 936 4754 iiii]
953 4689 999 4738 iiiii
1011 4689 1039 4739 E.
1055 4717 1083 4726 -
1104 4691 1145 4740 ta.
1162 4691 1224 4740 mibi
1239 4705 1289 4741 ooo
1305 4692 1369 4741 docet
1380 4689 1515 4742 Gebhardt
1526 4692 1556 4741 44.
1576 4704 1603 4754 p.
1616 4692 1631 4740 3
1643 4704 1683 4753 sq.

405 4757 446 4808 ⁴9.
467 4757 534 4820 quod
553 4771 603 4807 noo
623 4770 662 4818 sa,
688 4759 1000 4814 siminus--contincrei
1016 4777 1080 4815 nos:
1108 4768 1175 4828 quod
1191 4781 1241 4817 noc
1256 4780 1282 4817 :c
1301 4767 1574 4817 minam-contineret
1595 4767 1683 4824 sur:

426 4844 505 4893 noa,
522 4831 1026 4891 siminus··cooiiocreturAL20.-
1045 4839 1086 4890 si.
1105 4853 1136 4892 co
1152 4842 1242 4892 EFP:
1260 4839 1452 4893 343443ομ
1466 4843 1685 4893 ibscrtoiuscoa-

445 4919 473 4957 se
495 4906 537 4968 (ex
552 4919 574 4957 s.
586 4908 618 4970 c)
636 4908 720 4960 EFP.
740 4935 767 4945 -
786 4911 836 4960 rint
852 4911 996 4965 Ernestius.
1023 4914 1062 4966 ci.
1081 4929 1108 4979 p.
1121 4917 1178 4967 699.
1192 4931 1218 4968 v.
1231 4918 1256 4969 6.
1272 4944 1298 4955 -
1318 4931 1385 4968 com.
1401 4923 1488 4980 posteo
1503 4931 1550 4967 our
1565 4918 1683 4977 ΕΡΡΑς

457 4995 476 5029 r
494 4994 556 5033 cum
573 4981 617 5034 cd.
631 4985 732 5035 Iuntina
747 4985 802 5040 Li.
822 4987 979 5040 Emendavit
996 4990 1151 5041 Cratander.-
1170 4991 1209 5042 ct.
1222 5007 1249 5056 p.
1261 4993 1317 5043 699.
1331 5006 1356 5043 v.
1370 4994 1411 5043 49.
1425 5019 1452 5028 -
1471 4993 1512 5042 96.
1529 4997 1565 5042 esi
1579 4997 1633 5042 tom
1649 4994 1682 5042 E:

477 5055 620 5112 “444.30.
645 5086 672 5096 -·
694 5060 735 5112 38.
755 5062 863 5123 Quirites
878 5075 932 5114 om.
952 5065 978 5114 F.
999 5092 1026 5101 —
1049 5067 1090 5117 29.
1109 5067 1279 5128 imprudentia
1294 5068 1378 5118 EFP.
1399 5095 1426 5105 -
1451 5067 1492 5117 32.
1510 5068 1611 5131 uitiopii
1626 5068 1682 5118 EF.

537 5132 600 5185 urbe
623 5132 734 5186 lacunae
759 5137 865 5200 signum
890 5139 978 5201 posuit
998 5141 1098 5205 Ussing.
1124 5144 1157 5192 a:
1178 5141 1239 5192 vide
1257 5143 1426 5193 Garatonium
1442 5141 1476 5191 ad
1493 5141 1569 5192 verr.
1587 5140 1632 5192 lib.
1650 5143 1680 5191 11.

565 5210 603 5260 'tiu
614 5211 722 5338 w
733 5212 865 5278 persopic,
881 5215 978 5277 purtim
993 5215 1062 5266 arbi:
1077 5222 1226 5269 ommacio
1242 5230 1293 5269 esic
1306 5218 1334 5270 L.
1350 5243 1377 5255 ·-
1395 5216 1436 5269 34.
1454 5217 1538 5289 etima]
1555 5222 1579 5267 ct
1595 5218 1642 5268 EF
1650 5219 1678 5271 P.
