4367 6109
798 589 1085 656 oraru-xrs
1112 584 1340 672 §seo-so.
1667 582 1724 651 rer

415 761 538 827 insidiis
559 761 809 833 coniuratorum,
831 758 902 823 telis
925 759 1093 823 Catilinae:
1117 757 1156 822 nd
1178 777 1271 822 omne
1286 756 1424 841 denique
1446 754 1621 839 periculum
1635 767 1731 840 atque

416 857 454 920 ad
478 875 603 920 omnem
624 854 772 917 invidiam
795 853 882 917 solus
911 854 1091 936 opponitur.
1135 848 1186 914 88.
1209 850 1313 927 Quare
1337 848 1416 934 quid
1437 849 1642 916 inridendum
1663 852 1732 914 llu-

416 971 509 1014 renae
537 958 590 1013 aut
618 948 766 1031 cuiquam
788 955 929 1010 nostrum
951 947 993 1009 sit
1013 946 1047 1008 in
1067 945 1129 1009 boc
1151 945 1311 1029 praeclaro
1332 943 1515 1019 consulatu,
1543 966 1608 1010 non
1630 947 1731 1022 rideo,

416 1046 551 1107 iudices:
574 1061 654 1126 qnae
676 1061 752 1104 vero
775 1041 951 1104 miseranda
972 1049 1061 1113 sunt,
1084 1061 1122 1102 ea
1144 1038 1273 1103 etmihi
1295 1046 1368 1102 ante
1390 1037 1500 1102 oculos
1522 1049 1686 1104 versantur
1699 1049 1733 1104 et

415 1158 473 1200 vos
494 1137 601 1200 videre
623 1143 655 1199 et
675 1134 855 1217 perspicere
876 1134 1019 1216 potestis.
1062 1135 1144 1195 XLI.
1160 1132 1211 1206 Si,
1235 1132 1320 1214 quod
1336 1133 1476 1215 luppiter
1490 1153 1583 1198 omen
1598 1134 1757 1198 avertatis

414 1231 499 1294 huuc
521 1230 633 1292 vestris
655 1227 820 1291 sententiis
842 1224 1032 1300 afflixeritis,
1061 1247 1125 1310 quo
1148 1246 1181 1290 se
1204 1226 1300 1288 miser
1320 1230 1444 1289 vertet?
1473 1228 1666 1293 domumne‘t
1697 1239 1734 1294 ut

417 1344 485 1387 eam
513 1322 681 1405 imaginem
707 1321 872 1384 clarissimi
900 1320 975 1393 viri,
1008 1319 1148 1403 parentis
1177 1320 1243 1393 sui,
1274 1338 1368 1403 quern
1399 1321 1506 1403 paucis
1527 1330 1599 1385 ante
1621 1323 1733 1388 dicbus

415 1419 587 1480 laureatam
609 1419 642 1479 in
665 1433 722 1477 sua
742 1414 950 1496 gratulatione
972 1414 1152 1497 conspexit,
1181 1414 1313 1477 eandem
1337 1413 1540 1478 deformatam
1562 1414 1734 1498 ignominia

417 1512 639 1593 lugentemque
661 1509 789 1571 videnti
811 1527 852 1570 an
873 1508 913 1571 ad
937 1514 1083 1582 matrem,
1106 1527 1188 1590 quae
1205 1508 1335 1581 misera,
1357 1507 1452 1571 modo
1466 1510 1627 1574 consulem
1642 1532 1734 1577 oscu-

417 1604 480 1667 lata
501 1604 600 1666 filiurn
624 1623 733 1676 suurn,
756 1622 840 1664 nuuc
862 1603 1016 1664 cruciatur
1037 1609 1069 1663 et
1090 1601 1223 1664 sollicita
1244 1609 1310 1675 cst,
1332 1622 1372 1664 ne
1387 1602 1522 1666 eundem
1544 1604 1641 1686 paulo
1662 1617 1735 1689 post
1744 1614 1772 1661 ¹⁰

417 1698 586 1780 spoliatum
608 1695 692 1759 omni
716 1695 867 1777 dignitate
889 1695 1090 1777 conspiciat?
1133 1692 1184 1758 ss.
1207 1694 1269 1758 Sed
1293 1695 1370 1778 quid
1392 1716 1450 1779 ego
1466 1705 1596 1761 matrem
1610 1709 1665 1762 aut
1679 1700 1735 1764 do·

418 1813 500 1854 mum
530 1790 674 1873 appello,
703 1809 798 1873 quem
826 1808 907 1851 nova
935 1807 1038 1870 poena
1067 1789 1146 1870 legis
1168 1797 1199 1851 et
1220 1789 1313 1851 domo
1336 1796 1367 1852 et
1389 1798 1519 1874 parente
1540 1800 1572 1855 et
1593 1794 1733 1857 omnium

418 1905 545 1948 suorum
567 1882 793 1947 cousuetudine
816 1890 1051 1966 conspectuque
1072 1882 1200 1964 privat?
1227 1881 1290 1944 lbit
1310 1882 1405 1965 igitur
1426 1884 1604 1948 inexilium
1620 1886 1734 1950 misert

419 1979 513 2054 Quot
535 1975 575 2040 ad
597 1975 777 2039 Orientisne
799 1983 922 2057 partes,
944 1976 976 2037 in
998 1975 1116 2058 quibus
1136 1995 1237 2038 annos
1257 1975 1372 2039 multos
1387 1977 1508 2059 legatus
1522 1977 1584 2043 fuit
1598 1988 1631 2043 et
1645 2000 1736 2044 exer·

419 2073 499 2135 citus
527 2071 617 2135 duxit
645 2078 677 2133 et
705 2090 755 2133 res
783 2069 935 2132 maximas
962 2070 1081 2151 gessit?
1117 2070 1158 2131 At
1178 2069 1273 2132 babet
1294 2089 1441 2152 magnum
1464 2071 1621 2147 dolorem,
1652 2074 1775 2136 undere

419 2187 489 2228 cum
510 2164 630 2227 bonore
651 2164 840 2237 decesseris,
862 2162 974 2225 eodem
997 2183 1067 2225 curn
1089 2163 1262 2244 ignominia
1283 2165 1406 2227 reverti.
1432 2166 1481 2229 An
1502 2185 1537 2227 se
1558 2166 1592 2228 in
1613 2176 1737 2231 contra·

419 2262 496 2323 riam
517 2266 636 2343 partem
658 2264 811 2320 terrarum
833 2257 943 2328 abdet,
966 2262 1001 2318 ut
1014 2255 1116 2318 Gallia
1132 2256 1355 2338 Transalpina,
1378 2279 1472 2341 quem
1491 2278 1593 2342 nuper
1613 2281 1736 2325 summo

420 2374 490 2415 cnm
513 2352 645 2434 imperio
659 2350 865 2414 libentissime
879 2350 1008 2422 viderit,
1031 2349 1166 2412 eundern
1181 2350 1357 2432 lugentem,
1381 2359 1588 2426 maerentem,
1610 2353 1737 2418 exulem

421 2448 547 2509 videat?
580 2447 616 2507 ln
646 2466 682 2508 ea
711 2463 804 2528 porro
830 2444 991 2526 provincia
1014 2464 1077 2527 quo
1099 2444 1205 2507 animo
1228 2444 1261 2506 C.
1283 2445 1462 2521 Murenam,
1484 2446 1613 2512 fratrem
1635 2469 1737 2525 suum,

420 2539 576 2623 aspiciet?
599 2540 654 2622 qui
675 2538 770 2601 buius
792 2537 898 2611 dolor,
921 2538 974 2620 qui
997 2537 1082 2600 illius
1102 2557 1224 2600 maeror
1238 2539 1321 2601 erit?
1344 2559 1426 2622 quae
1440 2540 1605 2625 utriusque
1620 2543 1776 2607 lamen-ro

421 2634 519 2696 tatio?
548 2640 665 2715 quanta
692 2640 795 2694 autem
825 2631 1016 2713 perturbatio
1038 2631 1182 2694 fortunae
1203 2640 1299 2715 atque
1321 2635 1492 2709 sermonis,
1516 2636 1602 2718 quod
1624 2638 1739 2721 quibus

422 2729 455 2790 in
484 2727 561 2789 locis
582 2726 691 2809 paucis
712 2732 785 2788 ante
808 2724 918 2787 diebus
938 2725 1055 2787 factum
1078 2746 1148 2788 esse
1170 2727 1330 2790 consulem
1352 2729 1513 2790 Murenam
1535 2731 1636 2794 nuntii
1657 2732 1740 2797 litte·

421 2839 537 2902 raeque
566 2819 790 2893 celebrassent,
821 2826 853 2882 ct
879 2820 963 2882 unde
990 2818 1132 2902 hospites
1163 2828 1261 2903 atque
1283 2820 1376 2882 amici
1398 2822 1587 2902 gratulatum
1609 2826 1738 2891 Romam

421 2913 651 2987 concurrerint,
681 2921 811 2997 repente
841 2914 956 2976 existet
983 2914 1050 2995 ipse
1072 2914 1202 2977 nuntius
1224 2934 1300 2977 suae
1322 2914 1535 2978 calamitatis?
1577 2916 1628 2981 90.
1651 2920 1740 2997 Quae

421 3010 447 3071 si
470 3008 598 3082 acerba,
620 3007 647 3069 si
669 3008 796 3080 misera,
818 3007 844 3070 si
866 3007 1010 3071 luctuosa
1033 3015 1122 3082 sunt,
1145 3008 1171 3070 si
1194 3007 1426 3071 alienissimae
1448 3014 1689 3079 mansuetudine
1708 3024 1777 3079 etas

422 3101 635 3165 misericordia
656 3094 776 3176 restra,
798 3100 934 3175 iudices,
957 3108 1140 3165 conservate
1162 3102 1272 3185 populi
1295 3102 1427 3164 llomaui
1443 3100 1648 3184 beneficium,
1670 3109 1741 3172 red·

421 3194 485 3259 dite
507 3197 554 3260 rei
575 3194 720 3278 publicae
741 3194 923 3269 cousulem;
951 3196 1023 3258 date
1044 3195 1106 3258 boc
1127 3197 1228 3278 ipsius
1250 3195 1378 3278 pudori,
1407 3196 1480 3260 date
1501 3201 1582 3282 patri
1605 3210 1740 3278 mortuo,

421 3289 491 3352 date
523 3289 631 3371 generi
661 3297 692 3352 et
719 3289 874 3364 familiae,
904 3289 977 3353 date
1005 3289 1099 3352 etiam
1121 3290 1281 3365 Lanuvio,
1311 3291 1484 3375 municipio
1505 3293 1740 3371 honestissimo,

422 3382 507 3466 quod
535 3383 568 3444 in
597 3382 656 3445 hac
683 3402 777 3446 causa
800 3391 865 3446 tota
889 3382 1039 3467 frequens
1061 3391 1279 3467 maestumque
1302 3384 1435 3448 vidistis.
1478 3388 1583 3451 Nolite
1605 3409 1623 3452 a
1645 3391 1741 3454 sacris

420 3476 531 3558 patriis
553 3477 684 3539 lunonis
706 3478 866 3560 Sospitae,
889 3477 938 3540 cui
962 3498 1071 3541 omnes
1093 3477 1241 3541 consules
1262 3477 1366 3541 facere
1387 3499 1517 3543 necesse
1539 3491 1603 3558 est,
1633 3485 1779 3547 dome-ao

421 3572 533 3633 sticum
556 3580 587 3634 et
608 3592 699 3634 suurn
720 3571 882 3635 consulem
905 3572 1101 3654 potissimum
1123 3570 1269 3636 avellere.
1301 3571 1404 3648 Quem
1419 3594 1478 3657 ego
1492 3576 1599 3652 robis,
1622 3578 1741 3663 siquid

486 3938 510 3987 4.
528 3936 628 3987 introite
644 3938 730 3989 CllS.
751 3965 778 3974 -
804 3942 879 4000 otqoe
895 3951 991 3988 moero
1006 3939 1088 3991 44-
1112 3938 1402 4001 t.qoidom.tl,qoi
1418 3939 1487 4004 44ψ.
1508 3965 1536 3978 -
1561 3941 1586 3994 4.
1604 3949 1743 4000 moerenda

421 4013 450 4062 G.
472 4040 498 4047 —
517 4013 565 4063 rint
586 4027 612 4063 v.
629 4038 656 4048 -
674 4026 706 4063 eo
722 4025 776 4062 orn.
795 4014 824 4062 G.
842 4039 868 4049 -
894 4015 918 4062 5.
933 4013 1074 4075 perspicere
1096 4013 1163 4063 Ell:
1184 4013 1328 4076 prospicere
1344 4014 1399 4063 Gr.
1420 4038 1447 4050 -
1467 4014 1488 4063 si
1505 4017 1690 4082 qoodaqeod
1706 4023 1741 4082 Ε,

421 4088 524 4148 quodsi
540 4090 570 4137 G.
590 4114 616 4123 -
644 4089 754 4150 Iuppiter
771 4087 804 4137 E:
825 4087 920 4150 lupster
936 4088 1052 4139 Guov.
1073 4114 1100 4124 -
1128 4087 1152 4138 6.
1171 4089 1261 4152 addico.
1280 4088 1309 4137 G.
1330 4113 1357 4123 -
1373 4092 1488 4138 certatur
1503 4103 1529 4139 v.
1550 4118 1577 4129 -
1595 4098 1623 4142 ast
1640 4108 1692 4146 om.
1711 4099 1741 4159 (i,

422 4167 467 4211 out
483 4163 513 4212 C.
534 4189 561 4199 -
580 4164 604 4213 9.
623 4164 695 4212 modo
711 4175 760 4212 cor.
779 4163 891 4212 osculato
907 4163 947 4222 ll,
964 4163 1072 4212 modicos
1086 4162 1199 4213 exoleto
1215 4165 1244 4213 G.
1265 4189 1292 4199 -
1311 4162 1351 4213 40.
1369 4165 1497 4233 cruciatio
1512 4165 1545 4226 E,
1563 4180 1637 4220 cneco
1651 4173 1689 4232 44,
1716 4174 1743 4224 tn

422 4248 474 4299 quo
495 4235 591 4288 deinde
613 4250 656 4286 vr.
675 4242 697 4287 ct
719 4237 976 4299 comendandum
993 4237 1102 4299 desunt,
1125 4239 1174 4288 sed
1195 4240 1221 4289 in
1239 4251 1321 4301 marg.
1339 4250 1404 4289 vera
1420 4237 1498 4290 lectio
1515 4238 1565 4291 elia
1582 4256 1662 4296 manu
1678 4259 1744 4313 eup-

422 4308 490 4374 pleta
510 4315 558 4362 est.
578 4338 606 4349 -
622 4316 678 4373 post
691 4312 767 4373 poulo
784 4325 809 4360 v.
831 4335 858 4347 -
879 4312 918 4361 44.
937 4313 1037 4362 derisum
1053 4313 1150 4375 appello
1166 4315 1191 4363 tn
1209 4328 1252 4375 eo,
1271 4327 1343 4376 quern
1358 4313 1457 4365 malim.
1477 4342 1505 4353 -
1525 4318 1564 4367 44.
1582 4322 1703 4383 oppettsm
1712 4325 1742 4377 G.

426 4412 452 4421 -
473 4386 686 4449 qui--prr'ostrsr
702 4400 728 4435 v.
749 4414 776 4423 -
790 4399 873 4448 poeno
890 4398 943 4436 om.
963 4390 992 4436 G.
1013 4414 1039 4421 —
1059 4393 1083 4437 ct
1098 4388 1209 4437 orsesium
1225 4399 1278 4437 nm.
1298 4389 1328 4438 G.
1348 4415 1376 4425 -
1395 4388 1435 4438 43.
1453 4397 1583 4452 conspecto
1599 4408 1652 4447 om.
1671 4399 1701 4448 G.
1714 4425 1741 4435 -

422 4458 461 4510 44.
480 4461 514 4509 od
530 4474 584 4512 om.
603 4464 632 4512 G.
652 4488 679 4497 -
694 4462 779 4523 portis
795 4462 886 4511 EGM.
907 4488 934 4496 -
953 4462 1048 4526 legator
1064 4462 1092 4511 E.
1114 4489 1141 4499 -
1160 4463 1200 4512 445.
1219 4467 1242 4512 ct
1257 4474 1298 4512 res
1314 4462 1375 4524 Lag.
1394 4461 1435 4513 44.
1454 4464 1529 4513 etv:
1547 4472 1570 4517 ct
1587 4482 1640 4519 om.
1658 4470 1743 4524 EG!

422 4535 541 4594 Cllsx.
560 4538 637 4600 lagg.
656 4535 759 4600 reliqui.
784 4537 849 4587 ilinc
866 4536 926 4585 vido
943 4550 977 4586 ne
989 4534 1162 4587 scribendum
1173 4537 1223 4587 sit:
1241 4536 1269 4585 r'n
1284 4535 1373 4597 quom
1388 4550 1414 4586 o.
1431 4551 1466 4589 m.
1484 4538 1580 4602 motus
1593 4543 1655 4606 (uit,
1672 4559 1744 4597 m

421 4609 484 4658 citor
499 4611 586 4665 drmit.
603 4625 644 4661 res
658 4613 787 4661 mnetmm
801 4613 883 4676 gessit.
904 4640 931 4648 -
949 4625 1058 4676 mopsos
1073 4618 1109 4673 ψ.
1126 4640 1152 4647 -
1172 4616 1199 4661 ot
1214 4612 1278 4662 blv:
1297 4625 1328 4662 oc
1345 4612 1402 4662 EG.
1418 4638 1445 4648 -
1463 4627 1556 4678 mopso
1572 4617 1656 4669 dolore
1671 4622 1700 4671 G.
1714 4649 1740 4657 --

422 4684 462 4733 46.
480 4684 609 4735 decenno
625 4688 693 4748 Gal,
711 4688 799 4737 Parc:
826 4687 952 4738 decom
974 4688 1032 4748 Eu,
1054 4685 1151 4737 ler.
1177 4713 1203 4722 -
1231 4688 1272 4736 47.
1290 4686 1395 4737 obdetrsr
1410 4702 1436 4739 v.
1460 4715 1487 4725 -
1514 4690 1555 4740 49.
1574 4692 1612 4757 0.]
1631 4693 1648 4744 ἶ
1664 4696 1693 4747 G.
1713 4723 1740 4733 -

421 4759 462 4809 40.
481 4761 583 4823 emicet
598 4764 668 4813 mei:
687 4764 757 4825 odsp.
776 4764 805 4814 0.
827 4790 853 4798 -
873 4761 951 4826 dolor]
968 4763 1051 4812 nouos
1066 4762 1095 4811 E.
1116 4789 1143 4797 -
1164 4762 1205 4811 44.
1224 4768 1298 4825 atque
1313 4774 1367 4812 om.
1386 4763 1426 4824 44,
1445 4777 1476 4812 oc
1491 4777 1550 4828 sup.
1569 4765 1613 4819 lin.
1631 4782 1668 4820 m.
1686 4784 1742 4822 sec.

424 4861 450 4870 -
469 4836 509 4885 23.
527 4838 628 4899 sospites
643 4839 677 4889 44.
698 4862 725 4874 -
749 4836 789 4888 tl.
808 4842 984 4887 concurrerent
999 4838 1095 4901 sco.
1120 4864 1147 4873 -
1170 4837 1257 4887 mittet
1273 4835 1439 4888 Gulielmius:
1461 4839 1557 4889 wotos
1573 4843 1639 4903 mei,
1664 4845 1742 4909 lagg.

422 4922 530 4971 omnes,
549 4913 611 4973 CT,
629 4915 687 4963 Per.
700 4912 725 4964 l.
744 4913 773 4971 ⁷3
792 4911 913 4962 conciderit
929 4913 991 4972 tls,
1010 4913 1068 4961 Par.
1086 4911 1112 4961 8.
1131 4912 1166 4972 9.,
1184 4912 1210 4961 44
1227 4923 1264 4961 m.
1277 4924 1347 4971 sec.;
1366 4912 1489 4962 medeor
1504 4927 1537 4971 χ;
1556 4929 1584 4966 eo
1600 4919 1697 4969 secedet
1713 4920 1742 4982 L,

421 4997 450 5034 eo
470 4989 572 5038 ocoedot
592 4989 622 5039 0.
648 4989 677 5039 ln
698 4986 883 5038 emendatione
906 4990 1014 5052 recepto
1035 5000 1069 5037 ex
1090 4986 1272 5051 superioribus
1288 4988 1315 5038 to
1330 4988 1362 5037 iis
1377 4987 1437 5038 tocie
1452 4988 1627 5052 repetendum
1645 4994 1694 5041 est.
1714 5018 1741 5028 -

421 5060 473 5121 ipss
489 5075 542 5113 om.
561 5078 592 5123 χ,
609 5063 651 5112 s‘tte
667 5063 696 5113 C.
721 5090 749 5101 -
775 5075 841 5125 quoe
857 5073 910 5111 om.
928 5075 954 5112 v.
980 5088 1007 5098 -
1034 5062 1076 5113 444.
1095 5067 1152 5112 orat
1172 5075 1226 5113 om.
1245 5076 1274 5121 χ.
1299 5090 1326 5100 -
1352 5076 1370 5112 o
1386 5062 1422 5112 E:
1446 5074 1500 5113 om.
1519 5063 1693 5117 Gutlva.
1714 5093 1741 5104 -

422 5134 463 5186 46.
481 5149 629 5187 conseruare
644 5137 673 5188 li.
689 5165 715 5174 -
730 5150 791 5200 pop.
809 5136 849 5202 ll.]
863 5129 898 5199 pr
914 5140 943 5186 G.
959 5164 986 5174 -
1004 5137 1045 5186 28.
1063 5137 1177 5187 Loawio
1193 5138 1219 5188 ll
1235 5151 1272 5188 m.
1289 5150 1345 5203 pn:
1363 5137 1449 5187 imario
1465 5138 1500 5198 G,
1518 5138 1613 5189 hidrio
1629 5153 1654 5201 r,
1672 5141 1745 5193 losu-

422 5211 482 5261 so'no
498 5213 546 5264 EC
557 5213 640 5275 nso
656 5214 684 5262 et
699 5213 725 5263 44
742 5225 811 5262 corr.
830 5224 866 5262 m.
885 5224 940 5262 sec.
956 5240 982 5248 -
996 5212 1037 5262 29.
1055 5225 1136 5261 cosso
1151 5225 1206 5263 om.
1224 5213 1347 5272 EGCT;
1365 5211 1427 5263 edd.
1445 5211 1547 5263 hebent
1560 5215 1622 5279 post
1638 5219 1699 5267 toto.
1716 5242 1742 5253 -

423 5286 655 5347 totcomllsx.
682 5285 1162 5350 -30.potrtsCE.-1rcronis]ia
1176 5287 1284 5338 norb&
1299 5300 1326 5339 v.
