4367 6109
445 569 509 636 atto
860 575 1012 640 ORATIO
1033 576 1113 640 etto
1136 574 1170 638 G.
1191 573 1354 639 RABIRIO

449 746 607 810 numentis
628 752 722 829 atque
743 763 784 807 ox
806 764 914 827 regum
936 742 1169 805 commentariis
1190 744 1415 825 conquisierit,
1443 762 1503 825 ego
1526 743 1690 807 omnibus
1713 744 1796 806 meis

447 839 579 921 opibus,
611 838 756 902 omuibus
786 838 941 909 consiliis,
974 836 1121 898 omnibus
1149 835 1241 899 dictis
1269 845 1366 920 atque
1392 836 1484 899 sactis
1506 836 1734 920 repugnarim
1763 843 1795 897 et

448 931 615 994 restiterim
650 930 850 994 crudelitati?
882 930 943 992 nisi
975 928 1068 992 forte·
1088 929 1170 990 banc
1199 929 1414 994 conditionem
1444 930 1536 993 vobis
1567 949 1647 993 esse
1671 929 1793 1002 vultis,

449 1043 544 1107 quam
572 1023 671 1097 servi,
708 1024 734 1086 si
763 1022 917 1086 libertatis
947 1042 1035 1104 spem
1061 1022 1256 1105 propositam
1285 1042 1347 1085 uon
1372 1023 1543 1098 baberent,
1575 1024 1669 1087 ferre
1697 1024 1792 1086 nullo

425 1117 543 1180 amodo
564 1126 703 1200 possent.
737 1113 787 1179 46.
809 1118 925 1180 Misera
947 1125 995 1179 est
1015 1115 1188 1198 ignominia
1209 1116 1395 1179 iudiciorum
1417 1116 1643 1199 publicanam,
1668 1117 1792 1179 misera

449 1209 592 1273 multatio
613 1211 784 1286 bonorum,
807 1211 953 1274 miserum
976 1210 1137 1273 exsilium:
1160 1208 1215 1271 sed
1231 1216 1337 1271 tamen
1361 1210 1394 1271 in
1416 1209 1501 1272 omni
1523 1211 1717 1275 calamitate
1740 1231 1792 1273 re·

448 1305 567 1366 tinetur
597 1304 726 1387 aliquod
762 1304 927 1385 vestigium
957 1302 1121 1365 libertatis.
1164 1302 1249 1363 Mors
1281 1301 1419 1385 denique
1448 1304 1476 1364 si
1503 1306 1724 1386 proponitur,
1755 1305 1790 1366 in

449 1395 593 1459 libertate
619 1398 804 1472 moriamur;
833 1395 974 1459 carnifex
1002 1415 1077 1457 vero
1107 1402 1139 1457 el
1169 1394 1319 1457 obductio
1341 1395 1452 1477 capitis
1475 1402 1508 1458 et
1528 1416 1652 1459 nomen
1675 1397 1790 1479 ipsum

450 1489 552 1551 crucis
574 1490 656 1553 absit
676 1511 740 1554 nou
762 1492 857 1553 modo
880 1511 899 1565 a
920 1509 1050 1572 corpore
1072 1488 1190 1551 civium
1204 1489 1430 1562 Romanorum,
1453 1490 1634 1553 sedetiam
1657 1511 1678 1553 a
1696 1491 1790 1573 cogi·

412 1582 585 1657 tutatione,
608 1583 725 1658 oculis,
747 1585 886 1648 auribus.
929 1584 1047 1646 Harum
1070 1582 1155 1644 enim
1176 1582 1317 1644 omnium
1338 1602 1442 1644 rerum
1464 1602 1531 1648 non
1551 1583 1664 1646 solum
1687 1603 1790 1646 even·

449 1681 500 1737 tus
521 1683 618 1759 atque
640 1678 820 1760 perpessio,
842 1678 898 1741 sed
921 1676 1015 1740 etiam
1036 1675 1193 1746 conditio,
1215 1676 1431 1756 exspectatio,
1452 1676 1574 1738 mentio
1597 1675 1673 1758 ipsa
1694 1675 1791 1738 deni-

450 1789 512 1851 que
534 1769 661 1852 indigna
683 1772 750 1834 cive
773 1775 914 1835 Romano
936 1778 1032 1853 alque
1052 1769 1180 1831 bomine
1202 1767 1301 1830 libero
1325 1776 1383 1831 est.
1415 1770 1463 1831 An
1486 1788 1561 1832 vero
1583 1788 1705 1832 servos
1729 1789 1790 1832 no-

449 1870 531 1926 stros
552 1864 664 1927 boram
687 1866 913 1948 suppliciorum
936 1864 1075 1927 omuium
1105 1868 1190 1923 metu
1212 1860 1411 1923 dominorum
1431 1861 1614 1945 benignitas
1637 1862 1790 1927 vindicta

451 1974 513 2019 uua
534 1957 663 2020 liberati
684 1978 743 2022 nos
765 1978 784 2021 a
805 1958 1003 2032 verberibus,
1026 1957 1065 2019 ab
1086 1974 1184 2027 unco,
1206 1974 1225 2016 a
1246 1955 1347 2018 erucis
1368 1957 1506 2039 denique
1527 1963 1655 2020 terrore
1674 1975 1789 2039 neque

413 2070 441 2115 ts
451 2068 500 2112 res
522 2058 629 2131 gestae
652 2070 756 2134 neque
779 2059 847 2114 acta
861 2060 948 2115 aetas
964 2071 1068 2134 neque
1082 2049 1179 2112 vestri
1195 2049 1330 2111 bonores
1343 2039 1570 2112 vindicabant?
1603 2044 1658 2110 t7.
1675 2049 1789 2124 Quam

451 2142 491 2204 ob
514 2162 579 2205 rent
600 2143 701 2206 fateor
721 2152 817 2228 atque
840 2145 950 2217 etiam,
979 2144 1135 2217 Labiene,
1164 2142 1317 2226 profiteor
1338 2150 1370 2205 et
1397 2162 1471 2225 prae
1493 2162 1543 2204 me
1564 2142 1658 2216 lero,
1686 2151 1723 2205 te
1747 2162 1791 2205 ex

450 2235 506 2299 illa
528 2234 666 2312 crudeli,
688 2239 887 2320 importuna,
909 2257 974 2301 non
996 2237 1164 2300 tribunicia
1186 2236 1328 2310 actione,
1349 2237 1405 2298 sed
1427 2237 1512 2318 regia
1533 2254 1606 2298 meo
1631 2236 1790 2310 consilio,

451 2330 582 2404 virtute,
604 2332 790 2394 auctoritate
813 2352 881 2395 esse
904 2331 1080 2416 depulsum.
1115 2329 1186 2404 Qua
1207 2338 1240 2391 tu
1262 2330 1295 2391 in
1317 2331 1442 2392 actione
1457 2349 1655 2413 quamquam
1673 2330 1792 2392 omnia

450 2425 596 2505 exempla
624 2425 797 2499 maiorum,
826 2445 937 2489 omnes
966 2425 1070 2506 leges,
1099 2442 1223 2486 omnem
1249 2424 1466 2486 auctoritatem
1489 2430 1639 2498 senatus,
1669 2443 1790 2486 omnes

412 2514 616 2596 „religiones
645 2526 741 2601 atque
769 2519 978 2602 auspiciorum
1007 2517 1133 2600 publica
1153 2516 1222 2578 iura
1243 2516 1426 2597 neglexisti,
1454 2524 1560 2580 tamen
1580 2537 1602 2580 a
1623 2536 1681 2580 me
1702 2516 1791 2580 baec

449 2607 483 2670 in
504 2609 564 2672 boc
586 2618 650 2674 tam
672 2612 787 2695 exiguo
809 2633 881 2675 meo
904 2622 1045 2695 tempore
1066 2630 1132 2673 nou
1153 2610 1280 2673 audies:
1302 2610 1436 2673 liberum
1457 2618 1582 2694 tempus
1604 2612 1708 2675 nobis
1730 2611 1790 2675 da·

449 2701 535 2765 bitur
556 2703 595 2765 ad
617 2705 709 2769 istam
732 2706 1000 2790 disceptationem.

534 2798 586 2860 Vl.
609 2793 659 2861 t8.
682 2801 773 2863 Nunc
795 2798 834 2862 de
857 2799 1018 2862 Saturnini
1040 2798 1170 2862 crimine
1191 2818 1228 2861 ac
1250 2798 1289 2859 de
1304 2798 1470 2861 clarissimi
1487 2797 1593 2880 patrui
1608 2799 1662 2862 tui
1676 2807 1788 2863 morte

450 2891 597 2955 dicemus.
629 2894 742 2976 arguis
764 2895 903 2956 occisum
925 2912 995 2956 esse
1018 2913 1037 2956 a
1060 2892 1093 2956 C.
1116 2893 1242 2956 Rabirio
1263 2893 1299 2954 l..
1314 2892 1533 2955 Saturninum:
1555 2898 1589 2954 at
1608 2891 1645 2954 id
1670 2892 1707 2956 C.
1723 2894 1789 2956 lta-

412 3006 441 3052 stt
451 2985 550 3049 birius
566 2987 737 3050 multorum
753 2988 953 3059 testimoniis,
976 2986 1199 3062 Q.1tortensto
1216 2985 1431 3068 copiosissime
1446 2984 1662 3060 defendente,
1686 2996 1790 3051 antea

448 3077 563 3141 falsum
584 3099 653 3143 esse
676 3081 799 3144 docuit:
822 3100 881 3161 ego
903 3087 1029 3155 autem,
1051 3082 1078 3143 si
1101 3080 1179 3142 mibi
1201 3086 1285 3142 esset
1304 3080 1473 3162 integrum,
1495 3080 1700 3163 susciperem
1722 3083 1789 3147 boc

449 3173 585 3247 crimen,
606 3194 826 3255 agnoscerem,
848 3172 1022 3236 conlitercr.
1052 3174 1177 3236 Utinam
1199 3172 1279 3234 banc
1302 3173 1376 3234 mibi
1390 3172 1571 3235 facultatem
1586 3193 1691 3239 causa
1705 3196 1790 3239 con-

449 3265 593 3341 cederet,
615 3275 651 3330 ut
672 3288 797 3350 possem
819 3268 880 3329 boc
901 3267 1101 3349 praedicare,
1125 3267 1157 3329 C.
1173 3267 1289 3329 Rabirii
1304 3286 1399 3329 manu
1414 3266 1448 3327 L.
1469 3268 1698 3346 Saturninum,
1722 3271 1788 3334 bo·

448 3365 527 3422 stem
555 3360 667 3442 populi
697 3363 845 3436 llomani,
875 3360 1090 3423 intersectum!
1113 3393 1154 3406 -
1183 3359 1267 3421 Nihil
1293 3380 1343 3422 me
1366 3361 1483 3423 clamor
1504 3360 1564 3423 iste
1586 3374 1789 3441 commovet,

410 3454 504 3524 aosed
527 3455 724 3529 consolatur,
747 3477 817 3518 cum
840 3456 958 3518 indicat
981 3474 1049 3516 esse
1066 3453 1220 3536 quosdam
1235 3454 1319 3515 cives
1338 3454 1514 3536 imperitos,
1538 3454 1685 3519 sednon
1700 3461 1789 3521 mul-

449 3553 507 3609 tos.
550 3550 741 3630 Numquam,
771 3549 847 3612 mibi
871 3547 1007 3621 credite,
1037 3546 1173 3631 populus
1195 3547 1355 3609 Romanus
1377 3547 1445 3620 bic,
1467 3548 1522 3630 qui
1544 3547 1637 3623 silet,
1663 3571 1790 3615 consu-

448 3640 511 3703 lem
532 3662 582 3704 me
603 3642 746 3717 lecisset,
769 3643 796 3706 si
818 3651 923 3707 restro
947 3641 1082 3704 clamore
1104 3639 1320 3723 perturbatum
1341 3640 1381 3702 iri
1401 3640 1613 3704 arbitraretur.
1648 3643 1788 3719 Quanto

450 3734 511 3796 iam
533 3735 634 3798 levior
655 3745 702 3798 est
723 3735 925 3799 acclamatio!
949 3735 1028 3818 quin
1049 3735 1217 3797 continetis
1240 3754 1364 3809 vocem,
1387 3734 1522 3796 indicem
1543 3735 1707 3802 stultitiae
1728 3761 1790 3804 ve·

448 3834 547 3903 strae,
578 3838 688 3893 testem
711 3830 892 3914 paucitatisl
914 3862 955 3875 -
982 3825 1033 3890 ta.
1055 3829 1232 3903 lubenter,
1260 3829 1404 3911 inquam,
1435 3824 1617 3903 confiterer,
1650 3836 1789 3898 slvere

513 4061 537 4110 3.
555 4060 622 4110 vobis
638 4064 692 4125 sg:
711 4062 780 4112 nobis
796 4060 851 4113 rell.
871 4062 948 4125 Lagg.
968 4064 995 4111 et
1012 4064 1027 4111 5
1045 4062 1145 4111 Oxonn.
1165 4087 1192 4095 -
1211 4059 1235 4110 4.
1253 4060 1275 4108 si
1291 4071 1345 4141 qm.
1364 4059 1379 4109 l
1396 4060 1496 4109 Oxoaa.
1515 4059 1565 4120 (est
1580 4060 1607 4110 in
1624 4061 1742 4129 salisb.)
1755 4094 1785 4102 -

448 4134 472 4184 6.
489 4135 618 4185 mttbtodo
634 4138 661 4186 S.
675 4161 703 4174 -
722 4138 746 4187 t.
765 4139 786 4187 ei
800 4139 950 4199 proponitur
966 4138 992 4185 in
1009 4136 1134 4196 tibertttte,
1151 4137 1292 4185 moriamur
1308 4135 1424 4185 distinxit
1433 4133 1592 4184 Niebubrius
1609 4136 1637 4185 in
1650 4140 1789 4204 exemplo

448 4222 496 4259 suo
514 4210 557 4260 ed.
577 4214 662 4262 Garat.
684 4237 709 4248 -
730 4215 754 4263 8.
774 4213 889 4275 obseptio
906 4214 925 4262 l.
943 4226 975 4261 ex
993 4212 1158 4274 pantagathi,
1176 4212 1284 4261 Munatii
1302 4212 1329 4259 et
1345 4211 1438 4259 Mureti
1455 4210 1523 4258 coni.
1544 4235 1570 4244 -
1590 4209 1631 4259 tt.
1652 4215 1789 4267 condictio

448 4298 475 4334 m
493 4288 520 4335 et
536 4288 564 4336 L.
584 4313 610 4322 —
630 4290 768 4350 inspectatio
779 4290 810 4348 V,
829 4289 904 4339 cuius
921 4287 1098 4349 fragmentum
1115 4286 1149 4336 ab
1167 4287 1218 4336 hoc
1234 4299 1293 4335 voc.
1307 4286 1405 4348 incipit.
1420 4311 1447 4320 -
1467 4284 1506 4333 tn.
1524 4283 1617 4334 bomini
1628 4286 1663 4336 V.
1684 4290 1787 4350 (rerba

446 4361 499 4411 cive
515 4362 626 4412 ltonmno
643 4364 668 4411 iu
687 4362 708 4409 V
726 4363 907 4423 evanuerunt.)
926 4388 954 4397 -
974 4362 1014 4411 43.
1032 4362 1143 4410 ninantn
1158 4374 1210 4410 nno
1226 4363 1260 4409 V:
1285 4374 1337 4410 ana
1353 4360 1464 4409 cindato
1480 4358 1557 4408 codd.
1576 4357 1646 4421 rell,
1666 4364 1730 4414 t.0.
1754 4394 1784 4403 -

447 4435 486 4486 ll.
505 4436 593 4487 liberat
610 4438 643 4486 V:
668 4437 783 4486 liberauit
799 4439 828 4497 S,
851 4436 866 4487 l
886 4439 985 4486 Ortona.
1005 4439 1031 4485 et
1052 4437 1147 4499 Lagg.;
1173 4434 1286 4486 liberabit
1302 4438 1330 4485 l..
1356 4461 1384 4472 -
1409 4449 1426 4484 a
1447 4437 1507 4485 ante
1524 4436 1606 4483 omen
1621 4449 1681 4488 om.
1701 4440 1729 4489 k.
1752 4467 1783 4477 -

446 4513 486 4562 ts.
504 4514 579 4563 oestri
596 4513 618 4560 V
635 4514 662 4561 et
678 4513 755 4561 codd.
775 4511 907 4576 plerique:
930 4513 1009 4561 nostri
1026 4511 1133 4561 bdel..
1155 4539 1181 4548 -
1202 4513 1241 4561 46.
1260 4512 1366 4562 lobiens
1382 4511 1417 4559 V:
1441 4511 1466 4560 Τ.
1484 4509 1592 4560 Lobiete
1612 4513 1699 4563 codd.
1718 4515 1784 4567 rell.

446 4589 474 4636 ot
490 4587 563 4639 editt.
583 4586 749 4649 [Niebabrius
765 4589 920 4641 varietatem
938 4603 963 4651 p.
977 4590 1018 4638 82.
1038 4602 1090 4637 non
1108 4587 1209 4648 attulit.)
1223 4614 1250 4621 —
1271 4587 1310 4636 tt.
1329 4588 1474 4636 andelam
1489 4584 1636 4637 abcdeb
1655 4592 1686 4639 et
1704 4592 1722 4641 S
1740 4605 1783 4643 m.

446 4676 500 4713 sec.
521 4689 548 4698 -
567 4664 704 4726 inportuna
720 4663 751 4711 V.
767 4690 793 4698 -
814 4664 853 4712 49.
872 4666 951 4713 omnis
966 4664 1030 4726 tapes
1046 4666 1071 4712 S.
1087 4690 1114 4698 -
1133 4665 1212 4712 omnis
1228 4662 1306 4712 codd.
1325 4661 1495 4725 plerique·
1514 4662 1554 4710 20.
1572 4662 1707 4725 44449ίωί3
1719 4668 1743 4715 V
1752 4668 1783 4718 lx.

448 4763 474 4772 —
490 4737 591 4799 psdtica
607 4751 659 4788 om.
674 4737 741 4787 liln
759 4741 786 4787 et
803 4738 861 4788 cod.
874 4741 1010 4789 Torrentii.
1029 4766 1056 4774 -
1075 4741 1115 4788 ⁶23.
1133 4740 1256 4788 carissimi
1272 4740 1415 4796 Manutius,
1434 4740 1478 4800 qui
1495 4738 1607 4787 uoniam
1624 4752 1682 4789 non
1695 4755 1785 4804 agno-

447 4813 496 4867 t·it;
515 4813 647 4863 staduimi
662 4814 725 4874 tiri,
741 4814 830 4874 patrui
846 4814 882 4861 ttn'
900 4814 991 4864 Lamb.
1010 4817 1036 4864 ln
1054 4828 1136 4877 marg.
1153 4814 1225 4864 t58t.
1247 4840 1274 4848 -
1293 4814 1334 4863 il.
1352 4819 1379 4862 at
1395 4814 1421 4863 id
1437 4811 1585 4862 Turnebus:
1605 4820 1629 4863 ct
1644 4815 1675 4863 id
1693 4818 1781 4869 codd.

446 4888 503 4937 t.0.
523 4914 551 4925 -
570 4890 610 4939 tt.
625 4892 758 4954 profiterer
774 4890 924 4939 Torrentius
942 4891 968 4939 ln
986 4900 1085 4950 marg.;
1114 4889 1194 4938 etsie
1211 4890 1275 4937 item
1293 4902 1318 4937 v.
1337 4887 1377 4937 34.
1398 4914 1423 4921 -
1444 4888 1485 4936 28.
1504 4887 1589 4937 ltabiri
1606 4891 1623 4938 a
1639 4889 1726 4956 Lagg.
1748 4920 1780 4929 -

445 4962 486 5011 30.
504 4964 593 5012 indicet
610 4966 678 5015 coni.
696 4966 817 5016 Beclxius.
833 4989 859 4997 -
873 4966 935 5012 cinis
952 4966 1003 5013 mel
1020 4966 1127 5028 practer
1144 4964 1186 5013 el.
1205 4990 1231 4997 -
1251 4964 1291 5013 33.
1308 4962 1388 5013 lenior
1404 4961 1437 5011 al.
1456 4964 1481 5011 in
1500 4976 1552 5025 mg.
1565 4963 1661 5014 Lamb.
1678 4993 1709 5003 -
1728 4971 1784 5018 aa.

445 5038 563 5087 clamatio
579 5039 610 5086 V.
630 5064 657 5073 -
677 5042 737 5102 quin
752 5039 903 5100 conpescite
918 5052 1001 5088 vocem
1017 5041 1104 5097 islant,
1126 5039 1231 5090 indicem
1249 5039 1379 5097 stultitiae,
1405 5044 1488 5088 testem
1506 5041 1647 5100 paucitatis
1664 5042 1782 5101 Quintil.

446 5112 487 5161 xl.
507 5112 534 5171 3,
554 5114 609 5163 469.
628 5115 779 5167 Rufinianus
796 5127 903 5179 qaoque
921 5114 954 5163 de
973 5115 1015 5176 lig.
1033 5118 1101 5165 seat.
1122 5116 1145 5177 5.
1164 5116 1205 5165 33.
1225 5115 1311 5164 locam
1327 5114 1415 5176 alleri,
1435 5115 1479 5177 qai
1496 5113 1592 5164 habet:
1611 5115 1677 5176 quin
1693 5121 1783 5168 coeti-

446 5188 507 5237 netis
521 5202 605 5237 noceo
620 5195 730 5238 uestram
746 5193 797 5240 cet.
818 5216 845 5225 -·
870 5188 911 5239 34.
930 5188 1039 5238 lubenter
1055 5189 1090 5237 V:
1114 5190 1216 5240 libenter
1231 5188 1302 5251 rell,
1321 5190 1381 5239 LO.
1401 5215 1427 5224 -
1452 5192 1570 5254 confiteor
1586 5190 1784 5247 abdeblrm

447 5265 474 5314 et
489 5263 505 5313 4
522 5262 622 5314 Oxonu.
