4367 6109
867 582 939 648 co.
962 584 1086 648 1-1u.
1112 582 1168 668 ss.
1191 583 1296 649 e-s.
1677 584 1741 649 err

426 759 489 830 est,
521 754 562 817 ab
588 754 663 816 love
691 752 818 836 Optimo
846 753 984 817 Maximo
1014 755 1190 838 ceterisque
1220 754 1269 818 dis
1291 754 1474 838 deabusque
1505 755 1742 830 immortalibus,

424 869 560 932 quorum
581 869 641 932 ope
663 855 694 910 et
714 847 834 911 auxilio
855 847 954 910 multo
976 849 1075 930 magis
1096 849 1175 910 baec
1195 870 1247 912 res
1277 849 1404 931 publica
1427 868 1522 931 quam
1544 849 1666 911 ratione
1687 850 1744 913 bo·

422 945 543 1006 minum
565 950 596 1005 et
616 941 749 1004 oonsilio
772 941 978 1023 gubernatur,
1001 963 1111 1024 pacem
1133 962 1169 1005 ac
1190 943 1313 1005 veniam
1335 950 1427 1024 peto,
1449 962 1624 1026 precorque
1639 944 1679 1005 ab
1694 943 1744 1016 iis,

414 1037 459 1100 ‘ut
477 1036 667 1099 hodiernum
689 1035 772 1097 diem
794 1043 826 1098 et
846 1036 887 1098 ad
907 1035 1002 1098 huius
1024 1037 1157 1098 salutern
1176 1035 1424 1099 conservandam
1440 1045 1471 1098 et
1491 1035 1531 1098 ad
1553 1058 1620 1100 rem
1640 1037 1744 1119 publi-

423 1150 492 1193 cam
519 1127 770 1194 constituendam
799 1128 940 1191 illuxisse
963 1131 1130 1210 patiantur.
1173 1130 1294 1192 Deinde
1315 1151 1387 1202 vos,
1418 1128 1576 1204 Quirites,
1608 1147 1771 1212 quorums

423 1230 563 1305 potestas
594 1220 739 1305 proxime
769 1220 809 1284 ad
838 1224 970 1285 deorum
998 1222 1223 1285 immortalium
1250 1243 1367 1285 numen
1398 1221 1536 1296 accedit,
1571 1231 1743 1306 creatque

422 1317 563 1390 obsecro,
585 1317 735 1399 quoniam
756 1336 821 1379 uno
844 1324 986 1398 tempore
1009 1316 1072 1378 vita
1096 1316 1129 1378 C.
1145 1316 1276 1389 Rabirii,
1298 1317 1436 1379 bominis
1459 1318 1625 1380 miserrimi
1649 1325 1744 1400 atque

422 1410 687 1482 innocentissimi,
709 1410 794 1473 salus
816 1411 861 1473 rei
884 1410 1030 1493 publicae
1045 1410 1159 1473 vestris
1181 1411 1325 1474 manibus
1348 1411 1568 1494 suffragiisque
1591 1411 1744 1493 permitti·

423 1511 488 1576 tur,
510 1503 685 1566 adhibeatis
707 1505 739 1566 in
761 1504 896 1566 bominis
910 1502 1046 1566 fortunis
1062 1504 1330 1577 misericordiam,
1352 1504 1385 1565 in
1407 1504 1453 1567 rei
1475 1504 1620 1586 publicae
1643 1504 1743 1568 salute

422 1595 609 1678 sapientiam
631 1617 726 1680 quam
748 1598 866 1660 soletis.
1754 1613 1782 1658 4ο

505 1687 535 1750 6.
557 1692 647 1752 Nunc
669 1692 836 1774 quoniam,
864 1693 899 1752 Τ.
922 1692 1076 1765 Labiene,
1105 1691 1285 1773 diligentiae
1307 1711 1396 1754 meae
1419 1692 1568 1772 temporis
1590 1692 1743 1772 angustiis

423 1781 569 1846 obstitisti
598 1802 713 1867 meque
736 1804 776 1847 ex
798 1791 978 1866 comparato
1007 1793 1038 1848 et
1059 1786 1231 1849 constituto
1253 1785 1356 1868 spatio
1378 1783 1575 1847 defensionis
1596 1785 1629 1846 in
1651 1785 1744 1847 semi·

421 1877 517 1939 borae
534 1877 684 1940 circulum
700 1877 848 1959 coegisti,
869 1878 1030 1959 parebitur
1045 1886 1091 1953 et,
1115 1878 1200 1962 quod
1216 1877 1451 1961 iniquissimum
1467 1885 1532 1951 est,
1554 1879 1744 1941 accusaturis

422 1970 597 2034 conditioni
619 1977 667 2046 et,
695 1971 782 2054 quod
805 1972 1030 2046 miserrimum,
1060 1973 1181 2034 inimici
1204 1972 1362 2054 potestati.
1408 1971 1606 2054 Quamquam
1629 1972 1662 2033 in
1683 1971 1744 2032 bac

422 2066 667 2147 praescriptione
682 2065 857 2128 semihorae
879 2067 1003 2146 patroni
1020 2066 1097 2128 mibi
1112 2074 1217 2147 partes
1233 2065 1408 2148 reliquisti,
1431 2065 1569 2127 consulis
1584 2063 1743 2127 ademisti:
1755 2079 1783 2124 ss

420 2166 588 2242 propterea
615 2159 702 2241 quod
730 2158 769 2220 ad
799 2157 1033 2221 defendendum
1055 2160 1283 2242 propemodum
1305 2161 1382 2221 satis
1404 2159 1464 2222 erit
1484 2158 1544 2221 hoc
1567 2159 1644 2221 mibi
1667 2167 1746 2221 tem-

420 2254 522 2335 poris,
545 2252 584 2313 ad
607 2252 865 2335 conquerendum
894 2271 1014 2334 parum.
1057 2251 1088 2314 7.
1110 2254 1178 2316 Nisi
1200 2251 1282 2315 sorte
1304 2254 1343 2316 de
1366 2253 1444 2315 locis
1466 2252 1624 2333 religiosis
1645 2271 1682 2313 ac
1704 2251 1744 2314 de

421 2348 518 2422 lucis,
540 2367 621 2430 quos
643 2346 683 2408 ab
705 2346 765 2409 boc
786 2345 920 2408 violatos
943 2366 1013 2409 esse
1036 2347 1163 2419 dixisti,
1186 2346 1328 2428 pluribus
1344 2347 1448 2409 verbis
1471 2347 1528 2409 tibi
1550 2344 1745 2428 responden-

420 2441 495 2504 dum
517 2447 625 2521 putas:
656 2458 720 2520 quo
741 2439 775 2500 in
797 2438 928 2501 crimine
950 2440 1028 2502 nibil
1052 2449 1099 2502 est
1121 2460 1272 2522 umquam
1294 2442 1350 2503 abs
1373 2447 1404 2503 te
1427 2440 1562 2513 dictum,
1585 2440 1647 2502 nisi
1669 2459 1687 2502 a
1710 2439 1743 2502 C.

419 2536 525 2597 Macro
548 2532 707 2596 obiectum
728 2551 799 2595 esse
822 2532 942 2595 crimen
963 2533 996 2594 id
1020 2534 1053 2596 C.
1076 2534 1213 2596 Rabirio.
1248 2534 1285 2595 ln
1307 2554 1370 2616 quo
1393 2553 1452 2615 ego
1475 2532 1614 2595 demiror
1636 2535 1782 2597 memi-so

419 2628 504 2690 nisse
526 2633 574 2700 te,
596 2626 673 2708 quid
696 2625 847 2688 obiecerit
870 2626 903 2688 C.
926 2626 1052 2689 Rabirio
1074 2628 1180 2689 Macer
1201 2627 1366 2702 inimicus,
1397 2627 1528 2690 oblitum
1551 2646 1636 2700 esse,
1667 2625 1743 2710 quid

419 2722 514 2804 aequi
535 2726 568 2782 et
589 2720 684 2782 iurati
705 2719 825 2782 iudices
847 2718 1025 2782 iudicarint.
1069 2721 1124 2781 lll.
1152 2723 1201 2782 An
1223 2719 1262 2783 de
1285 2722 1433 2802 peculatu
1454 2720 1537 2784 lacto
1559 2727 1613 2783 aut
1635 2722 1675 2783 de
1698 2727 1744 2783 ta·

419 2814 542 2878 bulario
572 2814 703 2876 incenso
733 2814 826 2894 longa
853 2813 951 2875 oratio
974 2821 1023 2877 est
1044 2814 1281 2895 expromenda?
1315 2834 1381 2897 quo
1405 2814 1591 2877 incrimine
1613 2814 1744 2896 propin-

419 2929 500 2992 quus
522 2907 556 2970 (l.
570 2907 690 2970 Rabirii
712 2906 831 2970 iudicio
855 2907 1045 2981 clarissimo,
1069 2907 1103 2969 C.
1126 2906 1255 2981 Curius,
1279 2929 1335 2991 pro
1357 2909 1473 2972 virtute
1495 2927 1552 2971 sua
1574 2916 1623 2972 est
1642 2909 1742 2971 hone·

419 3002 556 3066 stissime
578 3001 745 3072 liberatus,
767 3000 836 3083 ipse
852 3020 926 3064 vero
948 3002 1092 3064 Rabirius
1115 3022 1179 3064 non
1201 3000 1296 3065 modo
1318 3003 1351 3064 in
1373 3002 1525 3065 iudicium
1546 3002 1661 3065 borum
1683 3000 1780 3065 cri-ao

418 3096 552 3169 minum,
581 3095 638 3156 sed
659 3114 700 3157 ne
723 3095 756 3156 in
779 3094 995 3157 tenuissimam
1019 3095 1148 3177 quidem
1169 3096 1381 3178 suspicionem
1402 3096 1499 3159 verbo
1522 3103 1570 3159 est
1591 3114 1743 3176 umquam

417 3196 556 3253 vocatus.
600 3186 630 3250 8.
653 3189 702 3250 An
724 3188 763 3249 de
786 3189 904 3251 sororis
926 3186 990 3250 lilio
1012 3187 1195 3270 diligentius
1217 3190 1474 3273 respondendum
1496 3192 1567 3252 esti
1590 3208 1684 3271 οιιοιο
1703 3190 1742 3252 ab

416 3283 477 3345 boc
505 3290 652 3345 necatum
682 3302 752 3345 esse
781 3281 904 3355 dixisti,
933 3302 1003 3344 cum
1026 3282 1066 3345 ad
1088 3282 1197 3345 iudicii
1220 3301 1340 3345 moram
1362 3282 1524 3346 familiaris
1545 3281 1665 3345 funeris
1686 3302 1743 3346 ex·

417 3376 538 3440 cusatio
560 3382 774 3459 quaereretur.
805 3375 888 3450 Quid
911 3377 993 3439 enim
1017 3383 1065 3439 est
1086 3384 1149 3438 tam
1165 3377 1231 3438 veri
1247 3376 1365 3450 simile,
1388 3396 1483 3460 quam
1499 3377 1653 3440 cariorem
1666 3376 1742 3439 huie

416 3468 534 3532 sororis
557 3471 704 3532 maritum
726 3489 820 3552 quam
842 3469 959 3532 sororis
980 3470 1079 3532 lilium
1098 3469 1219 3532 fuisse?
1242 3479 1336 3552 atque
1352 3470 1396 3533 ita
1411 3470 1583 3543 cariorem,
1606 3477 1642 3534 ut
1661 3470 1779 3532 alterno

416 3562 480 3624 vita
501 3560 718 3626 crudelissime
740 3563 931 3644 privaretur,
956 3559 1051 3645 [cum]
1075 3562 1166 3625 alteri
1189 3562 1229 3625 ad
1252 3563 1462 3645 prolationem
1485 3564 1594 3627 iudicii
1610 3563 1742 3626 biduum

418 3658 645 3738 quaereretur?
673 3657 721 3718 An
752 3657 791 3718 de
814 3657 913 3719 servis
935 3657 1046 3719 alienis
1069 3664 1178 3719 contra
1200 3657 1301 3738 legem
1323 3657 1450 3720 Fabiam
1473 3657 1604 3719 retentis
1626 3663 1682 3719 aut
1701 3656 1741 3718 de

418 3750 538 3813 civibus
567 3750 716 3813 Romanis
746 3758 854 3813 contm
883 3749 986 3831 legem
1007 3749 1149 3813 Porciam
1171 3749 1342 3812 verberatis
1364 3756 1420 3812 aut
1440 3749 1560 3812 necatis
1583 3748 1674 3831 plura
1694 3748 1742 3810 di·

417 3844 517 3908 cenda
537 3850 628 3916 sunt,
655 3863 726 3906 cum
748 3851 834 3907 tanto
856 3843 963 3906 studio
987 3843 1020 3906 C.
1043 3841 1191 3904 Rabirius
1213 3842 1309 3905 totius
1331 3841 1482 3923 Apuliae,
1512 3842 1663 3925 singulari
1685 3861 1740 3904 vo·

417 3936 538 4000 luntate
568 3936 743 4019 Campanae
774 3937 945 4000 vicinitatis
978 3938 1131 3999 ornetur‘l
1164 3955 1299 4018 cumque
1328 3935 1368 3997 ad
1396 3935 1465 3998 eius
1490 3936 1778 4018 propulsandumas

417 4145 695 4156 -u———u-

481 4303 504 4351 l.
523 4301 615 4363 opbmu
631 4312 685 4350 om.
703 4300 728 4348 S.
755 4325 781 4333 -
810 4299 833 4349 3.
853 4299 937 4348 abbis
954 4297 1031 4348 codd.
1058 4324 1084 4333 -
1112 4299 1136 4346 5.
1154 4296 1393 4359 tuwaoadgh.
1420 4323 1446 4331 -
1474 4297 1498 4346 7.
1518 4297 1688 4363 Rabirigin.
1710 4328 1736 4337 -

416 4378 441 4428 8.
459 4376 528 4426 sulus
544 4373 637 4424 codd:
655 4378 678 4423 ct
694 4373 762 4424 sulus
778 4374 798 4422 0
815 4386 877 4424 curu
895 4373 937 4423 ed.
955 4374 1067 4423 Iuntina.
1083 4398 1110 4406 -
1123 4373 1163 4421 li.
1181 4373 1317 4422 emmaus
1333 4369 1404 4434 Sig:
1423 4372 1579 4423 amatorem
1589 4373 1645 4424 rell.
1659 4376 1736 4438 lagg.

417 4480 443 4488 -
463 4453 502 4501 ⁴3.
520 4450 643 4500 arculam
659 4451 692 4509 T,
717 4448 776 4498 cod.
795 4449 923 4498 Torrentii
940 4451 966 4497 et
982 4449 1001 4497 l.
1020 4460 1052 4497 ex
1070 4460 1122 4496 uno
1139 4459 1187 4496 suo
1205 4445 1311 4496 codiee:
1334 4446 1488 4495 manum
1504 4448 1558 4497 mei
1575 4451 1602 4497 et
1619 4449 1654 4508 03
1672 4450 1738 4498 orti-

413 4528 497 4577 culum
512 4522 546 4574 al.
565 4522 632 4574 liber
648 4525 716 4575 teste
732 4525 878 4573 Torrentio.
893 4548 919 4557 -
934 4524 973 4573 45.
984 4523 1087 4584 patroni
1104 4518 1193 4583 Stgl:
1208 4521 1280 4582 patri
1291 4518 1347 4570 rell.
1360 4521 1438 4583 Lagg.
1453 4547 1481 4557 -
1491 4523 1575 4583 portis
1591 4524 1644 4572 mei
1661 4537 1737 4587 prae-

415 4605 455 4653 ter
471 4601 489 4652 l.
513 4625 542 4636 -
569 4600 609 4649 ⁴7.
628 4600 663 4648 ud
678 4600 877 4660 conquerendum
892 4599 908 4647 2
926 4599 1025 4647 Oxoon.
1045 4597 1120 4658 (ST):
1146 4608 1234 4644 ouum
1255 4597 1290 4644 nd
1306 4608 1422 4656 cocunea
1441 4597 1458 4645 S
1475 4599 1503 4646 et
1518 4610 1549 4660 g,
1572 4600 1602 4648 ut
1616 4597 1734 4656 videtum

413 4679 448 4728 od
463 4688 580 4738 coow.
598 4688 658 4724 vero
674 4673 771 4733 bcei3
789 4675 824 4724 od
839 4687 955 4735 couquer.
973 4685 1060 4722 nermo
1075 4672 1091 4720 8
1109 4668 1165 4720 rell.
1184 4670 1292 4732 begoni.
1312 4696 1339 4705 -
1358 4682 1389 4719 nc
1405 4670 1512 4720 delam
1527 4674 1556 4722 T.
1570 4697 1597 4706 -
1617 4672 1657 4721 t9.
1675 4673 1737 4723 nibil

415 4758 475 4803 esset
491 4749 598 4806 likin:
617 4751 725 4800 suun
736 4750 828 4800 dictum
844 4753 904 4798 esset
919 4747 979 4797 cod.
997 4746 1133 4796 Torrentii.
1153 4770 1180 4779 —
1200 4747 1241 4795 20.
1260 4744 1379 4794 abactas
1395 4758 1445 4795 osse
1460 4747 1551 4796 Sem:
1570 4757 1620 4794 esse
1636 4758 1689 4797 om.
1702 4748 1733 4806 k,

413 4830 533 4880 obiectum
554 4831 614 4877 esset
633 4823 689 4874 rell.
707 4826 796 4888 lagg,
815 4823 830 4875 l
847 4825 957 4882 0xonn.,
976 4821 1036 4871 cod.
1055 4821 1128 4869 Torr.
1149 4846 1176 4854 -
1194 4820 1236 4868 St.
1254 4820 1314 4881 quid
1329 4831 1390 4881 eque
1406 4821 1431 4868 S.
1453 4845 1479 4854 -
1498 4821 1538 4869 22.
1555 4820 1622 4881 foetu
1639 4831 1735 4883 suspe-

414 4907 487 4954 ctum
503 4901 640 4953 Lambiuo.
655 4926 682 4934 -
701 4905 746 4949 aut
761 4897 988 4962 Segbitrlxsp:
1007 4902 1031 4946 et
1046 4901 1091 4945 aut
1108 4896 1129 4958 l,
1148 4909 1182 4944 aa
1199 4895 1302 4944 addet
1317 4895 1424 4955 abed,
1443 4895 1596 4944 ntvidetur.
1615 4895 1654 4945 Cl.
1667 4895 1732 4945 intra

412 4993 438 5027 v.
451 4978 491 5027 32.
512 5003 540 5012 -
558 4975 600 5026 23.
618 4976 787 5036 copromeadu
803 4973 947 5024 Manutius:
965 4971 1129 5032 assumeado
1145 4968 1222 5019 codd.
1242 4971 1269 5018 et
1285 4970 1314 5018 0.
1328 4995 1357 5006 -
1373 4971 1514 5032 propinquo
1531 4983 1567 5020 m.
1583 4997 1611 5005 -
1628 4968 1670 5020 al.
1684 4971 1733 5019 lta·

413 5053 461 5102 bist
477 5053 493 5102 6
510 5053 588 5114 lagg.
613 5077 640 5087 -
665 5050 754 5100 Curius
774 5052 806 5099 T:
833 5049 932 5099 Curtiau
954 5046 1031 5097 codd.
1054 5044 1111 5096 rell.
1132 5046 1196 5095 noti.
1221 5044 1259 5095 Cl.
1278 5057 1304 5108 p.
1322 5044 1386 5095 Rab.
1407 5047 1475 5095 Post.
1495 5044 1519 5107 S.
1539 5043 1563 5093 3.
1589 5044 1624 5106 (C.
1643 5044 1733 5094 &utus

413 5127 504 5176 iudicio
519 5127 657 5176 claritateac
673 5125 712 5184 1..)
732 5152 758 5161 -
777 5125 818 5175 28.
835 5122 937 5186 funeris]
953 5121 1073 5187 fluuium
1089 5122 1115 5169 S.
1135 5147 1162 5155 *
1182 5121 1221 5170 ³⁴.
1239 5133 1296 5169 cnm
1312 5118 1410 5169 delevit
1425 5118 1576 5169 Lambinus.
1598 5143 1625 5153 -
1640 5118 1733 5180 proba·

413 5202 503 5251 aiom
518 5203 535 5251 S
553 5204 580 5252 et
595 5202 611 5252 a
628 5203 729 5251 Oxonn.
743 5225 771 5234 -
789 5199 829 5249 32.
848 5197 901 5261 out]
918 5201 942 5248 el
957 5197 1017 5248 cod.
1030 5198 1060 5261 (tl
1078 5197 1216 5246 Torrentii.
1234 5223 1262 5232 -
1280 5196 1320 5246 35.
1340 5197 1483 5257 Campanae
1498 5195 1640 5247 Manutius:
1659 5197 1732 5246 Cane

410 5277 504 5341 paulus
519 5276 598 5328 codd.
624 5277 681 5329 lloc
696 5274 841 5328 retinentes
858 5272 969 5324 Bactrius
986 5274 1013 5323 st
1023 5269 1144 5325 Wollflus
1158 5272 1293 5323 uictum
1307 5270 1488 5323 inducendum
1505 5271 1728 5323 existimaverunt.
