4367 6109
792 591 1088 664 ,conr-xm
1115 587 1339 674 §sac-ee.
1667 590 1730 655 ass

352 746 365 771 ’
412 771 514 827 motus
536 769 731 845 conatusque
759 760 948 845 prohibebit.
997 761 1140 846 Reliquis
1170 768 1274 824 autem
1302 760 1341 823 de
1369 761 1462 823 rebus
1494 761 1731 837 constituendis,

412 855 623 930 maturandis,
645 855 776 937 agendis
799 856 861 919 iam
883 856 922 918 ad
945 863 1088 919 senatum
1111 855 1300 929 referemus,
1324 875 1418 938 quem
1439 855 1545 917 vocari
1567 855 1689 920 videtis.

496 946 546 1011 27.
576 951 665 1013 Nunc
686 950 775 1023 illos,
804 951 859 1032 qui
883 951 917 1013 in
942 952 1017 1013 urbe
1041 958 1274 1023 remansemnt,
1302 958 1397 1032 atque
1419 950 1498 1012 adeo
1522 946 1600 1033 [qui]
1624 961 1734 1015 contra

413 1044 499 1107 urbis
521 1044 656 1108 salutem
679 1043 884 1126 omniumque
906 1053 1046 1108 vestrum
1069 1046 1102 1107 in
1125 1045 1201 1107 urbe
1216 1064 1234 1106 a
1250 1043 1383 1106 Catilina
1396 1042 1496 1105 relicti
1511 1052 1600 1119 sunt,
1624 1067 1734 1129 quam·

412 1157 509 1220 quam
532 1147 606 1201 sunt
626 1138 752 1211 hostes,
775 1146 896 1211 tamen,
927 1140 1002 1220 quia
1023 1144 1098 1201 sunt
1119 1140 1219 1211 aives,
1248 1138 1385 1200 monitos
1407 1137 1501 1200 etiam
1522 1147 1619 1222 atque
1640 1142 1758 1203 etiams

413 1231 496 1294 volo.
540 1233 611 1294 blea
631 1231 745 1294 lenitas
768 1231 795 1293 si
817 1233 868 1295 cui
891 1231 995 1294 adbuc
1024 1231 1158 1293 solutior
1186 1232 1254 1294 visa
1280 1239 1343 1306 est,
1371 1231 1433 1293 hoc
1461 1234 1671 1315 exspectarit,
1700 1244 1735 1297 ut

414 1323 447 1385 id
471 1326 559 1407 quod
582 1326 699 1388 latebat
722 1333 910 1407 erumperet.
955 1324 1048 1399 Quod
1070 1322 1227 1407 reliquum
1250 1331 1313 1398 est,
1337 1325 1400 1388 iarn
1421 1345 1486 1388 non
1507 1346 1636 1408 possum
1657 1327 1737 1391 obli·

412 1419 507 1492 visci,
538 1438 639 1482 meam
668 1420 750 1483 banc
780 1439 849 1482 esse
877 1419 1027 1501 patriam,
1056 1438 1106 1480 me
1133 1417 1246 1481 horum
1274 1438 1343 1482 esse
1370 1419 1551 1495 consulem,
1579 1422 1655 1484 milri
1682 1431 1737 1485 aut

415 1531 485 1573 cum
508 1510 559 1573 his
581 1512 752 1577 vivendum
773 1521 827 1576 aut
848 1532 906 1595 pro
929 1512 980 1575 bis
994 1532 1063 1575 esse
1077 1512 1284 1575 moriendum.
1316 1513 1429 1576 Nullus
1444 1520 1492 1576 est
1505 1516 1604 1597 portis
1620 1524 1737 1590 custos,

414 1604 519 1668 nullus
542 1606 710 1670 insidiator
732 1607 819 1671 viae:
850 1607 876 1669 si
900 1608 955 1690 qui
980 1607 1068 1669 exire
1090 1605 1216 1679 volunt,
1245 1606 1392 1670 conivere
1413 1628 1558 1690 possum;
1587 1612 1642 1693 qui
1663 1624 1773 1673 verosa

417 1719 451 1761 se
474 1699 507 1761 in
530 1700 608 1763 urbe
631 1701 851 1774 commoverit,
882 1702 971 1763 cuius
993 1719 1051 1782 ego
1073 1720 1137 1762 non
1160 1698 1253 1762 modo
1274 1697 1407 1774 factum,
1437 1703 1492 1764 sed
1514 1704 1668 1786 inceptum
1689 1705 1738 1766 ul-

417 1792 481 1854 lum
506 1802 694 1856 conatumve
717 1802 825 1857 contra
846 1795 978 1877 patriam
1008 1793 1264 1878 deprehendero,
1293 1793 1409 1856 sentiet
1434 1796 1466 1857 in
1488 1796 1548 1859 hac
1569 1797 1646 1860 urbe
1668 1817 1737 1860 esse

416 1887 563 1948 consules
586 1888 769 1970 vigilantes,
792 1908 861 1951 esse
884 1888 1026 1971 egregios
1042 1888 1257 1970 magistratus,
1280 1907 1349 1949 esse
1364 1887 1477 1951 sortem
1492 1897 1646 1965 senatum,
1668 1910 1737 1953 esse

415 1998 516 2055 arma,
545 2000 615 2043 esse
644 2001 816 2055 carcerem,
846 2001 940 2064 quem
962 1979 1119 2043 vindicem
1141 1979 1334 2043 nefariorum
1357 2001 1393 2044 aa
1415 1982 1650 2046 manifestorum
1672 2005 1738 2047 sce·

415 2073 516 2135 lerum
540 2074 675 2137 maiores
697 2076 798 2138 nostri
820 2097 890 2138 esse
921 2075 1099 2137 voluerunt.
1141 2076 1227 2138 Xlll.
1256 2072 1307 2136 98.
1338 2077 1443 2160 Atque
1463 2077 1541 2140 haec
1566 2078 1673 2141 omnia
1693 2078 1776 2140 sicis

416 2176 566 2250 agentur,
590 2168 746 2244 Quirites,
768 2179 803 2232 ut
824 2170 978 2232 maximae
999 2188 1049 2231 res
1072 2169 1202 2232 minimo
1225 2178 1329 2244 motu,
1351 2170 1492 2252 pericula
1513 2190 1634 2234 summa
1651 2171 1739 2233 nullo

417 2260 568 2336 tumultu,
600 2261 718 2325 bellum
747 2265 930 2326 intestinum
956 2283 992 2325 ac
1020 2263 1244 2339 domesticum,
1273 2270 1346 2348 post
1370 2264 1534 2328 bominum
1556 2264 1740 2328 memoriam

417 2355 670 2419 crudelissimum
692 2364 724 2420 et
745 2357 931 2431 maximum,
954 2377 1004 2420 me
1025 2377 1090 2420 una
1113 2364 1219 2439 togato
1242 2358 1322 2421 duce
1344 2366 1376 2421 et
1396 2359 1586 2442 imperatore
1605 2361 1741 2424 sedetur.

418 2447 510 2522 Quod
534 2468 593 2530 ego
616 2450 662 2512 sic
684 2449 927 2525 administrabo,
951 2451 1105 2526 Quirites,
1130 2460 1181 2526 ut,
1203 2453 1230 2516 si
1250 2452 1317 2513 ullo
1339 2452 1434 2514 modo
1456 2453 1525 2514 lieri
1546 2456 1679 2536 poterit,
1701 2475 1741 2517 ne

417 2541 577 2624 improbus
608 2542 735 2626 quidem
768 2545 937 2627 quisquam
966 2545 999 2607 in
1020 2545 1078 2608 bac
1101 2545 1178 2608 υνδε
1207 2565 1342 2627 poenam
1372 2548 1420 2608 sui
1447 2547 1574 2610 sceleris
1604 2548 1779 2611 sufferatro

418 2635 480 2698 Sed
503 2635 528 2697 si
551 2635 598 2696 vis
621 2637 805 2700 manifestae
829 2638 997 2713 audaciae,
1020 2639 1046 2701 si
1069 2639 1255 2722 impendens
1278 2641 1397 2720 patriae
1417 2640 1593 2723 periculum
1616 2662 1665 2704 me
1687 2662 1743 2704 ne-

418 2729 556 2791 cessario
580 2727 619 2791 de
641 2730 701 2794 bac
722 2731 819 2794 animi
842 2731 970 2794 lenitate
993 2732 1178 2806 deduxerit,
1201 2730 1279 2794 illud
1298 2732 1442 2813 proiecto
1458 2730 1632 2816 perficiam,
1656 2735 1742 2818 quod

419 2823 451 2884 in
473 2829 560 2885 tanto
584 2830 614 2884 et
636 2832 698 2887 tam
721 2823 873 2888 insidioso
894 2825 978 2888 bello
1000 2827 1054 2889 vix
1081 2826 1251 2908 optandum
1276 2825 1418 2901 videtur,
1452 2835 1487 2890 ut
1507 2847 1611 2911 neque
1640 2828 1742 2891 bonus

485 3115 508 3163 4.
532 3114 561 3164 de
579 3115 681 3176 reliquis
697 3119 780 3163 antem
797 3127 828 3164 w.
849 3141 875 3150 -
895 3115 1065 3163 cmntrncndis
1082 3115 1246 3163 Certuxz
1264 3114 1308 3175 Lg.
1328 3113 1368 3163 46.
1386 3114 1433 3172 53;
1459 3116 1633 3164 conservandis
1650 3115 1693 3166 dl.
1714 3142 1740 3152 -

418 3188 442 3238 6.
460 3189 567 3251 agundis
582 3202 610 3246 ες
629 3189 749 3252 augendis
765 3201 791 3252 p.
806 3214 832 3222 —
853 3189 877 3236 3.
896 3189 938 3250 qni
955 3189 981 3236 in
998 3186 1066 3248 arbe]
1084 3187 1128 3238 hic
1145 3187 1234 3237 deficit
1250 3202 1279 3247 e,
1300 3189 1373 3238 cuius
1390 3186 1448 3237 loco
1465 3189 1518 3238 iam
1534 3188 1640 3254 plenam
1657 3192 1744 3240 varie·

420 3265 502 3314 tatem
520 3262 619 3313 codicis
637 3276 665 3314 m
682 3262 761 3312 dabo.
789 3290 816 3298 -
836 3267 1028 3325 permanserant
1049 3262 1080 3313 V.
1107 3290 1134 3298 -
1158 3264 1221 3313 adeo
1237 3277 1292 3313 om.
1311 3264 1343 3323 C,
1365 3263 1411 3325 Lg.
1429 3261 1471 3314 46.
1495 3290 1522 3298 -
1545 3265 1588 3326 qai
1609 3277 1662 3314 om.
1682 3265 1742 3315 CV.

419 3338 509 3386 Potest
530 3340 619 3387 temen
643 3338 756 3389 conferri
773 3338 915 3402 repetitum
939 3352 986 3400 nuo
1009 3339 1035 3387 in
1057 3350 1097 3386 or.
1116 3350 1142 3401 p.
1161 3338 1246 3388 Sestio
1264 3351 1288 3388 c.
1308 3337 1338 3387 43
1355 3338 1390 3387 in.
1416 3365 1443 3374 -
1467 3336 1492 3388 4.
1510 3343 1618 3388 vestm
1634 3338 1744 3402 abciq

420 3423 474 3473 su,
493 3411 508 3459 9
526 3410 568 3461 aiii
585 3413 679 3474 Lagg.:
698 3417 810 3461 nostram
826 3424 843 3470 ς
860 3414 886 3461 ε4
904 3415 933 3462 R.
948 3440 975 3447 -
989 3426 1144 3474 quamquam
1159 3413 1209 3462 sirit
1225 3413 1323 3476 quz
1340 3415 1367 3462 et
1383 3410 1425 3462 alii
1436 3413 1515 3476 lagg.
1528 3412 1593 3464 dett.
1607 3440 1634 3451 -
1647 3417 1672 3465 b.
1685 3416 1745 3477 qnia

422 3493 479 3536 sant
494 3487 558 3537 cives
575 3487 688 3538 Gabis
705 3489 749 3549 Lg.
769 3486 809 3537 46.
830 3487 861 3537 63
883 3487 940 3549 (sed
957 3502 973 3549 g
990 3488 1045 3537 sine
1062 3485 1143 3550 sant):
1169 3488 1231 3550 qaia
1245 3494 1302 3539 sant
1318 3489 1372 3538 nati
1387 3489 1451 3538 cives
1467 3502 1517 3548 cr;
1544 3490 1604 3551 qaia
1620 3489 1746 3540 natitant

423 3561 487 3610 εἰεεε
504 3559 628 3612 Claudius
645 3564 703 3613 sac.
723 3575 749 3626 p.
768 3561 814 3622 2³,
832 3563 917 3612 libo.
938 3590 964 3597 —
984 3563 1089 3611 monitos
1105 3561 1234 3615 abdirs
1250 3564 1295 3625 Lg.
1309 3561 1349 3612 43.
1367 3565 1408 3614 66.
1426 3563 1471 3613 57:
1490 3565 1595 3614 morbos
1610 3578 1651 3615 eos
1666 3563 1746 3616 Clau·

425 3634 484 3685 dius
502 3635 561 3686 Sec.
581 3637 642 3685 440.
656 3663 683 3671 —
696 3636 720 3684 6.
738 3634 803 3699 caio]
820 3648 870 3685 esse
885 3636 941 3685 nolo
958 3637 985 3685 Β.
998 3662 1024 3670 -
1039 3637 1060 3685 si
1076 3637 1117 3686 cai
1133 3637 1214 3687 adbuc
1229 3637 1323 3688 ΒδΙνε
1340 3638 1385 3701 bg.
1403 3639 1448 3688 20:
1467 3639 1549 3689 adbuc
1563 3639 1585 3688 ai
1600 3639 1641 3688 ani
1657 3640 1745 3690 ltLO.

424 3737 451 3745 -
470 3710 516 3758 boc
531 3710 651 3772 spectavit
665 3724 696 3771 ς,
715 3708 774 3760 iort.
792 3712 905 3770 rectius;
925 3711 958 3761 ct.
977 3711 1011 3761 ad
1027 3712 1058 3762 44.
1078 3726 1101 3762 c.
1120 3711 1135 3762 4
1152 3713 1188 3762 in.
1208 3739 1235 3749 -
1253 3713 1278 3763 Ἰ.
1296 3713 1392 3762 idom.
1411 3726 1440 3775 ες
1462 3713 1507 3763 bac
1522 3714 1574 3764 liz.
1595 3741 1621 3750 -
1640 3714 1664 3763 8.
1682 3714 1747 3763 banc

421 3784 590 3834 meane-
609 3785 1748 3852 nwnaabarnrnd;meornrnessetu;meommcsremeVetilaliiLagg.-aat

423 3857 488 3922 cnm]
507 3864 591 3910 εειεει
608 3873 665 3910 carn
681 3860 748 3911 itrr.
769 3888 796 3897 -
815 3861 839 3912 9.
858 3875 915 3912 cann
931 3862 1128 3912 iitiavidendam
1144 3861 1171 3911 δ.
1192 3890 1219 3898 -
1237 3861 1482 3913 mandanae·
1499 3863 1746 3913 noninannuab

423 3945 495 3983 csz.
516 3961 543 3970 -
562 3934 642 3996 portis
658 3934 845 3999 abadtqsz
863 3939 908 3998 Lg.
927 3937 967 3987 66.
986 3938 1027 3987 ar.
1046 3938 1078 3987 66
1095 3950 1156 3988 cum
1173 3937 1302 3987 Amsieno
1318 3949 1345 4001 p.
1363 3936 1426 3986 220:
1442 3942 1532 3998 portae
1548 3937 1605 3986 tto.
1620 3963 1647 3972 -
1667 3937 1707 3987 46.
1725 3938 1747 3987 ri

423 4008 479 4068 aab
494 4008 564 4059 exire
580 4008 685 4059 valuerit
701 4022 718 4059 1
736 4011 764 4058 et
780 4010 824 4072 lg.
842 4011 883 4060 64.
905 4036 932 4047 -
951 4013 1064 4062 conivere
1078 4010 1187 4076 possam]
1203 4011 1242 4061 sic
1258 4013 1310 4072 tu,
1332 4010 1434 4072 schol,
1461 4011 1563 4062 Probus
1580 4025 1606 4077 p.
1625 4011 1688 4063 rtet
1705 4015 1745 4076 Ρ.,

424 4081 549 4135 Claudius
566 4084 696 4135 Sacerdos
712 4099 739 4150 p.
753 4084 784 4135 64
803 4084 899 4148 (schol.
919 4089 946 4137 et
957 4086 1064 4137 sacerd.
1082 4087 1208 4145 conibere;
1227 4087 1253 4135 in
1270 4088 1305 4136 tu
1323 4089 1364 4137 est
1379 4087 1507 4146 εοεᾰεενε,
1526 4100 1579 4138 non
1595 4089 1745 4151 connivero:

423 4158 557 4208 conabere
572 4159 612 4209 nei
627 4159 753 4210 concutere
768 4160 815 4209 sibi
827 4168 932 4224 possunt
947 4177 984 4220 w;
1008 4164 1134 4212 consulem
1149 4161 1195 4211 sibi
1208 4166 1310 4223 nomint
1326 4159 1382 4212 rell.
1401 4163 1453 4212 mei
1474 4160 1531 4226 (sed
1546 4175 1561 4211 r
1577 4163 1633 4214 sine
1650 4163 1703 4225 ribi)
1720 4166 1748 4213 et

425 4231 486 4283 edd.
505 4236 565 4285 ante
583 4237 821 4287 Steinmetziunam.
851 4239 880 4287 ln
897 4239 985 4302 Lagg.,
1004 4251 1119 4300 quorum
1136 4240 1190 4287 tres
1208 4236 1250 4300 (q,
1269 4238 1309 4286 46.
1327 4238 1378 4299 at.)
1395 4237 1441 4287 sibi
1458 4237 1594 4299 omittunt,
1618 4250 1665 4300 pro
1682 4238 1748 4287 coni-

426 4319 484 4356 vere
499 4311 643 4360 suntvaria
662 4311 771 4361 menda:
790 4312 900 4363 cobiberi
918 4314 940 4374 (r
955 4314 1033 4363 etti).
1047 4314 1111 4374 54),
1130 4324 1286 4371 conmooere,
1301 4311 1443 4374 probibere,
1461 4312 1607 4372 cananae,
1624 4312 1749 4362 cannara

427 4383 478 4431 etc.
499 4411 526 4421 -
547 4385 585 4434 44,
605 4398 631 4435 se
645 4386 673 4435 in
688 4387 774 4437 arbem
790 4401 818 4447 s,
837 4390 864 4438 in
880 4387 940 4438 arbe
956 4401 980 4438 se
997 4389 1109 4451 ngO.
1130 4416 1157 4424 -
1175 4387 1217 4436 aad
1233 4386 1356 4447 inceptam
1372 4385 1573 4450 Vilqurrxz,
1592 4384 1634 4435 alii
1651 4387 1746 4449 baga:

425 4459 467 4506 sed
482 4458 509 4508 in
521 4465 683 4522 praeceptam
699 4464 722 4520 t;
740 4463 783 4513 sed
797 4476 829 4512 ne
844 4464 968 4524 inceptam
984 4476 1061 4523 aar,
1080 4465 1096 4512 a
1113 4462 1155 4512 alii
1172 4462 1266 4524 Lagg.;
1285 4463 1327 4510 sed
1342 4475 1373 4512 ne
1388 4461 1512 4524 inceperim
1528 4462 1625 4523 quadarn
1641 4462 1685 4523 lg.
1698 4462 1745 4521 63;

427 4533 469 4581 sed
483 4536 523 4583 vet
537 4534 586 4584 inc.
606 4535 702 4587 cbds
719 4538 762 4600 Lg.
782 4535 823 4587 46.
844 4566 870 4575 -
895 4539 934 4588 tt.
958 4538 1112 4603 conaturnoe]
1134 4542 1250 4586 εεεειεει
1270 4537 1350 4586 aalma
1366 4537 1392 4587 d.
1419 4565 1446 4572 -
1468 4535 1646 4599 reprehendero
1665 4549 1691 4584 x.
1717 4563 1744 4571 -

426 4607 515 4656 sentiat
531 4621 558 4672 p.
579 4636 605 4644 -
625 4610 665 4660 43.
683 4625 749 4661 cons.
768 4625 817 4662 esse
833 4612 889 4663 Bd.
911 4639 937 4647 —
960 4613 1088 4678 vigilantis
1104 4625 1153 4663 ac.
1182 4640 1209 4648 -
1233 4625 1283 4663 esse
1299 4614 1360 4662 ante
1383 4626 1435 4677 egr.
1459 4625 1512 4663 om.
1535 4624 1561 4660 u.
1582 4637 1608 4645 —
1630 4611 1745 4674 magistr.

428 4683 539 4745 aaregios
554 4682 629 4735 bas.
650 4713 676 4720 -
703 4686 742 4737 44.
761 4700 873 4737 carceres
889 4700 920 4737 rr.
942 4714 969 4722 -
994 4689 1035 4738 ts.
1058 4688 1137 4748 Atque
1153 4689 1229 4738 etiarn
1245 4689 1306 4739 baec
1323 4702 1347 4739 ε.
1373 4713 1401 4725 -
1425 4688 1466 4738 46.
1485 4686 1556 4749 Qnir.
1574 4697 1627 4734 om.
1646 4697 1696 4749 pq.
1718 4711 1745 4720 -

427 4757 556 4807 mammae
572 4770 612 4808 ree
628 4760 798 4822 Babcisz‚
817 4763 861 4825 Lg.
875 4763 915 4812 50.
929 4763 968 4812 57.
982 4763 1026 4813 65:
1045 4762 1162 4813 marim
1176 4776 1218 4812 res
1234 4763 1277 4813 ed.
1295 4763 1441 4823 Venibit,
1459 4759 1746 4823 rnmaainaetgmo.

428 4831 473 4891 at,
491 4832 583 4894 VLO;
601 4838 849 4888 caementaria-
867 4838 970 4887 minimo
986 4844 1053 4888 mata
1068 4838 1096 4889 d.
1110 4864 1136 4873 -
1150 4839 1256 4903 mnia]
1273 4839 1388 4888 maaima
1404 4836 1430 4888 d.
1446 4836 1523 4887 -47,
1538 4840 1603 4898 post.
1621 4835 1646 4884 δ.
1663 4837 1746 4898 marm]

428 4906 733 4972 bominommeraoriag.
758 4938 784 4947 -
809 4912 849 4963 t8.
872 4926 903 4962 aa
924 4912 1201 4976 maximiniani,
1224 4915 1254 4964 0.
1279 4940 1306 4950 -
1330 4914 1370 4963 49.
1394 4920 1422 4964 ot
1444 4925 1497 4963 om.
1515 4909 1693 4974 quruwx.
1718 4936 1744 4944 —

429 4982 470 5032 64.
486 4984 565 5044 peric.
581 4986 665 5046 patrie
682 4985 724 5036 dl.
744 5014 770 5022 -
790 4987 831 5038 22.
849 4988 896 5038 bac
913 5001 965 5039 om.
985 4988 1011 5039 d.
1026 5016 1053 5026 -
1067 4989 1168 5040 bnitate
1182 4987 1297 5053 bmps.
1313 5015 1340 5025 -
1354 4988 1501 5039 deduxerint
1517 4984 1579 5036 edd.
1597 4983 1748 5050 complures

431 5059 521 5107 contra
540 5058 632 5118 codd.;
660 5061 772 5112 ᾶείεεενίι
788 5061 806 5112 (4
823 5075 857 5114 m.
876 5077 918 5129 pr.
938 5091 965 5100 -
984 5063 1053 5128 iitnd]
1071 5065 1098 5113 id
1114 5065 1143 5115 C.
1163 5090 1189 5099 —
1205 5064 1339 5128 maliciam
1355 5077 1370 5115 a
1387 5066 1414 5113 et
1431 5062 1446 5113 4
1462 5060 1505 5111 alii
1521 5061 1615 5123 basil-3
1642 5059 1749 5123 04464064

430 5130 457 5181 (4.
477 5158 505 5168 —
523 5133 563 5183 23.
581 5134 866 5200 videretarBacdlt‚
892 5140 937 5200 Lg.
955 5138 995 5189 ²0.
1014 5140 1055 5189 66.
1073 5139 1115 5188 tr.
1140 5165 1167 5175 -
1190 5152 1268 5201 necne
1290 5139 1367 5189 bonas
1387 5139 1467 5200 quita
1486 5132 1746 5195 BCabcdilrst,

429 5205 505 5331 theutii
522 5209 614 5333 plaga:
640 5223 718 5274 nenne
739 5211 870 5276 cahanan
890 5212 967 5264 bonas
981 5226 1024 5274 m,
1050 5227 1130 5278 neque
1148 5215 1280 5278 pungnam
1300 5214 1449 5266 bononem
1466 5214 1494 5263 et
1509 5211 1555 5274 ts.
1572 5211 1620 5271 20;
1646 5224 1677 5264 no
1693 5212 1749 5275 guis

446 5294 508 5334 anns
550 5283 577 5334 4..
