4367 6109
463 581 526 651 sia
828 583 872 649 iti
893 581 1059 649 VERREM
1079 580 1203 649 ACTIO
1226 581 1410 655 anemos

463 757 513 820 nis
534 773 639 838 neque
658 751 886 818 beneficiorum
907 751 1177 828 collocandorum,
1200 752 1256 816 sed
1277 752 1431 837 pecuniae
1452 753 1670 819 conciliandae
1691 774 1786 821 caum

463 849 664 934 susceperis?
707 842 780 909 438.
801 847 912 929 Itaque
934 845 982 909 illi
1004 864 1151 910 censores
1169 846 1311 932 lecemnt
1331 847 1432 922 idem,
1456 846 1541 931 quod
1563 848 1598 911 in
1619 855 1728 912 nostm
1750 869 1786 912 re

461 943 590 1026 publica
609 941 715 1006 solent
734 940 777 1015 ii,
799 941 856 1024 qui
877 960 935 1023 per
955 939 1157 1023 largitionem
1170 943 1371 1023 magistratus
1391 939 1496 1024 adepti
1514 947 1608 1004 sunt:
1630 938 1788 1005 dederunt

463 1054 608 1119 operam,
628 1041 665 1098 nt
683 1036 729 1099 ita
750 1042 941 1119 potestatem
963 1042 1126 1118 gererent,
1147 1042 1184 1099 nt
1204 1035 1298 1100 illam·
1312 1035 1456 1100 lacunam
1477 1035 1525 1097 rei
1545 1034 1708 1098 familiaris
1730 1054 1788 1099 ex·

439 1129 594 1214 splerent.
624 1129 677 1193 Sio
697 1149 810 1193 census
831 1129 959 1194 babitus
981 1135 1031 1193 est
1050 1136 1082 1191 te
1105 1135 1266 1212 praetore,
1287 1135 1323 1192 ut
1345 1147 1384 1190 eo
1407 1147 1504 1191 censu
1517 1127 1637 1191 nullius
1650 1127 1788 1192 civitatis

461 1221 660 1305 res-publica
680 1229 789 1307 posset
809 1221 1039 1287 administrari:
1060 1241 1135 1285 nam
1156 1220 1397 1306 locupletissimi
1419 1222 1571 1303 cuiusque
1586 1241 1715 1286 censum
1729 1236 1787 1285 ex·

462 1322 643 1390 tenuerant,
672 1317 851 1381 tenuissimi
878 1323 1042 1380 auxerant.
1090 1315 1202 1399 Itaque
1229 1317 1263 1378 in
1293 1314 1419 1378 tributis
1446 1314 1639 1397 imperandis
1665 1323 1789 1383 tantum

462 1409 569 1473 oneris
589 1409 676 1491 plebi
698 1411 933 1495 imponebatur,
954 1416 1003 1484 ut,
1026 1409 1120 1472 etiam
1142 1410 1170 1472 si
1190 1409 1337 1472 homines
1359 1415 1512 1482 tacerent,
1534 1428 1585 1471 res
1605 1409 1677 1492 ipsa
1697 1410 1788 1475 illum

462 1522 590 1567 censum
610 1504 811 1586 repudiaret:
834 1503 868 1567 id
889 1503 977 1588 quod
998 1502 1134 1585 intelligi
1154 1501 1302 1566 facillime
1324 1502 1443 1585 reipsa
1462 1509 1577 1585 potest.
1608 1504 1688 1567 LVI.
1708 1507 1788 1572 Nem

425 1598 497 1667 rol..
518 1597 680 1672 Metellus,
702 1599 774 1682 qui,
797 1605 1004 1682 posteaquam
1025 1614 1084 1678 ego
1107 1595 1289 1678 inquirendi
1312 1616 1406 1660 eausa
1426 1597 1459 1659 in
1475 1597 1613 1661 Siciliam
1630 1601 1716 1674 veni,
1738 1621 1790 1666 rc·

461 1700 555 1778 pente
569 1692 605 1754 L.
620 1692 746 1757 Laetilii
767 1693 904 1757 adventu
920 1692 1013 1755 istius
1033 1708 1100 1753 non
1121 1689 1218 1754 modo
1240 1691 1373 1765 amicus,
1395 1710 1505 1754 verum
1526 1690 1621 1755 etiam
1635 1701 1788 1776 cognatim

461 1784 561 1849 iactus
582 1792 647 1860 est,
674 1785 718 1860 is,
748 1786 835 1870 qnod
860 1784 989 1850 videbat
1014 1784 1106 1847 istius
1128 1804 1224 1848 censu
1246 1786 1324 1849 stari
1345 1784 1433 1847 nullo
1454 1783 1550 1847 modo
1573 1805 1685 1867 posse,
1713 1806 1789 1852 eum

462 1898 589 1943 censum
618 1879 779 1944 observari
805 1881 914 1953 iussit,
945 1879 1000 1961 qui
1021 1878 1090 1941 viro
1112 1877 1288 1942 fortissimo
1310 1885 1405 1961 atque
1427 1880 1688 1946 innocentissimo
1710 1883 1787 1948 Sex.

460 1973 623 2037 Peducaeo
645 1981 793 2056 praetore
813 1973 942 2038 babitus
963 1978 1058 2035 esset.
1089 1971 1188 2035 Erant
1209 1973 1293 2036 enim
1316 1979 1383 2035 tum
1398 1992 1545 2037 censores
1563 1972 1686 2057 legibus
1699 1975 1786 2052 iacti,
1849 2024 1854 2033 .

425 2067 575 2135 rodelenti
596 2085 616 2130 a
636 2067 702 2130 suis
724 2067 919 2141 civitatibus,
942 2066 1071 2149 quibus,
1101 2066 1226 2147 siquid
1249 2067 1497 2142 commisissent,
1518 2088 1642 2150 poenae
1662 2069 1786 2151 legibus

462 2167 551 2225 erant
577 2161 775 2225 constitutae.
818 2155 890 2222 t39.
920 2161 965 2222 Te
994 2166 1100 2223 antem
1127 2164 1273 2243 praetore
1294 2161 1367 2242 quis
1389 2180 1501 2224 censor
1521 2167 1575 2224 aut
1595 2161 1699 2245 legem
1719 2182 1786 2227 me-

460 2261 578 2330 tueret,
600 2273 664 2337 qua
684 2275 749 2318 non
770 2254 949 2328 tenebatur,
972 2254 1123 2338 quoniam
1141 2260 1265 2318 creatus
1288 2254 1357 2336 lege
1377 2274 1444 2317 non
1466 2264 1548 2330 erat:
1571 2262 1625 2318 aut
1644 2255 1787 2319 animad-

459 2350 638 2414 versionem
661 2356 763 2423 mam,
785 2368 856 2412 cum
878 2347 926 2422 id,
949 2347 1037 2431 quod
1057 2348 1114 2412 abs
1130 2355 1310 2422 temerat,
1332 2348 1548 2413 vendidisset?
1581 2351 1702 2416 Teneat
1721 2354 1786 2418 iam

461 2464 537 2509 sane
559 2463 646 2507 meos
669 2450 764 2507 testes
786 2441 950 2506 Metellus:
978 2449 1071 2524 cogat
1091 2443 1172 2505 alios
1194 2441 1340 2516 laudare,
1368 2443 1449 2507 sicut
1470 2443 1504 2506 in
1525 2444 1632 2508 multis
1654 2453 1785 2511 conatus

422 2548 525 2608 adest:
546 2538 643 2602 modo
664 2529 747 2602 baec
762 2535 873 2612 faciat,
895 2556 977 2621 quae
997 2536 1081 2600 iacit
1111 2537 1192 2612 Quis
1214 2538 1300 2600 enim
1320 2556 1469 2620 nmquam
1490 2545 1577 2602 tanta
1590 2557 1610 2602 a
1624 2559 1786 2624 quoquam

461 2632 668 2706 contumelia,
691 2631 763 2714 qnis
785 2638 872 2694 Muta
893 2631 1067 2714 ignominia
1087 2634 1217 2695 allectam
1240 2634 1313 2695 esti
1347 2631 1467 2707 Quinto
1487 2652 1617 2715 quoque
1636 2653 1721 2697 anno
1737 2636 1787 2700 Si-

461 2729 534 2793 cilia
554 2735 620 2791 tcta
642 2732 797 2790 censetur.
839 2727 915 2788 Erat
942 2744 1037 2788 censa
1062 2734 1209 2809 praetore
1229 2725 1413 2789 Peducaeo:
1441 2727 1570 2809 quintus
1591 2745 1694 2790 annus
1715 2747 1787 2793 eam

460 2824 495 2887 in
515 2830 547 2886 te
569 2827 746 2904 praetorem
767 2819 945 2893 incidisset,
974 2838 1069 2883 censa
1097 2819 1202 2884 denuo
1224 2828 1281 2884 est.
1323 2821 1453 2883 Postero
1476 2840 1560 2886 anno
1582 2820 1617 2881 b.
1638 2821 1786 2886 Metellus

460 2917 653 2982 mentionem
682 2914 730 2977 tui
759 2934 871 2978 census
896 2913 968 2977 fieri
995 2919 1099 2978 vetat:
1128 2933 1275 2979 censores
1302 2914 1380 2978 dicit
1400 2915 1440 2978 de
1461 2917 1583 2998 integro
1604 2915 1666 2978 sibi
1687 2916 1787 2979 creari

422 3013 603 3097 replacere:
637 3011 759 3074 interea
788 3007 1029 3073 Peducaeanum
1064 3028 1193 3072 censum
1222 3009 1384 3073 observari
1412 3009 1510 3072 iubet.
1558 3008 1628 3072 Hoc
1654 3009 1683 3072 si
1710 3017 1785 3077 tuus

458 3105 605 3171 inimicus
627 3102 768 3177 iecisset,
790 3110 907 3176 tamen,
929 3102 956 3165 si
978 3100 1201 3186 animoseque
1222 3103 1386 3185 provincia
1401 3103 1541 3179 tulisset,
1562 3104 1681 3168 inimici
1702 3104 1785 3170 indi·

459 3202 543 3266 cium
564 3216 659 3282 grave
680 3196 851 3262 videretur.
881 3197 967 3259 Fecit
987 3197 1108 3261 amicus
1121 3216 1231 3261 recens
1246 3205 1279 3261 et
1292 3205 1441 3280 cognatus
1455 3198 1671 3265 voluntarius:
1693 3201 1785 3266 aliter

460 3297 561 3368 enim,
594 3293 622 3356 si
653 3291 847 3374 provinciam
874 3291 1029 3366 retinere,
1062 3292 1090 3356 si
1121 3292 1226 3356 saluis
1248 3294 1317 3376 ipse
1339 3293 1373 3355 in
1394 3293 1558 3375 provincia
1577 3293 1676 3359 vellet
1697 3316 1784 3372 esse,

458 3386 561 3450 iacere
588 3404 656 3448 non
683 3386 797 3467 potuit
839 3383 932 3448 LVII.
955 3377 1027 3446 tto.
1049 3386 1223 3469 Exspectas
1245 3388 1356 3460 etiam,
1388 3385 1466 3469 qnid
1493 3385 1528 3449 hi
1549 3386 1714 3452 iudicent‘l
1751 3390 1784 3454 Si

421 3481 517 3548 tctibi
537 3481 751 3562 magistratum
775 3480 974 3562 abrogasset,
1007 3479 1130 3543 minore
1151 3480 1325 3562 ignominia
1346 3487 1377 3543 te
1398 3481 1569 3555 affecimet,
1598 3500 1693 3564 quam
1714 3504 1784 3547 cum

460 3595 514 3650 ea,
534 3593 617 3658 quae
637 3574 672 3637 in
693 3574 876 3656 magistratu
897 3573 1040 3656 gessisti,
1066 3574 1193 3638 sustulit
1213 3582 1309 3658 atque
1330 3575 1418 3638 irrita
1438 3575 1530 3638 iussit
1550 3594 1631 3638 esse.
1664 3568 1784 3659 ‘Neque

458 3671 493 3734 in
513 3667 573 3731 bac
593 3687 627 3730 re
649 3667 717 3731 sola
737 3666 800 3731 sui:
820 3669 888 3731 cius
911 3665 1013 3742 modi,
1044 3667 1118 3742 sed,
1148 3675 1318 3753 antequam
1340 3688 1398 3751 ego
1424 3668 1458 3732 in
1479 3668 1618 3733 Siciliam
1638 3672 1728 3745 veni,
1749 3672 1784 3734 in

459 3762 605 3828 maximis
626 3762 721 3826 rebus
742 3781 778 3826 sc
798 3762 960 3846 plurimis:
989 3781 1063 3825 nam
1084 3770 1117 3826 et
1137 3762 1282 3827 Heraclio
1305 3763 1517 3846 Syracusanus
1540 3770 1612 3826 tuos
1633 3763 1706 3827 illos
1728 3783 1785 3847 pa·

460 3855 617 3922 laestritas
644 3856 730 3919 bona
754 3856 919 3919 restituere
948 3855 1041 3919 iussit
1062 3863 1095 3920 et
1119 3857 1257 3939 Epicrati
1279 3856 1409 3922 Bidinos
1431 3864 1464 3920 et
1486 3857 1610 3941 pupillo
1631 3859 1784 3941 Drepani·

527 4245 551 4296 4.
565 4255 620 4308 pec.
638 4240 796 4294 cribrandae
812 4240 880 4306 4342
896 4254 924 4306 p.
942 4254 978 4293 m.
999 4268 1026 4277 -
1046 4242 1072 4291 2.
1089 4241 1128 4291 4444
1143 4239 1209 4303 lui:
1236 4253 1289 4292 om.
1308 4240 1357 4292 dtt.
1378 4267 1405 4279 -
1423 4243 1448 4294 3.
1466 4243 1552 4307 udepst
1567 4243 1599 4294 V.
1620 4272 1647 4282 -
1665 4245 1690 4296 6.
1705 4247 1785 4308 poerit

459 4321 489 4372 V.
510 4346 538 4357 -
556 4318 792 4383 eumacius:
810 4330 896 4368 cecus:
912 4317 951 4368 eV
968 4318 1013 4368 ctt.
1032 4317 1061 4367 0.
1081 4345 1110 4355 -
1128 4317 1152 4367 7.
1171 4318 1315 4368 mucescit
1330 4319 1361 4369 V.
1383 4346 1409 4356 -
1427 4319 1563 4384 meet]
1579 4320 1716 4372 boumont
1732 4323 1784 4374 PM

459 4397 507 4448 dtt.
528 4423 556 4433 —
574 4395 599 4446 8.
618 4393 708 4459 munt]
724 4393 825 4444 loceris
839 4393 871 4442 V.
891 4419 919 4429 —
937 4394 959 4442 st
975 4393 1121 4444 oumessV.
1143 4420 1170 4430 -
1188 4393 1212 4444 9.
1231 4394 1430 4457 resipecV.-
1449 4397 1490 4446 40.
1508 4396 1636 4446 StultcV.
1652 4423 1680 4433 -
1699 4398 1781 4447 til.

458 4470 598 4523 lueubiV
619 4469 661 4535 (cl.
681 4469 706 4534 ἕ.
724 4468 765 4520 ct.
784 4467 868 4530 stoi:
893 4469 974 4519 letitie·
997 4469 1095 4518 omisso
1116 4469 1289 4532 praenomine
1306 4469 1335 4519 0.
1356 4495 1383 4506 -
1409 4471 1450 4520 ta.
1468 4482 1543 4521 centu
1556 4471 1621 4520 stus-i
1636 4471 1670 4520 V:
1697 4483 1784 4522 ceruus

458 4549 522 4598 steri
538 4548 606 4603 PM:
624 4559 724 4596 cecum
739 4550 807 4595 stare
824 4546 869 4595 ctt.
888 4544 918 4594 0.
933 4571 961 4580 -
980 4542 1020 4594 44.
1037 4544 1146 4594 Pedaceo
1164 4542 1211 4606 (sic
1228 4544 1309 4594 etiam
1325 4543 1399 4606 inira)
1416 4544 1447 4594 V.
1464 4571 1490 4581 -
1508 4544 1633 4595 habitatu
1648 4558 1699 4596 esre
1709 4546 1740 4596 V.
1753 4573 1780 4584 -

459 4623 500 4674 td.
518 4621 698 4686 guubglbb:
717 4619 761 4683 get
778 4617 866 4669 etto.
882 4644 910 4654 -
927 4622 1045 4669 metueret
1061 4617 1086 4682 4,
1102 4619 1137 4667 V:
1155 4619 1270 4669 macerit
1286 4631 1308 4669 s.
1320 4620 1498 4669 mammeti.
1513 4646 1541 4655 -
1560 4620 1601 4670 48.
1618 4633 1676 4669 cum
1691 4621 1727 4684 ic]
1739 4622 1784 4683 past

458 4697 486 4748 td
502 4696 587 4762 lgm
605 4697 648 4759 qus·
664 4706 721 4744 cur
737 4694 767 4744 V.
783 4717 811 4731 -
830 4697 912 4743 teum
926 4705 993 4743 cunc
1007 4694 1230 4745 circumimus
1244 4692 1506 4745 claudiussacerdos
1523 4694 1549 4744 in
1566 4693 1648 4745 Anall.
1667 4707 1780 4759 mmm.

459 4783 486 4836 p.
500 4771 578 4823 34.-
594 4770 637 4822 20.
654 4769 716 4834 [ecit
731 4766 952 4832 ngtottucV:
969 4768 1120 4832 secitctt-
1137 4769 1179 4820 23.
1192 4771 1220 4818 to
1235 4770 1423 4836 uprcetcrem]
1440 4771 1467 4820 in
1483 4775 1507 4821 te
1519 4771 1666 4835 pcpstctll.
1686 4773 1783 4835 (ortum

460 4847 531 4896 sxP.
542 4845 571 4896 ll.
588 4857 636 4910 pro
652 4847 699 4896 PR.
719 4843 757 4895 Ct.
776 4843 800 4908 g.
814 4844 864 4907 67.)
881 4844 918 4904 V;
936 4848 960 4894 te
971 4849 1090 4906 praetore
1106 4845 1153 4894 ctt.
1165 4843 1195 4894 0.
1213 4843 1334 4894 Lambini
1351 4846 1420 4894 coni.
1438 4858 1510 4896 nunc
1526 4846 1620 4897 codice
1636 4845 1659 4895 V
1676 4849 1782 4909 egregie

459 4920 588 4971 firmatur.
621 4921 732 4985 Propter
753 4917 919 4984 praecedens
938 4932 965 4967 m
986 4919 1146 4983 praepositio
1170 4919 1211 4982 tc,
1236 4917 1264 4968 id
1281 4918 1353 4982 quod
1370 4920 1525 4984 saepissime
1542 4921 1570 4972 in
1586 4922 1704 4973 verrinis
1720 4921 1783 4974 alibi

460 4995 559 5047 Motum
576 4993 703 5057 vidimus,
726 4995 810 5046 omitti
830 4991 905 5044 tucile
926 4994 1019 5057 potuit.
1046 4995 1113 5045 'lum
1136 4999 1159 5045 ts
1173 4996 1221 5045 Pil.
1239 4995 1391 5046 necessario
1407 5008 1456 5060 pro
1473 4995 1586 5047 ablatiiu
1602 4996 1782 5048 habebatura

459 5067 581 5121 librariis.
602 5096 630 5108 -
648 5069 690 5120 23.
708 5071 810 5121 &uacet
825 5068 856 5119 V.
878 5095 906 5106 -
932 5066 973 5119 tt.
991 5069 1064 5119 edicit
1079 5071 1107 5120 L.
1123 5096 1151 5107 -
1168 5069 1446 5122 mue--ccercure
1462 5070 1530 5136 4344
1547 5084 1573 5136 p.
1586 5085 1623 5122 m.
1640 5100 1666 5110 -
1684 5074 1726 5123 26.
1743 5075 1782 5138 se-

418 5175 422 5182 ·
459 5146 530 5197 cieret
546 5145 614 5210 agit
631 5158 658 5211 p.
670 5159 707 5198 m.
720 5147 755 5196 V:
772 5145 829 5211 pert
843 5145 937 5208 {minet
952 5144 1035 5208 Lgt9;
1054 5144 1098 5194 tibi
1112 5145 1158 5208 (ec.
1178 5146 1272 5197 etto.
1292 5171 1319 5182 -
1338 5149 1433 5207 umes,
1451 5147 1473 5194 st
1488 5143 1513 5207 4,
1533 5146 1556 5194 V
1571 5145 1619 5196 al:
1638 5153 1722 5199 umen
1738 5151 1783 5200 etos·

460 5221 567 5286 444433.
580 5223 608 5272 et
623 5221 684 5273 cod.
694 5223 788 5275 Mureti
804 5222 881 5271 Varr.
894 5222 977 5270 lectt.
995 5219 1060 5270 XVI.
1079 5220 1135 5279 li:
1153 5221 1251 5271 tusum
1265 5220 1294 5270 0.
1315 5244 1343 5256 -
1361 5233 1441 5282 ecquo
1457 5220 1542 5272 aemio
1558 5221 1605 5273 eV.
1625 5247 1655 5261 -
1673 5223 1714 5275 30.
1731 5225 1783 5275 4ηό-

460 5298 518 5351 scri
533 5296 602 5368 1342
618 5310 646 5368 p.
659 5309 695 5352 ni.
715 5322 744 5335 -·
762 5295 802 5351 43.
820 5295 994 5362 sermome:
1009 5292 1079 5361 Lgtt
1095 5306 1122 5360 p.
1135 5307 1189 5347 m.:
1206 5294 1368 5360 serrem
1385 5296 1431 5347 ott.
1449 5295 1478 5345 0.
