<?xml version="1.0" encoding="UTF-8"?>
<!DOCTYPE html PUBLIC "-//W3C//DTD XHTML 1.0 Transitional//EN"
    "http://www.w3.org/TR/xhtml1/DTD/xhtml1-transitional.dtd">
<html xmlns="http://www.w3.org/1999/xhtml" xml:lang="en" lang="en">
 <head>
  <title>
</title>
<meta http-equiv="Content-Type" content="text/html;charset=utf-8" />
  <meta name='ocr-system' content='tesseract 3.04.00' />
  <meta name='ocr-capabilities' content='ocr_page ocr_carea ocr_par ocr_line ocrx_word'/>
</head>
<body>
  <div class='ocr_page' id='page_1' title='image "./operaquaesupers02halmgoog_0625.png"; bbox 0 0 4367 6109; ppageno 0'>
   <div class='ocr_carea' id='block_1_1' title="bbox 850 573 1739 663">
    <p class='ocr_par' dir='ltr' id='par_1_1' title="bbox 850 573 1739 663">
     <span class='ocr_line' id='line_1_1' title="bbox 850 573 1739 663; baseline -0.002 -21"><span class='ocrx_word' id='word_1_1' title='bbox 850 578 923 642; x_wconf 71' lang='lat' dir='ltr'>cn.</span> <span class='ocrx_word' id='word_1_2' title='bbox 944 579 1081 643; x_wconf 87' lang='lat' dir='ltr'>u-rv.</span> <span class='ocrx_word' id='word_1_3' title='bbox 1109 575 1166 663; x_wconf 73' lang='lat' dir='ltr'>ss.</span> <span class='ocrx_word' id='word_1_4' title='bbox 1188 573 1316 642; x_wconf 81' lang='grc' dir='ltr'><strong>ι-ιο.</strong></span> <span class='ocrx_word' id='word_1_5' title='bbox 1684 573 1739 642; x_wconf 79' lang='lat' dir='ltr'>sss</span> 
     </span>
    </p>
   </div>
   <div class='ocr_carea' id='block_1_2' title="bbox 414 746 1782 4110">
    <p class='ocr_par' dir='ltr' id='par_1_2' title="bbox 414 746 1782 4110">
     <span class='ocr_line' id='line_1_2' title="bbox 419 746 1745 831; baseline 0.002 -23"><span class='ocrx_word' id='word_1_6' title='bbox 419 747 452 809; x_wconf 91' lang='lat' dir='ltr'>in</span> <span class='ocrx_word' id='word_1_7' title='bbox 474 746 543 829; x_wconf 90' lang='lat' dir='ltr'>ipso</span> <span class='ocrx_word' id='word_1_8' title='bbox 566 756 695 821; x_wconf 87' lang='lat' dir='ltr'>senatu,</span> <span class='ocrx_word' id='word_1_9' title='bbox 722 748 756 810; x_wconf 94' lang='lat' dir='ltr'>in</span> <span class='ocrx_word' id='word_1_10' title='bbox 777 767 841 831; x_wconf 91' lang='lat' dir='ltr'>quo</span> <span class='ocrx_word' id='word_1_11' title='bbox 863 767 935 810; x_wconf 90' lang='lat' dir='ltr'>esse</span> <span class='ocrx_word' id='word_1_12' title='bbox 959 747 1048 811; x_wconf 84' lang='lat' dir='ltr'>locus</span> <span class='ocrx_word' id='word_1_13' title='bbox 1077 746 1152 811; x_wconf 91' lang='lat' dir='ltr'>buic</span> <span class='ocrx_word' id='word_1_14' title='bbox 1174 750 1243 812; x_wconf 87' lang='lat' dir='ltr'>voci</span> <span class='ocrx_word' id='word_1_15' title='bbox 1264 768 1329 811; x_wconf 92' lang='lat' dir='ltr'>uon</span> <span class='ocrx_word' id='word_1_16' title='bbox 1350 747 1531 822; x_wconf 81' lang='lat' dir='ltr'>videbatur,</span> <span class='ocrx_word' id='word_1_17' title='bbox 1561 746 1745 831; x_wconf 81' lang='lat' dir='ltr'>popularem</span> 
     </span>
     <span class='ocr_line' id='line_1_3' title="bbox 421 838 1744 924; baseline 0.003 -23"><span class='ocrx_word' id='word_1_18' title='bbox 421 860 470 902; x_wconf 92' lang='lat' dir='ltr'>me</span> <span class='ocrx_word' id='word_1_19' title='bbox 491 838 630 903; x_wconf 85' lang='lat' dir='ltr'>futurum</span> <span class='ocrx_word' id='word_1_20' title='bbox 653 859 722 904; x_wconf 89' lang='lat' dir='ltr'>esse</span> <span class='ocrx_word' id='word_1_21' title='bbox 743 841 923 914; x_wconf 87' lang='lat' dir='ltr'>consulem,</span> <span class='ocrx_word' id='word_1_22' title='bbox 951 842 1053 924; x_wconf 89' lang='lat' dir='ltr'>prima</span> <span class='ocrx_word' id='word_1_23' title='bbox 1081 841 1137 905; x_wconf 91' lang='lat' dir='ltr'>illa</span> <span class='ocrx_word' id='word_1_24' title='bbox 1158 862 1227 905; x_wconf 90' lang='lat' dir='ltr'>mea</span> <span class='ocrx_word' id='word_1_25' title='bbox 1251 843 1391 905; x_wconf 87' lang='lat' dir='ltr'>oratione</span> <span class='ocrx_word' id='word_1_26' title='bbox 1414 841 1568 904; x_wconf 82' lang='lat' dir='ltr'>Kalendis</span> <span class='ocrx_word' id='word_1_27' title='bbox 1589 842 1744 905; x_wconf 72' lang='lat' dir='ltr'>Ianuariis</span> 
     </span>
     <span class='ocr_line' id='line_1_4' title="bbox 421 930 1745 1018; baseline 0.002 -24"><span class='ocrx_word' id='word_1_28' title='bbox 421 933 497 995; x_wconf 85' lang='lat' dir='ltr'>dixi.</span> <span class='ocrx_word' id='word_1_29' title='bbox 540 930 570 996; x_wconf 88' lang='grc'>7.</span> <span class='ocrx_word' id='word_1_30' title='bbox 592 935 704 1017; x_wconf 81' lang='lat' dir='ltr'>Neque</span> <span class='ocrx_word' id='word_1_31' title='bbox 726 936 809 997; x_wconf 91' lang='lat' dir='ltr'>enim</span> <span class='ocrx_word' id='word_1_32' title='bbox 830 934 897 996; x_wconf 90' lang='lat' dir='ltr'>ullo</span> <span class='ocrx_word' id='word_1_33' title='bbox 919 935 1014 999; x_wconf 95' lang='lat' dir='ltr'>modo</span> <span class='ocrx_word' id='word_1_34' title='bbox 1037 956 1184 1018; x_wconf 85' lang='lat' dir='ltr'>possum,</span> <span class='ocrx_word' id='word_1_35' title='bbox 1219 957 1290 998; x_wconf 91' lang='lat' dir='ltr'>cum</span> <span class='ocrx_word' id='word_1_36' title='bbox 1313 957 1363 998; x_wconf 92' lang='lat' dir='ltr'>me</span> <span class='ocrx_word' id='word_1_37' title='bbox 1392 934 1566 1018; x_wconf 76' lang='lat' dir='ltr'><strong>intelligam</strong></span> <span class='ocrx_word' id='word_1_38' title='bbox 1593 955 1659 998; x_wconf 93' lang='lat' dir='ltr'>nou</span> <span class='ocrx_word' id='word_1_39' title='bbox 1687 933 1745 997; x_wconf 91' lang='lat' dir='ltr'>bo-</span> 
     </span>
     <span class='ocr_line' id='line_1_5' title="bbox 421 1026 1745 1113; baseline 0 -24"><span class='ocrx_word' id='word_1_40' title='bbox 421 1029 540 1089; x_wconf 91' lang='lat' dir='ltr'>minum</span> <span class='ocrx_word' id='word_1_41' title='bbox 560 1028 736 1111; x_wconf 89' lang='lat' dir='ltr'>potentium</span> <span class='ocrx_word' id='word_1_42' title='bbox 758 1026 881 1102; x_wconf 92' lang='lat' dir='ltr'>studio,</span> <span class='ocrx_word' id='word_1_43' title='bbox 908 1048 972 1091; x_wconf 92' lang='lat' dir='ltr'>non</span> <span class='ocrx_word' id='word_1_44' title='bbox 995 1029 1223 1092; x_wconf 78' lang='lat' dir='ltr'>excellentibus</span> <span class='ocrx_word' id='word_1_45' title='bbox 1249 1031 1358 1112; x_wconf 79' lang='lat' dir='ltr'>gratiis</span> <span class='ocrx_word' id='word_1_46' title='bbox 1383 1049 1572 1113; x_wconf 88' lang='lat' dir='ltr'>paucorum,</span> <span class='ocrx_word' id='word_1_47' title='bbox 1595 1031 1651 1093; x_wconf 92' lang='lat' dir='ltr'>sed</span> <span class='ocrx_word' id='word_1_48' title='bbox 1674 1028 1745 1091; x_wconf 93' lang='lat' dir='ltr'>uui-</span> 
     </span>
     <span class='ocr_line' id='line_1_6' title="bbox 421 1120 1768 1203; baseline 0.003 -20"><span class='ocrx_word' id='word_1_49' title='bbox 421 1121 504 1183; x_wconf 89' lang='lat' dir='ltr'>versi</span> <span class='ocrx_word' id='word_1_50' title='bbox 532 1120 642 1203; x_wconf 90' lang='lat' dir='ltr'>populi</span> <span class='ocrx_word' id='word_1_51' title='bbox 673 1121 804 1183; x_wconf 83' lang='lat' dir='ltr'>Romani</span> <span class='ocrx_word' id='word_1_52' title='bbox 833 1122 952 1185; x_wconf 90' lang='lat' dir='ltr'>iudicio</span> <span class='ocrx_word' id='word_1_53' title='bbox 975 1122 1139 1186; x_wconf 89' lang='lat' dir='ltr'>consulem</span> <span class='ocrx_word' id='word_1_54' title='bbox 1167 1122 1210 1185; x_wconf 89' lang='lat' dir='ltr'>ita</span> <span class='ocrx_word' id='word_1_55' title='bbox 1236 1123 1369 1197; x_wconf 85' lang='lat' dir='ltr'>iactum,</span> <span class='ocrx_word' id='word_1_56' title='bbox 1402 1132 1438 1185; x_wconf 91' lang='lat' dir='ltr'>ut</span> <span class='ocrx_word' id='word_1_57' title='bbox 1459 1123 1664 1188; x_wconf 72' lang='lat' dir='ltr'>nobilissimis</span> <span class='ocrx_word' id='word_1_58' title='bbox 1685 1123 1768 1187; x_wconf 83' lang='lat' dir='ltr'>bo-o</span> 
     </span>
     <span class='ocr_line' id='line_1_7' title="bbox 420 1215 1744 1299; baseline 0.003 -24"><span class='ocrx_word' id='word_1_59' title='bbox 420 1215 556 1277; x_wconf 81' lang='lat' dir='ltr'>minibus</span> <span class='ocrx_word' id='word_1_60' title='bbox 585 1215 679 1296; x_wconf 80' lang='lat' dir='ltr'>louge</span> <span class='ocrx_word' id='word_1_61' title='bbox 707 1233 932 1297; x_wconf 91' lang='lat' dir='ltr'>praeponerer‚</span> <span class='ocrx_word' id='word_1_62' title='bbox 965 1236 1029 1277; x_wconf 90' lang='lat' dir='ltr'>nou</span> <span class='ocrx_word' id='word_1_63' title='bbox 1059 1223 1090 1278; x_wconf 90' lang='lat' dir='ltr'>et</span> <span class='ocrx_word' id='word_1_64' title='bbox 1118 1215 1151 1277; x_wconf 93' lang='lat' dir='ltr'>in</span> <span class='ocrx_word' id='word_1_65' title='bbox 1173 1215 1233 1278; x_wconf 91' lang='lat' dir='ltr'>boo</span> <span class='ocrx_word' id='word_1_66' title='bbox 1256 1218 1441 1299; x_wconf 77' lang='lat' dir='ltr'>magistratu</span> <span class='ocrx_word' id='word_1_67' title='bbox 1463 1226 1495 1280; x_wconf 92' lang='lat' dir='ltr'>et</span> <span class='ocrx_word' id='word_1_68' title='bbox 1515 1219 1549 1280; x_wconf 92' lang='lat' dir='ltr'>in</span> <span class='ocrx_word' id='word_1_69' title='bbox 1571 1217 1657 1280; x_wconf 92' lang='lat' dir='ltr'>omni</span> <span class='ocrx_word' id='word_1_70' title='bbox 1679 1217 1744 1280; x_wconf 83' lang='lat' dir='ltr'>vita</span> 
     </span>
     <span class='ocr_line' id='line_1_8' title="bbox 419 1307 1745 1393; baseline 0.004 -24"><span class='ocrx_word' id='word_1_71' title='bbox 419 1327 488 1370; x_wconf 87' lang='lat' dir='ltr'>esse</span> <span class='ocrx_word' id='word_1_72' title='bbox 509 1307 684 1390; x_wconf 87' lang='lat' dir='ltr'>popularis.</span> <span class='ocrx_word' id='word_1_73' title='bbox 728 1307 791 1370; x_wconf 89' lang='lat' dir='ltr'>Sed</span> <span class='ocrx_word' id='word_1_74' title='bbox 813 1309 889 1371; x_wconf 92' lang='lat' dir='ltr'>mibi</span> <span class='ocrx_word' id='word_1_75' title='bbox 912 1309 951 1371; x_wconf 88' lang='lat' dir='ltr'>ad</span> <span class='ocrx_word' id='word_1_76' title='bbox 974 1309 1107 1371; x_wconf 91' lang='lat' dir='ltr'>huiusce</span> <span class='ocrx_word' id='word_1_77' title='bbox 1127 1308 1214 1371; x_wconf 84' lang='lat' dir='ltr'>verbi</span> <span class='ocrx_word' id='word_1_78' title='bbox 1235 1310 1300 1371; x_wconf 82' lang='lat' dir='ltr'>vim</span> <span class='ocrx_word' id='word_1_79' title='bbox 1322 1316 1354 1373; x_wconf 91' lang='lat' dir='ltr'>et</span> <span class='ocrx_word' id='word_1_80' title='bbox 1376 1310 1668 1393; x_wconf 81' lang='lat' dir='ltr'>interpretationem</span> <span class='ocrx_word' id='word_1_81' title='bbox 1689 1330 1745 1374; x_wconf 87' lang='lat' dir='ltr'>ve·</span> 
     </span>
     <span class='ocr_line' id='line_1_9' title="bbox 418 1401 1745 1488; baseline 0.002 -25"><span class='ocrx_word' id='word_1_82' title='bbox 418 1401 581 1464; x_wconf 91' lang='lat' dir='ltr'>bementer</span> <span class='ocrx_word' id='word_1_83' title='bbox 602 1421 684 1484; x_wconf 93' lang='lat' dir='ltr'>opus</span> <span class='ocrx_word' id='word_1_84' title='bbox 706 1410 755 1464; x_wconf 94' lang='lat' dir='ltr'>est</span> <span class='ocrx_word' id='word_1_85' title='bbox 769 1411 873 1465; x_wconf 84' lang='lat' dir='ltr'>vestra</span> <span class='ocrx_word' id='word_1_86' title='bbox 893 1402 1056 1484; x_wconf 87' lang='lat' dir='ltr'>sapientia.</span> <span class='ocrx_word' id='word_1_87' title='bbox 1078 1402 1230 1464; x_wconf 89' lang='lat' dir='ltr'>Versatur</span> <span class='ocrx_word' id='word_1_88' title='bbox 1247 1403 1331 1465; x_wconf 91' lang='lat' dir='ltr'>euim</span> <span class='ocrx_word' id='word_1_89' title='bbox 1353 1423 1485 1486; x_wconf 82' lang='lat' dir='ltr'>maguus</span> <span class='ocrx_word' id='word_1_90' title='bbox 1505 1425 1593 1469; x_wconf 91' lang='lat' dir='ltr'>error</span> <span class='ocrx_word' id='word_1_91' title='bbox 1613 1412 1745 1488; x_wconf 88' lang='lat' dir='ltr'>propter</span> 
     </span>
     <span class='ocr_line' id='line_1_10' title="bbox 418 1495 1744 1580; baseline 0.004 -24"><span class='ocrx_word' id='word_1_92' title='bbox 418 1495 588 1558; x_wconf 84' lang='lat' dir='ltr'>insidiosas</span> <span class='ocrx_word' id='word_1_93' title='bbox 609 1515 674 1558; x_wconf 92' lang='lat' dir='ltr'>uon</span> <span class='ocrx_word' id='word_1_94' title='bbox 696 1495 856 1558; x_wconf 90' lang='lat' dir='ltr'>nullorum</span> <span class='ocrx_word' id='word_1_95' title='bbox 878 1495 1110 1568; x_wconf 84' lang='lat' dir='ltr'>simulationes,</span> <span class='ocrx_word' id='word_1_96' title='bbox 1143 1496 1199 1579; x_wconf 90' lang='lat' dir='ltr'>qui</span> <span class='ocrx_word' id='word_1_97' title='bbox 1222 1516 1294 1558; x_wconf 92' lang='lat' dir='ltr'>cum</span> <span class='ocrx_word' id='word_1_98' title='bbox 1316 1496 1427 1580; x_wconf 91' lang='lat' dir='ltr'>populi</span> <span class='ocrx_word' id='word_1_99' title='bbox 1449 1518 1512 1560; x_wconf 91' lang='lat' dir='ltr'>nou</span> <span class='ocrx_word' id='word_1_100' title='bbox 1534 1500 1637 1561; x_wconf 91' lang='lat' dir='ltr'>solum</span> <span class='ocrx_word' id='word_1_101' title='bbox 1659 1517 1744 1560; x_wconf 91' lang='lat' dir='ltr'>com·</span> 
     </span>
     <span class='ocr_line' id='line_1_11' title="bbox 418 1589 1781 1674; baseline 0.007 -24"><span class='ocrx_word' id='word_1_102' title='bbox 418 1590 530 1662; x_wconf 91' lang='lat' dir='ltr'>moda,</span> <span class='ocrx_word' id='word_1_103' title='bbox 559 1609 668 1653; x_wconf 81' lang='lat' dir='ltr'>verum</span> <span class='ocrx_word' id='word_1_104' title='bbox 691 1589 784 1653; x_wconf 91' lang='lat' dir='ltr'>etiam</span> <span class='ocrx_word' id='word_1_105' title='bbox 807 1589 940 1653; x_wconf 90' lang='lat' dir='ltr'>salutem</span> <span class='ocrx_word' id='word_1_106' title='bbox 966 1597 1153 1671; x_wconf 79' lang='lat' dir='ltr'>oppugnant</span> <span class='ocrx_word' id='word_1_107' title='bbox 1174 1597 1206 1653; x_wconf 90' lang='lat' dir='ltr'>et</span> <span class='ocrx_word' id='word_1_108' title='bbox 1230 1589 1422 1672; x_wconf 90' lang='lat' dir='ltr'>impediunt,</span> <span class='ocrx_word' id='word_1_109' title='bbox 1451 1594 1591 1655; x_wconf 91' lang='lat' dir='ltr'>oratione</span> <span class='ocrx_word' id='word_1_110' title='bbox 1614 1591 1742 1674; x_wconf 90' lang='lat' dir='ltr'>assequi</span> <span class='ocrx_word' id='word_1_111' title='bbox 1753 1612 1781 1658; x_wconf 80' lang='lat' dir='ltr'>so</span> 
     </span>
     <span class='ocr_line' id='line_1_12' title="bbox 419 1681 1744 1768; baseline 0.003 -24"><span class='ocrx_word' id='word_1_112' title='bbox 419 1683 528 1745; x_wconf 89' lang='lat' dir='ltr'>volunt</span> <span class='ocrx_word' id='word_1_113' title='bbox 554 1691 590 1745; x_wconf 93' lang='lat' dir='ltr'>ut</span> <span class='ocrx_word' id='word_1_114' title='bbox 616 1684 784 1768; x_wconf 89' lang='lat' dir='ltr'>populares</span> <span class='ocrx_word' id='word_1_115' title='bbox 809 1704 878 1747; x_wconf 89' lang='lat' dir='ltr'>esse</span> <span class='ocrx_word' id='word_1_116' title='bbox 899 1683 1074 1746; x_wconf 85' lang='lat' dir='ltr'>videantur.</span> <span class='ocrx_word' id='word_1_117' title='bbox 1117 1681 1147 1744; x_wconf 88' lang='lat'>8.</span> <span class='ocrx_word' id='word_1_118' title='bbox 1176 1686 1243 1765; x_wconf 81' lang='lat' dir='ltr'>Ego</span> <span class='ocrx_word' id='word_1_119' title='bbox 1266 1683 1393 1767; x_wconf 92' lang='lat' dir='ltr'>qualem</span> <span class='ocrx_word' id='word_1_120' title='bbox 1414 1685 1566 1748; x_wconf 85' lang='lat' dir='ltr'>Kalendis</span> <span class='ocrx_word' id='word_1_121' title='bbox 1588 1686 1744 1748; x_wconf 87' lang='lat' dir='ltr'>Ianuariis</span> 
     </span>
     <span class='ocr_line' id='line_1_13' title="bbox 417 1775 1745 1862; baseline 0.001 -23"><span class='ocrx_word' id='word_1_122' title='bbox 417 1777 593 1859; x_wconf 88' lang='lat' dir='ltr'>acceperim</span> <span class='ocrx_word' id='word_1_123' title='bbox 615 1778 875 1862; x_wconf 88' lang='lat' dir='ltr'>rempublicam,</span> <span class='ocrx_word' id='word_1_124' title='bbox 898 1775 1053 1851; x_wconf 87' lang='lat' dir='ltr'>Quirites,</span> <span class='ocrx_word' id='word_1_125' title='bbox 1076 1775 1236 1859; x_wconf 77' lang='lat' dir='ltr'>intelligo:</span> <span class='ocrx_word' id='word_1_126' title='bbox 1267 1778 1395 1861; x_wconf 90' lang='lat' dir='ltr'>plenam</span> <span class='ocrx_word' id='word_1_127' title='bbox 1417 1777 1654 1853; x_wconf 88' lang='lat' dir='ltr'>sollicitudinis,</span> <span class='ocrx_word' id='word_1_128' title='bbox 1677 1778 1745 1861; x_wconf 93' lang='lat' dir='ltr'>ple-</span> 
     </span>
     <span class='ocr_line' id='line_1_14' title="bbox 419 1870 1745 1956; baseline 0.002 -24"><span class='ocrx_word' id='word_1_129' title='bbox 419 1891 491 1933; x_wconf 89' lang='lat' dir='ltr'>nam</span> <span class='ocrx_word' id='word_1_130' title='bbox 514 1872 649 1947; x_wconf 90' lang='lat' dir='ltr'>timoris,</span> <span class='ocrx_word' id='word_1_131' title='bbox 671 1873 705 1934; x_wconf 92' lang='lat' dir='ltr'>in</span> <span class='ocrx_word' id='word_1_132' title='bbox 727 1890 791 1956; x_wconf 90' lang='lat' dir='ltr'>qua</span> <span class='ocrx_word' id='word_1_133' title='bbox 813 1870 893 1933; x_wconf 92' lang='lat' dir='ltr'>nibil</span> <span class='ocrx_word' id='word_1_134' title='bbox 916 1879 984 1934; x_wconf 88' lang='lat' dir='ltr'>erat</span> <span class='ocrx_word' id='word_1_135' title='bbox 1005 1870 1100 1944; x_wconf 91' lang='lat' dir='ltr'>mali,</span> <span class='ocrx_word' id='word_1_136' title='bbox 1121 1871 1200 1934; x_wconf 93' lang='lat' dir='ltr'>nibil</span> <span class='ocrx_word' id='word_1_137' title='bbox 1222 1873 1364 1947; x_wconf 87' lang='lat' dir='ltr'>adversi,</span> <span class='ocrx_word' id='word_1_138' title='bbox 1388 1872 1475 1954; x_wconf 91' lang='lat' dir='ltr'>quod</span> <span class='ocrx_word' id='word_1_139' title='bbox 1497 1892 1561 1934; x_wconf 92' lang='lat' dir='ltr'>non</span> <span class='ocrx_word' id='word_1_140' title='bbox 1581 1874 1657 1936; x_wconf 94' lang='lat' dir='ltr'>boni</span> <span class='ocrx_word' id='word_1_141' title='bbox 1678 1893 1745 1936; x_wconf 92' lang='lat' dir='ltr'>me·</span> 
     </span>
     <span class='ocr_line' id='line_1_15' title="bbox 419 1965 1744 2049; baseline 0.001 -21"><span class='ocrx_word' id='word_1_142' title='bbox 419 1973 558 2040; x_wconf 88' lang='lat' dir='ltr'>tuerent,</span> <span class='ocrx_word' id='word_1_143' title='bbox 581 1965 717 2049; x_wconf 89' lang='lat' dir='ltr'>improbi</span> <span class='ocrx_word' id='word_1_144' title='bbox 740 1972 970 2047; x_wconf 86' lang='lat' dir='ltr'>exspectarent.</span> <span class='ocrx_word' id='word_1_145' title='bbox 998 1965 1112 2028; x_wconf 91' lang='lat' dir='ltr'>Omnia</span> <span class='ocrx_word' id='word_1_146' title='bbox 1133 1966 1313 2028; x_wconf 88' lang='lat' dir='ltr'>turbulenta</span> <span class='ocrx_word' id='word_1_147' title='bbox 1328 1965 1461 2028; x_wconf 89' lang='lat' dir='ltr'>consilia</span> <span class='ocrx_word' id='word_1_148' title='bbox 1475 1975 1584 2028; x_wconf 87' lang='lat' dir='ltr'>contra</span> <span class='ocrx_word' id='word_1_149' title='bbox 1598 1966 1682 2028; x_wconf 90' lang='lat' dir='ltr'>hunc</span> <span class='ocrx_word' id='word_1_150' title='bbox 1695 1969 1744 2029; x_wconf 92' lang='lat' dir='ltr'>rei</span> 
     </span>
     <span class='ocr_line' id='line_1_16' title="bbox 419 2058 1781 2144; baseline 0.004 -23"><span class='ocrx_word' id='word_1_151' title='bbox 419 2059 563 2141; x_wconf 87' lang='lat' dir='ltr'>publicae</span> <span class='ocrx_word' id='word_1_152' title='bbox 586 2068 700 2124; x_wconf 92' lang='lat' dir='ltr'>statum</span> <span class='ocrx_word' id='word_1_153' title='bbox 723 2066 754 2122; x_wconf 94' lang='lat' dir='ltr'>et</span> <span class='ocrx_word' id='word_1_154' title='bbox 776 2067 884 2123; x_wconf 88' lang='lat' dir='ltr'>contra</span> <span class='ocrx_word' id='word_1_155' title='bbox 906 2060 1006 2121; x_wconf 92' lang='lat' dir='ltr'>otium</span> <span class='ocrx_word' id='word_1_156' title='bbox 1028 2068 1167 2123; x_wconf 85' lang='lat' dir='ltr'>vestrum</span> <span class='ocrx_word' id='word_1_157' title='bbox 1187 2061 1301 2144; x_wconf 89' lang='lat' dir='ltr'>partim</span> <span class='ocrx_word' id='word_1_158' title='bbox 1324 2059 1413 2132; x_wconf 93' lang='lat' dir='ltr'>iniri,</span> <span class='ocrx_word' id='word_1_159' title='bbox 1435 2061 1549 2141; x_wconf 90' lang='lat' dir='ltr'>partim</span> <span class='ocrx_word' id='word_1_160' title='bbox 1564 2058 1654 2122; x_wconf 93' lang='lat' dir='ltr'>nobis</span> <span class='ocrx_word' id='word_1_161' title='bbox 1669 2079 1781 2126; x_wconf 80' lang='lat' dir='ltr'>con-ss</span> 
     </span>
     <span class='ocr_line' id='line_1_17' title="bbox 418 2152 1745 2235; baseline 0.001 -21"><span class='ocrx_word' id='word_1_162' title='bbox 418 2152 540 2215; x_wconf 90' lang='lat' dir='ltr'>sulibus</span> <span class='ocrx_word' id='word_1_163' title='bbox 562 2153 736 2235; x_wconf 82' lang='lat' dir='ltr'>designatis</span> <span class='ocrx_word' id='word_1_164' title='bbox 757 2154 835 2216; x_wconf 89' lang='lat' dir='ltr'>inita</span> <span class='ocrx_word' id='word_1_165' title='bbox 856 2173 926 2216; x_wconf 91' lang='lat' dir='ltr'>esse</span> <span class='ocrx_word' id='word_1_166' title='bbox 949 2153 1143 2216; x_wconf 86' lang='lat' dir='ltr'>dicebantur.</span> <span class='ocrx_word' id='word_1_167' title='bbox 1171 2152 1300 2215; x_wconf 84' lang='lat' dir='ltr'>Sublata</span> <span class='ocrx_word' id='word_1_168' title='bbox 1322 2158 1388 2214; x_wconf 84' lang='lat' dir='ltr'>erat</span> <span class='ocrx_word' id='word_1_169' title='bbox 1409 2153 1448 2215; x_wconf 92' lang='lat' dir='ltr'>de</span> <span class='ocrx_word' id='word_1_170' title='bbox 1469 2153 1540 2215; x_wconf 82' lang='lat' dir='ltr'>loro</span> <span class='ocrx_word' id='word_1_171' title='bbox 1562 2152 1658 2226; x_wconf 87' lang='lat' dir='ltr'>lidos,</span> <span class='ocrx_word' id='word_1_172' title='bbox 1678 2172 1745 2215; x_wconf 89' lang='lat' dir='ltr'>uon</span> 
     </span>
     <span class='ocr_line' id='line_1_18' title="bbox 419 2245 1746 2331; baseline 0.002 -25"><span class='ocrx_word' id='word_1_173' title='bbox 419 2245 482 2309; x_wconf 84' lang='lat' dir='ltr'>ictu</span> <span class='ocrx_word' id='word_1_174' title='bbox 503 2246 612 2330; x_wconf 92' lang='lat' dir='ltr'>aliquo</span> <span class='ocrx_word' id='word_1_175' title='bbox 633 2267 733 2310; x_wconf 86' lang='lat' dir='ltr'>novae</span> <span class='ocrx_word' id='word_1_176' title='bbox 755 2247 952 2321; x_wconf 87' lang='lat' dir='ltr'>calamitatis,</span> <span class='ocrx_word' id='word_1_177' title='bbox 973 2247 1030 2308; x_wconf 90' lang='lat' dir='ltr'>sed</span> <span class='ocrx_word' id='word_1_178' title='bbox 1044 2246 1225 2329; x_wconf 88' lang='lat' dir='ltr'>suspicione</span> <span class='ocrx_word' id='word_1_179' title='bbox 1239 2265 1277 2309; x_wconf 91' lang='lat' dir='ltr'>ac</span> <span class='ocrx_word' id='word_1_180' title='bbox 1290 2256 1388 2308; x_wconf 82' lang='lat' dir='ltr'>metu:</span> <span class='ocrx_word' id='word_1_181' title='bbox 1411 2246 1647 2331; x_wconf 86' lang='lat' dir='ltr'>perturbatione</span> <span class='ocrx_word' id='word_1_182' title='bbox 1662 2245 1746 2309; x_wconf 93' lang='lat' dir='ltr'>iudi-</span> 
     </span>
     <span class='ocr_line' id='line_1_19' title="bbox 418 2337 1745 2416; baseline 0.003 -16"><span class='ocrx_word' id='word_1_183' title='bbox 418 2340 549 2413; x_wconf 87' lang='lat' dir='ltr'>ciorum,</span> <span class='ocrx_word' id='word_1_184' title='bbox 563 2337 776 2403; x_wconf 85' lang='lat' dir='ltr'>infirmatione</span> <span class='ocrx_word' id='word_1_185' title='bbox 793 2360 898 2403; x_wconf 91' lang='lat' dir='ltr'>rerum</span> <span class='ocrx_word' id='word_1_186' title='bbox 914 2340 1122 2403; x_wconf 89' lang='lat' dir='ltr'>iudicatarum</span> <span class='ocrx_word' id='word_1_187' title='bbox 1152 2358 1253 2403; x_wconf 78' lang='lat' dir='ltr'>novae</span> <span class='ocrx_word' id='word_1_188' title='bbox 1267 2341 1510 2416; x_wconf 85' lang='lat' dir='ltr'>dominationes,</span> <span class='ocrx_word' id='word_1_189' title='bbox 1526 2341 1745 2404; x_wconf 89' lang='lat' dir='ltr'>extraordina-</span> 
     </span>
     <span class='ocr_line' id='line_1_20' title="bbox 417 2426 1744 2517; baseline 0.001 -21"><span class='ocrx_word' id='word_1_190' title='bbox 417 2437 464 2497; x_wconf 91' lang='lat' dir='ltr'>ria</span> <span class='ocrx_word' id='word_1_191' title='bbox 478 2453 543 2496; x_wconf 90' lang='lat' dir='ltr'>non</span> <span class='ocrx_word' id='word_1_192' title='bbox 558 2433 709 2517; x_wconf 88' lang='lat' dir='ltr'>imperia,</span> <span class='ocrx_word' id='word_1_193' title='bbox 731 2434 788 2497; x_wconf 91' lang='lat' dir='ltr'>sed</span> <span class='ocrx_word' id='word_1_194' title='bbox 810 2453 908 2515; x_wconf 83' lang='lat' dir='ltr'>regna</span> <span class='ocrx_word' id='word_1_195' title='bbox 929 2435 1039 2517; x_wconf 89' lang='lat' dir='ltr'>quaeri</span> <span class='ocrx_word' id='word_1_196' title='bbox 1061 2435 1261 2516; x_wconf 90' lang='lat' dir='ltr'>putabantur.</span> <span class='ocrx_word' id='word_1_197' title='bbox 1298 2434 1350 2495; x_wconf 88' lang='lat' dir='ltr'>lV.</span> <span class='ocrx_word' id='word_1_198' title='bbox 1366 2431 1396 2496; x_wconf 88' lang='grc'>9.</span> <span class='ocrx_word' id='word_1_199' title='bbox 1408 2426 1504 2511; x_wconf 62' lang='lat' dir='ltr'>&#39;Quae</span> <span class='ocrx_word' id='word_1_200' title='bbox 1519 2455 1590 2498; x_wconf 92' lang='lat' dir='ltr'>oum</span> <span class='ocrx_word' id='word_1_201' title='bbox 1605 2454 1664 2517; x_wconf 79' lang='lat' dir='ltr'>ego</span> <span class='ocrx_word' id='word_1_202' title='bbox 1680 2454 1744 2499; x_wconf 86' lang='lat' dir='ltr'>uon</span> 
     </span>
     <span class='ocr_line' id='line_1_21' title="bbox 418 2527 1781 2611; baseline 0.004 -21"><span class='ocrx_word' id='word_1_203' title='bbox 418 2528 520 2590; x_wconf 85' lang='lat' dir='ltr'>solum</span> <span class='ocrx_word' id='word_1_204' title='bbox 538 2529 731 2611; x_wconf 85' lang='lat' dir='ltr'>suspicarer,</span> <span class='ocrx_word' id='word_1_205' title='bbox 753 2527 809 2590; x_wconf 87' lang='lat' dir='ltr'>sed</span> <span class='ocrx_word' id='word_1_206' title='bbox 825 2527 919 2610; x_wconf 88' lang='lat' dir='ltr'>plane</span> <span class='ocrx_word' id='word_1_207' title='bbox 942 2547 1104 2590; x_wconf 90' lang='lat' dir='ltr'>cernerem</span> <span class='ocrx_word' id='word_1_208' title='bbox 1118 2560 1160 2574; x_wconf 94' lang='lat'><em>-</em></span> <span class='ocrx_word' id='word_1_209' title='bbox 1174 2547 1279 2611; x_wconf 90' lang='lat' dir='ltr'>neque</span> <span class='ocrx_word' id='word_1_210' title='bbox 1300 2529 1385 2590; x_wconf 91' lang='lat' dir='ltr'>enim</span> <span class='ocrx_word' id='word_1_211' title='bbox 1399 2528 1533 2591; x_wconf 87' lang='lat' dir='ltr'>obscure</span> <span class='ocrx_word' id='word_1_212' title='bbox 1555 2529 1781 2611; x_wconf 75' lang='lat' dir='ltr'>gerebanturto</span> 
     </span>
     <span class='ocr_line' id='line_1_22' title="bbox 417 2620 1743 2705; baseline 0.001 -23"><span class='ocrx_word' id='word_1_213' title='bbox 417 2654 475 2694; x_wconf 94' lang='lat'>-,</span> <span class='ocrx_word' id='word_1_214' title='bbox 499 2620 566 2683; x_wconf 91' lang='lat' dir='ltr'>dixi</span> <span class='ocrx_word' id='word_1_215' title='bbox 588 2621 622 2682; x_wconf 92' lang='lat' dir='ltr'>in</span> <span class='ocrx_word' id='word_1_216' title='bbox 643 2628 774 2696; x_wconf 87' lang='lat' dir='ltr'>senatu,</span> <span class='ocrx_word' id='word_1_217' title='bbox 796 2623 828 2684; x_wconf 93' lang='lat' dir='ltr'>iu</span> <span class='ocrx_word' id='word_1_218' title='bbox 851 2621 912 2684; x_wconf 90' lang='lat' dir='ltr'>hoc</span> <span class='ocrx_word' id='word_1_219' title='bbox 933 2622 1113 2703; x_wconf 78' lang='lat' dir='ltr'>magistratu</span> <span class='ocrx_word' id='word_1_220' title='bbox 1135 2641 1187 2684; x_wconf 90' lang='lat' dir='ltr'>me</span> <span class='ocrx_word' id='word_1_221' title='bbox 1209 2620 1393 2705; x_wconf 84' lang='lat' dir='ltr'>popularem</span> <span class='ocrx_word' id='word_1_222' title='bbox 1408 2622 1572 2685; x_wconf 88' lang='lat' dir='ltr'>consulem</span> <span class='ocrx_word' id='word_1_223' title='bbox 1592 2622 1743 2685; x_wconf 83' lang='lat' dir='ltr'>futurum.</span> 
     </span>
     <span class='ocr_line' id='line_1_23' title="bbox 418 2714 1745 2799; baseline 0 -21"><span class='ocrx_word' id='word_1_224' title='bbox 418 2714 503 2791; x_wconf 87' lang='lat' dir='ltr'>Quid</span> <span class='ocrx_word' id='word_1_225' title='bbox 525 2722 573 2778; x_wconf 89' lang='lat' dir='ltr'>est</span> <span class='ocrx_word' id='word_1_226' title='bbox 594 2717 678 2778; x_wconf 93' lang='lat' dir='ltr'>enim</span> <span class='ocrx_word' id='word_1_227' title='bbox 701 2723 764 2778; x_wconf 88' lang='lat' dir='ltr'>tam</span> <span class='ocrx_word' id='word_1_228' title='bbox 786 2715 939 2799; x_wconf 89' lang='lat' dir='ltr'>populare</span> <span class='ocrx_word' id='word_1_229' title='bbox 962 2733 1056 2798; x_wconf 87' lang='lat' dir='ltr'>quarn</span> <span class='ocrx_word' id='word_1_230' title='bbox 1079 2718 1165 2796; x_wconf 81' lang='lat' dir='ltr'>paxt</span> <span class='ocrx_word' id='word_1_231' title='bbox 1189 2734 1253 2798; x_wconf 93' lang='lat' dir='ltr'>qua</span> <span class='ocrx_word' id='word_1_232' title='bbox 1274 2733 1339 2776; x_wconf 93' lang='lat' dir='ltr'>nou</span> <span class='ocrx_word' id='word_1_233' title='bbox 1362 2715 1457 2778; x_wconf 94' lang='lat' dir='ltr'>modo</span> <span class='ocrx_word' id='word_1_234' title='bbox 1480 2716 1528 2789; x_wconf 90' lang='lat' dir='ltr'>ei,</span> <span class='ocrx_word' id='word_1_235' title='bbox 1551 2715 1667 2798; x_wconf 89' lang='lat' dir='ltr'>quibus</span> <span class='ocrx_word' id='word_1_236' title='bbox 1687 2735 1745 2778; x_wconf 92' lang='lat' dir='ltr'>na·</span> 
     </span>
     <span class='ocr_line' id='line_1_24' title="bbox 418 2808 1744 2892; baseline 0.001 -22"><span class='ocrx_word' id='word_1_237' title='bbox 418 2817 487 2871; x_wconf 87' lang='lat' dir='ltr'>tura</span> <span class='ocrx_word' id='word_1_238' title='bbox 516 2829 644 2872; x_wconf 90' lang='lat' dir='ltr'>sensum</span> <span class='ocrx_word' id='word_1_239' title='bbox 673 2808 776 2883; x_wconf 92' lang='lat' dir='ltr'>dedit,</span> <span class='ocrx_word' id='word_1_240' title='bbox 809 2810 866 2871; x_wconf 90' lang='lat' dir='ltr'>sed</span> <span class='ocrx_word' id='word_1_241' title='bbox 897 2810 990 2871; x_wconf 89' lang='lat' dir='ltr'>etiam</span> <span class='ocrx_word' id='word_1_242' title='bbox 1021 2816 1104 2871; x_wconf 90' lang='lat' dir='ltr'>tecta</span> <span class='ocrx_word' id='word_1_243' title='bbox 1131 2816 1227 2892; x_wconf 91' lang='lat' dir='ltr'>atque</span> <span class='ocrx_word' id='word_1_244' title='bbox 1256 2810 1322 2892; x_wconf 78' lang='lat' dir='ltr'>agri</span> <span class='ocrx_word' id='word_1_245' title='bbox 1349 2808 1425 2871; x_wconf 92' lang='lat' dir='ltr'>mibi</span> <span class='ocrx_word' id='word_1_246' title='bbox 1452 2809 1562 2872; x_wconf 90' lang='lat' dir='ltr'>laetari</span> <span class='ocrx_word' id='word_1_247' title='bbox 1585 2810 1744 2873; x_wconf 83' lang='lat' dir='ltr'>videntur.</span> 
     </span>
     <span class='ocr_line' id='line_1_25' title="bbox 418 2901 1744 2986; baseline 0.002 -22"><span class='ocrx_word' id='word_1_248' title='bbox 418 2901 504 2977; x_wconf 87' lang='lat' dir='ltr'>Quid</span> <span class='ocrx_word' id='word_1_249' title='bbox 527 2909 590 2964; x_wconf 89' lang='lat' dir='ltr'>tam</span> <span class='ocrx_word' id='word_1_250' title='bbox 612 2902 764 2986; x_wconf 90' lang='lat' dir='ltr'>populare</span> <span class='ocrx_word' id='word_1_251' title='bbox 787 2922 881 2986; x_wconf 90' lang='lat' dir='ltr'>quam</span> <span class='ocrx_word' id='word_1_252' title='bbox 905 2902 1055 2964; x_wconf 82' lang='lat' dir='ltr'>libertast</span> <span class='ocrx_word' id='word_1_253' title='bbox 1078 2922 1174 2985; x_wconf 91' lang='lat' dir='ltr'>quam</span> <span class='ocrx_word' id='word_1_254' title='bbox 1195 2921 1260 2964; x_wconf 91' lang='lat' dir='ltr'>nou</span> <span class='ocrx_word' id='word_1_255' title='bbox 1282 2902 1385 2964; x_wconf 88' lang='lat' dir='ltr'>solum</span> <span class='ocrx_word' id='word_1_256' title='bbox 1406 2903 1447 2964; x_wconf 86' lang='lat' dir='ltr'>ab</span> <span class='ocrx_word' id='word_1_257' title='bbox 1467 2902 1667 2977; x_wconf 91' lang='lat' dir='ltr'>bominibus,</span> <span class='ocrx_word' id='word_1_258' title='bbox 1689 2923 1744 2966; x_wconf 83' lang='lat' dir='ltr'>ve-</span> 
     </span>
     <span class='ocr_line' id='line_1_26' title="bbox 417 2995 1782 3079; baseline 0.004 -22"><span class='ocrx_word' id='word_1_259' title='bbox 417 3015 486 3057; x_wconf 92' lang='lat' dir='ltr'>rum</span> <span class='ocrx_word' id='word_1_260' title='bbox 510 2996 605 3059; x_wconf 91' lang='lat' dir='ltr'>etiam</span> <span class='ocrx_word' id='word_1_261' title='bbox 628 3015 646 3058; x_wconf 95' lang='lat' dir='ltr'>a</span> <span class='ocrx_word' id='word_1_262' title='bbox 668 2996 778 3059; x_wconf 87' lang='lat' dir='ltr'>bestiis</span> <span class='ocrx_word' id='word_1_263' title='bbox 800 2996 908 3078; x_wconf 90' lang='lat' dir='ltr'>expeti</span> <span class='ocrx_word' id='word_1_264' title='bbox 930 3003 1025 3079; x_wconf 91' lang='lat' dir='ltr'>atque</span> <span class='ocrx_word' id='word_1_265' title='bbox 1048 2996 1193 3060; x_wconf 91' lang='lat' dir='ltr'>omnibus</span> <span class='ocrx_word' id='word_1_266' title='bbox 1214 2995 1309 3058; x_wconf 90' lang='lat' dir='ltr'>rebus</span> <span class='ocrx_word' id='word_1_267' title='bbox 1331 2997 1482 3079; x_wconf 89' lang='lat' dir='ltr'>anteponi</span> <span class='ocrx_word' id='word_1_268' title='bbox 1497 2996 1623 3061; x_wconf 83' lang='lat' dir='ltr'>videtis.</span> <span class='ocrx_word' id='word_1_269' title='bbox 1657 2997 1782 3073; x_wconf 83' lang='lat' dir='ltr'>Quidss</span> 
     </span>
     <span class='ocr_line' id='line_1_27' title="bbox 418 3089 1741 3173; baseline 0.002 -22"><span class='ocrx_word' id='word_1_270' title='bbox 418 3098 479 3151; x_wconf 87' lang='lat' dir='ltr'>tam</span> <span class='ocrx_word' id='word_1_271' title='bbox 502 3089 654 3172; x_wconf 90' lang='lat' dir='ltr'>populare</span> <span class='ocrx_word' id='word_1_272' title='bbox 675 3109 770 3173; x_wconf 90' lang='lat' dir='ltr'>quam</span> <span class='ocrx_word' id='word_1_273' title='bbox 793 3091 913 3152; x_wconf 73' lang='lat' dir='ltr'>otium?</span> <span class='ocrx_word' id='word_1_274' title='bbox 936 3091 1021 3172; x_wconf 93' lang='lat' dir='ltr'>quod</span> <span class='ocrx_word' id='word_1_275' title='bbox 1043 3092 1087 3152; x_wconf 91' lang='lat' dir='ltr'>ita</span> <span class='ocrx_word' id='word_1_276' title='bbox 1109 3089 1282 3153; x_wconf 89' lang='lat' dir='ltr'>iucundum</span> <span class='ocrx_word' id='word_1_277' title='bbox 1304 3096 1367 3163; x_wconf 90' lang='lat' dir='ltr'>est,</span> <span class='ocrx_word' id='word_1_278' title='bbox 1389 3098 1426 3152; x_wconf 94' lang='lat' dir='ltr'>ut</span> <span class='ocrx_word' id='word_1_279' title='bbox 1444 3098 1476 3154; x_wconf 90' lang='lat' dir='ltr'>et</span> <span class='ocrx_word' id='word_1_280' title='bbox 1489 3111 1545 3154; x_wconf 81' lang='lat' dir='ltr'>vos</span> <span class='ocrx_word' id='word_1_281' title='bbox 1561 3099 1593 3154; x_wconf 90' lang='lat' dir='ltr'>et</span> <span class='ocrx_word' id='word_1_282' title='bbox 1607 3090 1741 3154; x_wconf 85' lang='lat' dir='ltr'>maiores</span> 
     </span>
     <span class='ocr_line' id='line_1_28' title="bbox 416 3181 1744 3268; baseline 0.003 -25"><span class='ocrx_word' id='word_1_283' title='bbox 416 3184 515 3246; x_wconf 87' lang='lat' dir='ltr'>vestri</span> <span class='ocrx_word' id='word_1_284' title='bbox 537 3190 568 3244; x_wconf 90' lang='lat' dir='ltr'>et</span> <span class='ocrx_word' id='word_1_285' title='bbox 588 3181 775 3246; x_wconf 81' lang='lat' dir='ltr'>fortissimus</span> <span class='ocrx_word' id='word_1_286' title='bbox 797 3183 934 3265; x_wconf 89' lang='lat' dir='ltr'>quisque</span> <span class='ocrx_word' id='word_1_287' title='bbox 955 3184 1005 3246; x_wconf 84' lang='lat' dir='ltr'>vir</span> <span class='ocrx_word' id='word_1_288' title='bbox 1025 3185 1180 3246; x_wconf 89' lang='lat' dir='ltr'>maximos</span> <span class='ocrx_word' id='word_1_289' title='bbox 1201 3183 1326 3246; x_wconf 89' lang='lat' dir='ltr'>labores</span> <span class='ocrx_word' id='word_1_290' title='bbox 1341 3183 1559 3268; x_wconf 90' lang='lat' dir='ltr'>suscipiendos</span> <span class='ocrx_word' id='word_1_291' title='bbox 1580 3190 1685 3266; x_wconf 90' lang='lat' dir='ltr'>putet,</span> <span class='ocrx_word' id='word_1_292' title='bbox 1706 3191 1744 3247; x_wconf 92' lang='lat' dir='ltr'>ut</span> 
     </span>
     <span class='ocr_line' id='line_1_29' title="bbox 416 3274 1741 3361; baseline 0.004 -25"><span class='ocrx_word' id='word_1_293' title='bbox 416 3274 588 3358; x_wconf 88' lang='lat' dir='ltr'>aliqnando</span> <span class='ocrx_word' id='word_1_294' title='bbox 610 3276 644 3338; x_wconf 90' lang='lat' dir='ltr'>in</span> <span class='ocrx_word' id='word_1_295' title='bbox 666 3276 732 3339; x_wconf 93' lang='lat' dir='ltr'>otio</span> <span class='ocrx_word' id='word_1_296' title='bbox 753 3275 855 3360; x_wconf 89' lang='lat' dir='ltr'>possit</span> <span class='ocrx_word' id='word_1_297' title='bbox 876 3296 963 3352; x_wconf 87' lang='lat' dir='ltr'>esse,</span> <span class='ocrx_word' id='word_1_298' title='bbox 990 3279 1173 3359; x_wconf 89' lang='lat' dir='ltr'>praesertim</span> <span class='ocrx_word' id='word_1_299' title='bbox 1195 3277 1227 3339; x_wconf 92' lang='lat' dir='ltr'>in</span> <span class='ocrx_word' id='word_1_300' title='bbox 1249 3277 1383 3361; x_wconf 89' lang='lat' dir='ltr'>imperio</span> <span class='ocrx_word' id='word_1_301' title='bbox 1405 3297 1442 3339; x_wconf 89' lang='lat' dir='ltr'>ao</span> <span class='ocrx_word' id='word_1_302' title='bbox 1464 3276 1634 3359; x_wconf 74' lang='lat' dir='ltr'>dignitate:</span> <span class='ocrx_word' id='word_1_303' title='bbox 1663 3279 1741 3361; x_wconf 91' lang='lat' dir='ltr'>quiu</span> 
     </span>
     <span class='ocr_line' id='line_1_30' title="bbox 416 3368 1742 3456; baseline 0.005 -27"><span class='ocrx_word' id='word_1_304' title='bbox 416 3368 532 3431; x_wconf 90' lang='lat' dir='ltr'>idcirco</span> <span class='ocrx_word' id='word_1_305' title='bbox 555 3368 650 3431; x_wconf 91' lang='lat' dir='ltr'>etiam</span> <span class='ocrx_word' id='word_1_306' title='bbox 672 3369 843 3433; x_wconf 89' lang='lat' dir='ltr'>maioribus</span> <span class='ocrx_word' id='word_1_307' title='bbox 865 3373 982 3435; x_wconf 90' lang='lat' dir='ltr'>nostris</span> <span class='ocrx_word' id='word_1_308' title='bbox 1003 3372 1206 3456; x_wconf 90' lang='lat' dir='ltr'>praecipuam</span> <span class='ocrx_word' id='word_1_309' title='bbox 1223 3369 1350 3433; x_wconf 88' lang='lat' dir='ltr'>laudem</span> <span class='ocrx_word' id='word_1_310' title='bbox 1367 3369 1563 3454; x_wconf 77' lang='lat' dir='ltr'>gratiamque</span> <span class='ocrx_word' id='word_1_311' title='bbox 1579 3370 1742 3446; x_wconf 90' lang='lat' dir='ltr'>debemus,</span> 
     </span>
     <span class='ocr_line' id='line_1_31' title="bbox 418 3461 1779 3547; baseline 0.005 -23"><span class='ocrx_word' id='word_1_312' title='bbox 418 3461 504 3545; x_wconf 95' lang='lat' dir='ltr'>quod</span> <span class='ocrx_word' id='word_1_313' title='bbox 527 3481 638 3524; x_wconf 90' lang='lat' dir='ltr'>eorum</span> <span class='ocrx_word' id='word_1_314' title='bbox 659 3462 767 3526; x_wconf 88' lang='lat' dir='ltr'>labore</span> <span class='ocrx_word' id='word_1_315' title='bbox 789 3463 973 3528; x_wconf 84' lang='lat' dir='ltr'>estfactum</span> <span class='ocrx_word' id='word_1_316' title='bbox 994 3465 1042 3527; x_wconf 92' lang='lat' dir='ltr'>uti</span> <span class='ocrx_word' id='word_1_317' title='bbox 1063 3465 1194 3547; x_wconf 91' lang='lat' dir='ltr'>impune</span> <span class='ocrx_word' id='word_1_318' title='bbox 1216 3462 1249 3527; x_wconf 91' lang='lat' dir='ltr'>in</span> <span class='ocrx_word' id='word_1_319' title='bbox 1263 3465 1329 3528; x_wconf 93' lang='lat' dir='ltr'>otio</span> <span class='ocrx_word' id='word_1_320' title='bbox 1344 3484 1415 3528; x_wconf 87' lang='lat' dir='ltr'>esse</span> <span class='ocrx_word' id='word_1_321' title='bbox 1429 3484 1606 3547; x_wconf 89' lang='lat' dir='ltr'>possemus.</span> <span class='ocrx_word' id='word_1_322' title='bbox 1634 3464 1779 3542; x_wconf 83' lang='lat' dir='ltr'>Quareso</span> 
     </span>
     <span class='ocr_line' id='line_1_32' title="bbox 416 3555 1742 3644; baseline 0.005 -27"><span class='ocrx_word' id='word_1_323' title='bbox 416 3555 471 3638; x_wconf 92' lang='lat' dir='ltr'>qui</span> <span class='ocrx_word' id='word_1_324' title='bbox 491 3574 623 3640; x_wconf 89' lang='lat' dir='ltr'>possum</span> <span class='ocrx_word' id='word_1_325' title='bbox 644 3575 710 3619; x_wconf 92' lang='lat' dir='ltr'>nou</span> <span class='ocrx_word' id='word_1_326' title='bbox 732 3577 802 3620; x_wconf 90' lang='lat' dir='ltr'>esse</span> <span class='ocrx_word' id='word_1_327' title='bbox 824 3558 1007 3642; x_wconf 89' lang='lat' dir='ltr'>popularis,</span> <span class='ocrx_word' id='word_1_328' title='bbox 1028 3579 1101 3622; x_wconf 91' lang='lat' dir='ltr'>cum</span> <span class='ocrx_word' id='word_1_329' title='bbox 1123 3557 1247 3621; x_wconf 88' lang='lat' dir='ltr'>videam</span> <span class='ocrx_word' id='word_1_330' title='bbox 1268 3558 1484 3631; x_wconf 90' lang='lat' dir='ltr'>haecomnia,</span> <span class='ocrx_word' id='word_1_331' title='bbox 1507 3556 1665 3635; x_wconf 85' lang='lat' dir='ltr'>Quirites,</span> <span class='ocrx_word' id='word_1_332' title='bbox 1686 3580 1742 3644; x_wconf 90' lang='lat' dir='ltr'>pa·</span> 
     </span>
     <span class='ocr_line' id='line_1_33' title="bbox 414 3650 1741 3737; baseline 0.005 -28"><span class='ocrx_word' id='word_1_333' title='bbox 414 3668 481 3710; x_wconf 90' lang='lat' dir='ltr'>cem</span> <span class='ocrx_word' id='word_1_334' title='bbox 504 3656 685 3724; x_wconf 83' lang='lat' dir='ltr'>externam,</span> <span class='ocrx_word' id='word_1_335' title='bbox 715 3650 892 3715; x_wconf 89' lang='lat' dir='ltr'>libertatem</span> <span class='ocrx_word' id='word_1_336' title='bbox 920 3654 1079 3737; x_wconf 89' lang='lat' dir='ltr'>propriam</span> <span class='ocrx_word' id='word_1_337' title='bbox 1108 3650 1234 3734; x_wconf 78' lang='lat' dir='ltr'>generis</span> <span class='ocrx_word' id='word_1_338' title='bbox 1261 3671 1298 3714; x_wconf 88' lang='lat' dir='ltr'>ae</span> <span class='ocrx_word' id='word_1_339' title='bbox 1326 3651 1464 3714; x_wconf 87' lang='lat' dir='ltr'>nominis</span> <span class='ocrx_word' id='word_1_340' title='bbox 1491 3654 1609 3729; x_wconf 80' lang='lat' dir='ltr'>vestri,</span> <span class='ocrx_word' id='word_1_341' title='bbox 1641 3654 1741 3716; x_wconf 89' lang='lat' dir='ltr'>otium</span> 
     </span>
     <span class='ocr_line' id='line_1_34' title="bbox 415 3740 1741 3831; baseline 0.005 -30"><span class='ocrx_word' id='word_1_342' title='bbox 415 3740 642 3816; x_wconf 87' lang='lat' dir='ltr'>domesticum,</span> <span class='ocrx_word' id='word_1_343' title='bbox 664 3741 803 3827; x_wconf 89' lang='lat' dir='ltr'>denique</span> <span class='ocrx_word' id='word_1_344' title='bbox 825 3745 949 3821; x_wconf 89' lang='lat' dir='ltr'>omnia,</span> <span class='ocrx_word' id='word_1_345' title='bbox 971 3766 1053 3831; x_wconf 88' lang='lat' dir='ltr'>quae</span> <span class='ocrx_word' id='word_1_346' title='bbox 1069 3745 1158 3809; x_wconf 84' lang='lat' dir='ltr'>robis</span> <span class='ocrx_word' id='word_1_347' title='bbox 1172 3764 1244 3808; x_wconf 85' lang='lat' dir='ltr'>cara</span> <span class='ocrx_word' id='word_1_348' title='bbox 1257 3751 1353 3828; x_wconf 90' lang='lat' dir='ltr'>atque</span> <span class='ocrx_word' id='word_1_349' title='bbox 1366 3743 1473 3827; x_wconf 90' lang='lat' dir='ltr'>ampla</span> <span class='ocrx_word' id='word_1_350' title='bbox 1486 3751 1575 3821; x_wconf 87' lang='lat' dir='ltr'>suut,</span> <span class='ocrx_word' id='word_1_351' title='bbox 1597 3745 1741 3809; x_wconf 84' lang='lat' dir='ltr'>infidam</span> 
     </span>
     <span class='ocr_line' id='line_1_35' title="bbox 415 3835 1741 3923; baseline 0.003 -26"><span class='ocrx_word' id='word_1_352' title='bbox 415 3842 447 3897; x_wconf 90' lang='lat' dir='ltr'>et</span> <span class='ocrx_word' id='word_1_353' title='bbox 468 3835 606 3919; x_wconf 90' lang='lat' dir='ltr'>quodam</span> <span class='ocrx_word' id='word_1_354' title='bbox 627 3837 723 3899; x_wconf 93' lang='lat' dir='ltr'>modo</span> <span class='ocrx_word' id='word_1_355' title='bbox 744 3838 778 3901; x_wconf 90' lang='lat' dir='ltr'>in</span> <span class='ocrx_word' id='word_1_356' title='bbox 798 3839 1009 3923; x_wconf 88' lang='lat' dir='ltr'>patrocinium</span> <span class='ocrx_word' id='word_1_357' title='bbox 1030 3840 1093 3903; x_wconf 91' lang='lat' dir='ltr'>mei</span> <span class='ocrx_word' id='word_1_358' title='bbox 1111 3837 1293 3902; x_wconf 87' lang='lat' dir='ltr'>consulatus</span> <span class='ocrx_word' id='word_1_359' title='bbox 1308 3856 1378 3901; x_wconf 90' lang='lat' dir='ltr'>esse</span> <span class='ocrx_word' id='word_1_360' title='bbox 1393 3838 1531 3902; x_wconf 74' lang='lat' dir='ltr'>collata?</span> <span class='ocrx_word' id='word_1_361' title='bbox 1565 3835 1616 3902; x_wconf 86' lang='lat' dir='ltr'>to.</span> <span class='ocrx_word' id='word_1_362' title='bbox 1629 3840 1741 3922; x_wconf 87' lang='lat' dir='ltr'>Neque</span> 
     </span>
     <span class='ocr_line' id='line_1_36' title="bbox 415 3928 1779 4015; baseline 0.005 -24"><span class='ocrx_word' id='word_1_363' title='bbox 415 3930 516 4004; x_wconf 93' lang='lat' dir='ltr'>euim,</span> <span class='ocrx_word' id='word_1_364' title='bbox 539 3928 694 4005; x_wconf 89' lang='lat' dir='ltr'>Quirites,</span> <span class='ocrx_word' id='word_1_365' title='bbox 715 3930 795 3993; x_wconf 93' lang='lat' dir='ltr'>illud</span> <span class='ocrx_word' id='word_1_366' title='bbox 817 3931 908 3995; x_wconf 85' lang='lat' dir='ltr'>vobis</span> <span class='ocrx_word' id='word_1_367' title='bbox 930 3932 1104 3996; x_wconf 90' lang='lat' dir='ltr'>iucundum</span> <span class='ocrx_word' id='word_1_368' title='bbox 1126 3939 1182 3996; x_wconf 88' lang='lat' dir='ltr'>aut</span> <span class='ocrx_word' id='word_1_369' title='bbox 1201 3931 1355 4015; x_wconf 91' lang='lat' dir='ltr'>populare</span> <span class='ocrx_word' id='word_1_370' title='bbox 1369 3930 1465 3995; x_wconf 90' lang='lat' dir='ltr'>debet</span> <span class='ocrx_word' id='word_1_371' title='bbox 1477 3932 1595 4007; x_wconf 79' lang='lat' dir='ltr'>videri,</span> <span class='ocrx_word' id='word_1_372' title='bbox 1617 3932 1779 4014; x_wconf 77' lang='lat' dir='ltr'>largiticto</span> 
     </span>
     <span class='ocr_line' id='line_1_37' title="bbox 414 4022 1741 4110; baseline 0.002 -23"><span class='ocrx_word' id='word_1_373' title='bbox 414 4022 522 4106; x_wconf 89' lang='lat' dir='ltr'>aliqua</span> <span class='ocrx_word' id='word_1_374' title='bbox 551 4022 767 4107; x_wconf 77' lang='lat' dir='ltr'>promulgata,</span> <span class='ocrx_word' id='word_1_375' title='bbox 796 4044 878 4109; x_wconf 87' lang='lat' dir='ltr'>quae</span> <span class='ocrx_word' id='word_1_376' title='bbox 900 4025 1004 4090; x_wconf 83' lang='lat' dir='ltr'>verbis</span> <span class='ocrx_word' id='word_1_377' title='bbox 1027 4027 1178 4090; x_wconf 85' lang='lat' dir='ltr'>ostentari</span> <span class='ocrx_word' id='word_1_378' title='bbox 1206 4032 1329 4110; x_wconf 84' lang='lat' dir='ltr'>potest,</span> <span class='ocrx_word' id='word_1_379' title='bbox 1359 4045 1395 4089; x_wconf 90' lang='lat' dir='ltr'>re</span> <span class='ocrx_word' id='word_1_380' title='bbox 1414 4045 1491 4090; x_wconf 82' lang='lat' dir='ltr'>vera</span> <span class='ocrx_word' id='word_1_381' title='bbox 1510 4022 1579 4090; x_wconf 88' lang='lat' dir='ltr'>fieri</span> <span class='ocrx_word' id='word_1_382' title='bbox 1600 4025 1663 4089; x_wconf 89' lang='lat' dir='ltr'>nisi</span> <span class='ocrx_word' id='word_1_383' title='bbox 1685 4045 1741 4090; x_wconf 87' lang='lat' dir='ltr'>ex·</span> 
     </span>
    </p>
   </div>
   <div class='ocr_carea' id='block_1_3' title="bbox 411 4292 1749 5337">
    <p class='ocr_par' dir='ltr' id='par_1_3' title="bbox 411 4292 1749 5337">
     <span class='ocr_line' id='line_1_38' title="bbox 479 4292 1743 4361; baseline 0 -15"><span class='ocrx_word' id='word_1_384' title='bbox 479 4295 505 4346; x_wconf 76' lang='lat'>2.</span> <span class='ocrx_word' id='word_1_385' title='bbox 523 4294 569 4345; x_wconf 81' lang='lat' dir='ltr'>ills</span> <span class='ocrx_word' id='word_1_386' title='bbox 585 4307 642 4346; x_wconf 85' lang='lat' dir='ltr'>meo</span> <span class='ocrx_word' id='word_1_387' title='bbox 659 4294 748 4346; x_wconf 78' lang='lat' dir='ltr'>Est:</span> <span class='ocrx_word' id='word_1_388' title='bbox 776 4308 832 4346; x_wconf 85' lang='lat' dir='ltr'>meo</span> <span class='ocrx_word' id='word_1_389' title='bbox 849 4292 996 4349; x_wconf 68' lang='lat' dir='ltr'>censeo.</span> <span class='ocrx_word' id='word_1_390' title='bbox 1016 4322 1043 4333; x_wconf 91' lang='lat'><em>-</em></span> <span class='ocrx_word' id='word_1_391' title='bbox 1070 4296 1095 4347; x_wconf 82' lang='grc'>3.</span> <span class='ocrx_word' id='word_1_392' title='bbox 1113 4297 1179 4347; x_wconf 78' lang='lat' dir='ltr'>enlm</span> <span class='ocrx_word' id='word_1_393' title='bbox 1199 4296 1258 4361; x_wconf 81' lang='lat' dir='ltr'>otto]</span> <span class='ocrx_word' id='word_1_394' title='bbox 1282 4294 1352 4346; x_wconf 73' lang='lat' dir='ltr'>nodo</span> <span class='ocrx_word' id='word_1_395' title='bbox 1373 4295 1415 4359; x_wconf 82' lang='lat' dir='ltr'>(ox</span> <span class='ocrx_word' id='word_1_396' title='bbox 1436 4309 1471 4344; x_wconf 82' lang='grc' dir='ltr'><strong>.ιι.</strong></span> <span class='ocrx_word' id='word_1_397' title='bbox 1488 4293 1548 4358; x_wconf 78' lang='lat' dir='ltr'>ulto)</span> <span class='ocrx_word' id='word_1_398' title='bbox 1566 4295 1596 4345; x_wconf 96' lang='grc' dir='ltr'>Ε.</span> <span class='ocrx_word' id='word_1_399' title='bbox 1615 4320 1644 4332; x_wconf 94' lang='grc'>-</span> <span class='ocrx_word' id='word_1_400' title='bbox 1670 4297 1743 4346; x_wconf 78' lang='lat' dir='ltr'>modo</span> 
     </span>
     <span class='ocr_line' id='line_1_39' title="bbox 411 4368 1744 4435; baseline 0.001 -15"><span class='ocrx_word' id='word_1_401' title='bbox 411 4384 526 4435; x_wconf 80' lang='grc' dir='ltr'><strong><em>ροιιιιιιι,</em></strong></span> <span class='ocrx_word' id='word_1_402' title='bbox 544 4372 714 4422; x_wconf 75' lang='lat' dir='ltr'>cum--vsu</span> <span class='ocrx_word' id='word_1_403' title='bbox 731 4384 781 4422; x_wconf 82' lang='lat' dir='ltr'>osse</span> <span class='ocrx_word' id='word_1_404' title='bbox 798 4372 831 4421; x_wconf 86' lang='lat' dir='ltr'>T:</span> <span class='ocrx_word' id='word_1_405' title='bbox 855 4371 927 4421; x_wconf 84' lang='lat' dir='ltr'>modo</span> <span class='ocrx_word' id='word_1_406' title='bbox 942 4372 1026 4435; x_wconf 71' lang='lat' dir='ltr'>socon</span> <span class='ocrx_word' id='word_1_407' title='bbox 1039 4384 1153 4435; x_wconf 84' lang='lat' dir='ltr'>possum,</span> <span class='ocrx_word' id='word_1_408' title='bbox 1170 4375 1211 4432; x_wconf 85' lang='lat' dir='ltr'>ut,</span> <span class='ocrx_word' id='word_1_409' title='bbox 1228 4370 1399 4421; x_wconf 82' lang='lat' dir='ltr'>cum--os&#39;to</span> <span class='ocrx_word' id='word_1_410' title='bbox 1414 4381 1489 4420; x_wconf 77' lang='grc' dir='ltr'><strong><em>οιιοιιι</em></strong></span> <span class='ocrx_word' id='word_1_411' title='bbox 1505 4368 1652 4430; x_wconf 71' lang='grc' dir='ltr'><strong>ΕΕΡ66;</strong></span> <span class='ocrx_word' id='word_1_412' title='bbox 1670 4372 1744 4421; x_wconf 84' lang='lat' dir='ltr'>modo</span> 
     </span>
     <span class='ocr_line' id='line_1_40' title="bbox 411 4443 1739 4510; baseline 0 -12"><span class='ocrx_word' id='word_1_413' title='bbox 411 4447 496 4510; x_wconf 74' lang='lat' dir='ltr'>{som</span> <span class='ocrx_word' id='word_1_414' title='bbox 514 4460 629 4510; x_wconf 82' lang='lat' dir='ltr'>possum,</span> <span class='ocrx_word' id='word_1_415' title='bbox 653 4452 694 4507; x_wconf 83' lang='lat' dir='ltr'>ut,</span> <span class='ocrx_word' id='word_1_416' title='bbox 716 4447 885 4496; x_wconf 77' lang='lat' dir='ltr'>cum--otto</span> <span class='ocrx_word' id='word_1_417' title='bbox 900 4447 947 4496; x_wconf 64' lang='lat' dir='ltr'>om</span> <span class='ocrx_word' id='word_1_418' title='bbox 964 4458 1027 4496; x_wconf 91' lang='lat' dir='ltr'>cum</span> <span class='ocrx_word' id='word_1_419' title='bbox 1043 4445 1199 4497; x_wconf 84' lang='lat' dir='ltr'>Lauredano</span> <span class='ocrx_word' id='word_1_420' title='bbox 1217 4447 1273 4497; x_wconf 85' lang='lat' dir='ltr'>LO.</span> <span class='ocrx_word' id='word_1_421' title='bbox 1295 4445 1334 4497; x_wconf 82' lang='lat' dir='ltr'>ct.</span> <span class='ocrx_word' id='word_1_422' title='bbox 1352 4459 1379 4495; x_wconf 83' lang='lat' dir='ltr'>v.</span> <span class='ocrx_word' id='word_1_423' title='bbox 1397 4445 1425 4495; x_wconf 82' lang='lat' dir='ltr'>et</span> <span class='ocrx_word' id='word_1_424' title='bbox 1449 4458 1491 4508; x_wconf 89' lang='lat' dir='ltr'>sq.</span> <span class='ocrx_word' id='word_1_425' title='bbox 1510 4469 1539 4480; x_wconf 91' lang='lat'><em>-</em></span> <span class='ocrx_word' id='word_1_426' title='bbox 1557 4443 1583 4495; x_wconf 77' lang='lat' dir='ltr'>l.</span> <span class='ocrx_word' id='word_1_427' title='bbox 1600 4445 1669 4495; x_wconf 80' lang='lat' dir='ltr'>osrbs&#39;</span> <span class='ocrx_word' id='word_1_428' title='bbox 1685 4459 1739 4498; x_wconf 90' lang='lat' dir='ltr'>om.</span> 
     </span>
     <span class='ocr_line' id='line_1_41' title="bbox 414 4519 1744 4585; baseline 0.002 -15"><span class='ocrx_word' id='word_1_429' title='bbox 414 4521 528 4573; x_wconf 78' lang='lat' dir='ltr'>EFPA.</span> <span class='ocrx_word' id='word_1_430' title='bbox 556 4521 664 4575; x_wconf 83' lang='lat' dir='ltr'>sddtdtt</span> <span class='ocrx_word' id='word_1_431' title='bbox 679 4521 735 4572; x_wconf 82' lang='lat' dir='ltr'>Nic.</span> <span class='ocrx_word' id='word_1_432' title='bbox 754 4519 887 4585; x_wconf 76' lang='lat' dir='ltr'>Angelius.</span> <span class='ocrx_word' id='word_1_433' title='bbox 908 4544 935 4557; x_wconf 89' lang='lat'>-</span> <span class='ocrx_word' id='word_1_434' title='bbox 963 4522 1004 4572; x_wconf 83' lang='lat' dir='ltr'>ts.</span> <span class='ocrx_word' id='word_1_435' title='bbox 1022 4523 1104 4572; x_wconf 78' lang='lat' dir='ltr'>octsen</span> <span class='ocrx_word' id='word_1_436' title='bbox 1119 4521 1272 4572; x_wconf 70' lang='grc' dir='ltr'>υιιιιιιιιιΕε</span> <span class='ocrx_word' id='word_1_437' title='bbox 1291 4525 1401 4570; x_wconf 74' lang='lat' dir='ltr'>csstnau</span> <span class='ocrx_word' id='word_1_438' title='bbox 1416 4521 1498 4570; x_wconf 76' lang='grc' dir='ltr'><strong><em>οοίιιιιι</em></strong></span> <span class='ocrx_word' id='word_1_439' title='bbox 1515 4520 1547 4583; x_wconf 89' lang='lat' dir='ltr'>(s.</span> <span class='ocrx_word' id='word_1_440' title='bbox 1564 4521 1649 4584; x_wconf 79' lang='lat' dir='ltr'>otissn)</span> <span class='ocrx_word' id='word_1_441' title='bbox 1668 4522 1744 4572; x_wconf 82' lang='lat' dir='ltr'>FAL</span> 
     </span>
     <span class='ocr_line' id='line_1_42' title="bbox 413 4592 1745 4660; baseline 0.002 -15"><span class='ocrx_word' id='word_1_442' title='bbox 413 4592 470 4646; x_wconf 69' lang='grc'>60.</span> <span class='ocrx_word' id='word_1_443' title='bbox 486 4622 513 4632; x_wconf 91' lang='grc'><strong>-</strong></span> <span class='ocrx_word' id='word_1_444' title='bbox 533 4597 574 4647; x_wconf 85' lang='lat' dir='ltr'>ts.</span> <span class='ocrx_word' id='word_1_445' title='bbox 593 4598 656 4658; x_wconf 76' lang='lat' dir='ltr'>scot]</span> <span class='ocrx_word' id='word_1_446' title='bbox 673 4610 723 4647; x_wconf 78' lang='lat' dir='ltr'>ossa</span> <span class='ocrx_word' id='word_1_447' title='bbox 739 4597 767 4647; x_wconf 88' lang='grc' dir='ltr'>Ε.</span> <span class='ocrx_word' id='word_1_448' title='bbox 789 4624 816 4634; x_wconf 94' lang='lat'>-</span> <span class='ocrx_word' id='word_1_449' title='bbox 836 4597 877 4646; x_wconf 82' lang='grc'><strong>47.</strong></span> <span class='ocrx_word' id='word_1_450' title='bbox 895 4609 926 4647; x_wconf 84' lang='lat' dir='ltr'>oc</span> <span class='ocrx_word' id='word_1_451' title='bbox 941 4601 1025 4647; x_wconf 63' lang='lat' dir='ltr'>metm</span> <span class='ocrx_word' id='word_1_452' title='bbox 1038 4596 1228 4660; x_wconf 68' lang='lat' dir='ltr'>pes-matteas</span> <span class='ocrx_word' id='word_1_453' title='bbox 1245 4594 1381 4645; x_wconf 87' lang='lat' dir='ltr'>Gebhardt</span> <span class='ocrx_word' id='word_1_454' title='bbox 1397 4595 1437 4658; x_wconf 81' lang='lat' dir='ltr'>(ll.</span> <span class='ocrx_word' id='word_1_455' title='bbox 1455 4607 1482 4659; x_wconf 91' lang='lat' dir='ltr'>p.</span> <span class='ocrx_word' id='word_1_456' title='bbox 1501 4595 1517 4645; x_wconf 82' lang='lat'><strong>3</strong></span> <span class='ocrx_word' id='word_1_457' title='bbox 1534 4596 1621 4659; x_wconf 85' lang='lat' dir='ltr'>sqq.):</span> <span class='ocrx_word' id='word_1_458' title='bbox 1639 4610 1670 4646; x_wconf 87' lang='lat' dir='ltr'>cc</span> <span class='ocrx_word' id='word_1_459' title='bbox 1684 4610 1745 4659; x_wconf 79' lang='lat' dir='ltr'>per·</span> 
     </span>
     <span class='ocr_line' id='line_1_43' title="bbox 415 4668 1746 4734; baseline 0.002 -16"><span class='ocrx_word' id='word_1_460' title='bbox 415 4668 556 4721; x_wconf 71' lang='lat' dir='ltr'>twbottone</span> <span class='ocrx_word' id='word_1_461' title='bbox 572 4671 663 4722; x_wconf 86' lang='lat' dir='ltr'>ceteri.</span> <span class='ocrx_word' id='word_1_462' title='bbox 682 4697 704 4706; x_wconf 93' lang='lat'><em>-</em></span> <span class='ocrx_word' id='word_1_463' title='bbox 728 4671 768 4722; x_wconf 76' lang='lat'>20.</span> <span class='ocrx_word' id='word_1_464' title='bbox 787 4669 890 4721; x_wconf 71' lang='lat' dir='ltr'>obeam</span> <span class='ocrx_word' id='word_1_465' title='bbox 905 4670 971 4721; x_wconf 78' lang='lat' dir='ltr'>cutm</span> <span class='ocrx_word' id='word_1_466' title='bbox 987 4671 1016 4722; x_wconf 87' lang='grc' dir='ltr'>Ε.</span> <span class='ocrx_word' id='word_1_467' title='bbox 1036 4697 1063 4708; x_wconf 91' lang='grc'><strong>-</strong></span> <span class='ocrx_word' id='word_1_468' title='bbox 1082 4673 1123 4724; x_wconf 72' lang='grc'><strong>62.</strong></span> <span class='ocrx_word' id='word_1_469' title='bbox 1143 4672 1204 4734; x_wconf 75' lang='lat' dir='ltr'>quid</span> <span class='ocrx_word' id='word_1_470' title='bbox 1219 4675 1254 4721; x_wconf 85' lang='lat' dir='ltr'>est</span> <span class='ocrx_word' id='word_1_471' title='bbox 1270 4670 1378 4721; x_wconf 80' lang='lat' dir='ltr'>enth:</span> <span class='ocrx_word' id='word_1_472' title='bbox 1397 4669 1458 4731; x_wconf 59' lang='lat' dir='ltr'>quad</span> <span class='ocrx_word' id='word_1_473' title='bbox 1473 4669 1585 4726; x_wconf 74' lang='grc' dir='ltr'><strong><em>ιιιίιιιΕς</em></strong></span> <span class='ocrx_word' id='word_1_474' title='bbox 1604 4671 1664 4732; x_wconf 77' lang='lat' dir='ltr'>quta</span> <span class='ocrx_word' id='word_1_475' title='bbox 1679 4671 1746 4720; x_wconf 75' lang='grc' dir='ltr'><strong><em>ιιιιιιι</em></strong></span> 
     </span>
     <span class='ocr_line' id='line_1_44' title="bbox 413 4740 1746 4813; baseline 0.001 -20"><span class='ocrx_word' id='word_1_476' title='bbox 413 4749 449 4793; x_wconf 83' lang='lat' dir='ltr'>est</span> <span class='ocrx_word' id='word_1_477' title='bbox 466 4743 581 4799; x_wconf 78' lang='lat' dir='ltr'>ALFO.</span> <span class='ocrx_word' id='word_1_478' title='bbox 602 4772 629 4782; x_wconf 91' lang='lat'>-</span> <span class='ocrx_word' id='word_1_479' title='bbox 645 4744 710 4811; x_wconf 75' lang='lat' dir='ltr'>pao]</span> <span class='ocrx_word' id='word_1_480' title='bbox 728 4744 770 4797; x_wconf 80' lang='lat' dir='ltr'>las</span> <span class='ocrx_word' id='word_1_481' title='bbox 786 4745 819 4808; x_wconf 83' lang='lat' dir='ltr'>E,</span> <span class='ocrx_word' id='word_1_482' title='bbox 837 4743 886 4796; x_wconf 90' lang='lat' dir='ltr'>sed</span> <span class='ocrx_word' id='word_1_483' title='bbox 903 4748 1114 4813; x_wconf 87' lang='lat' dir='ltr'>superscriptum</span> <span class='ocrx_word' id='word_1_484' title='bbox 1127 4760 1193 4810; x_wconf 73' lang='lat' dir='ltr'>poa.</span> <span class='ocrx_word' id='word_1_485' title='bbox 1211 4771 1239 4782; x_wconf 94' lang='lat'><em>-</em></span> <span class='ocrx_word' id='word_1_486' title='bbox 1258 4746 1281 4795; x_wconf 79' lang='lat' dir='ltr'>oi</span> <span class='ocrx_word' id='word_1_487' title='bbox 1297 4744 1387 4796; x_wconf 82' lang='lat' dir='ltr'>EFP:</span> <span class='ocrx_word' id='word_1_488' title='bbox 1404 4744 1424 4792; x_wconf 80' lang='lat' dir='ltr'>e</span> <span class='ocrx_word' id='word_1_489' title='bbox 1440 4740 1553 4796; x_wconf 61' lang='lat' dir='ltr'>ALFO.</span> <span class='ocrx_word' id='word_1_490' title='bbox 1573 4767 1601 4779; x_wconf 93' lang='lat'><em>-</em></span> <span class='ocrx_word' id='word_1_491' title='bbox 1620 4742 1662 4794; x_wconf 65' lang='lat' dir='ltr'>il.</span> <span class='ocrx_word' id='word_1_492' title='bbox 1681 4744 1746 4804; x_wconf 79' lang='lat' dir='ltr'>Quid</span> 
     </span>
     <span class='ocr_line' id='line_1_45' title="bbox 414 4816 1747 4884; baseline -0.001 -16"><span class='ocrx_word' id='word_1_493' title='bbox 414 4823 517 4869; x_wconf 69' lang='lat' dir='ltr'>tumn</span> <span class='ocrx_word' id='word_1_494' title='bbox 528 4820 746 4883; x_wconf 68' lang='lat' dir='ltr'>coapostolum</span> <span class='ocrx_word' id='word_1_495' title='bbox 762 4833 815 4873; x_wconf 94' lang='lat' dir='ltr'>om.</span> <span class='ocrx_word' id='word_1_496' title='bbox 834 4821 854 4871; x_wconf 90' lang='grc' dir='ltr'><strong>Ε</strong></span> <span class='ocrx_word' id='word_1_497' title='bbox 871 4821 897 4870; x_wconf 91' lang='lat' dir='ltr'>ln</span> <span class='ocrx_word' id='word_1_498' title='bbox 915 4822 1002 4883; x_wconf 88' lang='lat' dir='ltr'>textu,</span> <span class='ocrx_word' id='word_1_499' title='bbox 1028 4821 1077 4872; x_wconf 90' lang='lat' dir='ltr'>sed</span> <span class='ocrx_word' id='word_1_500' title='bbox 1103 4822 1129 4872; x_wconf 87' lang='lat' dir='ltr'>iu</span> <span class='ocrx_word' id='word_1_501' title='bbox 1151 4832 1278 4884; x_wconf 89' lang='lat' dir='ltr'>supremo</span> <span class='ocrx_word' id='word_1_502' title='bbox 1300 4819 1419 4882; x_wconf 75' lang='lat' dir='ltr'>margine</span> <span class='ocrx_word' id='word_1_503' title='bbox 1436 4817 1471 4867; x_wconf 88' lang='lat' dir='ltr'>ab</span> <span class='ocrx_word' id='word_1_504' title='bbox 1488 4816 1597 4879; x_wconf 87' lang='lat' dir='ltr'>eadem,</span> <span class='ocrx_word' id='word_1_505' title='bbox 1614 4819 1646 4868; x_wconf 90' lang='lat' dir='ltr'>ut</span> <span class='ocrx_word' id='word_1_506' title='bbox 1660 4819 1747 4868; x_wconf 86' lang='lat' dir='ltr'>Wun-</span> 
     </span>
     <span class='ocr_line' id='line_1_46' title="bbox 416 4891 1747 4961; baseline -0.002 -17"><span class='ocrx_word' id='word_1_507' title='bbox 416 4892 481 4944; x_wconf 88' lang='lat' dir='ltr'>dero</span> <span class='ocrx_word' id='word_1_508' title='bbox 497 4893 616 4958; x_wconf 82' lang='lat' dir='ltr'>videtur,</span> <span class='ocrx_word' id='word_1_509' title='bbox 633 4907 716 4946; x_wconf 89' lang='lat' dir='ltr'>manu</span> <span class='ocrx_word' id='word_1_510' title='bbox 732 4895 831 4960; x_wconf 89' lang='lat' dir='ltr'>scripta</span> <span class='ocrx_word' id='word_1_511' title='bbox 848 4897 918 4946; x_wconf 87' lang='lat' dir='ltr'>sunt.</span> <span class='ocrx_word' id='word_1_512' title='bbox 933 4923 961 4933; x_wconf 95' lang='lat'>-</span> <span class='ocrx_word' id='word_1_513' title='bbox 979 4895 1020 4946; x_wconf 76' lang='lat'>26.</span> <span class='ocrx_word' id='word_1_514' title='bbox 1038 4895 1115 4961; x_wconf 80' lang='lat' dir='ltr'>qood]</span> <span class='ocrx_word' id='word_1_515' title='bbox 1132 4896 1192 4958; x_wconf 74' lang='lat' dir='ltr'>qais</span> <span class='ocrx_word' id='word_1_516' title='bbox 1208 4895 1264 4954; x_wconf 84' lang='lat' dir='ltr'>EF,</span> <span class='ocrx_word' id='word_1_517' title='bbox 1285 4893 1335 4944; x_wconf 90' lang='lat' dir='ltr'>sed</span> <span class='ocrx_word' id='word_1_518' title='bbox 1350 4894 1377 4944; x_wconf 89' lang='lat' dir='ltr'>in</span> <span class='ocrx_word' id='word_1_519' title='bbox 1394 4894 1414 4944; x_wconf 85' lang='lat' dir='ltr'>E</span> <span class='ocrx_word' id='word_1_520' title='bbox 1433 4891 1519 4943; x_wconf 85' lang='lat' dir='ltr'>littera</span> <span class='ocrx_word' id='word_1_521' title='bbox 1536 4906 1552 4942; x_wconf 94' lang='lat' dir='ltr'>o</span> <span class='ocrx_word' id='word_1_522' title='bbox 1567 4893 1747 4957; x_wconf 83' lang='lat' dir='ltr'>superscripta</span> 
     </span>
     <span class='ocr_line' id='line_1_47' title="bbox 416 4967 1745 5034; baseline -0.002 -16"><span class='ocrx_word' id='word_1_523' title='bbox 416 4971 466 5018; x_wconf 89' lang='lat' dir='ltr'>est.</span> <span class='ocrx_word' id='word_1_524' title='bbox 486 4994 514 5005; x_wconf 93' lang='lat'><em>-</em></span> <span class='ocrx_word' id='word_1_525' title='bbox 533 4969 574 5020; x_wconf 81' lang='lat'>28.</span> <span class='ocrx_word' id='word_1_526' title='bbox 592 4970 620 5019; x_wconf 81' lang='lat' dir='ltr'>tc</span> <span class='ocrx_word' id='word_1_527' title='bbox 635 4971 696 5021; x_wconf 90' lang='lat' dir='ltr'>ante</span> <span class='ocrx_word' id='word_1_528' title='bbox 712 4984 738 5022; x_wconf 85' lang='lat' dir='ltr'>v.</span> <span class='ocrx_word' id='word_1_529' title='bbox 756 4971 861 5034; x_wconf 72' lang='lat' dir='ltr'>euporo</span> <span class='ocrx_word' id='word_1_530' title='bbox 878 4982 931 5021; x_wconf 86' lang='lat' dir='ltr'>om.</span> <span class='ocrx_word' id='word_1_531' title='bbox 951 4971 1035 5022; x_wconf 83' lang='lat' dir='ltr'>EFF.</span> <span class='ocrx_word' id='word_1_532' title='bbox 1053 4996 1080 5007; x_wconf 93' lang='lat'><em>-</em></span> <span class='ocrx_word' id='word_1_533' title='bbox 1099 4970 1160 5034; x_wconf 74' lang='lat' dir='ltr'>pasto</span> <span class='ocrx_word' id='word_1_534' title='bbox 1176 4968 1321 5034; x_wconf 71' lang='lat' dir='ltr'>Madvigius</span> <span class='ocrx_word' id='word_1_535' title='bbox 1339 4969 1390 5033; x_wconf 81' lang='lat' dir='ltr'>(ep.</span> <span class='ocrx_word' id='word_1_536' title='bbox 1404 4967 1575 5031; x_wconf 80' lang='lat' dir='ltr'>Ussingiuml:</span> <span class='ocrx_word' id='word_1_537' title='bbox 1594 4968 1637 5030; x_wconf 76' lang='lat' dir='ltr'>qut</span> <span class='ocrx_word' id='word_1_538' title='bbox 1653 4967 1745 5018; x_wconf 81' lang='lat' dir='ltr'>ceteri.</span> 
     </span>
     <span class='ocr_line' id='line_1_48' title="bbox 418 5043 1749 5108; baseline -0.002 -14"><span class='ocrx_word' id='word_1_539' title='bbox 418 5070 446 5079; x_wconf 95' lang='lat'><em>-</em></span> <span class='ocrx_word' id='word_1_540' title='bbox 464 5043 506 5094; x_wconf 76' lang='lat'>29.</span> <span class='ocrx_word' id='word_1_541' title='bbox 525 5043 602 5094; x_wconf 75' lang='lat' dir='ltr'>utem</span> <span class='ocrx_word' id='word_1_542' title='bbox 619 5057 672 5096; x_wconf 92' lang='lat' dir='ltr'>om.</span> <span class='ocrx_word' id='word_1_543' title='bbox 691 5045 721 5097; x_wconf 87' lang='grc' dir='ltr'>Ε.</span> <span class='ocrx_word' id='word_1_544' title='bbox 741 5071 769 5082; x_wconf 85' lang='grc'>-</span> <span class='ocrx_word' id='word_1_545' title='bbox 788 5044 828 5096; x_wconf 85' lang='grc'>30.</span> <span class='ocrx_word' id='word_1_546' title='bbox 846 5045 883 5096; x_wconf 82' lang='lat' dir='ltr'>utt</span> <span class='ocrx_word' id='word_1_547' title='bbox 899 5046 990 5096; x_wconf 84' lang='lat' dir='ltr'>EFP:</span> <span class='ocrx_word' id='word_1_548' title='bbox 1008 5050 1037 5096; x_wconf 81' lang='lat' dir='ltr'>ot</span> <span class='ocrx_word' id='word_1_549' title='bbox 1052 5044 1167 5101; x_wconf 71' lang='lat' dir='ltr'>ALFO.</span> <span class='ocrx_word' id='word_1_550' title='bbox 1181 5049 1208 5080; x_wconf 62' lang='grc' dir='ltr'>-ὲ</span> <span class='ocrx_word' id='word_1_551' title='bbox 1228 5045 1269 5096; x_wconf 72' lang='lat' dir='ltr'>tt.</span> <span class='ocrx_word' id='word_1_552' title='bbox 1283 5044 1380 5108; x_wconf 64' lang='lat' dir='ltr'>possen</span> <span class='ocrx_word' id='word_1_553' title='bbox 1394 5055 1446 5093; x_wconf 76' lang='lat' dir='ltr'>son</span> <span class='ocrx_word' id='word_1_554' title='bbox 1460 5055 1511 5093; x_wconf 73' lang='lat' dir='ltr'>seso</span> <span class='ocrx_word' id='word_1_555' title='bbox 1529 5044 1566 5102; x_wconf 84' lang='grc' dir='ltr'>Α;</span> <span class='ocrx_word' id='word_1_556' title='bbox 1581 5055 1682 5105; x_wconf 71' lang='lat' dir='ltr'>possm</span> <span class='ocrx_word' id='word_1_557' title='bbox 1698 5053 1749 5093; x_wconf 82' lang='lat' dir='ltr'>esso</span> 
     </span>
     <span class='ocr_line' id='line_1_49' title="bbox 418 5117 1745 5185; baseline -0.001 -16"><span class='ocrx_word' id='word_1_558' title='bbox 418 5119 632 5184; x_wconf 66' lang='lat' dir='ltr'>(superacutum)</span> <span class='ocrx_word' id='word_1_559' title='bbox 649 5120 679 5171; x_wconf 90' lang='grc' dir='ltr'>Ε.</span> <span class='ocrx_word' id='word_1_560' title='bbox 699 5146 727 5158; x_wconf 90' lang='grc'><strong>-</strong></span> <span class='ocrx_word' id='word_1_561' title='bbox 746 5120 844 5183; x_wconf 74' lang='lat' dir='ltr'>mento,</span> <span class='ocrx_word' id='word_1_562' title='bbox 864 5119 981 5185; x_wconf 68' lang='lat' dir='ltr'>Quirites]</span> <span class='ocrx_word' id='word_1_563' title='bbox 993 5120 1103 5182; x_wconf 75' lang='lat' dir='ltr'>omstoq,</span> <span class='ocrx_word' id='word_1_564' title='bbox 1116 5122 1150 5181; x_wconf 74' lang='lat'>1²3</span> <span class='ocrx_word' id='word_1_565' title='bbox 1168 5121 1301 5183; x_wconf 61' lang='lat' dir='ltr'>anemae</span> <span class='ocrx_word' id='word_1_566' title='bbox 1316 5120 1350 5180; x_wconf 86' lang='lat' dir='ltr'>F;</span> <span class='ocrx_word' id='word_1_567' title='bbox 1368 5117 1529 5181; x_wconf 72' lang='lat' dir='ltr'>mantolom.</span> <span class='ocrx_word' id='word_1_568' title='bbox 1542 5117 1577 5182; x_wconf 78' lang='lat' dir='ltr'>q.)</span> <span class='ocrx_word' id='word_1_569' title='bbox 1588 5117 1617 5168; x_wconf 87' lang='grc' dir='ltr'><strong>Ε.</strong></span> <span class='ocrx_word' id='word_1_570' title='bbox 1637 5118 1676 5168; x_wconf 87' lang='lat' dir='ltr'>ct.</span> <span class='ocrx_word' id='word_1_571' title='bbox 1688 5131 1745 5169; x_wconf 84' lang='lat' dir='ltr'>var.</span> 
     </span>
     <span class='ocr_line' id='line_1_50' title="bbox 416 5189 1748 5262; baseline 0.001 -20"><span class='ocrx_word' id='word_1_572' title='bbox 416 5190 478 5244; x_wconf 90' lang='lat' dir='ltr'>lect.</span> <span class='ocrx_word' id='word_1_573' title='bbox 496 5207 523 5259; x_wconf 96' lang='lat' dir='ltr'>p.</span> <span class='ocrx_word' id='word_1_574' title='bbox 541 5192 599 5244; x_wconf 77' lang='lat'>6⁴3.</span> <span class='ocrx_word' id='word_1_575' title='bbox 616 5206 643 5245; x_wconf 83' lang='lat' dir='ltr'>v.</span> <span class='ocrx_word' id='word_1_576' title='bbox 661 5194 703 5246; x_wconf 78' lang='lat'>26.</span> <span class='ocrx_word' id='word_1_577' title='bbox 721 5208 749 5260; x_wconf 93' lang='lat' dir='ltr'>p.</span> <span class='ocrx_word' id='word_1_578' title='bbox 762 5195 819 5247; x_wconf 84' lang='lat' dir='ltr'>6tl.</span> <span class='ocrx_word' id='word_1_579' title='bbox 837 5208 863 5247; x_wconf 85' lang='lat' dir='ltr'>v.</span> <span class='ocrx_word' id='word_1_580' title='bbox 880 5195 920 5246; x_wconf 78' lang='lat'>³2.</span> <span class='ocrx_word' id='word_1_581' title='bbox 941 5221 969 5230; x_wconf 89' lang='lat'><em>-</em></span> <span class='ocrx_word' id='word_1_582' title='bbox 988 5194 1029 5246; x_wconf 79' lang='grc'>66.</span> <span class='ocrx_word' id='word_1_583' title='bbox 1045 5194 1117 5246; x_wconf 82' lang='lat' dir='ltr'>nobis</span> <span class='ocrx_word' id='word_1_584' title='bbox 1131 5195 1188 5247; x_wconf 86' lang='lat' dir='ltr'>EF.</span> <span class='ocrx_word' id='word_1_585' title='bbox 1200 5222 1228 5234; x_wconf 89' lang='lat'><em>-</em></span> <span class='ocrx_word' id='word_1_586' title='bbox 1245 5196 1273 5245; x_wconf 76' lang='lat' dir='ltr'>ts</span> <span class='ocrx_word' id='word_1_587' title='bbox 1287 5194 1362 5262; x_wconf 61' lang='grc' dir='ltr'>μοι</span> <span class='ocrx_word' id='word_1_588' title='bbox 1377 5205 1431 5245; x_wconf 95' lang='lat' dir='ltr'>om.</span> <span class='ocrx_word' id='word_1_589' title='bbox 1444 5191 1474 5244; x_wconf 82' lang='lat' dir='ltr'>F..</span> <span class='ocrx_word' id='word_1_590' title='bbox 1489 5218 1517 5229; x_wconf 96' lang='lat'>-</span> <span class='ocrx_word' id='word_1_591' title='bbox 1535 5189 1577 5244; x_wconf 78' lang='grc'>66.</span> <span class='ocrx_word' id='word_1_592' title='bbox 1596 5190 1628 5257; x_wconf 86' lang='lat' dir='ltr'>ot]</span> <span class='ocrx_word' id='word_1_593' title='bbox 1646 5197 1675 5243; x_wconf 82' lang='lat' dir='ltr'>ot</span> <span class='ocrx_word' id='word_1_594' title='bbox 1691 5192 1748 5243; x_wconf 85' lang='lat' dir='ltr'>EF.</span> 
     </span>
     <span class='ocr_line' id='line_1_51' title="bbox 421 5266 820 5337; baseline 0.008 -19"><span class='ocrx_word' id='word_1_595' title='bbox 421 5291 449 5303; x_wconf 85' lang='lat'><em>-</em></span> <span class='ocrx_word' id='word_1_596' title='bbox 468 5266 509 5320; x_wconf 84' lang='grc'>66.</span> <span class='ocrx_word' id='word_1_597' title='bbox 528 5267 644 5337; x_wconf 77' lang='lat' dir='ltr'>Qalsttos]</span> <span class='ocrx_word' id='word_1_598' title='bbox 662 5271 777 5334; x_wconf 62' lang='lat' dir='ltr'>quotuor</span> <span class='ocrx_word' id='word_1_599' title='bbox 793 5272 820 5321; x_wconf 87' lang='lat' dir='ltr'>F.</span> 
     </span>
    </p>
   </div>
   <div class='ocr_carea' id='block_1_4' title="bbox 0 0 2188 6101">
    <p class='ocr_par' dir='ltr' id='par_1_4' title="bbox 0 0 2188 6101">
     <span class='ocr_line' id='line_1_52' title="bbox 0 0 2188 6101; baseline 0 0"><span class='ocrx_word' id='word_1_600' title='bbox 0 0 2188 6101; x_wconf 95' lang='lat' dir='ltr'> </span> 
     </span>
    </p>
   </div>
  </div>
 </body>
</html>
