4367 6109
911 1158 955 1249 M.
981 1158 1124 1250 liillss
1150 1157 1379 1253 CICERONIS

552 1387 1012 1477 onnnioNis
1063 1390 1221 1478 PRO
1268 1389 1331 1477 M.
1374 1387 1755 1476 FONTEM)

928 1617 1048 1686 QUAE
1083 1616 1355 1676 SUPERSUNT.

1043 1823 1248 1874 nsscoanovir

850 1998 1118 2063 CAROLUS
1148 1946 1440 2064 ΕἏΒΜῙΠΒ·

1058 2248 1227 2261 ——-

922 2450 1104 2512 uorandi!
1123 2453 1363 2513 Exanicario

518 2616 543 2638 =-.
561 2588 749 2652 Palimpsestus
765 2585 920 2644 Vaticanus,
947 2585 1010 2636 olim
1031 2585 1164 2637 Palatinus
1181 2587 1279 2646 xxii,
1304 2601 1336 2637 ex
1354 2598 1406 2650 quo
1424 2587 1575 2636 Nrenuauus
1592 2584 1643 2635 tria
1659 2583 1814 2648 fragmenta

563 2663 686 2715 orationis
704 2661 753 2724 (ἐξ.
773 2659 855 2722 4-6.)
872 2661 971 2710 Romae
990 2675 1013 2710 a.
1033 2661 1106 2711 isso.
1124 2662 1225 2725 primus
1243 2661 1333 2712 edidit.

521 2757 544 2775 =
565 2739 649 2791 codex
664 2735 873 2791 vetustissimus.
888 2735 933 2797 qui
951 2735 975 2784 in
987 2732 1117 2784 iabulario
1128 2733 1253 2786 basilicae
1264 2736 1405 2786 Vaticanae
1417 2735 1577 2786 asservatur.
1596 2737 1672 2788 lluuc
1684 2736 1814 2787 codicem

562 2816 623 2879 post
639 2813 768 2862 baernum
785 2811 881 2859 iterum
899 2808 1066 2861 contulerunt
1083 2812 1241 2860 Gaaarosrus
1260 2813 1288 2860 el
1306 2812 1466 2860 Ninaunnios.
1492 2810 1578 2873 Atque
1595 2812 1732 2862 Garatonii
1750 2812 1815 2875 qui·

562 2891 625 2941 dem
643 2885 810 2938 collationem
827 2899 859 2935 ex
876 2886 932 2937 eius
949 2885 1056 2937 schedis
1073 2884 1178 2935 ineditis
1195 2897 1264 2948 quae
1277 2886 1416 2935 iiaaennae
1428 2884 1628 2935 exstant'l'rcao
1640 2886 1814 2936 manasserus

563 2967 587 3014 in
605 2975 684 3013 usum
700 2963 822 3010 nostrum
839 2959 988 3023 descripsit.
1020 2957 1164 3010 collatione
1182 2961 1271 3011 autam
1288 2958 1465 3010 Niebuhriana
1483 2956 1524 3009 illa
1542 2961 1583 3009 usi
1600 2972 1711 3023 sumus,
1738 2975 1813 3024 quaa

562 3041 647 3090 exstat
668 3040 694 3088 in
717 3033 839 3100 exemplo
861 3035 982 3086 editionis
1004 3035 1210 3096 Garatonianae,
1237 3034 1309 3099 quod
1327 3035 1366 3083 vir
1385 3047 1506 3085 summus
1523 3035 1696 3098 possederat,
1724 3037 1812 3100 ipsios

562 3128 642 3166 mauu
660 3126 693 3163 ex
710 3110 803 3161 codice
821 3111 965 3175 descripta,
985 3113 1011 3160 et
1028 3108 1167 3160 nobiscum
1186 3122 1201 3158 a
1218 3123 1244 3159 v.
1262 3108 1296 3158 cl.
1310 3110 1447 3160 Cmnaaro
1464 3109 1665 3174 perhumaniter
1682 3122 1813 3161 commu-

561 3191 647 3242 nicata
664 3189 713 3238 esi.
741 3189 798 3237 Noa
814 3199 957 3251 possumus
975 3187 1047 3236 enim
1064 3183 1179 3250 probare
1191 3183 1264 3247 quod
1276 3184 1435 3234 Niebubrius
1453 3186 1636 3236 «monstrosas
1648 3187 1809 3250 scripturas,

561 3264 659 3329 quibus
684 3260 746 3312 nibil
771 3262 878 3311 omnino
903 3259 965 3310 boni
990 3260 1103 3311 subesse
1129 3261 1247 3324 potest»,
1274 3262 1303 3309 ut
1325 3261 1361 3310 ait
1382 3261 1408 3310 iu
1429 3260 1509 3309 Orati.
1531 3275 1558 3322 p.
1576 3261 1613 3311 M.
1631 3261 1734 3312 Fonteio
1753 3264 1807 3311 cet.

559 3338 707 3404 fragmentis
723 3349 749 3399 p.
769 3337 836 3399 ila„
855 3335 954 3385 codicis
972 3336 1088 3399 primarii
1106 3335 1264 3386 omittendas
1281 3335 1395 3400 putavii3
1421 3347 1483 3385 nam
1499 3335 1588 3385 insunt
1604 3335 1630 3385 in
1647 3332 1809 3386 lectionibus

560 3413 666 3464 omissis
684 3408 828 3474 quaedam,
853 3408 998 3473 exquibus
1016 3413 1110 3462 cautus
1127 3410 1233 3460 criticus
1249 3410 1340 3474 ulique
1357 3408 1471 3459 lructum
1490 3421 1586 3473 capere
1603 3410 1702 3474 possii;
1725 3422 1753 3459 v.
1772 3408 1807 3458 ad

513 3590 539 3612 ε
562 3561 647 3612 codex
664 3557 869 3621 salisburgensis
887 3555 986 3609 aulicus
1007 3573 1033 3609 u.
1051 3557 1103 3620 dl..
1126 3572 1197 3608 nunc
1214 3559 1274 3610 cod.
1292 3559 1348 3608 Lai.
1366 3559 1531 3609 Monacensis
1548 3557 1656 3619 isid,
1681 3556 1717 3608 ab
1733 3558 1754 3607 l.
1774 3559 1803 3608 G.

559 3639 718 3687 limaruaaao
741 3631 937 3696 diligentissime
955 3632 1073 3685 collatus.
1101 3633 1228 3685 Suilicere
1245 3635 1331 3684 visum
1349 3637 1392 3684 est
1408 3647 1440 3685 ex
1456 3633 1565 3698 reliquis
1581 3632 1735 3693 codicibus,
1759 3634 1804 3697 qui

559 3714 664 3777 partem
680 3721 696 3757 a
714 3709 735 3756 V
752 3710 885 3758 servatam
902 3709 1050 3768 continent.
1070 3709 1142 3758 hunc
1157 3721 1241 3759 unum
1257 3708 1423 3770 adhibuisse,
1441 3713 1471 3760 ut
1487 3723 1520 3761 ax
1537 3723 1590 3760 uno
1604 3708 1750 3761 collationis
1762 3709 1804 3759 di—

558 3785 669 3849 ligenter
691 3783 776 3834 iactae
799 3781 920 3848 exemplo
943 3786 1083 3848 appareat,
1107 3797 1159 3847 quo
1182 3783 1262 3834 modo
1284 3783 1406 3834 homines
1427 3782 1483 3833 itali
1500 3785 1527 3835 in
1544 3783 1636 3835 codice
1654 3783 1803 3849 archetypo

559 3863 699 3921 vaticano,
724 3873 757 3909 ex
775 3872 828 3922 quo
844 3857 961 3922 reliquos
979 3870 1072 3909 omnes
1090 3857 1233 3909 defluxisse
1250 3857 1419 3909 manifestum
1436 3861 1490 3922 est,
1508 3861 1556 3909 aut
1570 3858 1740 3910 emendando
1758 3860 1803 3910 aut

558 3936 676 3986 vitiando
692 3935 790 3985 versati
807 3934 867 3984 sini.

477 4016 496 4065 L
515 4039 540 4058 =
559 4011 638 4062 editio
656 4007 827 4059 Lambiniana
844 4021 868 4057 a.
888 4008 963 4058 ⁴566.

477 4090 497 4138 0
515 4104 540 4123 =
559 4087 638 4137 editio
656 4082 784 4134 Orelliana
802 4097 826 4133 a.
845 4083 917 4133 isio.

476 4334 504 4401 i.
539 4334 755 4421 Frupmenta
777 4352 800 4396 a
822 4328 1013 4398 Nlcbralario
1036 4348 1082 4395 ecc
1105 4331 1222 4395 codice
1242 4330 1468 4418 palimpsesto
1498 4328 1669 4396 Vaticano
1692 4331 1801 4396 editu.

560 4473 583 4534 l.
607 4467 636 4532 l.
666 4494 739 4533 *a*
762 4468 938 4552 oportuisse
968 4487 1008 4529 an
1037 4467 1081 4530 ita
1103 4466 1262 4541 dissolvit,
1292 4476 1329 4531 ut
1354 4489 1462 4530 omnes
1484 4467 1539 4530 alii
1561 4468 1800 4531 dissolveruntl

474 4571 553 4632 Nam
574 4568 619 4629 itu
642 4585 699 4648 ego
715 4562 851 4626 defendo
867 4564 908 4625 lll.
923 4562 1107 4635 Fonteium,
1129 4561 1267 4635 iudices,
1288 4563 1398 4645 itaque
1414 4561 1586 4634 contendo,
1609 4569 1682 4644 post
1696 4561 1798 4643 legem

476 4662 632 4726 Valeriam
646 4660 740 4724 latam
752 4700 929 4719 .........
941 4663 972 4718 te
985 4700 1013 4717 ..
1030 4663 1197 4738 quaestore
1212 4674 1313 4739 usque
1328 4656 1368 4718 ad
1383 4655 1488 4718 Titum
1504 4654 1682 4737 Crispinum
1702 4673 1800 4737 quae-

541 4923 564 4971 l.
583 4920 630 4954 *l*
642 4916 799 4983 oportuisse]
818 4916 928 4966 Litteras
946 4913 1052 4978 oblique
1071 4915 1097 4964 ia
1114 4914 1155 4979 ἓξ.
1171 4915 1241 4964 i-o.
1260 4915 1403 4978 impressas
1420 4911 1551 4977 supplevit
1567 4911 1737 4972 Niebuhrius‚
1756 4912 1798 4962 cui

471 5009 542 5060 quae
565 4995 684 5060 proxime
706 4990 903 5057 praecedebant
924 4988 1077 5040 huiusmodi
1099 4988 1179 5039 luisse
1201 4986 1339 5038 videntur:
1369 4988 1455 5037 illrum
1476 4988 1528 5036 iom
1550 4986 1618 5037 vobis
1632 4987 1757 5037 videm
1771 4987 1798 5036 ia

469 5071 586 5120 soluendo
602 5069 680 5118 aliam
697 5079 714 5115 a
730 5067 830 5116 Fannio
844 5066 969 5115 rationem
985 5064 1062 5114 lenm
1077 5065 1214 5125 oporiuosa
1224 5063 1285 5124 cat,
1305 5061 1381 5113 allato
1399 5061 1510 5123 scilicet,
1528 5064 1558 5111 ut
1574 5075 1606 5112 ex
1622 5059 1797 5125 sequentibus

472 5149 560 5213 putet,
579 5142 689 5196 Hirtulei
706 5138 836 5204 exemplo.
857 5167 884 5176 -
903 5139 1063 5189 dissolverunt
1080 5137 1253 5188 Niebubrius:
1277 5136 1512 5187 DISSOLVERINT
1527 5138 1546 5185 P
1563 5138 1590 5187 et
1607 5137 1636 5186 0.
1656 5162 1683 5171 -
1703 5135 1728 5186 3,
1746 5135 1798 5184 La·

472 5232 571 5273 cunam
594 5221 657 5284 posi
678 5217 760 5268 iorem
780 5217 819 5268 sic
840 5213 973 5281 supplerit
994 5213 1170 5267 Niebuhrius:
1196 5226 1215 5264 o
1230 5213 1266 5266 li.
1284 5212 1399 5272 Fontem
1425 5214 1453 5261 at
1469 5209 1650 5274 desideratur,
1676 5212 1707 5260 ut
1721 5211 1796 5260 recte
