4367 6109
462 569 524 640 ild
866 583 1015 647 ORATIO
1026 583 1116 683 ..PRO
1138 582 1174 645 1.
1195 583 1360 646 llllllENA

465 770 547 834 quae
569 771 619 813 rea
641 752 725 834 ipsa,
747 771 828 835 quae
852 750 1041 815 diuturnitas
1063 751 1187 834 imperii
1209 752 1406 834 comprobat,
1428 753 1558 816 nimium
1580 771 1691 815 severa
1706 771 1777 814 ora·

464 843 550 908 tione
564 843 805 926 reprehendere.
826 845 898 909 Fuit
912 845 1023 908 eodem
1039 865 1079 908 ex
1093 845 1198 907 studio
1213 846 1261 907 vir
1275 846 1415 909 eruditus
1429 844 1513 927 apud
1528 855 1634 929 patres
1648 852 1777 909 nosnos

464 946 496 1000 et
516 937 668 1001 honestus
689 938 784 1000 bomo
807 947 838 1000 et
858 938 990 1013 nobilis,
1013 938 1052 1014 Q.
1074 938 1209 1002 Tubero.
1252 940 1298 1013 ls,
1320 961 1392 1002 cum
1413 940 1541 1022 epulum
1563 940 1603 1016 Q.
1617 942 1777 1004 Maximus

462 1032 496 1093 Ρ.
517 1029 654 1094 Africani
678 1033 780 1114 patrui
802 1032 850 1095 sui
870 1033 998 1094 nomine
1019 1032 1140 1114 populo
1161 1033 1302 1096 Romano
1325 1033 1429 1107 daret,
1450 1040 1578 1115 rogatus
1599 1041 1690 1097 4444
1711 1035 1777 1096 bla-

437 1122 548 1187 eximo
570 1132 606 1186 nt
628 1125 798 1187 triclinium
820 1132 989 1198 sterneret,
1012 1145 1083 1188 cum
1106 1134 1189 1188 essct
1202 1127 1325 1190 Tubero
1348 1125 1488 1189 eiusdem
1502 1126 1642 1190 Africani
1657 1126 1777 1189 sororis

460 1214 554 1280 filius.
591 1220 693 1302 Atque
714 1218 784 1291 ille,
806 1218 901 1281 bomo
924 1218 1154 1283 eruditissimus
1176 1239 1212 1282 ac
1227 1221 1369 1295 Stoicus,
1392 1221 1501 1282 stravit
1520 1219 1677 1303 pelliculis
1700 1218 1777 1282 bae·

460 1311 541 1373 dinis
563 1311 696 1375 lectulos
718 1313 899 1375 Punicanos
917 1321 948 1374 et
969 1314 1117 1395 exposuit
1138 1333 1212 1376 vasa
1234 1314 1354 1387 Samia,
1382 1314 1569 1398 quasivero
1595 1321 1679 1376 esset
1701 1313 1778 1375 llio·

459 1425 555 1489 genes
578 1405 713 1488 Cynicus
735 1413 894 1481 mortuus,
916 1415 948 1470 et
968 1427 1034 1469 non
1055 1406 1153 1469 divini
1175 1407 1313 1470 hominis
1327 1407 1464 1471 Africani
1486 1427 1570 1471 mors
1590 1408 1777 1471 boneatare·

457 1506 524 1562 tur:
554 1520 648 1584 quem
677 1521 748 1563 cum
777 1521 922 1584 supremo
954 1503 1021 1565 eius
1051 1499 1103 1562 die
1124 1501 1279 1565 Maximus
1306 1501 1463 1576 laudaret,
1492 1504 1607 1585 gratias
1635 1501 1701 1584 egit
1727 1500 1777 1562 dis

420 1594 702 1668 stimmortalibus,
732 1594 818 1679 quod
848 1595 901 1658 ille
931 1596 979 1658 vir
1000 1596 1033 1657 in
1054 1592 1114 1657 bae
1135 1613 1168 1657 re
1189 1595 1316 1678 publica
1337 1597 1536 1679 potissimum
1557 1604 1650 1658 natus
1672 1601 1776 1669 esset;

457 1706 587 1751 necesse
615 1689 696 1751 enim
717 1688 815 1751 luisse
837 1688 882 1751 ibi
903 1710 974 1752 esse
996 1696 1146 1751 terrarum
1172 1689 1355 1772 imperium,
1383 1691 1437 1754 ubi
1458 1691 1513 1753 ille
1535 1698 1628 1753 esset.
1671 1688 1777 1751 Huius

457 1782 490 1845 in
512 1789 613 1845 morte
635 1781 822 1845 celebranda
843 1784 977 1864 graviter
998 1782 1071 1846 tulit
1091 1783 1228 1867 populus
1243 1786 1402 1847 Romanus
1421 1784 1503 1849 hanc
1525 1802 1705 1867 perversam
1727 1802 1778 1846 aa·

456 1875 607 1957 pientiam
629 1875 815 1940 Tuberonis.
858 1873 909 1938 76.
932 1877 1043 1960 ltaque
1066 1876 1161 1939 bomo
1177 1878 1411 1959 integerrimus,
1433 1879 1513 1942 civis
1527 1878 1682 1961 optimus,
1705 1896 1776 1938 cum

458 1975 542 2032 esset
567 1968 602 2031 L.
624 1969 712 2032 Pauli
733 1989 848 2052 nepos,
876 1968 1086 2043 1441414441,
1116 1979 1151 2033 ut
1178 1971 1258 2045 dixi,
1287 1974 1405 2035 sororis
1434 1970 1532 2046 lilius,
1559 1971 1609 2033 his
1630 1969 1778 2033 haedinis

421 2073 449 2120 44
458 2062 616 2147 pelliculis
636 2070 783 2146 praetura
805 2063 947 2127 deiectus
969 2073 1025 2127 eat.
1062 2063 1139 2127 Odit
1166 2065 1303 2148 populus
1328 2067 1485 2130 Romanus
1508 2067 1659 2150 privatam
1682 2064 1778 2127 luxu-

458 2158 553 2231 riam,
575 2157 731 2240 publicam
754 2155 1016 2239 magnificentiam
1038 2159 1156 2242 diligit:
1178 2179 1242 2221 non
1258 2166 1341 2222 amat
1354 2159 1498 2243 profusas
1513 2160 1640 2242 epulas,
1662 2159 1778 2221 sordes

459 2260 490 2317 et
516 2252 772 2316 inhumanitatem
802 2251 901 2314 multo
930 2253 1052 2315 minus:
1080 2251 1244 2334 distinguit
1264 2253 1419 2317 rationem
1440 2251 1616 2316 officiorum
1638 2273 1676 2316 ac
1698 2259 1778 2315 tem-

458 2365 588 2429 porum,
620 2344 870 2408 vicissitudinem
900 2345 1017 2407 laboris
1046 2365 1084 2408 aa
1113 2346 1294 2428 uoluptatis.
1336 2348 1415 2409 Nam
1443 2346 1529 2429 quod
1557 2347 1604 2409 ais
1632 2346 1722 2409 nulla
1742 2366 1778 2408 re

458 2439 543 2504 allici
565 2438 727 2503 bominum
750 2447 870 2502 mentes
892 2446 1037 2522 oportere
1059 2438 1100 2501 ad
1121 2439 1336 2520 magistratum
1353 2441 1565 2503 mandandum
1587 2441 1648 2503 nisi
1671 2439 1779 2522 digni-

421 2541 538 2608 nuto,
566 2533 627 2596 boc
650 2534 789 2616 tuipse,
818 2535 851 2598 in
874 2554 937 2617 quo
966 2551 1087 2596 summa
1109 2539 1157 2594 est
1178 2531 1333 2614 dignitas,
1360 2554 1423 2597 nou
1445 2554 1561 2597 servas.
1605 2535 1667 2596 Cur
1690 2534 1778 2595 enim

459 2647 665 2712 quemquam,
687 2635 724 2690 ut
745 2628 869 2690 studeat
891 2627 963 2700 tibi,
984 2634 1019 2688 ut
1041 2633 1072 2687 te
1094 2626 1236 2699 adiuvet,
1257 2632 1371 2708 443444
1393 2629 1495 2710 Rogas
1510 2635 1545 2690 tn
1558 2649 1626 2702 me,
1647 2637 1684 2691 ut
1699 2628 1778 2691 mibi

459 2722 595 2806 praesis,
617 2728 653 2783 ut
667 2721 858 2784 committam
874 2741 932 2803 434
947 2740 996 2782 me
1011 2719 1078 2781 tibi.
1103 2718 1187 2792 Quid
1202 2718 1352 2782 tandem?
1373 2722 1455 2784 istuc
1470 2742 1520 2784 me
1534 2721 1637 2804 rogari
1651 2728 1781 2804 oportet

459 2816 514 2879 abs
535 2822 566 2878 te
587 2835 628 2878 au
650 2822 682 2878 te
702 2815 809 2896 potins
830 2834 930 2887 ame,
951 2820 987 2876 ut
1006 2832 1066 2896 pro
1088 2832 1157 2876 mea
1179 2813 1280 2876 salute
1303 2814 1439 2876 laborem
1460 2814 1702 2897 periculumque
1724 2833 1780 2876 su-

459 2909 596 2991 scipiant
638 2904 689 2970 77.
712 2907 820 2983 Quint
843 2908 928 2991 quod
949 2907 1046 2970 babes
1068 2908 1353 2983 nomenclatorem,
1375 2908 1408 2970 in
1430 2927 1468 2971 eo
1491 2907 1619 2991 quidem
1640 2906 1726 2970 tallia
1746 2914 1781 2969 et

421 3001 590 3086 todecipis.
625 3004 703 3064 Nam
725 3003 752 3066 ei
772 3002 898 3065 nomine
920 3001 1073 3085 appellari
1094 3001 1150 3062 abs
1172 3009 1204 3063 te
1226 3001 1310 3064 cives
1332 3009 1404 3064 tuos
1418 3002 1584 3064 honestum
1599 3008 1662 3074 eet,
1684 3007 1779 3083 turpe

458 3104 508 3159 est
529 3117 583 3160 eos
604 3097 745 3160 notiores
767 3117 837 3159 esse
859 3116 949 3159 servo
971 3103 1026 3159 tuo
1051 3113 1146 3178 quam
1167 3095 1233 3156 tibi.
1277 3095 1351 3169 Sin,
1383 3095 1477 3158 etiam
1499 3095 1649 3167 sineris,
1670 3101 1779 3157 temen

458 3209 515 3273 per
535 3190 723 3253 monitorem
745 3188 926 3273 appellandi
949 3197 1038 3262 sunt,
1060 3208 1116 3251 cnr
1137 3196 1209 3250 ante
1230 3190 1330 3271 petis,
1352 3208 1447 3270 quam
1469 3188 1699 3251 insusurravit?
1722 3195 1781 3250 aut

459 3285 551 3368 quid,
575 3304 645 3348 cum
666 3284 856 3357 admoneris,
879 3291 1000 3356 444444,
1023 3283 1114 3366 quasi
1135 3289 1203 3344 tute
1224 3283 1328 3356 noris,
1350 3282 1395 3344 ita
1409 3282 1548 3344 salutas?
1571 3282 1665 3366 quid,
1687 3291 1779 3364 post-

459 3397 592 3462 eaquam
622 3399 656 3441 es
678 3376 876 3460 designatus,
899 3377 999 3439 multo
1021 3377 1137 3438 salutas
1158 3374 1392 3457 negligentius?
1428 3375 1513 3438 Haec
1534 3376 1640 3438 omnia
1663 3376 1704 3437 ad
1726 3395 1780 3437 ra-

524 3632 548 3680 1.
565 3643 605 3680 rer
620 3629 676 3692 ipro
692 3629 788 3687 EGbl,
808 3629 913 3687 60xx.,
932 3628 1025 3690 14334
1043 3640 1083 3676 rer
1097 3640 1123 3688 ρ.
1141 3627 1236 3688 ipsos,
1255 3638 1295 3676 res
1310 3627 1366 3687 ipso
1379 3624 1479 3687 publico
1496 3625 1539 3675 ed.
1552 3622 1638 3674 Wald.
1658 3625 1686 3673 et
1702 3625 1732 3673 L.
1748 3650 1775 3659 —

458 3705 629 3769 imperiumn.
644 3731 671 3740 —
690 3703 853 3766 comparebat
862 3711 898 3767 ψ.
915 3729 941 3738 -
960 3703 985 3752 3.
1003 3703 1074 3752 borno
1085 3714 1139 3752 om.
1153 3716 1183 3760 v3
1201 3702 1459 3751 nomo--uaaesmos
1469 3712 1522 3750 om.
1537 3702 1566 3749 G.
1578 3725 1605 3736 -
1624 3698 1648 3749 4.
1667 3699 1780 3762 144444-

458 3782 515 3831 4444
532 3781 652 3839 Gva:
670 3780 696 3829 Ρ.
709 3779 861 3828 4441440.
877 3805 904 3814 -
923 3779 1067 3827 rotoma.
1082 3805 1109 3814 —
1128 3774 1777 3837 4444.6.-6.44444444Ε,441444414116114,

457 3855 550 3905 bsdtotr
565 3869 589 3905 v.
611 3882 638 3891 —
656 3856 681 3904 7.
695 3855 827 3916 4444444444
842 3866 868 3903 v.
883 3879 910 3888 —
928 3853 1063 3914 44441444
1079 3866 1104 3902 v.
1121 3878 1149 3893 -·
1168 3852 1192 3902 8.
1210 3852 1315 3902 44444444
1330 3864 1383 3901 om.
1397 3859 1433 3914 ψ.
1449 3877 1476 3886 -
1496 3852 1535 3901 46.
1552 3850 1708 3913 potissimam
1719 3863 1775 3901 om.

459 3932 490 3981 li.
509 3955 537 3966 -·
560 3930 646 3992 potiar.
669 3929 742 3979 decor
761 3933 923 3979 declarasset
940 3940 965 3978 v.
985 3954 1012 3963 —
1032 3928 1072 3977 44.
1090 3927 1222 3988 meon
1238 3931 1366 3975 4444444444
1382 3940 1407 3975 v.
1428 3950 1455 3961 -
1475 3925 1515 3976 44.
1533 3925 1679 3975 sententiam
1695 3938 1724 3984 χ.
1748 3952 1776 3960 -

460 4004 499 4056 44.
516 4005 588 4055 Pauli
603 4006 672 4056 mei:
689 4004 769 4055 Pcollt
785 4005 842 4055 l.0.
861 4031 887 4040 -
906 4004 999 4053 4444444
1010 4016 1040 4063 v,
1058 4002 1136 4052 444444
1151 4001 1279 4064 14141146.
1294 4028 1320 4037 -
1341 4002 1380 4050 45.
1398 4000 1593 4063 0444--41444344
1608 3998 1779 4058 464440414-

459 4078 494 4129 til.
513 4081 532 4130 1.
551 4081 580 4130 0.
597 4081 639 4130 lx.
657 4080 685 4141 3,
704 4079 744 4129 84.
765 4105 792 4115 -
811 4080 851 4129 16.
869 4084 969 4129 ornatas
985 4078 1045 4128 EC·
1064 4103 1091 4111 -
1116 4078 1155 4126 17.
1173 4082 1197 4126 44
1212 4089 1265 4126 om.
1284 4090 1311 4134 χ.
1333 4102 1360 4110 -
1385 4076 1452 4126 ratio
1467 4078 1550 4126 41.-
1567 4078 1591 4124 44
1606 4078 1681 4136 terp.
1698 4087 1726 4126 v.
1748 4101 1776 4111 -

460 4154 500 4205 t8.
519 4154 566 4219 444]
583 4154 616 4204 ab
631 4155 678 4204 4444
694 4156 723 4205 G.
750 4177 777 4188 -
805 4153 845 4203 44.
864 4157 891 4201 at
907 4154 1057 4214 4444444444
1072 4153 1101 4203 E.
1127 4178 1154 4188 -
1181 4153 1222 4201 44.
1240 4157 1334 4216 4344444
1355 4152 1398 4201 tibi
1415 4152 1454 4211 ll,
1480 4165 1525 4214 epo
1542 4163 1596 4201 om.
1614 4163 1640 4199 v.
1660 4175 1689 4186 -
1714 4150 1780 4200 444444

459 4232 568 4281 decens.
588 4228 667 4279 teti:
692 4230 772 4278 444444
794 4224 835 4276 vcl
853 4227 1028 4286 4444441414,
1053 4226 1069 4278 4
1085 4227 1149 4276 044.
1168 4228 1196 4275 44
1211 4228 1289 4289 4433.
1307 4227 1413 4290 praeter
1429 4224 1444 4273 9
1461 4227 1488 4274 44
1504 4222 1550 4284 44,
1574 4224 1601 4273 in
1620 4222 1718 4286 quibus
1737 4226 1780 4273 est

460 4306 499 4354 444
514 4309 585 4363 tunm
604 4308 703 4363 444444,
722 4303 781 4365 qnid
797 4303 896 4352 44444444
912 4303 951 4351 oia
967 4315 1032 4351 4444
1046 4315 1086 4351 mc
1101 4301 1189 4364 449444·
1205 4303 1239 4351 41.
1254 4327 1282 4337 -
1300 4300 1340 4350 43.
1359 4299 1455 4350 labores
1471 4301 1500 4350 C.
1517 4326 1544 4336 -
1558 4299 1776 4361 4444444447.-

458 4378 499 4429 44.
517 4378 738 4429 commeadctorem
754 4378 814 4440 lag.
834 4378 857 4427 9.
877 4391 909 4428 ex
927 4378 1055 4440 scriptura
1072 4377 1288 4433 4444444444,
1315 4388 1384 4440 quae
1401 4377 1443 4425 est
1457 4375 1484 4424 in
1500 4375 1554 4424 Ev.
1574 4401 1600 4411 -
1619 4376 1660 4425 45.
1678 4374 1779 4425 4444414

459 4455 521 4503 uu.
537 4479 563 4488 -
582 4453 735 4502 4444444444
751 4455 780 4502 G.
796 4478 822 4487 -
841 4453 881 4502 46.
899 4454 939 4502 ain
955 4453 1029 4502 ettam
1046 4452 1067 4501 ai
1082 4453 1151 4500 44444
1167 4449 1327 4501 Lambinus:
1347 4464 1399 4500 om.
1413 4453 1446 4509 Gi
1465 4451 1503 4501 444
1519 4451 1595 4500 atam
1609 4452 1679 4501 noris
1695 4450 1776 4501 codd.

459 4526 515 4579 rell.
534 4529 602 4588 noti;
620 4528 696 4578 ettam
710 4533 739 4578 444
754 4543 805 4579 444
821 4530 889 4577 nmis
905 4528 1084 4585 camerarium
1103 4528 1124 4575 44·
1140 4527 1215 4575 ctiam
1230 4527 1311 4574 noris.
1330 4531 1412 4575 144444
1422 4552 1460 4563 --
1471 4525 1613 4588 appellaret
1627 4523 1702 4574 444444
1718 4526 1779 4576 444-

459 4603 556 4652 nulius.
576 4628 604 4638 -
625 4602 666 4652 47.
684 4616 732 4652 eor
754 4607 812 4652 4444
827 4604 868 4653 bl:
892 4614 946 4651 om.
964 4603 1025 4663 Lag.
1044 4601 1096 4659 46,
1114 4614 1160 4649 cnr
1176 4591 1258 4649 tonica
1275 4600 1336 4662 Lag.
1355 4601 1390 4658 9.,
1408 4614 1454 4649 car
1470 4606 1554 4650 444444
1570 4614 1602 4661 v,
1624 4615 1672 4649 ma·
1688 4602 1742 4651 44444
1758 4602 1778 4650 T

459 4677 512 4740 (qui
529 4676 611 4727 habet
623 4678 694 4739 44444
710 4690 758 4741 pro
773 4678 857 4740 peliri,
874 4689 962 4726 4444444
978 4677 1165 4737 1461411444,
1184 4676 1241 4725 Ρ44.
1255 4674 1278 4725 4.
1292 4675 1328 4735 8.,
1346 4677 1424 4739 1433.
1442 4674 1546 4739 reliqui.
1560 4702 1588 4714 -
1603 4675 1675 4737 potis]
1689 4679 1780 4736 4444444

459 4754 494 4809 G,
510 4751 581 4814 peltis
596 4749 654 4802 libri
671 4755 790 4813 veteres,
816 4756 845 4803 ut
861 4753 897 4802 ait
913 4750 1016 4811 bamb,
1035 4751 1106 4801 unde
1123 4752 1180 4814 ipse
1196 4749 1270 4800 dedit
1286 4750 1311 4799 in
1329 4749 1371 4800 ed.
1385 4750 1458 4800 4566.
1476 4751 1600 4813 oppedam
1615 4749 1719 4811 44444144
1735 4749 1779 4799 vel

455 4839 560 4890 pronos
568 4828 637 4876 coni.
648 4826 758 4878 Orellins
766 4827 946 4892 probabiliter.
961 4854 988 4863 -
999 4827 1166 4876 4444444444νί4
1174 4825 1217 4876 441.
1231 4826 1300 4876 Crat.
1311 4839 1317 4873 ε
1329 4825 1450 4875 incanuit
1459 4826 1505 4888 (sic
1514 4829 1535 4877 G
1544 4827 1571 4876 et
1577 4823 1717 4889 plerique),
1735 4823 1780 4872 444-

458 4903 565 4961 4444444,
582 4904 716 4963 4444444444,
733 4903 866 4965 4444444444,
883 4902 1000 4952 nonanti
1017 4901 1095 4963 114111,
1115 4902 1173 4951 Par.
1186 4900 1221 4962 4.)
1239 4900 1612 4964 444144444444444.(1.43.4.
1629 4913 1677 4949 cur
1693 4906 1780 4951 444444

456 4979 519 5040 peto
534 4992 591 5028 4444
606 4979 727 5028 4444444444
743 4979 787 5032 stt:
807 4980 865 5028 Par.
878 4979 902 5027 7.
922 4979 1012 5028 Franc.
1031 4979 1058 5027 et
1074 4989 1103 5024 v:
1122 4989 1169 5025 cnr
1184 4981 1268 5026 444444
1281 4977 1344 5038 petia
1359 4988 1431 5037 44444
1447 4989 1498 5026 non
1509 4978 1585 5036 44444,
1604 4974 1652 5025 sed
1664 4988 1682 5024 v
1693 4977 1779 5036 quae.)

458 5079 493 5100 --.
507 5059 552 5103 444
567 5050 1512 5116 444446141ε4444441441,4444445ψ44444.8.,444411’,4144444
1527 5052 1586 5113 qaid
1601 5053 1661 5101 Par.
1679 5047 1704 5099 4.
1724 5050 1781 5111 (aut

459 5128 891 5189 cwcdmouoisettomqoosivl
911 5154 937 5162 -
957 5127 1368 5190 48.4444]444446,4444441“.
1389 5152 1415 5161 -
1434 5126 1666 5190 4444144444.
1686 5150 1714 5160 -
1733 5138 1781 5174 44-

459 5204 520 5253 tuter
537 5205 565 5254 E.
587 5228 613 5240 -
632 5205 692 5266 qnid
704 5207 868 5265 posteaquam
884 5203 947 5254 biv:
975 5202 1040 5261 qood
1052 5213 1080 5262 p.
1100 5203 1134 5260 G,
1153 5202 1214 5263 Lag.
1233 5203 1268 5261 9.,
1286 5201 1384 5263 attidem
1397 5214 1424 5262 ρ.
1444 5201 1506 5262 CE,
1523 5202 1585 5264 Lag.
1602 5200 1644 5251 46.
1662 5200 1704 5250 45.
1723 5201 1779 5263 86.,

462 5278 521 5343 qaid
536 5276 1169 5345 444444.118,1.43.1.3.7.8.-444444444
1184 5282 1220 5338 ψ.
1242 5302 1267 5313 -
1287 5275 1327 5325 49.
1345 5275 1434 5325 mutter
1451 5275 1484 5325 11.
