4367 6109
645 589 796 655 ortano
817 587 895 655 nno
915 589 955 654 4.
977 540 1178 655 unauna
1200 587 1313 655 cmi
1333 586 1390 674 44
1404 584 1497 656 4-4.
1668 586 1724 652 444

475 761 499 823 1.
522 755 551 823 i.
572 759 803 834 Animadverti,
826 758 955 835 indices,
976 779 1102 824 omnem
1123 761 1316 824 accusatoris
1337 761 1510 829 orationem
1531 760 1564 824 in
1582 760 1661 825 duas
1683 759 1731 824 di·

412 855 511 918 4444444
537 873 607 918 esse
636 861 758 937 partes,
787 873 918 937 quarum
947 852 1045 918 altera
1075 854 1153 917 mibi
1179 855 1237 918 niti
1259 863 1291 920 et
1316 874 1431 938 magno
1453 875 1548 938 opere
1570 853 1729 918 confidere

412 947 578 1012 ridebatur
597 947 716 1012 invidia
736 948 799 1011 iam
820 946 992 1011 inveterata
1008 948 1117 1012 indicii
1136 949 1276 1023 Iuniani,
1299 949 1397 1013 altera
1410 957 1531 1014 tantum
1546 947 1641 1012 modo
1656 967 1730 1011 con·

413 1040 591 1106 suetudinis
612 1060 708 1106 eausa
728 1041 838 1104 timide
860 1047 893 1104 et
914 1037 1093 1106 diffidenter
1113 1042 1266 1125 attingere
1287 1044 1438 1107 rationem
1459 1041 1605 1107 veneficii
1627 1041 1731 1105 erimi-

413 1155 503 1209 num,
532 1153 594 1219 qua
616 1134 656 1199 de
677 1155 711 1203 re
733 1135 802 1218 lege
824 1141 875 1198 est
894 1133 972 1198 baec
995 1135 1138 1219 quaestio
1160 1137 1337 1200 constituta.
1380 1137 1491 1221 Itaque
1512 1135 1589 1199 mibi
1611 1143 1754 1199 certums

414 1236 462 1292 est
485 1228 569 1292 banc
590 1227 724 1292 eandem
746 1227 995 1292 distributionem
1017 1226 1153 1291 invidiae
1174 1235 1207 1291 et
1234 1229 1401 1293 criminum
1422 1231 1468 1293 sio
1490 1232 1523 1294 in
1546 1229 1730 1294 defensione

413 1341 555 1398 semare,
576 1329 613 1385 ut
634 1342 744 1387 omnes
764 1322 942 1404 intelligant
956 1320 1035 1385 nibil
1049 1339 1100 1383 me
1115 1340 1174 1383 nec
1188 1321 1405 1405 subterfugere
1418 1323 1556 1387 voluisse
1571 1321 1731 1388 reticendo

413 1436 473 1481 nec
494 1416 662 1481 obscurare
685 1415 828 1480 dicendo.
861 1411 892 1477 2.
915 1413 977 1478 Sed
1000 1434 1071 1478 eum
1093 1413 1277 1490 considero,
1298 1437 1362 1500 quo
1381 1415 1475 1480 modo
1495 1417 1571 1480 mibi
1593 1419 1626 1481 in
1647 1423 1732 1479 utra·

413 1531 475 1594 que
496 1531 531 1574 re
552 1511 594 1574 sit
613 1509 854 1583 elaborandum,
875 1508 974 1571 altera
995 1527 1068 1591 pers
1083 1516 1117 1572 et
1130 1526 1183 1583 ea,
1205 1528 1287 1592 quae
1301 1510 1430 1592 propria
1442 1517 1492 1573 est
1511 1509 1623 1575 iudicii
1636 1509 1732 1575 vestri

413 1612 446 1668 et
464 1605 623 1688 legitimae
644 1602 790 1668 veneficii
810 1603 1022 1687 quaestionis,
1044 1621 1102 1684 per
1123 1601 1200 1666 mibi
1220 1602 1323 1666 brevis
1345 1610 1378 1666 et
1397 1622 1462 1667 non
1482 1623 1613 1688 magnae
1636 1605 1669 1666 in
1684 1601 1732 1665 di·
1740 1619 1770 1669 44

412 1699 513 1762 cendo
541 1698 750 1762 contentionis
776 1695 844 1761 iore
872 1696 1011 1761 ridetur:
1041 1695 1141 1759 altera
1167 1703 1289 1770 autem,
1316 1715 1397 1780 quae
1423 1698 1531 1782 procul
1552 1698 1592 1761 ab
1613 1696 1732 1760 iudicio

411 1801 533 1856 remota
554 1800 618 1866 est,
640 1811 722 1876 quae
743 1790 942 1855 contionibus
957 1790 1105 1854 seditiose
1120 1790 1283 1854 concitatis
1296 1790 1562 1855 accommodatior
1575 1798 1623 1854 est
1638 1809 1732 1874 quarn

413 1886 591 1969 tranquillis
613 1884 847 1969 moderatisque
867 1882 1010 1958 indiciis,
1031 1885 1201 1969 perspicio,
1228 1890 1379 1968 quantum
1400 1884 1433 1947 in
1454 1883 1577 1968 agendo
1598 1882 1733 1948 difficul-

413 1979 487 2043 tatis
510 1987 542 2043 et
562 1986 713 2064 quantum
735 1976 852 2041 laboris
874 1979 915 2040 sit
935 1976 1091 2042 habitura.
1133 1975 1164 2040 3.
1187 1978 1250 2041 Sed
1271 1978 1305 2040 in
1326 1976 1387 2040 bac
1401 1975 1584 2041 difficultate
1604 1976 1660 2040 illa
1681 1996 1731 2040 me

413 2093 463 2136 res
485 2080 608 2147 tamen,
630 2072 767 2146 iudices,
789 2070 985 2145 consclatur,
1007 2071 1094 2156 quod
1115 2092 1173 2135 vos
1195 2072 1235 2135 de
1256 2071 1439 2135 criminibus
1461 2072 1508 2136 sic
1528 2070 1637 2135 audire
1658 2088 1733 2134 con·
1741 2088 1770 2137 44

412 2166 544 2240 suestis,
576 2173 612 2228 ut
639 2185 749 2228 eorum
775 2183 901 2228 omnem
931 2163 1173 2229 dissolutionem
1201 2166 1241 2229 ab
1262 2172 1384 2230 oratore
1407 2166 1580 2250 quaeratis:
1611 2171 1648 2229 ut
1667 2183 1733 2228 non

417 2258 603 2323 existimetis
624 2258 696 2342 pius
717 2279 774 2323 vos
794 2257 835 2321 ad
857 2258 989 2322 salntem
1010 2277 1066 2322 reo
1087 2258 1195 2342 largiri
1217 2266 1381 2343 oportere,
1404 2279 1500 2343 quam
1514 2265 1664 2344 quantum
1678 2258 1735 2323 de-

415 2352 524 2417 fensor
549 2350 722 2436 purgandis
751 2350 932 2416 criminibus
954 2353 1105 2435 consequi
1132 2359 1165 2416 et
1191 2351 1326 2417 dicendo
1347 2353 1482 2436 probare
1502 2352 1651 2437 potuerit.
1686 2353 1734 2418 lie

413 2446 533 2511 invidia
560 2453 667 2511 autem
696 2446 743 2510 sic
763 2446 847 2509 inter
867 2465 925 2510 nos
947 2445 1125 2530 disceptare
1145 2445 1283 2522 debetis,
1313 2454 1348 2511 nt
1367 2467 1450 2524 non,
1477 2446 1554 2532 quid
1574 2445 1735 2511 dicamne

477 2660 678 2727 inscriptionem
696 2672 749 2711 non
765 2658 932 2711 babentl’i'.
947 2686 975 2697 -
993 2659 1089 2711 Histro
1106 2662 1195 2714 sii:
1212 2661 1284 2713 44444
1301 2658 1390 2721 iim
1408 2675 1461 2713 om.
1472 2662 1507 2713 ii.
1526 2661 1734 2728 4444444444-

412 2749 475 2789 men
497 2735 559 2787 oiim
581 2736 609 2786 tn
629 2734 754 2788 omnibns
777 2734 937 2787 editionibus
957 2735 1015 2787 siue
1031 2734 1083 2787 ulla
1103 2737 1254 2802 suspicione
1270 2734 1435 2800 vulgabatur.
1468 2737 1571 2790 Primus
1592 2738 1735 2791 lambinus

412 2811 518 2863 cniacio
535 2822 638 2864 morem
655 2810 750 2875 gessit,
768 2811 813 2875 qui
829 2809 864 2861 ad
879 2808 961 2862 Paulli
971 2812 998 2861 s.
1011 2812 1040 2862 it.
1053 2812 1097 2862 lli.
1115 2811 1191 2864 titi.
1205 2810 1375 2863 librariorum
1386 2824 1476 2863 errore
1488 2810 1560 2876 iilud,
1572 2812 1734 2878 ubicumque

413 2888 565 3012 {iiiiii
579 2887 772 3012 eiecta
784 2884 1274 3024 iiiiii⁶i⁰iiitiiii⁰li
1288 2885 1734 3014 tiburtinum

413 3034 465 3084 sed
490 3047 523 3086 ne
548 3034 576 3085 in
595 3035 647 3086 hoc
669 3033 777 3100 quidem
794 3032 871 3096 iliud,
897 3033 970 3099 quod
987 3046 1003 3084 a
1020 3033 1147 3086 lambino
1163 3037 1302 3100 receptum
1319 3036 1401 3086 ceteri
1418 3048 1512 3087 omnes
1528 3036 1598 3088 lusto
1614 3037 1735 3103 cupidius

412 3110 593 3173 arripuerunt,
613 3109 711 3170 4444444,
734 3107 841 3172 iegitur,
863 3106 912 3160 sed
927 3108 1014 3160 dbitss
1032 3108 1089 3161 sola
1111 3111 1270 3177 aspiratione
1291 3106 1409 3173 abiecta,
1431 3110 1503 3176 qood
1519 3113 1612 3163 vidum
1628 3112 1655 3163 in
1671 3124 1735 3165 ser·

413 3182 497 3235 centis
513 3183 665 3236 nominibus
682 3184 761 3235 etiam
777 3181 863 3235 bonos
880 3185 908 3234 et
922 3186 1041 3236 vetustos
1057 3182 1140 3237 libros
1155 3186 1263 3248 insedit,
1281 3186 1350 3237 sicui
1365 3187 1392 3238 in
1408 3187 1501 3251 paucis
1511 3189 1662 3239 nodrorum
1675 3188 1703 3240 b.
1715 3187 1733 3240 i.

412 3263 530 3323 apparet.
566 3258 648 3311 Nobis
670 3259 778 3325 quidem
799 3256 882 3310 multo
904 3261 1000 3318 44444444,
1023 3260 1106 3311 immo
1123 3261 1275 3313 necessario
1292 3259 1334 3312 iila
1351 3262 1464 3312 nominis
1480 3261 1564 3314 torma
1580 3263 1734 3317 reducenda

412 3331 566 3393 videbatur,
593 3345 674 3397 4444444
698 3346 747 3399 per
763 3335 845 3385 totam
863 3335 1011 3386 orationem
1028 3333 1105 3401 longe
1122 3334 1241 3401 plerique
1258 3337 1286 3387 at
1302 3336 1519 3402 praestantissimi
1536 3337 1642 3391 codices
1659 3338 1735 3391 exbi-

411 3405 477 3457 bent
494 3418 628 3471 quamque
641 3407 789 3469 Quintiliani
805 3407 864 3461 libri
881 3408 915 3459 ad
931 3422 1014 3461 unum
1026 3423 1120 3463 omnes
1133 3409 1253 3477 pluribus
1263 3410 1328 3464 iocis
1340 3414 1493 3464 constanter
1503 3412 1626 3465 tuentur:
1645 3413 1732 3467 ct.1V.

412 3480 442 3542 i,
461 3481 501 3531 44.
518 3481 550 3531 V.
570 3480 614 3541 io,
633 3481 674 3533 ca.
700 3481 784 3546 [Adde
805 3483 963 3535 Anneianum
985 3487 1112 3538 lisseium
1132 3500 1158 3537 r.
1176 3487 1260 3538 lister
1281 3500 1308 3552 p.
1325 3485 1384 3539 tis.
1406 3501 1433 3539 r.
1452 3488 1503 3538 oro
1523 3493 1547 3541 te
1566 3502 1594 3555 p.
1611 3489 1670 3542 iit.
1688 3491 1732 3543 ed.

412 3554 542 3621 Lindemi
559 3556 670 3608 Accedit
685 3558 756 3623 quod
773 3557 835 3610 nihii
852 3559 914 3610 novi
930 3564 976 3611 aut
991 3559 1086 3612 insoliti
1103 3562 1130 3612 in
1140 3561 1225 3612 Habiti
1240 3561 1347 3613 nomine
1358 3563 1441 3625 inest,
1459 3575 1521 3615 cnm
1536 3562 1623 3616 etalio
1635 3578 1735 3631 cogno·

412 3632 484 3682 mina
500 3644 533 3682 ex
554 3630 632 3683 simili
652 3633 850 3698 participiorum
867 3634 967 3698 origine
989 3633 1100 3686 iormata
1116 3636 1224 3702 saepius
1240 3632 1374 3698 legantur,
1399 3640 1429 3689 ut
1442 3635 1574 3689 4444444444
1589 3639 1616 3690 in
1633 3639 1732 3706 Fabiis,

412 3707 504 3757 Ρ4444444
519 3706 547 3756 in
564 3706 684 3768 Valeriis,
701 3708 814 3759 Noouios
831 3709 857 3759 in
870 3709 997 3770 Annaeis,
1017 3709 1116 3761 44444444
1131 3711 1158 3762 in
1175 3708 1316 3771 corneliis,
1334 3713 1361 3763 et
1376 3711 1464 3777 ipsum
1481 3716 1601 3766 nostrum
1617 3716 1645 3767 in
1661 3719 1734 3769 vete·

412 3781 487 3833 ribus
504 3783 681 3834 monumentis
698 3785 800 3834 exstet:
825 3783 850 3834 in
874 3783 956 3835 Fastis
974 3783 1126 3849 capitolinis
1148 3798 1191 3853 ap.
1209 3787 1313 3839 Gruter.
1332 3785 1363 3838 c.
1381 3787 1463 3838 inser.
1481 3800 1509 3839 n.
1526 3789 1584 3842 too.
1601 3791 1639 3856 [p.
1656 3791 1732 3844 xiii.

413 3859 519 3910 nostrae
531 3855 604 3923 edit]
622 3857 673 3908 boc
684 3856 774 3908 titulo:
791 3858 821 3910 A.
836 3856 919 3908 44444444
929 3857 956 3909 c.
968 3859 987 3922 s.
1001 3859 1028 3911 0.
1040 3874 1066 3910 a.
1078 3860 1192 3923 fluitur,
1210 3862 1238 3912 et
1253 3861 1311 3913 sine
1321 3861 1480 3926 aspiratione
1490 3863 1518 3914 in
1528 3867 1633 3919 vetusto
1643 3865 1733 3934 lapide

413 3929 484 3996 apud
500 3929 617 3982 Fulvium
634 3932 771 3986 liminum:
789 3933 851 3985 4444.
868 3932 953 3984 amu
967 3935 1022 3985 iiii.
1034 3935 1093 3988 044.
1105 3936 1136 3987 X.
1152 3937 1195 3987 Pr.
1214 3933 1298 4000 [lidda
1313 3933 1419 3987 titulum
1433 3935 1638 3993 sulmoniensem
1653 3943 1731 3995 44444.

412 4007 442 4057 ii.
463 4005 543 4070 Neop.
564 4007 603 4057 ed.
620 4008 756 4060 4444444444
773 4010 804 4061 ii.
822 4008 907 4075 etit]
937 4011 1062 4064 &mrem
1084 4015 1183 4066 summi
1202 4012 1251 4064 riri
1271 4013 1349 4066 nimis
1370 4012 1415 4065 diu
1436 4018 1611 4082 propagatum
1629 4019 1732 4082 primus

413 4081 512 4132 notavit
528 4081 687 4134 iiiebubrius
703 4084 771 4136 iius.
788 4084 872 4137 Rben.
888 4086 910 4138 1.
927 4085 953 4139 3.
971 4099 998 4152 p.
1015 4087 1090 4140 443..
1109 4089 1229 4141 Cunus.
1248 4115 1276 4127 -
1293 4102 1327 4141 an
1343 4102 1440 4141 nereus
1456 4092 1488 4142 s:
1507 4105 1561 4145 cm.
1579 4094 1670 4146 ceteri.

478 4164 503 4217 4.
519 4164 857 4232 ammes-westie
875 4171 1009 4222 4444444444
1029 4172 1201 4234 onmtibsnus
1216 4173 1260 4224 iv.
1277 4173 1303 4237 4,
1320 4172 1361 4225 it.
1382 4174 1456 4238 (iiiii.
1473 4175 1503 4238 d,
1520 4175 1561 4228 td.
1579 4178 1623 4230 ix.
1640 4178 1670 4242 4,
1688 4178 1729 4232 dd.

413 4238 554 4304 it.·iot.i;
571 4242 669 4295 Uarius
684 4242 834 4298 Victorinus
849 4258 878 4311 p.
889 4247 931 4298 it.
948 4258 976 4298 44.
994 4246 1011 4298 i
1027 4260 1087 4313 sqq.
1104 4250 1211 4300 nosne
1227 4247 1302 4310 edit,
1324 4249 1370 4314 qui
1386 4248 1482 4302 (44444444
1497 4250 1525 4302 in
1539 4251 1631 4303 verbis
1646 4253 1733 4304 44444444

411 4314 556 4365 inime-
573 4317 829 4371 summas.
844 4346 872 4357 —
890 4322 1013 4385 4444444
1028 4323 1121 4374 842-
1139 4324 1446 4390 44444444484444444.
1461 4352 1489 4364 -
1507 4325 1729 4381 4444444444).-

411 4390 744 4445 lumom.Victorinus.·-
762 4394 839 4445 44444444
855 4397 883 4447 Ρ.
899 4422 926 4433 -
944 4397 1137 4450 4444444444-
1155 4397 1181 4450 4.
1198 4397 1419 4450 4444444444Ρ.-
1438 4400 1464 4452 d.
1481 4401 1644 4466 4444444444
1659 4404 1730 4455 Ρ.-

412 4463 1173 4538 i.tatelltpust··dteesdoluliusituiinianusdsflp.ssst.
1190 4472 1269 4538 §.ia
1286 4498 1316 4511 -
1334 4471 1359 4524 i.
1375 4485 1438 4536 pora
1453 4479 1477 4525 44
1492 4488 1604 4540 sagum
1619 4481 1653 4532 l’:
1669 4491 1734 4543 para

412 4542 1559 4613 4444444448Τ444444444444444444444444440.-444]4444844444.-
1577 4553 1729 4606 4444444444.-

413 4614 1734 4684 44.44444444444444444Ρ.-4444444444444444.-44.44ΡΤ;434“4444.40.-41.444444444444

412 4688 534 4740 essu:
552 4689 1734 4764 mmaneo.-ta.propiaont.-mmssimauuuummuooeu

412 4762 444 4812 444
459 4762 577 4814 labiim
588 4765 635 4828 (sic
646 4764 706 4816 cod.
719 4767 821 4818 4444444.
833 4780 905 4820 saec.
918 4769 994 4822 viiii.
1006 4774 1074 4823 teste
1086 4771 1201 4824 lisimio:
1219 4771 1297 4838 vulgo
1313 4784 1441 4839 perverse
1452 4774 1484 4824 alt
1496 4775 1615 4828 4444444444
1630 4776 1733 4838 4444444)

413 4835 557 4889 Diomedes
573 4850 600 4902 p.
612 4836 669 4891 iot.
683 4863 711 4878 -
730 4840 939 4896 4444444441.
955 4873 983 4885 -
1000 4848 1085 4899 istoc
1100 4848 1309 4915 Psiprmii:
1327 4850 1355 4899 44
1369 4848 1417 4900 luc
1432 4853 1731 4917 testuliietiamssec.

414 4910 626 4974 millim-
646 4916 685 4967 ib.
704 4917 927 4970 4444444444Ρ.-
945 4923 1104 4974 scammatis
1119 4920 1172 4976 it.
1187 4949 1215 4961 -
1233 4923 1390 4990 4444444444]
1406 4926 1556 4979 4444444444).
1571 4954 1599 4966 -
1617 4930 1734 4995 44444-

414 4983 481 5049 bore]
499 4999 612 5051 purgare
628 4989 656 5040 i.
676 5015 703 5027 -
723 4991 764 5043 44.
781 5005 827 5044 soa
846 4995 912 5047 Pii:
938 5009 983 5046 444
998 4994 1189 5049 sinito.
1210 4998 1371 5062 (consenum
1388 4999 1456 5052 baec
1472 5004 1514 5053 est
1529 5001 1647 5056 indicam
1663 5006 1734 5057 inter

414 5070 444 5109 se
462 5058 638 5126 disceptatio?
658 5065 676 5115 ii
692 5078 757 5117 vero
773 5065 876 5120 tabellis
892 5070 970 5122 tacita
987 5071 1146 5123 sententiam
1161 5071 1282 5125 terebant
1298 5086 1386 5139 neque
1401 5075 1471 5126 inter
1486 5089 1530 5139 44,
1553 5090 1648 5131 rernm
1664 5080 1734 5133 inter

415 5137 596 5189 accusatorem
614 5141 642 5190 et
657 5153 733 5192 reum
751 5141 941 5209 disceptabant.
961 5145 999 5197 ct.
1014 5146 1068 5197 Liv.
1081 5148 1101 5197 i.
1114 5147 1154 5198 iiii.
1172 5145 1237 5199 Piin
1255 5160 1297 5215 ep.
1315 5148 1369 5200 vii.
1388 5151 1429 5200 iti.
1447 5148 1481 5201 de
1497 5152 1552 5204 inv.
1570 5154 1590 5205 i.
1608 5154 1633 5207 a.
1655 5154 1733 5218 Quod

415 5210 504 5262 antem
526 5214 646 5278 sequitur
665 5216 768 5268 4444444
783 5216 817 5270 de
833 5220 913 5270 iccio
929 5218 1008 5272 4444441
1024 5222 1052 5271 44
1066 5218 1148 5272 italiis
1164 5221 1276 5286 dictim,
1303 5226 1375 5277 esset
1390 5224 1475 5288 enim,
1493 5226 1515 5278 si
1532 5225 1566 5279 de
1583 5240 1613 5281 se
1630 5231 1732 5282 unium

414 5283 473 5349 ipso
484 5299 498 5336 a
510 5287 591 5341 iuliio
603 5290 750 5357 diceretur,
767 5291 923 5349 4444444444.
940 5294 1094 5363 nandum
1103 5298 1170 5352 44444
1183 5306 1243 5365 soe,
1259 5300 1290 5351 ut
1303 5298 1387 5353 habat
1402 5298 1487 5355 codex
1501 5313 1606 5357 meus·
1622 5306 1685 5359 (tar.
1695 5305 1731 5372 i.)
