4367 6109
446 553 508 623 d68
742 616 748 626 ,
803 556 846 621 IN
867 555 1032 621 VERREM
1052 554 1175 619 ACTIO
1198 553 1382 620 SECUNDA

447 731 527 795 sima
540 727 617 802 init,
639 727 754 801 multa,
776 745 858 809 quae
875 727 1018 809 quemvis
1033 744 1231 788 commovere
1245 730 1392 807 possent,
1415 725 1511 788 dixit:
1533 724 1574 788 ad
1589 731 1763 791 extremum

447 832 554 908 petere
582 821 699 903 coepit,
730 838 770 881 ne
798 839 902 902 usque
934 838 971 881 eo
1000 839 1089 882 suam
1119 820 1338 883 anctoritatem
1366 819 1542 901 despiceret
1570 819 1765 905 gratiamque

448 921 674 986 contemneret,
696 920 732 975 ut
753 932 787 976 se
803 920 889 976 tanta
902 913 1017 976 iniuria
1031 911 1181 975 afficeret.
1209 913 1311 976 Homo
1326 913 1473 995 Ligurem
1489 931 1637 976 accusare
1651 917 1765 996 coepit,

448 1011 503 1095 qui
525 1010 556 1072 in
578 1028 613 1071 re
634 1005 810 1070 adventicia
831 1014 927 1090 atque
948 1005 1140 1070 hereditaria
1161 1014 1225 1069 tam
1248 1006 1399 1088 diligens,
1422 1014 1486 1069 tam
1507 1013 1646 1070 attentus
1665 1016 1764 1071 esset:

423 1104 563 1167 adebere
585 1120 657 1164 eum
679 1099 783 1162 aiebat
803 1118 892 1161 suam
915 1119 1045 1183 quoque
1066 1098 1222 1162 rationem
1244 1100 1376 1174 ducere:
1399 1098 1498 1163 mults
1518 1099 1577 1162 sihi
1592 1119 1673 1184 opus
1686 1119 1766 1174 esse,

447 1195 545 1260 multa
573 1191 704 1256 canibus
732 1191 814 1265 suis,
850 1212 930 1275 quos
957 1193 1040 1256 circa
1068 1212 1102 1256 se
1133 1191 1273 1255 haberet.
1316 1193 1386 1254 Non
1415 1213 1543 1276 possum
1565 1192 1621 1256 illa
1641 1193 1767 1276 planius

447 1305 711 1359 commemorare,
744 1306 839 1368 quam
873 1286 977 1368 ipsum
1005 1287 1153 1368 Ligurem
1187 1305 1245 1368 pro
1284 1286 1464 1349 testimonio
1493 1286 1598 1350 dicere
1625 1286 1766 1350 audistis.

448 1378 518 1444 427.
542 1379 626 1456 Quid
648 1387 714 1453 est,
735 1381 875 1443 Verres?
898 1389 1002 1443 utrum
1024 1401 1064 1443 ne
1086 1380 1136 1443 his
1151 1378 1280 1463 quidem
1302 1380 1433 1442 testibus
1452 1381 1611 1454 credetur,
1634 1400 1674 1442 an
1689 1380 1767 1443 haec

447 1476 573 1540 adrem
595 1493 660 1537 non
681 1476 864 1557 pertinent?
886 1495 950 1538 nou
973 1474 1138 1538 credemus
1160 1476 1201 1536 M.
1225 1471 1379 1536 Octavio?
1400 1493 1463 1536 non
1484 1475 1518 1535 L.
1532 1474 1665 1556 Liguri?
1688 1472 1768 1548 Quis

411 1570 538 1634 ttnobis
559 1568 691 1632 credet?
721 1570 771 1631 cui
794 1572 874 1631 nost
904 1569 979 1653 qnid
1003 1576 1066 1642 est,
1098 1563 1252 1652 [Verres,]
1281 1566 1367 1650 quod
1395 1566 1525 1651 planum
1545 1567 1614 1630 fieri
1635 1567 1768 1631 testibus

447 1666 563 1747 possit,
585 1666 611 1727 si
632 1663 694 1726 hoc
715 1683 779 1724 uon
793 1660 852 1726 fit:
881 1665 928 1727 An
948 1662 996 1737 id,
1020 1663 1106 1747 quod
1122 1661 1244 1736 dicunt,
1266 1660 1336 1723 iere
1350 1664 1424 1724 esti
1456 1661 1542 1724 Nihil
1556 1661 1657 1725 levius
1672 1680 1768 1745 quam

447 1765 625 1841 praetorem
652 1755 808 1819 urbanum
838 1758 898 1820 hoo
930 1759 1007 1821 iuris
1031 1759 1063 1820 in
1086 1776 1145 1819 suo
1167 1755 1351 1836 magistratu
1374 1756 1582 1829 constituere,
1610 1755 1767 1830 omuibus,

449 1851 564 1935 quibus
584 1848 744 1912 hereditas
765 1853 903 1925 venerit,
927 1850 1116 1914 coheredem
1138 1855 1313 1932 praetorem
1336 1868 1406 1911 esse
1428 1857 1585 1932 oportere.
1620 1851 1669 1912 An
1692 1868 1767 1911 vero

448 1944 640 2017 dubitamus,
670 1963 734 2026 quo
763 1963 818 2006 ore
844 1945 903 2007 iste
930 1955 1052 2008 ceteros
1080 1945 1224 2007 homines
1255 1942 1421 2006 inferiores
1449 1942 1536 2017 loco,
1565 1943 1767 2017 auctoritate,

411 2038 575 2111 reordine,
606 2056 669 2119 quo
703 2036 930 2101 ore.homines
959 2039 1136 2102 rusticanos
1164 2056 1204 2098 ex
1226 2037 1423 2118 municipiis,
1455 2056 1519 2120 quo
1541 2036 1680 2120 denique
1703 2055 1768 2109 ore,

448 2151 530 2216 quos
551 2149 724 2214 numquam
746 2132 861 2194 liberos
883 2135 1020 2214 putavit,
1051 2134 1215 2195 libertinos
1236 2132 1380 2195 homines
1403 2132 1514 2196 solitus
1537 2132 1577 2196 sit
1597 2129 1767 2213 appellare,

448 2225 503 2308 qni
524 2225 564 2287 ob
585 2225 636 2286 ius
651 2223 821 2288 dicendum
836 2228 877 2293 M.
892 2226 1058 2290 Octavium
1073 2229 1238 2309 Ligurem,
1260 2225 1419 2289 hominem
1435 2226 1670 2289 ornatissimum
1686 2223 1767 2298 loco,

448 2317 575 2391 ordine,
598 2319 741 2392 nomine,
756 2319 881 2395 virtute,
902 2321 1041 2403 ingenio,
1057 2320 1166 2402 copiis,
1187 2339 1318 2401 poscere
1332 2321 1497 2403 pecuniam
1513 2340 1577 2383 non
1593 2317 1768 2382 dubitavit?

533 2411 643 2473 XLIX.
667 2407 740 2474 428.
763 2414 798 2475 Iu
821 2414 911 2477 sartis
935 2416 1026 2478 tectis
1049 2435 1123 2478 vero
1146 2434 1240 2497 quem
1262 2412 1446 2477 admodum
1468 2434 1502 2478 se
1523 2415 1669 2497 gesserit,
1691 2411 1768 2495 quid

410 2522 506 2587 :tego
529 2504 653 2568 dicam:
685 2507 857 2581 Dixerunt,
889 2509 945 2592 qui
968 2515 1155 2572 senserunt:
1184 2514 1257 2570 sunt
1279 2507 1349 2582 alii,
1371 2510 1426 2592 qui
1450 2509 1573 2571 dicant:
1602 2516 1695 2571 notae
1716 2527 1768 2569 res

447 2609 543 2682 atque
566 2599 750 2662 manifestae
771 2602 915 2682 prolatae
937 2610 1056 2665 suntet
1078 2600 1285 2683 proferentur.
1319 2601 1405 2663 Dixit
1422 2602 1477 2663 Cu.
1492 2603 1646 2674 Fannius,
1669 2621 1767 2685 eques

447 2694 622 2766 Romanus,
644 2692 740 2756 frater
760 2714 927 2776 germanus
950 2694 988 2770 Q.
1011 2695 1133 2769 Titinii,
1163 2692 1277 2756 iudicis
1299 2694 1361 2768 tui,
1390 2694 1448 2757 tihi
1469 2714 1502 2757 se
1523 2696 1689 2777 pecuniam
1713 2694 1767 2758 de·

448 2786 542 2849 disse.
575 2788 695 2850 Rncrrs
716 2808 929 2852 rssrruourvu
953 2790 1005 2853 Cu.
1027 2790 1147 2851 Fsurur.
1184 2787 1288 2849 Nolite
1311 2788 1367 2850 Cn.
1382 2788 1502 2851 Fannio
1523 2788 1668 2851 credere:
1691 2788 1766 2863 noli,

447 2880 590 2965 inquam,
612 2889 663 2957 tu,
687 2881 725 2957 Q.
748 2884 861 2959 Titini,
887 2884 943 2948 Cn.
966 2884 1102 2958 Fannio,
1124 2882 1210 2945 fratri
1232 2888 1305 2954 tuo,
1327 2880 1472 2945 credere:
1495 2882 1573 2945 dicit
1594 2883 1678 2946 enim
1700 2902 1766 2945 rem

414 2974 698 3040 reincredibilem:¹
716 2977 748 3040 C.
771 2979 900 3041 Verrem
923 2978 1084 3042 insimulat
1105 2976 1255 3040 avaritiae
1278 2982 1309 3037 et
1331 2975 1499 3051 audaciae,
1521 2996 1603 3060 qoee
1624 2976 1701 3038 vitia
1721 2976 1768 3037 ri-

448 3067 563 3131 dentur
588 3068 621 3132 in
651 3071 793 3154 quemvis
822 3073 927 3153 potius
958 3092 1053 3155 quam
1076 3073 1110 3135 iu
1131 3073 1226 3134 istum
1248 3071 1426 3132 convenire.
1468 3072 1556 3134 Dixit
1578 3069 1617 3146 Q.
1639 3070 1767 3144 Tadius,

446 3161 541 3225 homo
563 3162 822 3227 familiarissimus
844 3163 942 3247 patris
965 3166 1074 3241 istius,
1110 3185 1174 3228 non
1196 3163 1316 3226 alienus
1340 3183 1359 3226 a
1379 3166 1486 3227 matris
1510 3166 1578 3228 eius
1600 3183 1714 3248 genere
1737 3171 1769 3228 et

447 3257 592 3320 nomine:
615 3257 738 3320 tabulas
759 3259 907 3340 protulit,
931 3260 1047 3344 quibus
1069 3261 1236 3342 pecuniam
1257 3276 1292 3319 se
1315 3256 1439 3320 dedisse
1462 3258 1608 3322 ostendit.
1645 3259 1768 3323 Rucrrs

446 3366 569 3413 neurus
591 3349 629 3426 Q.
653 3352 754 3413 Trou.
798 3353 918 3416 Rncrrs
943 3373 1158 3416 rusrruourvu
1181 3351 1219 3427 Q.
1242 3354 1344 3414 Tsnrr.
1387 3354 1433 3414 Ne
1456 3353 1545 3414 Tadii
1572 3352 1699 3437 quidem
1721 3361 1768 3416 ta·

411 3442 528 3509 subulis
550 3463 608 3505 nec
629 3445 809 3507 testimonio
832 3447 1018 3511 credemus?
1054 3446 1139 3522 Quid
1160 3448 1257 3528 igitur
1278 3448 1309 3509 iu
1330 3445 1455 3510 iudiciis
1468 3452 1659 3530 sequemur?
1682 3447 1766 3523 Quid

409 3578 412 3584 -
447 3542 497 3599 ost
515 3535 601 3598 aliud
624 3538 768 3601 omnibus
791 3540 898 3603 omnin
918 3549 1047 3623 peccata
1069 3549 1101 3604 et
1123 3538 1275 3604 maleficia
1289 3540 1463 3604 concedere
1485 3542 1546 3605 nisi
1567 3542 1642 3615 hoo,
1664 3540 1767 3602 homi-

446 3648 522 3691 num
550 3629 844 3695 honestissimorum
875 3634 1063 3697 testimoniis
1086 3642 1117 3696 et
1140 3636 1278 3697 virorum
1299 3633 1454 3698 honorum
1477 3634 1592 3698 tubulis
1614 3653 1678 3697 non
1700 3653 1767 3696 ore·

448 3723 548 3786 deret
592 3719 662 3785 489.
690 3727 769 3790 Nam
798 3726 876 3810 quid
906 3747 965 3811 ego
988 3728 1028 3790 de
1050 3727 1237 3811 quotidiano
1259 3747 1403 3791 sermone
1427 3727 1687 3812 querimoniaque
1710 3746 1767 3808 po·

514 3911 537 3962 4.
560 3924 712 3962 commouere
732 3912 755 3959 V
767 3913 835 3974 ngas
847 3913 885 3962 H:
911 3927 1009 3963 mouere
1034 3913 1080 3963 dtt.
1101 3913 1129 3963 0.
1156 3939 1183 3947 -
1206 3913 1230 3962 3.
1249 3915 1364 3978 adficeret
1380 3913 1411 3964 V.
1436 3942 1460 3952 -
1490 3915 1513 3964 6.
1532 3915 1612 3963 mutto
1627 3918 1651 3962 et
1666 3913 1768 3962 omibus

448 3983 526 4049 ngte.
552 3985 689 4050 vulgatam
707 3988 796 4037 tuetur
813 3989 892 4038 etism
909 3992 985 4038 trus.
1004 3989 1037 4037 Μ.
1056 4001 1083 4051 p.
1102 3986 1159 4037 449.
1180 4015 1207 4023 -
1234 3989 1258 4039 8.
1277 3990 1387 4051 quidest
1403 3990 1441 4036 V:
1467 3990 1525 4051 quid
1541 3990 1606 4038 mim
1623 3990 1668 4037 ctt.
1687 3989 1715 4039 0.
1736 4013 1763 4023 -

448 4061 546 4123 quidem
562 4075 614 4111 om.
634 4063 680 4112 eV.
700 4089 728 4099 -
745 4063 887 4112 crederetur
903 4063 951 4112 dtr.
971 4089 998 4098 -
1017 4063 1041 4112 9.
1060 4065 1188 4112 credemus
1204 4064 1242 4113 V:
1267 4065 1389 4114 credimus
1405 4064 1484 4126 egre:
1502 4077 1554 4113 om.
1573 4063 1621 4112 dtt.
1640 4063 1668 4111 0.
1690 4089 1717 4097 -
1736 4064 1764 4112 L.

448 4149 501 4186 om.
521 4136 567 4187 eV.
587 4163 614 4176 -
633 4138 673 4187 40.
695 4139 780 4188 Verres
796 4150 849 4188 om.
869 4139 915 4188 eV.
931 4165 958 4174 -
978 4139 1017 4187 ts.
1031 4136 1156 4205 uturum
1167 4139 1206 4189 V:
1223 4139 1348 4189 urbtsctt.
1362 4140 1390 4190 0.
1410 4139 1500 4188 confer
1512 4139 1536 4202 5.
1551 4137 1606 4188 443.
1621 4138 1674 4186 Liv.
1687 4136 1764 4196 34’,4.

449 4239 477 4249 ·-
496 4211 606 4261 omuibus
621 4208 736 4275 unges:
756 4212 868 4262 ommibus
882 4214 914 4261 ii:
930 4213 977 4262 dtt.
996 4213 1024 4263 0.
1041 4241 1067 4250 -
1087 4213 1126 4263 44.
1145 4214 1284 4280 inferiores]
1301 4217 1338 4265 lta
1349 4216 1372 4263 V
1389 4228 1403 4263 n
1421 4228 1460 4278 pr.
1475 4219 1547 4264 certe
1560 4228 1655 4270 manu.
1674 4227 1766 4277 quam-

447 4299 526 4350 quam
545 4287 635 4349 postea
653 4300 664 4336 r
681 4286 786 4336 videtur
803 4286 925 4351 expulsa:
944 4288 1061 4350 inferiore
1078 4290 1122 4338 ott.
1136 4289 1165 4338 0.
1187 4315 1213 4325 -
1233 4291 1272 4341 45,
1291 4290 1402 4339 ordinem
1419 4303 1468 4351 quo
1483 4302 1511 4337 re
1527 4289 1557 4338 V.
1573 4317 1600 4326 -
1620 4289 1659 4339 46.
1678 4289 1767 4339 litero:

446 4361 554 4410 domines
567 4366 621 4422 put.
635 4361 683 4411 dtt.
702 4360 734 4410 ci.
748 4362 829 4412 Prisc.
842 4365 873 4413 11.
886 4376 911 4426 p.
930 4364 985 4414 459.
1000 4389 1023 4400 -
1044 4364 1156 4425 upettore
1164 4363 1196 4413 V.
1212 4387 1239 4399 -
1259 4365 1299 4413 44.
1314 4364 1443 4413 dueudum
1460 4363 1558 4426 VLgtV
1570 4362 1614 4413 st:
1633 4365 1766 4414 dicuudrem

448 4436 496 4487 dtt.
514 4437 543 4487 0.
559 4463 586 4472 -
605 4436 644 4486 48.
663 4437 814 4487 ordioeom.
833 4439 917 4501 Lg29;
936 4440 978 4488 est
994 4439 1019 4487 in
1037 4438 1084 4499 eV,
1104 4438 1130 4487 iu
1148 4437 1234 4500 dng.
1254 4435 1341 4488 iocum
1359 4440 1450 4488 mutet.
1466 4465 1493 4473 -
1513 4437 1633 4486 dudttuuu‘t
1650 4438 1763 4498 vugse:

448 4510 568 4560 dubitarit
585 4513 629 4560 ctt.
644 4513 672 4563 0.
694 4541 721 4549 -
741 4513 780 4562 49.
800 4516 1015 4574 quemammodum
1032 4515 1062 4564 V.
1079 4541 1107 4550 -
1125 4528 1150 4564 :e
1166 4514 1197 4562 V.
1210 4511 1296 4573 egee:
1315 4525 1365 4560 sese
1381 4511 1428 4561 dtt.
1443 4513 1471 4562 0.
1486 4537 1513 4545 -
1532 4513 1572 4560 44.
1592 4517 1667 4573 atque
1681 4513 1766 4560 maui-

446 4585 522 4650 {euue
540 4586 623 4649 rges:
641 4601 672 4636 ue
687 4600 756 4637 mua.
776 4588 822 4638 dtt.
842 4588 879 4648 03
898 4590 1026 4652 manifeste
1043 4592 1105 4650 (om.
1124 4591 1205 4651 utque)
1224 4589 1253 4638 V.
1272 4587 1305 4638 ci.
1324 4590 1380 4638 Act.
1398 4589 1417 4637 t.
1436 4587 1460 4650 ἓ.
1479 4587 1519 4637 48.
1539 4585 1583 4637 t'rb.
1602 4587 1643 4635 ur.
1663 4585 1687 4648 5.
1707 4584 1763 4635 tat.

450 4687 474 4698 -
493 4661 652 4724 proterentur
668 4661 746 4711 codd.
765 4660 874 4725 pleriq:
890 4663 1064 4726 proferrentur
1079 4665 1117 4724 V;
1132 4665 1296 4727 proferuntur
1312 4661 1345 4713 al.
1361 4691 1388 4700 -
1407 4663 1450 4713 Cu.
1469 4664 1589 4711 Pudentm
1604 4661 1638 4719 V:
1657 4660 1684 4711 C.
1698 4662 1766 4711 Furr-

446 4738 503 4786 m'ur
520 4737 567 4786 dtt.
587 4737 620 4795 0;
639 4737 665 4786 C.
684 4737 777 4786 Furnius
793 4737 868 4799 ugus.
890 4765 917 4773 -
935 4752 1041 4800 aequae:
1058 4739 1088 4788 V.
1109 4766 1136 4774 -
1155 4741 1196 4788 44.
1217 4739 1289 4790 Titini
1304 4740 1334 4788 V.
1355 4765 1382 4775 -
1402 4740 1500 4788 iudiciis
1515 4738 1596 4786 tuisV
1614 4737 1670 4797 (sed
1688 4739 1765 4788 tertia

447 4812 457 4860 4
473 4811 624 4875 expuncta),
643 4812 704 4874 ng.
723 4823 832 4868 omnes:
851 4813 939 4862 iudici:
954 4815 1026 4863 tutu:
1042 4814 1078 4862 tui
1095 4815 1211 4865 tannoct.
1231 4840 1257 4850 -
1277 4813 1317 4864 23.
1337 4814 1363 4864 0.
1377 4813 1450 4864 Fauni
1466 4814 1548 4876 egam
1568 4813 1594 4862 C.
1606 4813 1697 4862 Fannii
1714 4811 1762 4863 dtt.

448 4887 485 4945 03
504 4887 531 4935 a.
555 4888 579 4950 (4.
599 4899 623 4936 e.
643 4888 734 4948 Recito)
752 4887 795 4937 Qu.
815 4887 891 4936 Fuerit
909 4888 964 4949 (sed
981 4890 1015 4937 Pu
1031 4889 1173 4952 suprascr.)
1197 4888 1360 4938 testinnonium
1377 4889 1406 4938 V.
1428 4915 1454 4923 -
1474 4889 1547 4938 Fem'o
1563 4888 1598 4945 V;
1623 4888 1666 4938 Cn.
1685 4889 1765 4937 Furio

448 4962 516 5025 Lg29
533 4961 566 5012 ut.
585 4965 612 5012 et
627 4963 666 5014 sic
682 4965 788 5026 postea:
814 4961 840 5012 C.
858 4963 954 5012 Furnio
971 4963 1017 5012 dtt.
1037 4964 1066 5013 Ο.
1088 4989 1113 5000 -
1134 4965 1233 5013 credere
1249 4963 1283 5012 V:
1306 4964 1395 5012 dicenti
1410 4964 1510 5012 credere
1526 4964 1571 5012 ott.
1591 4963 1619 5012 0.
1641 4988 1667 4999 -
1691 4964 1766 5013 notite

448 5037 551 5098 iuquam
566 5038 597 5089 V.
618 5066 644 5075 -
663 5038 703 5089 84.
723 5037 766 5088 Cu.
785 5037 873 5087 Pdeuio
890 5038 919 5085 V.
940 5065 967 5074 —
986 5038 1027 5088 48.
1046 5040 1075 5087 R.
1093 5040 1197 5088 uomina
1212 5051 1277 5101 quae
1295 5038 1363 5087 Tadu·
1375 5038 1417 5097 V.,
1436 5038 1485 5088 sed
1502 5051 1567 5101 quae
1585 5037 1654 5086 Vedii
1671 5041 1765 5101 postea

449 5110 544 5161 deleto.
559 5135 586 5149 ο
604 5113 644 5162 49.
663 5114 699 5163 Ne
718 5112 778 5161 Tudi
795 5113 892 5173 quidem
907 5111 998 5161 tatutis
1014 5111 1052 5159 V:
1071 5126 1103 5161 ue
1119 5113 1167 5160 tub.
1188 5126 1212 5173 q.
1231 5115 1260 5175 Q.
1281 5113 1350 5162 Tudri
1367 5117 1414 5163 ott.
1433 5114 1461 5164 0.
1478 5139 1504 5149 -
1524 5114 1563 5163 ³0.
1585 5113 1711 5161 credemur
1726 5113 1762 5161 V:

448 5188 561 5236 credetur
577 5187 625 5236 dtt.
638 5189 666 5238 0.
682 5187 767 5237 --33.
786 5189 838 5236 tum
855 5188 913 5247 qur'd
931 5188 998 5237 tiss.
1012 5200 1054 5254 ep.
1074 5188 1179 5243 Hotom.
1197 5189 1340 5243 Burmann.
1358 5187 1462 5243 Anthol.
1476 5190 1530 5241 me.
1549 5189 1576 5242 Τ.
1589 5189 1609 5237 1.
1627 5199 1654 5254 p.
1668 5188 1724 5241 468.
1736 5213 1763 5225 ·-

447 5261 571 5315 cotidiano
587 5262 618 5311 V.
639 5288 667 5297 -
685 5262 906 5327 quaerimooiuque
922 5260 952 5318 V,
