4367 6109
452 596 514 666 438
812 606 852 669 lN
876 607 1040 671 VERREM
1062 604 1186 671 ACTIO
1210 606 1392 672 SECUNDA

451 774 484 837 in
507 794 545 838 eo
568 782 673 839 vestra
694 775 832 856 dignitas
854 776 931 837 mihi
953 774 1089 838 fructum
1113 775 1297 858 diligentiae
1319 778 1466 851 referret,
1495 778 1528 840 id
1558 798 1628 840 sum
1649 797 1770 843 assecu

452 875 519 944 tus,
549 876 584 931 ut
603 888 668 932 una
689 868 783 941 hora,
815 888 878 951 qua
907 871 998 951 coepi
1025 870 1145 944 dicere,
1173 889 1229 933 reo
1251 872 1381 946 audaci,
1411 872 1606 954 pecunioso,
1637 872 1770 953 pmiuso,

452 963 576 1045 perdito
605 982 693 1045 spem
722 963 832 1027 iudicii
861 966 1084 1047 corrumpendi
1116 965 1348 1048 praeciderem
1377 973 1414 1027 ut
1440 965 1544 1047 primo
1575 963 1628 1026 die
1650 965 1772 1027 testium

451 1062 538 1118 tanto
560 1077 692 1121 numero
716 1058 812 1121 citato
836 1059 974 1141 populus
995 1060 1156 1122 Romanus
1178 1060 1334 1123 iudicaret
1348 1060 1410 1123 isto
1425 1059 1573 1122 absoluto
1590 1077 1657 1120 rem
1672 1057 1774 1141 publi-

428 1168 519 1214 tcam
550 1157 633 1215 stare
660 1171 726 1215 non
754 1172 866 1235 posse3
895 1159 932 1214 ut
958 1154 1038 1216 alter
1066 1155 1134 1217 dies
1164 1153 1274 1217 amicis
1296 1154 1388 1216 istius
1410 1173 1447 1216 ac
1469 1150 1692 1216 defensoribus
1712 1170 1774 1213 non

450 1244 545 1307 modo
567 1265 656 1328 spem
677 1246 847 1320 victoriae,
870 1247 926 1309 sed
948 1248 1043 1310 etiam
1065 1247 1262 1311 voluntatem
1277 1245 1474 1310 detensionis
1488 1244 1644 1319 auferret3
1667 1252 1702 1306 ut
1716 1251 1775 1306 ter·

450 1337 512 1400 tius
543 1338 611 1402 dies
640 1339 687 1402 sic
708 1339 871 1402 bominem
893 1347 1125 1422 prosterneret,
1156 1349 1191 1402 ut
1213 1341 1323 1403 morbo
1345 1339 1494 1403 simulato
1517 1357 1600 1412 non,
1630 1336 1708 1421 quid
1729 1356 1776 1398 re·

450 1431 635 1513 sponderet,
659 1433 714 1496 sed
737 1434 1004 1517 quemadmodum
1027 1454 1091 1496 non
1112 1435 1337 1516 responderet,
1360 1433 1567 1496 deliberaretz
1590 1430 1708 1495 deiude
1729 1450 1776 1494 re-

448 1523 546 1608 liquis
569 1527 681 1589 diebus
703 1527 752 1590 bis
775 1527 978 1601 criminibus,
999 1527 1049 1589 his
1072 1529 1205 1590 testibus
1229 1536 1261 1591 et
1275 1528 1405 1591 urbanis
1420 1535 1453 1589 et
1467 1524 1718 1608 provincialibus
1732 1526 1776 1589 sio

413 1619 581 1683 toobrutus
608 1627 705 1705 alque
734 1640 906 1703 oppressus
935 1629 998 1694 est,
1030 1621 1135 1685 uthis
1157 1623 1307 1686 ludorum
1329 1622 1442 1684 diebus
1464 1618 1662 1702 interpositis
1683 1638 1776 1682 nemo

449 1712 543 1774 istum
572 1714 899 1796 comperendinatum,
929 1713 986 1776 sed
1013 1715 1258 1778 condemnatum
1287 1715 1452 1778 iudicaret
1505 1714 1587 1776 Vlll.
1609 1708 1662 1774 it.
1693 1711 1777 1788 Qua-

449 1811 581 1887 propter
602 1825 678 1889 ego,
701 1807 788 1890 quod
810 1806 850 1868 nd
873 1827 923 1870 me
938 1807 1067 1882 attinet,
1090 1809 1228 1883 iudices,
1251 1810 1328 1883 vici3
1350 1828 1416 1871 non
1431 1809 1515 1870 enim
1530 1805 1636 1890 spolia
1652 1806 1686 1869 (1.
1700 1807 1776 1869 ller-

449 1898 508 1973 ris,
531 1900 587 1961 sed
609 1899 879 1963 existimationem
900 1901 1012 1983 populi
1027 1902 1162 1964 Romani
1185 1903 1364 1985 concupivi.
1401 1904 1506 1965 Meum
1519 1901 1581 1965 fuit
1595 1922 1668 1964 cum
1683 1920 1776 1963 causa

450 1991 600 2054 accedere
622 1992 661 2055 ad
683 1993 913 2055 accusandum:
935 2015 1017 2078 quae
1040 2016 1136 2058 causa
1158 1995 1218 2059 soit
1232 1996 1415 2070 honestior,
1438 2016 1533 2080 quam
1549 2016 1568 2058 a
1583 2004 1649 2067 tam
1662 1994 1776 2057 illustri

412 2086 614 2169 reprovincia
635 2085 834 2150 defensorem
857 2089 1008 2151 constitui
1031 2097 1062 2152 et
1084 2089 1207 2172 deligit
1239 2092 1284 2154 rei
1314 2090 1461 2174 publicae
1484 2091 1672 2154 consulere:
1700 2086 1776 2172 quid

450 2188 546 2244 tame
568 2181 767 2264 republica,
790 2201 887 2264 quam
909 2183 941 2244 in
964 2191 1049 2247 tanta
1067 2185 1190 2247 invidia
1212 2185 1403 2247 iudiciorum
1425 2182 1584 2246 adducere
1605 2182 1776 2255 bominem,

450 2277 540 2338 cuius
572 2275 774 2338 damnatione
808 2283 893 2338 totus
925 2276 1004 2339 ordo
1035 2298 1107 2339 cum
1135 2279 1256 2361 populo
1286 2279 1428 2341 Romano
1458 2283 1491 2340 et
1519 2276 1553 2339 in
1575 2274 1670 2340 laude
1693 2274 1776 2338 etin

451 2371 550 2452 gratia
578 2378 687 2453 posset
714 2372 811 2431 esse‘l
843 2371 1010 2434 ostendere
1033 2392 1069 2433 ao
1091 2374 1284 2454 persuadere
1306 2371 1467 2434 bominem
1490 2377 1657 2434 nocentem
1680 2367 1777 2431 addu-

450 2472 534 2527 ctum
558 2485 644 2527 esse:
666 2465 739 2547 quis
761 2465 863 2527 estin
886 2466 1006 2548 populo
1028 2467 1188 2540 Romano,
1212 2467 1267 2550 qui
1289 2465 1351 2528 hoo
1373 2485 1439 2527 non
1462 2485 1501 2528 ex
1523 2464 1633 2547 priore
1653 2464 1776 2527 actione

412 2557 632 2630 roabstulerit,
655 2557 797 2622 omnium
819 2564 893 2621 ante
915 2559 1135 2621 damnatorum
1158 2560 1295 2633 scelera,
1316 2557 1418 2632 furta,
1440 2556 1560 2639 flagitia
1582 2558 1609 2621 si
1631 2578 1731 2622 unum
1745 2558 1775 2621 iu

451 2652 555 2715 locum
571 2651 790 2725 conserantur,
813 2652 868 2714 vix
883 2673 954 2714 cum
969 2653 1064 2715 huius
1081 2673 1177 2735 parva
1194 2661 1283 2736 parte
1298 2653 1429 2736 aequari
1444 2650 1648 2736 conferrique
1663 2655 1775 2735 possel

449 2741 501 2807 22.
523 2746 606 2819 Vos,
636 2746 722 2830 quod
746 2746 785 2808 ad
807 2754 944 2809 vestram
966 2747 1099 2822 famam,
1125 2749 1393 2811 existimationem
1415 2747 1616 2830 salutemque
1638 2767 1777 2811 commu·

450 2859 521 2902 nem
545 2840 700 2923 pertinet,
724 2840 861 2915 iudices,
884 2841 1056 2923 prospicite
1078 2850 1175 2925 atque
1197 2843 1365 2905 consulite.
1395 2841 1555 2925 Splendor
1568 2849 1674 2904 vester
1693 2841 1775 2918 facit,

449 2942 485 2996 ut
506 2954 639 3017 peccare
662 2934 731 2997 sine
754 2954 876 2997 summo
901 2935 945 2996 rei
968 2935 1115 3017 publicae
1131 2937 1321 2999 detrimento
1337 2956 1373 2998 ac
1396 2935 1542 3019 periculo
1557 2954 1623 2998 non
1639 2937 1775 3018 possitis

410 3030 520 3092 tsNon
550 3029 634 3091 enim
664 3035 772 3112 potest
799 3049 927 3112 sperare
957 3028 1095 3111 populus
1125 3031 1285 3093 Romanus
1308 3051 1378 3093 esse
1401 3029 1482 3092 alios
1503 3029 1538 3091 in
1561 3038 1691 3104 senatu,
1722 3030 1776 3114 qui

325 3133 329 3145 ’
449 3130 534 3187 recte
556 3124 682 3206 possint
703 3123 861 3196 iudicare,
883 3143 940 3185 vos
962 3123 989 3185 si
1012 3142 1076 3185 non
1100 3125 1278 3205 potueritis.
1311 3127 1447 3188 Necesse
1470 3131 1536 3199 est,
1559 3144 1632 3187 oum
1649 3124 1690 3188 de
1710 3131 1776 3188 toto

450 3218 561 3281 ordine
584 3219 775 3300 desperarit,
804 3217 891 3280 aliud
923 3237 1022 3299 genus
1043 3217 1207 3280 bominum
1230 3228 1327 3302 atque
1349 3219 1441 3281 aliam
1465 3219 1622 3281 rationem
1644 3218 1777 3282 iudicio·

450 3331 520 3373 rum
541 3312 693 3394 requirat.
737 3312 806 3374 lloc
828 3312 855 3373 si
878 3311 968 3373 vobis
991 3311 1064 3374 ideo
1087 3311 1188 3373 levius
1210 3313 1351 3387 videtur,
1374 3312 1459 3395 quod
1476 3313 1595 3394 putatis
1611 3333 1694 3377 onus
1709 3331 1777 3376 esse

450 3424 544 3487 gram
578 3413 609 3466 et
637 3405 874 3468 incommodum
903 3405 1060 3468 iudicare:
1093 3405 1270 3488 intelligere
1301 3406 1423 3468 debetis
1453 3406 1592 3488 primum
1615 3407 1776 3481 interesse,

411 3506 556 3561 nulnum
578 3497 609 3561 id
633 3518 715 3561 onus
730 3508 853 3561 vosmet
874 3500 935 3582 ipsi
954 3499 1144 3572 reieceritis,
1167 3519 1223 3572 an,
1247 3499 1333 3582 quod
1349 3499 1484 3582 probare
1499 3498 1620 3581 populo
1635 3500 1776 3562 Romano

451 3588 544 3654 iidem
566 3600 703 3656 vestram
725 3600 757 3656 et
777 3594 963 3676 religionem
986 3613 1050 3656 non
1074 3593 1258 3675 potueritis,
1282 3612 1320 3654 eo
1336 3593 1427 3655 vobis
1450 3592 1614 3655 iudicandi
1637 3601 1776 3674 potestas

450 3694 558 3769 erepta
588 3687 644 3760 sit;
673 3686 789 3749 deinde
817 3687 912 3750 etiam
934 3687 1013 3749 illud
1036 3687 1192 3769 cogitare,
1224 3693 1343 3768 quanto
1367 3686 1509 3768 periculo
1530 3687 1657 3749 venturi
1680 3687 1777 3750 simus

449 3780 488 3843 ad
513 3799 568 3843 eos
591 3781 730 3854 iudices,
762 3801 843 3863 quos
872 3788 1003 3863 propter
1024 3780 1132 3842 odium
1155 3779 1255 3842 nostri
1277 3779 1416 3861 populus
1439 3781 1600 3842 Romanus
1622 3778 1663 3841 de
1685 3779 1777 3842 nobis

448 3875 586 3938 voluerit
607 3876 759 3938 iudicare.
802 3871 853 3935 23.
876 3876 993 3937 Verum
1014 3874 1105 3937 vobis
1128 3875 1230 3936 dicam
1252 3873 1305 3946 id,
1338 3874 1424 3956 quod
1456 3873 1618 3946 intellexi,
1645 3872 1777 3937 iudices.

411 3970 603 4032 ssHomines
626 3970 739 4032 scitote
760 3987 830 4031 esse
847 3968 1019 4051 quosdam,
1042 3988 1124 4051 quos
1143 3976 1266 4030 tantum
1282 3967 1391 4029 odium
1407 3967 1507 4030 nostri
1524 3966 1646 4030 ordinis
1662 3973 1778 4040 teneat,

451 4069 487 4124 ut
506 4063 569 4125 hoc
591 4064 696 4147 palam
718 4063 780 4125 iam
805 4063 967 4136 dictitent,
997 4082 1031 4124 se
1053 4063 1167 4135 istum,
1197 4080 1292 4144 quem
1322 4060 1423 4121 sciant
1444 4080 1514 4122 esse
1535 4059 1700 4122 hominem
1721 4059 1779 4121 im·

450 4157 693 4237 probissimum,
723 4156 785 4219 hoe
811 4175 876 4218 uno
905 4156 1033 4218 nomine
1055 4156 1178 4218 absolvi
1201 4153 1301 4227 velle,
1331 4161 1365 4215 ut
1385 4154 1425 4215 ab
1448 4162 1561 4217 senatu
1583 4154 1702 4218 iudicia
1723 4174 1780 4237 per

450 4251 657 4333 ignominiam
680 4251 973 4335 turpitudinemque
995 4249 1188 4312 auferantur.
1232 4251 1318 4313 Haeo
1340 4271 1390 4313 me
1412 4251 1556 4333 pluribus
1578 4251 1700 4325 verbis,
1731 4251 1780 4313 iu·

451 4345 557 4417 dices,
586 4345 749 4408 vobiscum
772 4364 865 4426 agere
887 4345 991 4426 coegit
1013 4364 1077 4406 non
1100 4345 1195 4406 timor
1216 4365 1306 4407 meus
1329 4347 1368 4408 de
1391 4354 1495 4408 vestra
1517 4342 1595 4420 fide,
1626 4345 1683 4408 sed
1706 4364 1778 4427 spes

411 4438 579 4502 uiltorum
601 4458 695 4513 nova,
717 4460 799 4522 quae
821 4458 893 4501 cum
916 4439 1046 4501 Verrem
1068 4456 1086 4500 a
1105 4446 1197 4520 porta
1219 4439 1323 4501 subito
1347 4440 1386 4501 ad
1408 4439 1562 4502 iudicium
1584 4428 1778 4512 retraxisset,

451 4782 523 4835 Solet
543 4786 632 4834 autem
656 4783 749 4833 Cicero
771 4781 853 4833 verbe
877 4780 911 4832 ab
933 4781 1028 4832 iisdem
1049 4779 1158 4845 syllabis
1179 4782 1329 4846 incipientia
1346 4795 1518 4846 componere.
1538 4811 1565 4819 -
1589 4784 1613 4832 1.
1631 4783 1692 4833 mibi
1708 4783 1777 4846 dign.

451 4859 500 4909 dtt.
519 4859 548 4908 0.
570 4885 596 4895 -
615 4857 639 4908 l.
657 4859 704 4908 isto
721 4858 789 4908 coni.
802 4859 924 4922 Zumpt:
943 4858 996 4919 ipso
1014 4858 1092 4908 codd.
1112 4861 1140 4908 0.
1156 4885 1184 4895 -
1205 4858 1244 4908 11.
1263 4859 1386 4908 honestior
1403 4860 1481 4918 Gag:
1500 4859 1589 4907 tristior
1605 4858 1652 4908 dtt.
1672 4859 1705 4917 0,·
1724 4857 1780 4907 illu·

450 4936 526 4985 sertor
542 4933 575 4984 al.
596 4961 623 4970 -
643 4934 683 4984 ⁴5.
703 4933 762 4995 quid
779 4937 831 4982 lom
846 4946 860 4983 e
875 4946 944 4995 rep.
963 4934 1031 4982 coni.
1045 4934 1131 4983 lladv.
1144 4937 1163 4992 1.
1182 4948 1208 4999 p.
1222 4932 1286 4983 31ῗε
1305 4936 1371 4995 quod
1388 4929 1415 4983 li
1428 4944 1456 4983 re
1470 4949 1496 4995 p.
1509 4935 1632 4983 bonolius
1642 4935 1695 4993 Gn
1714 4932 1780 4994 quod

452 5015 535 5061 tumeo
544 5007 706 5070 respublicas
716 5007 773 5056 bon.
787 5007 832 5062 Gt;
845 5007 910 5067 qood
921 5010 974 5055 tom
984 5007 1046 5068 reip.
1059 5009 1116 5057 lon.
1130 5022 1155 5068 ςς
1174 5009 1234 5069 quid
1243 5009 1294 5055 tom
1300 5010 1367 5069 reip.
1381 5010 1503 5058 horrescitis
1514 5008 1561 5058 dit.
1575 5009 1604 5058 0.
1614 5036 1633 5044 -
1652 5008 1691 5056 18.
1702 5007 1781 5069 possit

453 5085 500 5135 dtt.
519 5086 549 5135 0.
569 5110 596 5119 -
620 5084 661 5134 20.
680 5084 707 5132 io
726 5095 804 5131 ouum
826 5082 907 5131 boum
925 5081 973 5130 dtt.
992 5082 1020 5130 Ο.
1042 5107 1068 5117 -
1097 5082 1138 5133 tl.
1154 5083 1258 5144 possetis
1275 5085 1369 5143 (1⁴25.
1392 5110 1419 5118 —-
1447 5084 1487 5132 30.
1506 5083 1729 5146 romaricense.
1749 5106 1777 5119 -

453 5160 493 5209 32.
511 5159 623 5221 copitore
639 5161 670 5209 ot
683 5159 699 5208 2
712 5159 813 5208 Frena:
832 5157 871 5206 sit.
889 5157 984 5206 Deinde
995 5181 1032 5193 -·
1043 5159 1150 5220 cogitate
1166 5158 1214 5208 dtt.
1234 5160 1262 5206 0.
1284 5184 1311 5193 -
1329 5172 1413 5207 sumtu
1430 5161 1461 5208 Gl
1475 5160 1524 5219 25.
1547 5184 1574 5195 -
1593 5160 1633 5209 33.
1651 5159 1779 5209 nostri·-

453 5236 483 5286 de
498 5234 568 5284 nobs
583 5235 644 5284 (tiu
661 5231 710 5283 el:
728 5233 850 5283 cestria
862 5232 891 5281 de
905 5232 974 5282 uobis
991 5231 1038 5281 dtl.
1058 5232 1087 5280 0.
1108 5259 1135 5267 -
1154 5232 1195 5281 31).
1213 5232 1289 5280 vestri
1306 5231 1353 5281 dtt.
1372 5235 1402 5282 0.
1423 5260 1451 5270 -
1469 5234 1509 5283 36.
1528 5233 1649 5283 honinem
1665 5245 1716 5284 esse
1732 5233 1777 5282 Gi.

354 5371 358 5379 Ι
456 5334 483 5351 ·-
502 5307 543 5362 38.
555 5308 616 5365 baec
631 5322 671 5366 mo
685 5321 726 5362 ree
742 5307 821 5365 codd,
835 5308 898 5365 noti·
915 5305 1020 5363 Delovit
1034 5320 1074 5364 rot
1084 5307 1231 5371 Naugerius
1243 5306 1269 5356 in
1280 5304 1381 5358 Aldina.
1396 5336 1424 5346 -
1441 5309 1534 5360 indicos
1546 5308 1583 5372 pl.
1595 5306 1676 5360 vobis
1687 5306 1736 5359 dtt.
1748 5308 1777 5358 0.
