4367 6109
456 562 519 636 2b8
828 563 870 625 IN
891 559 1058 625 VERREM
1078 557 1202 624 acrio
1225 556 1408 622 SECUNDA

541 739 672 820 Magno,
692 733 813 815 inquit,
832 729 981 794 decumas
997 728 1138 794 vendidi.
1151 763 1191 776 -
1203 726 1288 804 Quid
1304 728 1371 791 sisi
1393 747 1434 791 an
1448 734 1484 791 tu
1499 727 1665 805 decumas,
1679 723 1779 795 homo

456 831 665 897 audacissime
687 836 782 910 atque
803 825 1035 897 amentissime,
1057 823 1252 886 vendidisti?
1285 825 1333 885 Tu
1354 829 1460 907 partes
1481 840 1553 896 ees,
1575 841 1656 905 quas
1674 830 1708 887 te
1730 843 1781 887 se-

456 934 549 990 natus
569 921 772 1006 populusque
793 920 953 982 Romanus
975 916 1090 990 voluit,
1112 935 1154 978 un
1174 916 1296 980 fructus
1318 917 1458 998 integros
1479 924 1576 1000 utque
1592 915 1673 980 adeo
1694 918 1781 982 bona

455 1020 664 1099 fortunasque
684 1020 843 1077 aratorum
859 1032 968 1075 omnes
983 1010 1180 1074 vendidisti?
1213 1011 1247 1073 Si
1263 1010 1368 1093 palam
1382 1030 1498 1094 praeco
1513 1010 1604 1073 iussu
1618 1016 1674 1075 tuo
1689 1030 1782 1094 prae-

433 1114 594 1178 sdicasset
613 1128 679 1171 non
700 1108 849 1170 decumus
863 1104 1030 1178 frumenti,
1053 1104 1109 1167 sed
1129 1104 1275 1166 dimidias
1290 1103 1398 1167 venire
1421 1111 1537 1187 partes,
1553 1109 1586 1167 et
1600 1103 1645 1166 ita
1658 1111 1782 1187 empto·

455 1226 507 1271 res
535 1201 754 1275 accessissent,
783 1208 820 1262 ut
846 1201 886 1263 ud
909 1199 1055 1262 dimidias
1082 1207 1189 1282 partes
1211 1197 1378 1273 emendas3
1408 1199 1434 1261 si
1456 1198 1556 1282 pluris
1578 1197 1781 1264 vendidisses

456 1310 491 1364 tu
514 1296 677 1370 dimidias,
701 1316 796 1379 quam
818 1294 914 1358 ceteri
930 1294 1094 1356 decumus:
1117 1292 1243 1355 cuinam
1258 1291 1372 1353 mirum
1387 1292 1569 1355 videretur?
1593 1290 1679 1367 Quid
1693 1312 1782 1369 vero,

456 1396 483 1458 si
504 1412 619 1477 praeco
643 1389 792 1452 decumas
814 1387 1048 1473 pronuntiavit,
1078 1406 1113 1449 re
1134 1405 1225 1460 vera,
1247 1385 1308 1448 boc
1330 1393 1394 1459 est,
1420 1385 1506 1469 lege,
1529 1385 1649 1462 edicto,
1671 1386 1782 1451 condi·

456 1488 547 1551 cioue
561 1482 647 1567 'plus
676 1483 770 1546 etiam
793 1501 888 1567 quam
911 1480 1060 1543 dimidiae
1082 1481 1268 1553 venierunt,
1294 1486 1399 1541 tamen
1422 1479 1483 1543 boc
1505 1479 1561 1542 tibi
1583 1479 1781 1562 praeclarum

419 1580 599 1665 reputabis,
629 1584 660 1639 te
683 1577 802 1659 pluris,
832 1573 917 1659 quod
947 1594 1012 1637 non
1040 1574 1171 1648 licebat,
1203 1593 1298 1657 quam
1320 1582 1459 1649 ceteros,
1489 1571 1575 1657 quod
1598 1575 1781 1659 oportebat,

455 1673 663 1739 vendidisse?
706 1665 757 1732 ll.
779 1670 880 1732 Pluris
903 1668 1051 1731 decumas
1072 1667 1260 1742 vendidisti,
1283 1687 1378 1750 quam
1400 1670 1507 1732 ceteri.
1521 1701 1563 1714 -
1586 1668 1710 1744 Quibus
1731 1689 1782 1734 re-

454 1770 514 1832 bus
535 1765 568 1830 id
590 1771 754 1829 assecutus
776 1766 833 1826 esi
865 1762 1071 1825 Innocentia‘l
1108 1762 1244 1845 Adspice
1273 1759 1385 1823 aedem
1408 1760 1564 1825 Castoris:
1593 1762 1723 1840 deindo,
1752 1766 1781 1829 si

454 1862 570 1936 audes,
591 1858 641 1922 fac
662 1858 855 1922 mentionem
878 1856 1088 1919 innocentiae.
1127 1855 1318 1938 Diligentiai
1353 1855 1478 1919 Codicis
1500 1856 1612 1920 lituras
1634 1858 1681 1920 tui
1704 1878 1783 1922 con-

455 1954 607 2039 templere
627 1955 661 2016 in
684 1950 807 2015 Stbeuii
829 1949 1023 2012 Thermitani
1050 1950 1198 2012 nomine:
1226 1948 1340 2011 deinde
1362 1951 1444 2012 aude
1466 1957 1498 2013 te
1520 1951 1625 2014 dicere
1647 1951 1783 2035 diligen·

418 2069 446 2115 ss
455 2059 529 2114 tem.
557 2047 714 2131 Ingenio?
737 2045 799 2120 Qui
818 2051 914 2107 testes
936 2043 1129 2125 interrogare
1151 2042 1257 2125 priore
1272 2043 1395 2107 actione
1410 2043 1551 2107 uolueris
1566 2052 1599 2108 et
1612 2047 1652 2110 iis
1667 2048 1782 2112 tacitus

455 2165 491 2208 os
514 2152 604 2206 tuum
625 2141 777 2224 praebere
799 2138 965 2211 malueris,
989 2157 1084 2220 quam
1106 2137 1155 2200 vis
1177 2144 1210 2199 et
1231 2143 1262 2199 te
1285 2143 1316 2199 et
1337 2145 1489 2219 patronos
1505 2146 1577 2202 tuos
1596 2140 1782 2223 ingeniosos

455 2259 524 2302 esse
555 2236 662 2298 dicito.
702 2235 773 2310 Qua
802 2253 836 2296 re
858 2232 955 2314 igitur
977 2231 1008 2293 id
1031 2230 1117 2314 quod
1140 2231 1187 2294 ais
1208 2235 1373 2295 assecutus
1394 2234 1456 2295 esi
1488 2233 1603 2315 Magna
1626 2240 1674 2297 est
1695 2235 1782 2299 enim

453 2330 539 2404 laus,
561 2328 588 2391 si
611 2329 789 2412 superiores
811 2325 946 2389 consilio
969 2325 1087 2400 vicisti,
1111 2325 1341 2409 posterioribus
1356 2326 1538 2412 exemplum
1561 2335 1658 2411 atque
1672 2336 1782 2394 aueto-

453 2425 577 2488 ritatem
599 2422 766 2506 reliquisti.
810 2419 880 2483 Tibi
902 2419 1037 2482 fortasse
1060 2419 1194 2483 idoneus
1215 2418 1276 2482 fuit
1296 2439 1408 2513 nemo,
1431 2440 1528 2504 quem
1549 2422 1727 2487 imitarere:
1749 2432 1783 2488 at

416 2525 485 2584 sote
519 2516 681 2592 videlicet,
714 2517 912 2578 inventorem
939 2533 1042 2575 rerum
1072 2513 1264 2595 optimarum
1289 2533 1326 2576 ac
1347 2514 1539 2599 principem,
1573 2515 1783 2582 imitabuntur

454 2632 574 2676 omnes.
617 2606 668 2672 42.
691 2608 770 2685 Quis
792 2615 900 2671 orator
921 2614 953 2670 te
978 2613 1124 2689 praetore
1146 2606 1311 2669 decumam
1333 2606 1441 2670 dediti
1479 2611 1551 2692 quis
1574 2608 1675 2673 duas?
1709 2612 1781 2694 quis

453 2725 518 2769 non
540 2704 678 2767 maximo
701 2723 734 2766 se
756 2704 903 2765 allectum
924 2696 1078 2763 beneficio
1100 2700 1239 2783 putavit,
1261 2720 1334 2764 curn
1356 2701 1456 2765 tribus
1478 2702 1620 2766 decumis
1642 2723 1701 2787 pro
1716 2726 1781 2770 una

454 2799 692 2882 defungeretur,
721 2804 846 2881 praeter
872 2814 1009 2879 paucos,
1038 2797 1095 2878 qui
1115 2803 1247 2879 propter
1267 2797 1451 2859 societatem
1471 2795 1629 2861 furtorum
1652 2808 1781 2864 tuorum

453 2894 533 2957 nibil
564 2893 692 2955 omnino
723 2890 901 2954 dederuut?
935 2890 1031 2964 Vide,
1062 2889 1145 2951 inter
1173 2889 1445 2972 importunitatem
1475 2897 1562 2954 tuam
1584 2902 1781 2978 senatusque

415 2988 624 3052 sabonitatem
654 2986 731 3070 quid
761 2982 897 3047 intersit.
942 2984 1077 3046 Senatus
1100 3002 1172 3046 eum
1192 2983 1390 3067 temporibus
1417 2985 1463 3047 rei
1489 2985 1635 3068 publicae
1658 2987 1783 3070 cogitur

453 3088 490 3145 ut
511 3080 673 3154 decernat,
695 3085 731 3143 ut
753 3078 870 3142 alterae
893 3077 1045 3140 decumae
1068 3077 1251 3159 exigantur,
1273 3077 1318 3140 ita
1338 3075 1495 3152 decernit,
1517 3086 1552 3141 ut
1573 3098 1632 3162 pro
1654 3079 1705 3144 bis
1726 3081 1782 3145 de·

454 3175 554 3238 cumis
576 3173 712 3256 pecunia
733 3173 875 3235 solvetur
895 3171 1089 3247 aratoribus;
1112 3177 1163 3245 ut,
1186 3190 1250 3253 quo
1265 3170 1337 3252 plus
1353 3171 1502 3246 sumitur,
1526 3193 1621 3256 quam
1636 3172 1781 3248 debetur,

452 3266 485 3329 id
508 3267 586 3341 emi,
608 3286 673 3329 non
695 3265 813 3328 auferri
835 3271 973 3348 putetur.
1010 3267 1058 3326 Tu
1080 3285 1153 3327 cum
1176 3271 1223 3327 tot
1237 3262 1386 3327 decumas
1401 3284 1465 3327 nou
1481 3273 1609 3329 senatus
1623 3268 1781 3343 consulto,

453 3361 509 3425 sed
530 3359 623 3423 novis
645 3359 755 3423 edictis
778 3360 841 3422 tuis
862 3357 1058 3441 nefariisque
1080 3358 1235 3422 institutis
1251 3357 1394 3439 exigeres
1409 3367 1442 3421 et
1456 3359 1608 3442 eriperes,
1631 3381 1782 3444 magnum

414 3461 485 3521 aute
505 3452 619 3517 fecisse
641 3453 807 3526 arbitrare,
829 3453 856 3515 si
877 3450 977 3535 pluris
992 3452 1173 3515 vendideris
1189 3471 1284 3535 quam
1302 3452 1339 3513 L.
1353 3453 1560 3527 Hortensius,
1583 3462 1675 3537 pater
1688 3455 1781 3521 istius

454 3548 492 3623 Q.
515 3547 692 3620 Hortensii,
715 3566 811 3630 quam
834 3546 890 3608 Cn.
904 3547 1090 3628 Pompeius,
1114 3565 1211 3629 quem
1227 3545 1260 3607 C.
1275 3545 1460 3620 Marcellus,
1483 3547 1539 3629 qui
1555 3548 1594 3611 ab
1610 3551 1781 3632 aequitate,

454 3641 493 3705 ab
522 3641 610 3722 lege,
643 3640 683 3702 ab
712 3640 867 3703 institutis
895 3658 959 3701 non
988 3641 1213 3703 recesserunt?
1256 3634 1308 3701 43.
1337 3640 1387 3700 bn
1417 3639 1473 3703 tibi
1503 3642 1597 3705 unius
1628 3645 1704 3706 anni
1726 3654 1782 3711 aut

454 3736 574 3799 biennii
596 3736 676 3798 ratio
698 3733 759 3796 fuit
778 3732 941 3806 habenda,
964 3732 1050 3796 salus
1072 3731 1271 3816 provinciae,
1294 3732 1461 3795 commoda
1475 3735 1522 3797 rei
1544 3733 1781 3815 frumentariae,

453 3830 536 3892 ratio
550 3830 605 3892 rei
626 3827 773 3912 publicae
795 3827 828 3889 in
850 3828 1064 3910 posteritatem
1080 3825 1149 3889 fuit
1171 3825 1381 3909 negligenda?
1416 3826 1494 3890 Cum
1515 3849 1582 3923 rem
1603 3830 1649 3895 ita
1663 3832 1782 3897 consti·
1870 3849 1875 3859 ‘

519 4064 542 4112 4.
562 4062 600 4110 uis
616 4074 669 4110 orn.
687 4059 756 4122 4349
779 4058 855 4123 prob.
875 4058 984 4113 Halmio.
1006 4088 1033 4097 -
1058 4062 1082 4111 9.
1101 4059 1278 4108 vendidisti„
1291 4073 1406 4109 annonas
1422 4061 1477 4109 curi
1494 4060 1518 4125 S.
1536 4059 1578 4113 44.
1596 4075 1621 4111 v.
1641 4063 1681 4115 49.
1700 4063 1783 4117 babet

453 4139 483 4189 V.
505 4165 531 4174 -
551 4140 575 4188 9.
593 4140 618 4188 44.
637 4138 661 4187 6.
676 4137 761 4199 portis
777 4136 807 4185 V.
828 4162 855 4171 -
879 4135 902 4186 4.
922 4137 1001 4187 omnis
1017 4137 1048 4186 V.
1069 4162 1097 4172 -
1121 4136 1145 4185 7.
1163 4148 1222 4185 cero
1239 4148 1293 4186 om.
1312 4135 1343 4185 V.
1362 4135 1431 4198 (quid
1448 4137 1531 4186 estin
1549 4137 1601 4187 line
1618 4141 1731 4203 versus.)
1752 4165 1779 4177 -

453 4214 477 4264 8.
494 4225 569 4275 preco
585 4211 615 4260 V.
636 4239 663 4248 -κ
681 4209 867 4274 proudtiauim't
881 4225 998 4262 renerum
1015 4212 1045 4262 V.
1060 4239 1088 4247 —
1106 4211 1258 4261 condictione
1274 4209 1352 4273 4349.
1373 4237 1399 4245 -
1420 4211 1444 4260 9.
1462 4217 1582 4261 senensis
1598 4211 1676 4275 4349.
1692 4241 1720 4251 -
1740 4217 1780 4266 44.

452 4289 568 4338 mosmos
592 4287 722 4337 vendidisti
738 4287 841 4350 igliur
866 4286 912 4350 (cl.
932 4287 955 4351 S.
975 4288 1015 4339 49.
1034 4288 1074 4337 99.
1093 4287 1177 4347 llil:
1200 4287 1298 4336 vendidi
1315 4287 1430 4335 decumas
1446 4286 1477 4346 V,
1497 4290 1541 4336 ctt.
1561 4287 1589 4337 0.
1616 4287 1739 4340 Similiter
1755 4292 1781 4341 in

453 4360 508 4413 uliis
526 4359 614 4410 verbis
632 4360 767 4410 turbatum
785 4363 839 4418 est.
861 4375 887 4410 v.
907 4375 930 4410 c.
948 4362 1070 4425 offendisti
1087 4362 1115 4411 et
1131 4362 1221 4424 offendi
1237 4359 1261 4423 5.
1278 4359 1335 4411 494.
1351 4385 1378 4397 -
1398 4362 1438 4410 li.
1457 4362 1620 4412 adsecutusV
1636 4366 1665 4415 et
1680 4365 1720 4416 sic
1737 4365 1783 4416 de·

349 4495 352 4500 ,
452 4437 553 4500 inceps.
575 4462 602 4472 -
623 4436 661 4486 43.
680 4437 758 4485 titur-a
774 4436 910 4499 439949.
927 4461 953 4472 -
973 4437 1018 4500 tui]
1036 4441 1063 4486 tu
1079 4435 1110 4486 V.
1126 4462 1152 4472 -
1174 4435 1214 4488 ti.
1232 4437 1259 4485 io
1275 4449 1329 4486 om.
1342 4437 1361 4486 B
1374 4437 1402 4486 et
1413 4438 1490 4500 legg.
1504 4449 1598 4488 ornnes
1614 4440 1723 4502 praeter
1738 4438 1780 4492 49.

454 4537 482 4547 -
501 4510 585 4561 silem
601 4510 633 4560 V.
653 4537 681 4546 -
699 4511 780 4560 dicsm
796 4512 860 4560 aude
877 4516 900 4560 ts
916 4511 946 4560 V.
962 4536 989 4546 -
1010 4513 1049 4562 49.
1069 4510 1168 4560 testisV
1184 4512 1212 4561 et
1228 4510 1306 4574 4349.
1322 4537 1349 4548 -
1368 4512 1527 4575 interrupere
1542 4511 1655 4576 4349414
1673 4515 1783 4565 interro-

451 4586 511 4651 pori
527 4587 573 4635 ctt.
592 4585 621 4634 0.
636 4610 662 4620 -
682 4585 791 4634 uolueris
807 4585 837 4634 V.
853 4612 880 4622 -
899 4590 922 4634 st
938 4586 1005 4644 isV;
1023 4590 1046 4636 st
1062 4586 1271 4636 iis-muueris
1287 4600 1340 4637 om.
1359 4588 1378 4636 B
1397 4589 1423 4636 et
1439 4587 1517 4650 4399.
1532 4614 1559 4623 -
1578 4590 1782 4653 sacitmugtslt

451 4661 489 4709 V:
508 4661 611 4710 tacitum
622 4663 667 4710 ctt.
681 4662 710 4710 0.
727 4686 754 4697 -
772 4660 812 4710 46.
826 4662 1037 4724 quumvtsbegg.
1052 4673 1160 4722 omnes,
1178 4661 1308 4723 vallo:
1328 4663 1596 4723 quartumcislico.
1611 4690 1639 4698 -
1658 4664 1699 4715 tv.
1716 4666 1782 4716 mio

452 4735 537 4793 sstB;
555 4735 621 4784 enim
638 4748 691 4785 om.
710 4734 745 4794 V;
772 4736 838 4785 euim
854 4736 910 4785 turis
926 4741 961 4786 cst
977 4736 1054 4796 4399.
1074 4760 1103 4772 -
1124 4735 1163 4785 49.
1182 4737 1326 4798 quamdam
1342 4737 1372 4786 V.
1392 4763 1420 4773 ·-
1445 4751 1491 4798 uc,
1510 4750 1563 4788 nou
1581 4745 1618 4800 ot,
1636 4740 1704 4790 lluio
1721 4741 1783 4792 inV

452 4808 557 4859 videtur
574 4820 643 4859 esse.
659 4837 686 4847 —
705 4811 746 4862 94.
765 4811 888 4859 orctch
904 4812 932 4861 et
947 4809 1025 4861 codd.
1045 4810 1115 4859 uoti:
1133 4814 1266 4860 aratorius
1283 4811 1311 4861 0.
1330 4837 1357 4846 —
1375 4812 1416 4861 99.
1436 4813 1560 4875 adfectum
1576 4813 1607 4863 V.
1623 4841 1650 4851 -
1669 4815 1710 4865 93.
1728 4820 1782 4865 tuc-

451 4894 510 4931 mm
526 4894 580 4932 orn.
597 4883 628 4932 V.
649 4911 676 4921 -
694 4884 735 4935 94.
755 4886 847 4947 inport.
859 4885 890 4935 V.
906 4912 933 4922 -
952 4886 993 4935 96.
1008 4898 1058 4948 pro
1074 4885 1098 4933 b.
1117 4885 1142 4934 d.
1157 4885 1267 4947 pecunie
1283 4884 1351 4948 4349
1363 4887 1397 4935 V:
1414 4900 1467 4950 pec.
1484 4900 1533 4948 pro
1549 4887 1573 4937 b.
1592 4889 1617 4939 d.
1636 4890 1681 4939 ctt
1700 4889 1730 4940 0.
1750 4916 1779 4928 -

452 4956 494 5007 94.
517 4968 566 5018 quo
591 4957 764 5021 434949φι
793 4961 859 5022 quod
879 4960 959 5021 V,ctt.
978 4961 1006 5010 0.
1028 4987 1054 4996 -
1079 4959 1120 5009 ss.
1139 4959 1166 5008 id
1181 4960 1229 5009 emt
1245 4961 1314 5022 Vp:
1340 4962 1405 5011 idem
1422 4962 1500 5014 codd.
1519 4960 1575 5014 rell.
1594 4968 1621 5015 et
1638 4964 1700 5015 edd.
1719 4968 1780 5016 ants

453 5031 545 5083 bamb
565 5034 695 5096 repetttt.;
713 5036 739 5084 id
756 5037 803 5085 emt
819 5050 869 5084 oon
886 5048 939 5085 om.
959 5033 1038 5099 4349.
1053 5061 1080 5070 -
1100 5035 1195 5085 decom.
1215 5036 1269 5099 (sie)
1283 5037 1312 5088 V.
1329 5065 1355 5075 -
1374 5052 1425 5088 seo.
1443 5039 1560 5088 consonis
1575 5040 1638 5100 ΑΒ,
1656 5039 1734 5102 4399.
1750 5066 1778 5076 -

452 5107 494 5158 99.
512 5109 654 5170 asserimus
670 5109 700 5159 V.
726 5134 754 5146 -
781 5110 821 5160 ³0.
844 5109 971 5160 arbitros-s
991 5108 1108 5172 4349444
1138 5107 1298 5162 arbitrabare
1316 5113 1429 5175 43994ς
1456 5113 1725 5165 commeassem
1749 5142 1777 5151 -

454 5183 494 5234 94.
521 5185 647 5244 Hortensi,
674 5197 751 5246 quum
775 5186 819 5237 Co.
844 5187 965 5248 Ponpeiur
984 5185 1016 5235 V.
1042 5210 1069 5220 -
1098 5184 1125 5236 0.
1147 5185 1229 5236 Motu.
1247 5184 1394 5249 Lglsvu:
1420 5189 1457 5239 Μ.
1474 5190 1557 5238 Mam.
1575 5188 1654 5240 codd.
1672 5188 1729 5241 rell.
1747 5191 1777 5241 0.

455 5284 483 5292 -
502 5257 542 5309 99.
567 5259 648 5310 Messi
664 5261 694 5310 V.
719 5286 745 5297 -
772 5260 954 5324 posthabenda
974 5258 1090 5325 LgliV:
1116 5260 1175 5312 bob.
1194 5256 1244 5320 {usit
1265 5264 1311 5313 ctt.
1329 5263 1358 5313 0.
1378 5288 1406 5301 -
1426 5263 1467 5316 34.
1485 5265 1512 5314 in
1523 5265 1694 5328 posteritatem
1708 5263 1779 5328 4349
