4367 6109
699 574 844 640 unm.
874 569 1449 659 cn.xu1-ruu.ss.ea-oa.
1672 570 1735 637 acc

418 743 605 809 contumelia
625 742 754 827 diquum
774 751 929 829 putasset,
952 744 990 808 ab
1010 744 1156 810 universo
1177 745 1287 808 ordine
1301 744 1383 808 malo
1398 743 1510 826 dignus
1530 741 1734 806 iudicaretur:

417 834 469 901 95.
499 845 535 903 tu
565 838 611 902 sic
637 837 780 902 ordinem
811 839 998 902 senatorium
1025 837 1215 921 despexisti,
1247 839 1292 902 sic
1313 837 1354 901 ad
1374 837 1523 901 libidines
1545 837 1735 921 iniuriasque

417 939 486 996 tuas
506 932 612 996 omnia
633 932 829 1015 coaequasti,
856 933 901 995 sic
920 930 1057 995 habuisti
1077 939 1225 996 statutum
1246 953 1317 996 cum
1337 932 1442 996 animo
1463 951 1500 994 ac
1522 931 1734 1005 deliberatum,

418 1045 543 1101 omues,
565 1025 619 1109 qui
647 1024 823 1089 habitarent
842 1026 874 1089 iu
896 1025 1004 1089 Sicilia
1024 1033 1077 1088 aut
1098 1025 1152 1110 qui
1179 1027 1314 1091 Siciliam
1335 1034 1366 1089 te
1388 1033 1529 1110 praetore
1550 1025 1734 1107 attigissent,

406 1119 536 1193 ,iudices
557 1119 704 1193 reiicere,
724 1125 761 1181 ut
781 1118 859 1181 illud
882 1139 946 1182 non
961 1119 1127 1201 cogitares,
1149 1129 1253 1183 mmeu
1274 1119 1313 1185 ad
1335 1119 1476 1183 eiusdem
1497 1119 1614 1182 ordinis
1635 1118 1758 1183 homi-⁸

417 1233 475 1277 nes
496 1220 528 1276 te
550 1210 667 1276 iudices
689 1231 758 1274 esse
780 1214 966 1275 venturum?
1000 1213 1035 1273 ln
1064 1213 1176 1296 quibus
1205 1214 1231 1276 si
1259 1235 1301 1278 ex
1328 1215 1467 1297 ipsorum
1495 1212 1665 1275 domestico
1687 1212 1736 1274 in·

417 1305 581 1371 commodo
606 1306 711 1370 nullus
738 1304 828 1370 dolor
856 1305 1023 1380 insideret,
1056 1313 1160 1368 tamen
1181 1315 1264 1370 esset
1286 1306 1339 1370 illa
1362 1307 1521 1389 cogitatio,
1554 1308 1587 1369 iu
1608 1304 1735 1369 alterius

416 1399 531 1463 iniuria
552 1420 586 1462 se
608 1398 771 1483 despectos
790 1399 1035 1482 dignitatemque
1051 1399 1168 1463 ordinis
1183 1407 1390 1483 contemptam
1404 1407 1436 1463 et
1448 1400 1609 1463 abiectam.
1643 1396 1736 1474 Quod

417 1492 611 1569 mehercule,
633 1491 765 1567 iudices,
786 1491 864 1555 mihi
887 1513 950 1555 non
973 1492 1170 1556 mediocriter
1190 1493 1355 1557 serendum
1375 1493 1506 1556 videtur.
1536 1492 1637 1556 Habet
1651 1491 1736 1554 enim

418 1584 575 1670 3666666]
603 1586 745 1649 aculeum
774 1585 977 1661 contumelia,
1006 1607 1101 1671 quem
1122 1588 1185 1670 pati
1206 1588 1360 1670 pudentes
1381 1607 1417 1650 ac
1438 1587 1497 1651 riri
1517 1587 1592 1650 boui
1615 1581 1772 1648 difficit-⁴0

415 1678 490 1743 lime
521 1688 661 1765 possunt.
704 1677 756 1742 96.
790 1678 937 1762 spoliasti
966 1679 1103 1756 Siculos3
1133 1681 1236 1745 solent
1263 1682 1346 1744 enim
1374 1683 1451 1744 muti
1472 1701 1542 1744 esse
1563 1683 1596 1744 iu
1616 1680 1735 1743 iniuriis

417 1774 499 1837 suis:
520 1774 641 1837 vexasti
661 1774 887 1857 negotiatorem
910 1774 998 1836 inviti
1013 1773 1099 1837 enim
1112 1775 1242 1838 Romam
1256 1794 1392 1858 raroque
1407 1774 1579 1837 deceduuts
1612 1773 1735 1857 equites

416 1866 572 1930 Romanos
594 1865 633 1931 ad
654 1868 786 1952 Apronii
806 1868 933 1930 iniurias
955 1866 1087 1937 dedistis
1111 1868 1186 1951 quid
1202 1869 1361 1933 animiam
1375 1889 1490 1932 nocere
1503 1875 1644 1953 possunt,
1666 1865 1737 1950 qui·

415 1957 475 2022 hus
496 1980 560 2024 nou
581 1960 653 2024 licet
674 1961 832 2024 iudicaret
855 1959 960 2036 Quid?
981 1982 1051 2024 cum
1066 1969 1227 2026 senatores
1245 1964 1373 2026 summis
1387 1963 1507 2026 iniuriis
1522 1957 1635 2036 afficis,
1658 1958 1736 2043 quid

416 2050 500 2116 aliud
529 2052 607 2117 dicis
634 2055 697 2118 nisi
722 2055 798 2118 hoc:
828 2052 905 2116 cedo
927 2054 1003 2118 mihi
1026 2055 1120 2119 etiam
1141 2056 1234 2119 istum
1255 2059 1452 2120 senatorem?
1473 2064 1509 2119 ut
1528 2055 1589 2118 boc
1609 2053 1774 2137 amplis-u

416 2147 530 2210 simum
551 2168 666 2213 nomen
688 2149 876 2212 senatorium
898 2168 962 2212 nou
984 2149 1077 2213 modo
1100 2149 1139 2212 ad
1154 2149 1302 2214 invidiam
1323 2151 1551 2234 imperitorum,
1572 2147 1736 2212 sedetiam

415 2238 456 2302 ad
478 2241 697 2305 coutumeliam
721 2241 932 2324 improborum
952 2250 1059 2306 natum
1082 2264 1153 2307 esse
1174 2243 1325 2308 videatur.
1358 2241 1409 2307 97.
1429 2246 1538 2327 Neque
1552 2241 1658 2305 hocin
1672 2259 1736 2303 uno

415 2331 490 2398 fecit
509 2335 657 2410 ¹huneco,
680 2333 790 2398 sedin
812 2336 956 2398 omnihus
978 2337 1192 2413 senatoribus,
1214 2344 1249 2400 ut
1269 2339 1387 2403 ordinis
1409 2357 1524 2402 nomen
1538 2355 1603 2400 uon
1616 2340 1736 2398 tanbrm

415 2425 456 2490 ad
476 2426 646 2504 honorem,
669 2436 820 2514 quantum
841 2428 881 2491 ad
903 2430 1106 2512 ignominiam
1127 2433 1254 2496 valeret.
1283 2434 1319 2494 In
1341 2433 1375 2497 C.
1396 2432 1520 2504 Cassio,
1542 2430 1608 2493 viro
1630 2426 1759 2513 claris-¹

415 2521 494 2584 simo
516 2530 549 2586 et
568 2523 753 2599 fortissimo,
782 2544 852 2586 cum
880 2522 906 2586 is
935 2544 972 2587 eo
994 2525 1062 2608 ipso
1084 2533 1238 2609 tempore,
1266 2527 1365 2610 primo
1387 2526 1475 2590 istius
1496 2544 1599 2599 anno,
1627 2520 1773 2585 consutae

416 2623 514 2692 esset,
541 2624 628 2682 tanta
657 2617 853 2701 improbitate
873 2637 950 2680 usus
973 2626 1034 2692 est,
1060 2627 1110 2693 ut,
1138 2640 1207 2682 cum
1229 2620 1296 2683 eius
1318 2640 1412 2694 uxor,
1442 2618 1560 2682 semina
1580 2616 1735 2701 primaria,

415 2715 558 2792 paternas
580 2711 735 2775 arationes
756 2710 887 2775 haberet
907 2711 940 2774 in
959 2712 1128 2787 Leontino,
1149 2712 1340 2777 frumentum
1362 2732 1454 2777 omne
1472 2713 1660 2795 decumanos
1681 2730 1737 2773 au·

414 2801 497 2866 ferre
523 2804 658 2868 iusserit.
697 2806 787 2868 lluuc
808 2813 842 2868 tu
863 2805 895 2867 in
917 2805 976 2867 hac
998 2826 1090 2869 causa
1112 2814 1241 2882 testem,
1262 2809 1393 2881 Verres,
1416 2805 1565 2879 habebis,
1587 2805 1735 2889 quoniam

417 2897 550 2961 iudicem
578 2919 618 2962 us
642 2898 776 2963 haberes
802 2899 976 2982 providisti.
1019 2897 1069 2961 98.
1091 2901 1154 2963 Vos
1176 2909 1297 2977 autem,
1322 2901 1459 2974 iudices,
1480 2907 1591 2984 putare
1613 2897 1735 2960 debetis

416 3011 486 3054 esse
516 2991 667 3076 quiddam
693 2993 784 3057 nobis
807 2995 888 3056 inter
908 3013 966 3056 nos
989 3014 1154 3058 commuue
1176 3002 1271 3079 atque
1293 2997 1503 3059 coniunctum.
1542 2991 1641 3056 Multa
1662 2996 1773 3053 santae

414 3082 560 3168 imposita
580 3085 654 3149 huic
675 3087 778 3150 ordini
800 3107 947 3162 munera,
976 3088 1067 3150 multi
1096 3089 1237 3163 labores,
1265 3090 1362 3153 multa
1389 3083 1612 3173 pericula'nou
1634 3083 1736 3148 solum

415 3179 520 3262 legum
541 3199 578 3243 ac
599 3179 801 3257 iudiciorum,
823 3180 879 3244 sed
901 3182 993 3245 etiam
1014 3202 1175 3245 rumomm
1196 3202 1232 3245 ac
1253 3190 1438 3267 temporum.
1470 3182 1521 3245 Sic
1534 3176 1735 3244 esthicordo

417 3273 508 3355 quasi
538 3273 715 3358 propositus
742 3281 836 3358 atque
866 3275 967 3339 editus
995 3276 1028 3338 in
1056 3275 1170 3351 altum,
1199 3282 1235 3339 ut
1252 3277 1292 3338 ah
1313 3276 1457 3339 omnibus
1478 3275 1580 3339 ventis
1601 3271 1735 3336 invidiae

415 3367 599 3430 circumflari
627 3387 720 3451 posse
748 3366 898 3432 videatur.
942 3370 978 3430 In
1004 3371 1064 3435 hac
1090 3377 1152 3432 tam
1174 3371 1288 3434 misera
1307 3377 1402 3454 atque
1424 3370 1534 3453 iniqua
1554 3368 1735 3433 condicione

414 3460 497 3523 vitae
525 3480 564 3523 ue
595 3460 655 3524 hoc
683 3461 811 3545 quidem
841 3463 1060 3537 retinebimus,
1094 3462 1227 3537 iudices,
1260 3469 1295 3526 ut
1315 3463 1543 3545 magistratibus
1564 3460 1681 3524 nostris
1702 3460 1772 3521 inse

415 3553 587 3617 obtinendo
609 3555 678 3618 iure
700 3565 808 3619 nostro
827 3577 867 3619 ne
890 3557 1146 3640 contemptissimi
1163 3576 1199 3620 ac
1214 3557 1453 3639 despicatissimi
1467 3576 1537 3619 esse
1550 3555 1735 3620 videamur?

414 3647 511 3710 XLll.
533 3646 584 3710 99.
606 3648 797 3713 Thermitani
825 3652 989 3736 miserunt,
1023 3652 1078 3735 qui
1107 3649 1253 3715 decumas
1281 3657 1422 3714 emerent
1442 3649 1509 3732 agri
1531 3650 1589 3713 sui.
1631 3646 1737 3730 Magni

415 3761 472 3806 sua
491 3742 646 3825 putabant
673 3744 825 3808 interesse
854 3745 978 3829 publice
1000 3746 1106 3828 potius
1128 3746 1270 3829 quamuis
1291 3765 1404 3828 magno
1426 3745 1488 3808 emi
1510 3763 1605 3828 quam
1624 3742 1658 3806 iu
1680 3739 1738 3805 oli·

479 4069 504 4119 9.
523 4069 564 4119 446.
581 4069 738 4131 iniuriasque
754 4069 835 4133 4349ε
855 4071 964 4121 intortas
979 4070 1137 4134 libidinesque
1152 4070 1208 4122 rell.
1222 4072 1252 4122 0.
1267 4095 1294 4107 -
1313 4070 1339 4122 4.
1357 4071 1400 4133 qai
1415 4069 1532 4121 baberent
1547 4067 1616 4133 4349
1628 4071 1690 4131 Νφ.
1707 4092 1735 4106 -

415 4143 439 4194 6.
452 4145 520 4194 4466
536 4144 748 4208 4664664349-
767 4146 791 4196 8.
804 4146 906 4208 sedesp
919 4145 1002 4209 usta:
1021 4159 1071 4196 sese
1082 4147 1147 4209 desp.
1161 4145 1217 4197 rell.
1232 4147 1265 4206 03
1283 4146 1472 4208 annedae.
1484 4146 1544 4195 4..-
1564 4146 1604 4195 40.
1619 4145 1739 4207 pudentes

415 4220 476 4269 Net
490 4217 628 4284 plerique:
644 4221 777 4283 praedantes
794 4218 852 4279 alii;
871 4220 904 4271 ct.
918 4221 942 4285 5.
957 4222 1013 4271 469.
1026 4224 1053 4271 et
1070 4235 1119 4272 nos
1135 4219 1169 4270 ad
1181 4234 1220 4270 or.
1236 4234 1262 4285 p.
1277 4222 1356 4272 Caec.
1369 4234 1396 4285 p.
1408 4221 1497 4271 9944-
1516 4221 1557 4270 44.
1574 4221 1637 4270 enecti
1653 4219 1736 4284 4349ε

413 4294 485 4343 matti
501 4293 569 4356 rell,
586 4295 659 4344 tnatti
676 4295 705 4345 0.
720 4320 747 4331 -
767 4296 794 4344 in
810 4296 909 4345 intortis
925 4298 946 4346 N
964 4298 990 4346 ct
1007 4296 1022 4345 6
1039 4298 1131 4360 4633.;
1149 4297 1249 4346 intumis
1260 4295 1327 4359 4399
1339 4295 1379 4346 49.
1398 4292 1477 4358 [46664
1486 4295 1514 4344 Ζ.
1528 4293 1562 4344 de
1573 4292 1634 4345 lect.
1648 4293 1737 4358 4633]

418 4393 444 4406 ·-
463 4371 502 4420 49.
520 4371 573 4420 sais
589 4369 657 4433 4349
668 4371 706 4419 N:
725 4371 777 4419 sais
792 4383 882 4434 qraoes
898 4369 968 4430 rell,
994 4371 1046 4419 sais
1057 4370 1226 4434 provinciales
1242 4383 1274 4420 ex
1292 4371 1360 4420 coni.
1379 4369 1486 4420 llenutii
1503 4369 1532 4419 0.
1552 4394 1581 4406 -
1599 4370 1692 4431 equites
1706 4368 1736 4419 tt.

414 4457 437 4503 φ
455 4446 482 4493 et
498 4441 529 4493 l:
549 4445 654 4505 eqnoem
670 4446 698 4495 a.
712 4443 769 4494 rell.
783 4446 811 4495 0.
824 4471 851 4480 -
871 4444 911 4496 44.
930 4446 973 4505 qai
984 4458 1040 4494 6664
1051 4444 1133 4509 4349,
1151 4444 1223 4509 quod
1240 4446 1268 4495 Z.
1280 4445 1427 4509 recepit-
1447 4445 1486 4494 46.
1500 4445 1646 4507 momen]
1663 4457 1739 4494 seno·

413 4517 505 4567 wrimn
521 4520 551 4568 N.
571 4518 601 4584 [4]
622 4545 648 4555 -
669 4519 709 4570 46.
728 4521 882 4570 6666464466
898 4520 1077 4570 Hotomanus:
1098 4525 1241 4570 senawenm
1258 4519 1335 4569 codd.
1356 4519 1458 4583 [Nostra
1474 4522 1569 4583 sponte
1585 4519 1739 4568 eenawrieen

413 4592 581 4655 scripsimus,
600 4594 726 4657 quoniam
743 4608 808 4644 vera
825 4596 886 4658 463.
905 4593 945 4644 49.
963 4593 1040 4644 lectio
1057 4597 1136 4645 66466
1153 4595 1271 4645 nondum
1288 4596 1349 4644 nota
1367 4596 1432 4644 crat.
1459 4594 1484 4643 ls
1501 4595 1572 4644 enim
1589 4595 1628 4644 sic
1642 4606 1737 4644 mance

413 4665 509 4715 habet:
528 4667 587 4716 cedo
603 4669 664 4718 mitti
680 4670 756 4719 etiam
771 4671 846 4719 istam
862 4669 1015 4720 senatoriam
1032 4669 1092 4732 (uon
1109 4669 1262 4732 4666464646]
1277 4683 1328 4717 non
1343 4669 1416 4718 modo
1433 4669 1467 4718 66
1483 4670 1546 4727 etc,
1565 4667 1682 4731 itemque
1699 4667 1738 4716 sic

413 4743 440 4791 in
457 4744 477 4792 N
496 4742 576 4793 tuisse
595 4741 733 4808 probabile
751 4747 800 4794 cst.
827 4742 960 4794 Librarius
976 4744 1054 4806 igitur
1070 4743 1198 4795 aberrans
1215 4757 1301 4794 avoc.
1313 4750 1452 4794 materen
1463 4742 1497 4793 ad
1508 4743 1660 4793 senatoriam
1674 4754 1739 4806 par-

413 4820 467 4867 tem
485 4818 610 4870 orationis
627 4819 743 4883 priorem
761 4820 859 4869 omisit.
877 4817 969 4883 flua]
997 4845 1024 4854 -
1049 4818 1126 4867 etiam
1141 4819 1314 4869 contaeneliom
1331 4818 1408 4883 4349.
1429 4844 1456 4853 -
1482 4817 1522 4868 48.
1539 4815 1637 4866 Annoio
1653 4814 1736 4879 4349ς

412 4891 527 4942 ,46664646
544 4892 589 4951 99;
606 4892 700 4942 Anneio
717 4891 782 4943 dett.
801 4893 831 4943 0.
852 4920 879 4930 -
898 4892 938 4942 49.
956 4892 1094 4943 clarissimo
1109 4893 1165 4943 otro
1182 4891 1250 4956 4349
1268 4894 1329 4956 (om.
1348 4899 1371 4944 et
1385 4892 1538 4956 4644466966).
1556 4890 1592 4956 [46
1603 4889 1738 4954 43996446

413 4968 473 5030 post
487 4966 622 5029 fortissimo
638 4968 781 5030 repetitum
798 4969 848 5029 est,
866 4968 896 5015 ut
912 4966 1084 5017 scribendum
1102 4980 1163 5019 esse
1180 4967 1317 5017 videatur:
1337 4967 1364 5018 0.
1378 4967 1472 5029 cassin
1487 4966 1551 5016 clar.
1563 4969 1587 5014 ct
1599 4965 1658 5028 sort.
1670 4965 1737 5026 6466,

412 5042 443 5089 64
463 5041 598 5105 Zumptius
615 5039 716 5107 edidit]
742 5068 768 5077 —
794 5043 836 5092 90.
853 5041 894 5090 isti
913 5040 990 5104 4349.
1015 5067 1042 5079 -
1069 5041 1112 5093 et.
1130 5041 1210 5106 tanta]
1228 5043 1264 5090 46
1280 5040 1357 5106 4399.
1378 5068 1406 5078 -
1428 5042 1470 5091 99.
1489 5044 1556 5090 arat.
1574 5039 1630 5089 hab.
1650 5038 1736 5103 egla:

412 5114 468 5164 466.
487 5121 556 5166 crat.
574 5115 631 5167 rell.
644 5117 673 5167 0.
694 5142 721 5151 -
740 5117 889 5166 decumanos
904 5116 1005 5180 6646446
1020 5114 1088 5180 4349
1101 5116 1134 5166 F:
1152 5117 1179 5166 in
1195 5117 1310 5166 decennias
1326 5116 1427 5181 antem
1442 5113 1499 5166 rell.
1512 5115 1542 5165 0.
1560 5137 1588 5150 -
1606 5114 1648 5164 96.
1661 5114 1739 5176 qaod·

413 5191 472 5240 dom
489 5191 504 5241 6
521 5192 600 5255 4633.
618 5190 683 5241 dett.
704 5217 731 5227 -
749 5191 790 5242 98.
809 5191 891 5254 quw]
908 5205 960 5253 qua
976 5190 1053 5254 4349.
1068 5214 1096 5226 -
1115 5190 1157 5241 99.
1175 5195 1250 5253 atqne
1265 5189 1351 5254 thi:
1369 5196 1393 5241 et
1408 5188 1466 5242 rell.
1479 5190 1508 5240 0.
1522 5215 1550 5224 -
1568 5189 1657 5253 644666
1667 5187 1737 5253 4349

414 5264 452 5316 ll:
471 5264 576 5331 4664666
591 5263 649 5318 rell.
669 5293 696 5304 —-
715 5265 756 5318 94.
773 5266 961 5331 damnamini
976 5264 1098 5330 4349364
1117 5266 1289 5330 manent
1304 5262 1362 5318 rell.
1380 5265 1410 5317 0.
