4367 6109
722 533 1456 625 m.1v.u».xm-xrv.scas-aa.
1686 535 1749 604 aas

427 715 463 777 in
483 715 576 790 Asia,
604 713 817 778 contulerunt.
866 713 988 777 Habuit
1015 734 1071 778 eos
1093 733 1200 778 secum
1221 709 1277 775 illo
1298 716 1440 794 tempore
1462 716 1495 773 et
1520 709 1555 773 in
1582 707 1750 793 legationis

428 808 555 892 praedis
576 817 671 894 atque
691 809 783 873 furtis
805 809 938 873 multum
959 809 1086 871 illorum
1108 826 1206 891 opera
1226 805 1424 889 consilioque
1446 825 1523 868 usus
1544 813 1602 868 est
1634 801 1687 869 34.
1708 805 1750 870 lli

429 910 504 966 sunt
532 903 596 977 illi,
626 901 741 986 quibus
770 901 804 965 in
832 900 948 964 tabulis
978 899 1073 964 refert
1101 920 1171 963 sese
1193 900 1232 976 Q.
1255 900 1372 963 Tadius
1394 899 1521 963 dedisse
1542 899 1631 965 iussu
1659 901 1751 966 istius

429 997 558 1060 Graecis
578 996 761 1080 pictoribus.
792 997 855 1060 Eos
877 995 938 1058 iam
959 995 1042 1057 benc
1064 996 1208 1078 cognitos
1229 1001 1261 1057 et
1281 1014 1316 1058 rc
1337 994 1487 1076 probatos
1500 1014 1608 1058 secum
1623 996 1657 1058 in
1672 997 1752 1061 Sici·

428 1090 503 1153 liam
519 1089 619 1153 duxit.
646 1090 718 1166 Quo
733 1096 940 1173 posteaquam
954 1097 1119 1163 venerunt,
1140 1089 1317 1150 mirandum
1334 1088 1367 1150 in
1381 1089 1512 1151 modum
1525 1110 1676 1154 —canes
1696 1106 1775 1156 ves

428 1183 550 1247 uaticos
565 1183 686 1248 diceres
704 1217 747 1231 -
759 1185 803 1247 ita
818 1182 1032 1247 odorabantur
1046 1183 1153 1245 omnia
1167 1190 1200 1246 et
1220 1183 1491 1267 pervestigabant,
1513 1191 1558 1259 ut,
1580 1186 1634 1248 ubi
1657 1187 1751 1270 quid·

429 1299 492 1362 que
514 1287 612 1354 esset,
641 1279 750 1362 aliqua
770 1279 892 1341 ratione
913 1276 1102 1339 invenirent.
1144 1274 1240 1339 Aliud
1261 1276 1429 1352 minando,
1451 1277 1539 1341 aliud
1560 1280 1750 1360 pollicendo,

428 1371 513 1437 aliud
536 1392 592 1456 per
613 1393 730 1447 servos,
753 1371 840 1436 aliud
856 1391 913 1454 per
927 1370 1055 1444 liberos,
1076 1390 1133 1453 per
1147 1371 1280 1434 amicum
1296 1370 1394 1444 aliud,
1415 1370 1502 1434 aliud
1519 1392 1576 1455 per
1588 1374 1751 1439 inimicum

427 1467 645 1531 inveniebant:
667 1466 824 1551 quidquid
846 1465 910 1529 illis
931 1465 1104 1549 placuerat,
1125 1463 1323 1548 perdendum
1344 1471 1421 1526 erat.
1448 1464 1533 1527 Nihil
1554 1466 1641 1530 aliud
1664 1478 1753 1553 opta·

427 1561 519 1634 baut,
549 1580 685 1645 quorum
714 1558 905 1643 poscebatur
933 1566 1115 1641 argentum,
1145 1557 1208 1620 nisi
1237 1564 1274 1620 ut
1289 1557 1333 1621 ‚id
1361 1558 1493 1620 Hieroni
1515 1565 1548 1621 et
1567 1562 1751 1644 Tlepolemo
1761 1577 1790 1625 to
1843 1571 1846 1578 '

428 1653 620 1738 displiceret
662 1654 747 1717 XIV.
774 1649 826 1715 32.
848 1653 967 1715 Verum
989 1651 1170 1715 mehercule
1192 1650 1269 1725 hoc,
1299 1652 1438 1724 iudices,
1468 1653 1580 1716 dicam.
1622 1657 1752 1721 Memini

428 1748 628 1831 Pamphilum
642 1747 894 1832 Lilybaetanum,
915 1747 1051 1810 amicum
1074 1754 1107 1810 et
1127 1746 1286 1831 hospitem
1308 1764 1424 1819 meum,
1438 1745 1578 1808 nobilem
1592 1747 1752 1815 hominem

427 1840 506 1905 mihi
527 1861 671 1915 narrare,
701 1861 774 1903 cum
796 1840 855 1904 istc
877 1841 917 1903 ab
940 1859 1009 1903 sese
1036 1839 1182 1924 hydriam
1204 1840 1317 1903 Boethi
1338 1840 1569 1903 manufactam
1590 1844 1753 1925 praeclaro

428 1955 524 2020 opere
546 1944 578 2001 et
599 1934 709 2019 pandi
730 1933 870 2018 pondere
893 1954 950 2017 per
971 1942 1160 2017 potestatem
1181 1934 1379 2007 abstulisset,
1408 1955 1443 1997 se
1474 1953 1550 1997 sane
1577 1937 1699 2000 tristem
1721 1945 1754 2001 et

428 2030 648 2094 conturbatum
670 2029 800 2092 domum
821 2029 1006 2104 revertisse,
1029 2029 1115 2112 quod
1137 2048 1192 2091 vas
1214 2028 1281 2092 eius
1305 2029 1406 2103 modi,
1435 2027 1521 2112 quod
1544 2028 1604 2091 sibi
1625 2049 1644 2092 a
1665 2039 1792 2114 patretc

428 2133 460 2187 ct
479 2144 499 2187 a
520 2124 698 2187 maioribus
719 2130 805 2186 esset
825 2123 988 2197 relictum,
1019 2141 1083 2206 quo
1107 2121 1220 2184 solitus
1242 2128 1326 2184 essct
1347 2122 1394 2184 uti
1415 2121 1456 2185 ad
1477 2121 1577 2186 festos
1599 2123 1685 2200 dies,
1713 2125 1755 2189 sd

427 2216 589 2301 hospitum
610 2218 784 2291 adventus,
813 2237 889 2281 ase
911 2224 997 2281 esset
1018 2216 1167 2280 ablatum.
1212 2215 1291 2278 Cum
1319 2214 1478 2290 sederem,
1512 2217 1638 2301 inquit,
1668 2218 1754 2282 domi

428 2311 542 2386 tristis,
575 2312 713 2376 accurrit
747 2312 921 2375 Venerius:
956 2311 1044 2374 iubet
1075 2328 1127 2372 me
1160 2307 1296 2392 scyphos
1327 2308 1481 2390 sigillatos
1510 2310 1551 2373 ad
1578 2319 1754 2394 praetorem

427 2405 533 2468 statim
561 2405 682 2469 atierre.
730 2407 894 2469 Pcrmotus
920 2426 1007 2479 sum,
1042 2403 1162 2486 inquit:
1199 2402 1293 2465 binos
1321 2402 1492 2467 habebam:
1530 2404 1624 2469 iubeo
1652 2407 1754 2489 promi

426 2505 596 2581 utrosque,
617 2518 659 2562 ne
682 2499 759 2583 quid
781 2501 852 2583 plus
873 2499 948 2561 mali
969 2503 1168 2570 nasceretur,
1190 2504 1222 2558 et
1243 2516 1367 2560 mecum
1389 2496 1430 2559 ad
1451 2500 1605 2581 praetoris
1627 2500 1793 2565 demumst

426 2590 511 2656 terri.
554 2593 601 2655 Eo
624 2613 695 2657 cum
717 2593 830 2668 venio,
851 2599 979 2675 praetor
1000 2591 1197 2675 quiescebat:
1219 2589 1333 2653 fratres
1355 2590 1402 2654 illi
1424 2591 1590 2675 Cibyratae
1612 2594 1755 2659 inambu-

427 2685 545 2750 labant.
589 2685 652 2760 Qui
674 2706 724 2748 me
746 2686 802 2749 ubi
825 2686 988 2749 viderunt:
1014 2685 1091 2748 «Ubi
1114 2692 1196 2758 suut,
1219 2683 1393 2767 Pamphile,
1416 2685 1576 2768 inquiunt,
1599 2686 1751 2769 scyphii»

428 2779 571 2844 Ostende
593 2780 702 2843 tristis.
737 2779 892 2842 Laudant.
928 2780 1050 2862 Incipio
1074 2779 1164 2862 queri
1184 2798 1236 2841 mc
1258 2776 1337 2840 nihil
1359 2777 1556 2857 habiturum,
1588 2779 1675 2862 quod
1697 2779 1756 2842 ali·

429 2873 522 2937 cuius
544 2881 629 2937 esset
650 2875 754 2958 pretii,
776 2875 803 2937 si
826 2874 920 2937 etiam
944 2873 1055 2959 scyphi
1079 2880 1186 2937 essent
1206 2872 1314 2935 ablati.
1350 2873 1431 2935 Tum
1452 2873 1510 2947 illi,
1533 2872 1587 2934 ubi
1608 2891 1659 2935 me
1680 2893 1755 2937 con·

427 2967 589 3032 turbatum
608 2968 731 3032 vident:
762 2967 875 3043 «Quid
896 2968 946 3031 vis
968 2967 1060 3031 nohis
1082 2968 1175 3043 dare,
1196 2975 1233 3029 ut
1254 2966 1306 3028 isti
1328 2966 1383 3028 ahs
1405 2973 1437 3028 te
1459 2985 1499 3028 ne
1520 2965 1793 3036 auferanturisse

427 3063 474 3125 Ne
496 3062 611 3138 multa,
641 3061 701 3126 HS
723 3081 773 3122 cro
796 3081 864 3135 me,
887 3062 1007 3145 inquit,
1030 3068 1261 3144 poposcerunt:
1290 3060 1357 3123 diri
1385 3080 1435 3136 me
1457 3060 1613 3124 daturum.
1656 3063 1756 3127 Vocat

428 3156 550 3220 interea
576 3162 721 3240 praetor:
755 3154 860 3239 poscit
889 3154 1036 3239 scyphos.
1084 3156 1164 3217 Tum
1197 3155 1270 3217 illos
1306 3155 1447 3237 coepisse
1479 3155 1617 3237 praetori
1649 3156 1755 3220 dicere

427 3257 556 3333 putasse
586 3270 635 3326 se,
663 3251 696 3314 id
724 3249 810 3333 quod
840 3249 1018 3323 audissent,
1046 3249 1182 3313 alicuius
1211 3249 1305 3332 pretii
1329 3248 1466 3333 scyphos
1489 3268 1559 3311 esse
1580 3249 1754 3333 Pamphili:

428 3343 550 3407 luteum
571 3345 734 3427 negotium
756 3364 837 3418 esse,
859 3363 924 3407 non
947 3343 1087 3427 dignum,
1111 3342 1198 3427 quod
1220 3343 1253 3405 in
1267 3363 1326 3406 suo
1341 3351 1471 3425 argento
1485 3341 1600 3406 Verres
1613 3343 1755 3407 haberet.

428 3437 483 3501 Ait
503 3437 558 3502 ille
579 3438 664 3502 idem
687 3439 747 3502 sibi
769 3437 879 3502 videri.
919 3439 966 3500 Ita
986 3436 1169 3520 Pamphilus
1191 3435 1328 3521 scyphos
1342 3436 1481 3520 optimos
1495 3436 1607 3501 aufert.
1641 3433 1693 3499 33.
1714 3436 1794 3507 Etru

427 3531 608 3595 mehercule
630 3553 689 3615 ego
710 3541 814 3608 antea,
835 3531 961 3597 tametsi
982 3528 1044 3595 hoc
1065 3531 1175 3594 nescio
1196 3530 1274 3614 quid
1294 3530 1496 3614 nugatorium
1516 3529 1653 3595 sciebam
1675 3549 1756 3607 esse,

493 3745 789 3809 lasesscentem:
812 3744 1096 3806 idumeum:
1118 3743 1338 3794 mmnsordett.
1357 3743 1386 3794 0.
1407 3743 1542 3806 -illoll,
1561 3745 1615 3795 Gt:
1636 3757 1690 3795 cm.
1709 3745 1755 3804 Gi,

427 3819 685 3885 admotumgg.
704 3818 804 3871 etrell.
823 3822 852 3871 0.
871 3825 941 3871 -st
961 3819 1036 3883 tepet.
1059 3819 1132 3869 cta.
1152 3817 1367 3881 -hocsurttr
1386 3817 1524 3880 marsis.
1544 3819 1758 3882 -cosra'ltopusc

428 3894 458 3945 a.
478 3921 506 3932 -
524 3893 550 3945 ³.
567 3895 595 3946 ts
610 3894 701 3945 tubuli:
716 3906 770 3944 om.
789 3894 835 3955 (32,
855 3893 901 3943 hd.
922 3920 950 3931 -
966 3893 1044 3955 refert
1058 3893 1105 3952 443,
1123 3889 1140 3942 λ
1156 3892 1242 3957 (proh.
1261 3893 1345 3944 lladv.
1365 3905 1392 3958 p.
1411 3891 1475 3956 dli:
1493 3893 1578 3943 nestit
1593 3892 1658 3946 dett
1676 3894 1707 3945 0.
1726 3917 1756 3932 -

429 3968 470 4035 0.]
487 3970 593 4032 Qum
607 3971 637 4022 a.
658 3995 686 4006 -
705 3967 729 4020 l.
748 3967 859 4033 Grauis]
875 3969 973 4032 pmii:
989 3968 1021 4017 Gt
1036 3968 1060 4018 2.
1082 3994 1110 4004 -
1128 3980 1170 4018 sor
1185 3980 1219 4019 ex
1234 3969 1313 4031 augg.
1331 3965 1403 4019 solus
1419 3966 1467 4026 29:
1485 3980 1539 4018 cm.
1556 3966 1603 4028 lt:
1621 3973 1646 4018 st
1660 3969 1683 4018 ri
1698 3966 1756 4020 rell.

428 4045 550 4109 1³88·-
569 4046 595 4095 n.
613 4057 687 4095 coms
701 4049 784 4095 ossa.
802 4043 896 4094 dicos:
912 4043 1002 4107 spuria
1018 4042 1101 4094 habet
1116 4045 1172 4093 Rau
1188 4044 1219 4093 44.
1238 4056 1264 4108 p.
1278 4041 1341 4103 ⁴4⁸3
1360 4042 1430 4093 Bake
1447 4055 1473 4107 p.
1492 4042 1533 4092 48.
1552 4043 1592 4094 sic
1608 4042 1756 4107 distinguit:

427 4121 528 4171 modim
545 4119 840 4184 (ccam-lassabant}
856 4119 927 4168 uliud
942 4130 1002 4181 sqq.
1023 4143 1051 4154 -
1070 4118 1096 4168 6.
1114 4118 1219 4179 quicque
1234 4118 1265 4175 44.
1283 4118 1334 4178 Gt:
1354 4116 1491 4180 quaequam
1506 4116 1553 4179 62,
1570 4115 1622 4176 hd:
1640 4117 1759 4181 mquid

428 4196 506 4260 lagg.
526 4221 555 4233 -
573 4195 597 4246 7.
616 4195 736 4245 mhoado
752 4195 804 4246 aa:
822 4194 961 4244 minuendo
978 4192 1043 4243 dett.
1062 4193 1091 4244 0.
1113 4219 1140 4229 -
1158 4193 1183 4243 8.
1201 4191 1272 4241 aliud
1285 4205 1333 4255 per
1348 4192 1459 4242 musar
1475 4192 1521 4241 Gt.
1539 4215 1567 4227 -
1587 4192 1627 4242 40.
1642 4191 1759 4254 poeeehst

428 4269 478 4329 θὶς
501 4269 635 4331 poscebant
652 4269 697 4320 Gt.
718 4268 772 4333 [Gt.
785 4268 807 4334 t]
827 4294 854 4304 -
874 4268 902 4318 ol
921 4269 1000 4332 legg.
1023 4267 1088 4318 dett.
1109 4291 1137 4303 -
1155 4267 1182 4315 id
1198 4268 1233 4316 R:
1260 4279 1313 4316 om.
1336 4265 1392 4317 rell.
1412 4268 1442 4317 0.
1462 4293 1490 4304 -
1509 4267 1550 4317 44.
1566 4279 1655 4317 om
1672 4266 1709 4318 8³
1725 4262 1756 4317 λι

426 4357 484 4395 cere
500 4343 565 4395 dett.
584 4345 614 4394 0.
645 4342 720 4408 [Ante
736 4356 824 4394 oanan
841 4345 883 4394 est
899 4343 925 4392 iu
942 4344 964 4394 R
979 4343 1098 4407 signum:
1122 4341 1167 4401 K,
1186 4341 1202 4390 i.
1221 4353 1246 4391 e.
1264 4339 1362 4403 rapo,
1387 4343 1416 4392 ut
1432 4338 1557 4405 videtur]
1576 4368 1604 4378 -
1621 4341 1760 4393 mshoeculs

427 4419 456 4480 44,
475 4420 508 4469 c:
522 4421 548 4481 2,
567 4416 592 4478 λ,
611 4419 693 4482 Lata:
711 4419 860 4469 meterem
877 4415 934 4469 rell.
952 4419 982 4468 0.
999 4445 1026 4455 -
1045 4417 1085 4468 ⁴2.
1101 4414 1267 4478 pamphylum
1282 4415 1448 4476 ladmonem:
1464 4416 1494 4477 ll,
1512 4417 1539 4464 et
1555 4415 1594 4466 sic
1610 4415 1675 4466 item
1690 4415 1759 4468 intra

427 4507 526 4545 nomen
546 4493 696 4556 Pamphylos
717 4495 847 4559 seriptum
865 4497 914 4544 est.
935 4520 962 4528 -
981 4493 1101 4556 hospitem
1119 4503 1202 4540 mesen
1224 4495 1247 4540 et
1269 4491 1378 4541 ameum
1394 4491 1472 4553 lagg.
1490 4492 1599 4554 praeter
1613 4489 1659 4551 29,
1677 4489 1707 4540 0.
1727 4516 1757 4528 -

427 4568 468 4620 43.
486 4568 556 4619 Boeti
572 4570 649 4633 lagg.
674 4569 740 4621 dett.
760 4596 787 4606 -
807 4570 847 4621 46.
870 4574 894 4620 et
910 4583 928 4619 o
942 4572 1035 4619 molor.
1060 4569 1096 4627 R,
1115 4565 1174 4625 hd,
1193 4564 1261 4628 LgtP
1277 4564 1321 4616 lt:
1349 4581 1367 4617 o
1383 4578 1436 4620 cm.
1455 4566 1487 4616 Gt
1501 4565 1531 4626 2,
1552 4562 1608 4614 rell.
1627 4565 1706 4630 lagg.
1727 4589 1754 4604 -

397 4660 398 4663 ¹
427 4644 467 4693 47.
486 4644 605 4693 adonta:
620 4644 650 4704 R,
670 4645 715 4706 Gt,
734 4644 821 4708 agra:
839 4645 972 4695 odoratam
984 4643 1039 4694 rell.
1052 4644 1082 4693 0.
1109 4643 1221 4692 Prorsus
1232 4638 1346 4692 similem
1357 4639 1447 4692 locum
1455 4636 1617 4691 Columellas
1628 4638 1681 4689 4444.
1694 4637 1719 4700 3,
1731 4635 1757 4690 4.

427 4718 523 4768 excitat
540 4719 627 4768 uarat.
645 4718 677 4768 11.
697 4718 769 4781 [add.
787 4720 814 4770 in
830 4720 905 4770 Verr.
923 4720 956 4770 11.
974 4718 998 4781 S.
1011 4717 1064 4782 83.]
1077 4743 1105 4753 —-
1118 4717 1160 4766 49.
1173 4715 1273 4779 odlsrrc
1290 4717 1320 4766 R.
1334 4743 1362 4754 ·-
1375 4717 1416 4768 2⁰.
1428 4712 1555 4779 moue]
1573 4712 1607 4764 cl.
1619 4713 1759 4776 Agroetius

426 4805 453 4857 p.
465 4792 540 4843 2267.
553 4794 581 4842 P.
603 4817 630 4828 -
650 4792 691 4842 tt.
708 4793 776 4856 serre
792 4793 838 4843 aa.
859 4819 886 4829 —
912 4792 954 4843 22.
971 4805 1011 4842 me
1026 4791 1070 4841 obi
1084 4790 1131 4851 aa,
1150 4791 1231 4842 Prisc.
1250 4790 1270 4839 l.
1288 4803 1314 4855 p.
1332 4790 1394 4842 473:
1412 4790 1487 4842 timul
1501 4793 1531 4839 at
1545 4801 1585 4839 me
1600 4786 1665 4838 dett.
1684 4788 1714 4838 0.
1728 4813 1757 4825 -

426 4868 468 4918 25.
485 4866 524 4917 oi:
539 4866 656 4929 suaso:
673 4865 720 4918 hd.
739 4869 815 4931 (teste
831 4867 923 4928 Batrioi
939 4868 967 4919 et
984 4867 1011 4917 1..
1027 4893 1055 4903 -
1065 4870 1095 4916 ot
1111 4877 1164 4916 om.
1182 4865 1261 4929 naga.
1275 4891 1303 4900 -
1316 4878 1348 4916 os
1363 4865 1445 4930 orclem
1463 4863 1508 4916 aba
1515 4863 1635 4943 ἕως.
1648 4860 1713 4913 uec:
1728 4886 1756 4898 -

425 4951 467 5002 26.
484 4951 527 5001 HS
542 4951 584 5002 clo
601 4951 616 4999 7
634 4952 728 5015 lagg„
753 4950 801 5002 Ld.
820 4952 864 5016 (tlt
890 4951 939 5002 HS.
959 4953 1030 5012 coll,
1048 4951 1091 5001 HS
1108 4949 1168 5001 00¹·
1185 4951 1236 5009 Gt,
1254 4950 1304 5000 HS.
1323 4948 1369 5000 cc.
1388 4950 1440 5009 Ga,
1466 4948 1509 4999 HS
1521 4948 1548 4998 V.
1567 4947 1644 5010 agac.
1665 4973 1693 4984 -
1711 4958 1760 5009 po·

425 5031 558 5090 posce-cst
574 5027 604 5088 44,
623 5027 656 5076 u:
671 5027 696 5077 2.
713 5053 740 5064 -
753 5026 819 5076 diri:
836 5026 881 5077 Gt.
896 5052 924 5061 —
937 5038 977 5076 urs
992 5037 1046 5076 cm.
1065 5025 1112 5075 Gi.
1134 5022 1219 5075 codd.
1233 5023 1380 5076 deteriores
1391 5022 1506 5074 hahent:
1524 5022 1566 5073 Hs
1576 5021 1617 5073 clo
1628 5033 1667 5071 sse
1677 5020 1760 5083 bault

426 5101 482 5152 diri
498 5101 634 5161 dorm:
653 5101 674 5152 0
691 5101 772 5152 obem
787 5099 908 5152 brevius:
926 5100 1020 5152 HScle
1037 5101 1093 5150 diss·
1108 5113 1148 5150 ore
1163 5100 1292 5150 dulim
1307 5126 1334 5136 -
1347 5094 1670 5161 thscvphosporcttdett.
1683 5097 1713 5148 0.
1727 5121 1756 5134 -

426 5175 468 5226 28.
483 5175 605 5239 prephati
621 5177 651 5227 44.
672 5202 700 5215 -
719 5175 760 5227 34.
777 5175 913 5228 utereris
930 5174 1012 5239 cata,
1031 5175 1082 5237 (33,
1106 5176 1229 5227 heora:
1253 5173 1362 5226 wude
1377 5175 1398 5226 1:
1414 5186 1442 5240 p.
1460 5185 1514 5234 m.;
1534 5171 1683 5224 murus
1697 5167 1756 5224 rell.

427 5251 506 5316 laag.
524 5251 554 5302 0.
574 5278 602 5290 -
620 5264 666 5319 qo
682 5263 737 5304 om.
755 5251 833 5318 Lm.
853 5278 881 5290 -
899 5251 953 5318 loc]
970 5264 1015 5316 spo
1031 5250 1114 5302 idem.
