4367 6109
839 851 881 941 II.
908 851 1049 942 TULLII
1077 852 1304 945 CICERONIS

587 1077 703 1164 nn
768 1076 1024 1171 bnon
1087 1079 1555 1172 AGRARIA

997 1309 1143 1359 CONTRA

665 1488 705 1564 Ρ.
734 1487 1021 1565 subvertunt
1049 1490 1263 1566 nonnum
1290 1490 1372 1566 ΤΒ.
1399 1490 1475 1567 PL.

888 1703 1056 1762 QIIATIO
1082 1703 1250 1761 TERTIA

971 1891 1009 1935 Ab
1024 1889 1167 1935 Poet'et'nt.

941 2102 1200 2112 ———-..

498 2283 521 2345 Ι.
545 2277 573 2344 I.
598 2281 799 2346 Commodius
828 2283 977 2348 fecissent
998 2287 1117 2350 tribuni
1139 2286 1257 2369 plebis,
1287 2286 1442 2362 Quirites,
1472 2285 1516 2360 si,
1547 2304 1628 2368 quae
1650 2282 1734 2367 apud

414 2398 470 2441 ros
498 2379 538 2441 de
569 2398 618 2441 me
641 2377 802 2454 deiemnt,
831 2399 868 2442 ea
891 2401 994 2444 coram
1022 2382 1126 2463 potius
1149 2401 1199 2443 me
1221 2387 1387 2463 praesente
1409 2377 1582 2453 diuissent3
1610 2397 1682 2439 nam
1705 2384 1735 2438 et

413 2471 603 2555 aequitatem
632 2482 755 2535 vestrae
785 2474 1023 2556 disceptationis
1053 2483 1084 2536 et
1112 2474 1372 2536 consuetndInem
1402 2473 1597 2555 superiorum
1628 2478 1660 2533 et
1685 2473 1735 2532 ius

413 2584 490 2627 snae
512 2567 677 2648 potestatis
699 2569 911 2631 retinuissent.
946 2567 1008 2630 Sed
1031 2568 1180 2649 quoniam
1196 2566 1299 2629 adbuc
1321 2585 1471 2648 praesens
1487 2573 1646 2628 certamen
1660 2584 1736 2627 con·

414 2659 651 2743 tentionemque
672 2659 836 2742 fugerunt,
866 2682 967 2737 nnnc,
998 2663 1023 2723 si
1046 2660 1171 2722 videtur
1193 2661 1254 2733 eis,
1286 2661 1317 2721 in
1341 2679 1442 2722 meam
1465 2659 1642 2722 contionem
1665 2674 1759 2740 pro-o

414 2751 507 2816 deant
529 2763 576 2828 et,
605 2773 669 2837 qno
691 2757 854 2836 provocati
876 2776 894 2817 a
916 2776 966 2818 me
988 2755 1097 2817 venire
1118 2753 1306 2827 noluerunt,
1336 2755 1475 2816 revocati
1500 2752 1610 2815 saltem
1632 2770 1736 2813 rerer-

414 2852 528 2909 tantur.
572 2844 602 2908 2.
621 2846 722 2910 Video
745 2848 917 2931 quosdam,
941 2850 1101 2925 Quirites,
1123 2848 1254 2931 strepitu
1277 2844 1453 2930 significare
1476 2847 1584 2910 nescio
1606 2845 1683 2929 qnid
1706 2852 1737 2907 et

415 2958 478 3002 non
508 2940 636 3003 eosdem
665 2940 786 3014 vultus,
816 2962 896 3025 quos
926 2943 1071 3026 proxima
1093 2961 1163 3004 mea
1184 2940 1332 3003 contione
1355 2939 1579 3023 praebuerunt,
1602 2941 1634 3002 in
1656 2939 1737 3000 bano

414 3034 593 3097 contionem
622 3033 698 3096 mibi
721 3035 889 3098 rettulisse.
927 3036 1033 3112 Quare
1055 3056 1075 3098 a
1095 3035 1202 3108 vobis,
1234 3035 1289 3117 qui
1311 3034 1392 3097 nihil
1415 3035 1454 3098 de
1477 3056 1527 3097 me
1549 3033 1737 3104 credidistis,

413 3135 449 3188 ut
470 3147 539 3191 eam
560 3127 771 3202 voluntatem,
799 3149 894 3212 quam
924 3150 1049 3212 semper
1069 3129 1224 3191 habuistis
1246 3148 1321 3211 erga
1342 3149 1410 3203 me,
1440 3129 1617 3201 retIneatis,
1646 3135 1774 3210 petozto

414 3241 433 3284 a
453 3222 541 3286 vobis
562 3230 681 3295 autem,
705 3243 785 3306 quos
808 3222 919 3286 leviter
941 3224 1121 3286 immutatos
1144 3243 1214 3285 esse
1236 3225 1353 3297 sentio,
1380 3242 1509 3305 parvam
1531 3220 1637 3302 exigui
1659 3226 1738 3283 tem·

414 3316 499 3398 poris
521 3336 649 3379 usuram
671 3316 772 3380 bonae
795 3316 834 3379 de
856 3338 906 3380 me
929 3318 1090 3400 opinionis
1112 3317 1256 3401 postulo,
1287 3325 1320 3379 nt
1342 3337 1427 3393 eam,
1457 3317 1483 3380 si
1515 3334 1596 3400 qnae
1626 3315 1737 3377 dixero

413 3408 501 3472 vobis
524 3409 680 3492 probabo,
711 3420 863 3495 perpetuo
885 3413 1064 3488 retineatis,
1096 3412 1144 3475 sin
1167 3412 1272 3485 aliter,
1293 3410 1353 3473 boc
1375 3412 1445 3493 ipso
1468 3411 1500 3472 in
1523 3409 1591 3471 loro
1613 3408 1739 3491 deposi-

413 3509 476 3565 tam
498 3508 591 3585 atqne
614 3504 768 3569 abiectam
791 3506 987 3590 relinquatis.
1020 3505 1049 3569 3.
1066 3505 1218 3590 Completi
1233 3513 1307 3567 sunt
1321 3506 1416 3568 anImi
1431 3522 1589 3587 auresque
1604 3510 1738 3575 vestrae,

412 3594 567 3671 Quirites,
590 3617 639 3661 me
654 3596 881 3682 gratificantem
898 3609 1015 3684 septem
1034 3601 1176 3684 tyrannis
1191 3600 1368 3682 ceterisque
1385 3598 1583 3661 Sullanarum
1599 3599 1738 3679 assigna·
1748 3607 1776 3652 ⁴⁵

414 3686 535 3753 tionum
564 3693 801 3774 possessoribus
829 3695 968 3776 agrariae
996 3696 1057 3777 legi
1080 3704 1112 3758 et
1134 3691 1307 3757 commodis
1328 3691 1443 3755 vestris
1465 3690 1628 3753 obsistere.
1671 3690 1738 3752 IIoc

413 3785 441 3847 si
465 3784 521 3870 qni
544 3784 762 3861 crediderunt,
785 3787 863 3851 illud
886 3788 973 3870 prius
998 3786 1190 3850 crediderint
1211 3806 1340 3849 neccsse
1362 3794 1427 3859 est,
1449 3785 1508 3848 bac
1523 3784 1593 3867 Iege
1607 3783 1739 3865 agraria,

414 3897 497 3963 qnae
518 3879 715 3963 promulgata
738 3888 803 3955 est,
825 3879 921 3942 adimi
945 3880 1092 3944 Sullanos
1115 3899 1206 3963 agros
1228 3879 1381 3963 votisque
1404 3878 1502 3941 dividi
1525 3886 1579 3940 ant
1600 3878 1738 3960 denique

414 3972 514 4036 minui
543 3973 736 4054 privatorum
764 3976 996 4057 possessiones,
1027 3983 1063 4037 ut
1092 3975 1125 4036 In
1148 3994 1202 4036 eas
1223 3994 1279 4036 vos
1302 3971 1513 4036 deducamini.
1548 3972 1581 4034 Si
1604 3970 1739 4035 ostendo

414 4085 478 4129 non
499 4066 594 4130 modo
616 4087 679 4130 non
701 4069 797 4132 adimi
820 4071 967 4153 cuiquam
989 4068 1112 4150 glebam
1135 4068 1175 4130 de
1197 4066 1336 4128 Sullanis
1358 4066 1459 4147 agris,
1491 4064 1548 4128 sed
1571 4066 1667 4129 etiam
1687 4077 1778 4148 ge-ao

414 4180 475 4223 nus
496 4161 530 4223 id
551 4181 698 4244 agrorum
720 4169 806 4224 certo
829 4162 931 4243 capite
957 4161 1036 4243 logis
1059 4159 1332 4243 impudentissime
1354 4156 1530 4222 confirmari
1551 4168 1648 4244 atque
1670 4180 1742 4222 san-

415 4255 488 4330 ciri3
511 4255 539 4319 si
561 4257 660 4319 doceo
682 4257 766 4338 egris
789 4257 844 4329 iis,
870 4255 924 4339 qui
947 4274 966 4317 a
988 4254 1075 4318 SnIIa
1097 4260 1171 4317 sunt
1193 4252 1276 4326 dati,
1299 4254 1344 4316 sic
1360 4252 1529 4335 diligenter
1542 4254 1670 4317 Rullum
1685 4272 1742 4315 sua

414 4347 485 4432 Iege
507 4350 688 4424 consulere,
718 4359 753 4413 ut
778 4350 870 4414 facile
893 4357 1043 4432 appareat
1064 4369 1133 4411 earn
1155 4347 1256 4429 Iegem
1279 4366 1344 4408 non
1367 4366 1385 4408 a
1407 4353 1583 4410 vestromm
1605 4365 1742 4408 commo·

414 4440 527 4506 dorum
547 4451 694 4528 patrono,
717 4444 774 4507 sed
796 4464 815 4507 a
836 4443 939 4525 Valgii
963 4460 1080 4524 genero
1104 4460 1174 4503 esse
1189 4440 1412 4522 conscriptam:
1435 4438 1588 4522 numquid
1604 4446 1652 4502 est
1669 4459 1742 4501 cau·

414 4554 486 4611 sao,
509 4534 663 4611 Quirites,
687 4536 765 4620 quin
788 4537 842 4600 iIIa
864 4536 1100 4609 criminatione,
1123 4554 1186 4618 qua
1209 4534 1242 4596 in
1259 4556 1309 4597 me
1324 4534 1486 4598 absentem
1501 4553 1577 4595 usus
1593 4541 1655 4605 est,
1677 4539 1781 4593 nontt

415 4628 518 4693 solum
539 4650 658 4704 meam,
680 4631 738 4694 sed
760 4630 854 4695 edam
875 4638 1012 4693 vestram
1035 4628 1232 4710 diligentiam
1254 4627 1519 4711 prudentiamque
1537 4626 1742 4708 despexerit?

482 4886 508 4938 2.
527 4888 556 4938 dc
572 4899 626 4939 om.
645 4889 673 4938 E.
693 4913 722 4924 -
748 4889 887 4940 detulerant
903 4886 930 4941 t.
952 4913 979 4922 -
1003 4886 1044 4936 43.
1061 4885 1171 4947 probaro
1188 4884 1332 4935 Ernestius.
1353 4911 1380 4922 -
1406 4886 1445 4935 ⁴5.
1464 4883 1621 4948 prmtstccotc
1637 4883 1693 4934 FP.
1714 4909 1741 4919 -

419 4960 459 5011 to.
477 4961 530 5012 Hoc
546 4962 634 5013 EFT:
661 4963 721 5014 boec
742 4962 857 5018 Anto,
882 4990 910 5000 -
939 4963 979 5013 48.
996 4960 1157 5024 monogam
1179 4965 1214 5011 cst
1230 4958 1345 5010 Klotzins
1370 4959 1422 5022 (ed.
1441 4956 1510 5021 alt.):
1534 4958 1698 5022 promulgato
1713 4959 1745 5007 stt

419 5037 510 5087 ceteri.
525 5063 552 5074 -
571 5038 613 5089 22.
631 5038 672 5104 tia]
687 5038 725 5088 bit
740 5036 825 5098 EF&
845 5053 899 5091 om.
918 5040 947 5088 Α.
963 5062 990 5072 -
1008 5035 1352 5100 concremataque·
1372 5033 1413 5085 at.
1435 5032 1523 5098 Vulpis]
1540 5033 1610 5097 uulgi
1627 5032 1742 5083 EFPA.

419 5111 576 5164 Emendavit
591 5115 736 5178 Naugerius
752 5115 780 5165 in
797 5115 840 5165 ed.
858 5113 959 5165 Aldina.
979 5137 1006 5146 -
1024 5111 1066 5162 bt.
1085 5111 1145 5174 quio
1167 5124 1220 5162 om.
1239 5111 1324 5162 EFP.
1351 5137 1377 5149 -
1402 5109 1443 5160 26.
1462 5106 1608 5172 ommno
1627 5105 1669 5156 «id
1687 5107 1741 5156 est:

419 5186 557 5250 docerem
571 5188 709 5243 monuo»
726 5189 829 5254 Madvig
846 5189 880 5242 nd
898 5189 952 5242 Cic.
971 5187 1005 5240 dc
1022 5187 1095 5239 Finn.
1113 5200 1140 5254 p.
1159 5186 1216 5239 aot.

461 5278 552 5332 omo
570 5280 638 5336 nn
1513 5274 1549 5340 tt
