4367 6109
643 572 713 639 nn.
735 573 789 637 m.
820 572 894 638 on.
915 570 1260 638 exam-uxama
1285 569 1343 658 34.
1365 567 1562 638 rra-rsa.
1700 566 1757 638 444

440 742 531 829 lybus
564 764 634 808 esse
666 743 722 828 qui
755 750 876 827 potest,
909 765 980 808 cum
1013 750 1146 808 utuntur
1173 764 1283 810 omnes
1311 765 1375 808 uno
1400 764 1515 828 genere
1538 747 1763 809 nummorum?

441 837 601 902 Gerarium
622 858 698 901 vero
721 839 821 923 quid?
843 838 1019 922 quomodo
1041 839 1103 902 hoc
1125 858 1239 903 nomen
1254 838 1294 901 ad
1307 839 1446 903 rationes
1461 839 1675 922 magistratus,
1697 859 1762 923 quo

440 931 596 995 modoad
618 933 787 1015 pecuniam
807 932 967 1015 publicam
989 932 1121 996 allatum
1144 935 1214 997 esti
1246 934 1325 997 Nam
1348 933 1427 997 illud
1450 952 1550 1015 genus
1565 933 1693 997 tertium
1709 932 1765 996 de-

440 1026 598 1089 ductionis
620 1032 686 1088 erat
708 1027 778 1089 eius
801 1025 905 1102 modi,
933 1028 1024 1111 quasi
1046 1047 1112 1089 non
1134 1028 1229 1091 modo
1252 1027 1375 1101 liceret,
1398 1026 1454 1090 sed
1476 1027 1572 1090 etiam
1593 1033 1765 1111 oporteret,

440 1139 499 1182 nec
520 1119 623 1183 solum
645 1128 820 1203 oporteret,
842 1120 897 1184 sed
920 1121 1012 1205 quasi
1033 1140 1164 1184 necesse
1186 1128 1270 1184 esset
1292 1121 1396 1203 plane.
1424 1121 1551 1183 Scribas
1573 1121 1702 1184 nomine
1723 1120 1788 1189 deo

441 1220 505 1276 tota
534 1214 670 1297 pecunia
691 1214 784 1278 binae
814 1214 1097 1300 quinquagesimae
1123 1214 1378 1277 detrahebantur.
1423 1214 1503 1290 Quis
1524 1214 1585 1278 hoc
1607 1215 1665 1278 tibi
1688 1235 1765 1278 con·

441 1307 558 1371 cessit?
580 1327 662 1391 quae
684 1307 753 1382 lex,
776 1327 859 1392 qnae
881 1315 1009 1371 senatus
1031 1308 1217 1383 auctoritas,
1240 1327 1322 1391 quae
1344 1328 1440 1391 porro
1461 1309 1624 1392 aequitas,
1646 1317 1682 1373 ut
1696 1317 1765 1374 tan-

441 1409 504 1465 tam
536 1401 704 1484 pecuniam
731 1401 833 1465 scriba
858 1408 932 1464 tuus
954 1401 1093 1464 auferret
1114 1401 1180 1464 sive
1202 1402 1242 1465 de
1263 1410 1422 1465 aratorum
1444 1402 1536 1466 bonis
1557 1403 1624 1466 sive
1647 1404 1686 1467 de
1708 1422 1766 1487 po·

442 1494 510 1578 puli
530 1496 664 1559 Romani
685 1495 916 1578 vectigalibus?
960 1489 1032 1557 lea.
1053 1497 1132 1558 Nam
1154 1494 1181 1558 si
1205 1501 1313 1579 potest
1333 1497 1393 1558 ista
1413 1496 1552 1581 pecunia
1572 1497 1641 1561 sine
1663 1503 1767 1559 arato-

441 1609 512 1652 rum
532 1589 650 1653 iniuria
671 1587 813 1665 detrahi,
834 1588 974 1671 populus
994 1590 1157 1652 Romanus
1179 1588 1309 1662 lrabeat,
1333 1589 1366 1651 in
1388 1589 1485 1653 tantis
1506 1591 1691 1672 praesertim
1713 1610 1767 1655 ao·
1776 1610 1804 1659 44

442 1683 517 1746 rarii
538 1684 710 1767 angustiis:
731 1683 782 1746 sin
802 1691 908 1746 antem
931 1690 962 1746 et
982 1681 1121 1766 populus
1141 1683 1302 1747 Romanus
1319 1683 1421 1747 voluit
1441 1691 1474 1747 et
1493 1703 1632 1766 aequum
1654 1692 1703 1748 est
1722 1684 1768 1750 iu

443 1777 524 1842 solvi
546 1777 736 1852 aratoribus,
758 1783 832 1840 tuns
854 1776 1015 1860 apparitor
1035 1796 1133 1861 parva
1155 1776 1301 1841 mercede
1323 1777 1435 1860 populi
1449 1777 1625 1842 conductus
1644 1779 1684 1841 de
1699 1797 1769 1843 ara-

442 1878 547 1935 torum
569 1872 661 1935 bonis
682 1870 906 1955 praedabitur?
929 1878 963 1934 et
983 1871 1017 1933 in
1038 1870 1098 1934 lrac
1120 1890 1215 1934 causa
1233 1871 1407 1935 scribarum
1421 1871 1564 1935 ordinem
1578 1871 1612 1934 in
1628 1893 1679 1936 me
1693 1893 1769 1938 con·

443 1965 552 2032 citabit
572 1964 786 2028 Hortensius?
808 1972 839 2028 et
861 1985 969 2029 eorum
985 1962 1150 2029 commoda
1172 1985 1191 2027 a
1213 1985 1262 2029 me
1285 1964 1467 2029 labefactari
1483 1971 1577 2049 atque
1592 1967 1769 2049 oppugnari

443 2059 513 2122 iura
541 2057 651 2123 dicet?
680 2059 770 2141 quasi
799 2077 875 2123 vero
901 2058 962 2122 hoc
985 2057 1097 2122 scribis
1119 2058 1186 2122 ullo
1209 2059 1356 2142 exemplo
1379 2065 1434 2122 aut
1454 2057 1520 2122 ullo
1542 2058 1611 2124 iure
1633 2062 1675 2125 sit
1695 2081 1808 2131 con-rs

444 2172 577 2217 cessum.
621 2151 705 2228 Quid
734 2173 793 2237 ego
821 2160 926 2216 vetera
947 2156 1111 2236 repetam?
1136 2158 1190 2216 aut
1213 2153 1291 2237 quid
1313 2172 1422 2215 eorum
1444 2152 1615 2217 scribarum
1637 2154 1772 2218 mentio-
1881 2163 1884 2167 ’

444 2267 515 2311 nern
543 2245 673 2320 faciam,
707 2266 789 2332 quos
818 2253 941 2310 constat
969 2246 1187 2310 sanctissimos
1208 2246 1353 2309 homines
1375 2253 1471 2330 atque
1494 2246 1770 2311 innocentissimos

443 2340 569 2404 luisset
610 2340 680 2403 Non
708 2360 758 2403 me
787 2339 884 2424 legit,
917 2340 1057 2415 iudices,
1090 2347 1200 2404 vetera
1221 2339 1366 2422 exempla
1386 2360 1445 2423 pro
1468 2336 1549 2403 lictis
1570 2340 1686 2404 fabulis
1705 2341 1770 2404 iam

444 2434 547 2498 audiri
568 2440 664 2518 atque
685 2434 816 2499 haberi:
838 2435 870 2497 in
891 2434 942 2497 his
964 2433 1161 2517 temporibus
1183 2434 1334 2498 versabor
1355 2433 1479 2496 miseris
1493 2453 1529 2497 ac
1544 2435 1685 2517 perditis.
1706 2434 1773 2498 Nu·

444 2547 515 2613 per,
536 2527 704 2603 Hortensi,
727 2537 876 2615 quaestor
888 2528 987 2591 fuisti.
1020 2527 1105 2604 Quid
1122 2528 1167 2591 tui
1188 2527 1310 2591 scribae
1325 2526 1474 2603 iecerint,
1497 2535 1531 2593 lu
1545 2536 1637 2612 poles
1651 2530 1810 2599 dicerezao

446 2641 505 2704 434
528 2621 568 2685 de
589 2623 668 2685 meis
688 2621 750 2687 hoc
772 2622 861 2697 dico,
883 2642 955 2685 cum
977 2622 1010 2685 in
1033 2621 1144 2685 eadem
1167 2622 1229 2685 ista
1248 2620 1357 2685 Sicilia
1378 2641 1437 2704 pro
1457 2621 1616 2686 frumento
1638 2624 1774 2689 civitati-

445 2713 506 2777 bus
537 2715 704 2798 peconiam
737 2717 893 2781 solverem
926 2723 957 2780 et
986 2736 1110 2780 mecum
1133 2717 1214 2780 duos
1236 2715 1464 2798 frugalissimos
1485 2716 1632 2781 homines
1654 2718 1772 2782 scribes

444 2805 610 2883 haberem,
632 2810 668 2872 L.
690 2810 864 2873 Mamilium
888 2819 919 2873 et
940 2811 975 2872 4.
998 2811 1159 2894 Sergium,
1181 2830 1245 2873 non
1267 2810 1360 2873 modo
1382 2810 1459 2873 istas
1481 2811 1560 2873 duas
1577 2810 1773 2896 quiuquage-

447 2901 557 2976 simas,
579 2900 635 2966 sed
658 2904 786 2967 omnino
809 2923 973 2968 nummum
995 2904 1119 2967 nullum
1141 2904 1289 2988 cuiquam
1312 2924 1382 2967 esse
1404 2903 1586 2968 deductum.
1628 2905 1773 2969 lxxix

445 2995 591 3060 Dicerem
611 2997 672 3061 hoc
693 2996 771 3060 mihi
793 3004 895 3060 totum
918 3018 987 3062 esse
1008 2997 1259 3073 attribuendum,
1281 2998 1419 3075 iudices,
1441 2998 1468 3061 si
1484 2998 1531 3061 illi
1547 3018 1698 3084 umquam
1711 2999 1812 3071 lrocss

447 3109 537 3155 anre
558 3091 789 3175 postulassent,
812 3092 839 3155 si
862 3112 1012 3177 nmquam
1035 3092 1166 3155 omnino
1187 3091 1390 3174 cogitassent
1434 3087 1506 3154 483.
1530 3091 1774 3167 Quamobrem

447 3188 533 3251 enirn
554 3186 657 3250 scriba
678 3187 815 3250 deducat
829 3194 860 3250 et
875 3207 940 3251 non
959 3186 1064 3271 potius
1079 3186 1195 3260 mulio,
1216 3185 1272 3269 qui
1287 3185 1440 3250 advexit?
1462 3185 1660 3262 tabellarius,
1682 3187 1775 3251 cuius

447 3279 584 3343 adventu
605 3279 757 3344 certiores
778 3279 853 3345 lacti
874 3281 1075 3365 petiverunt?
1102 3299 1234 3364 praeco,
1264 3280 1320 3363 qui
1343 3279 1431 3343 adire
1452 3279 1569 3343 iussit?
1597 3281 1700 3345 dator
1721 3288 1777 3346 aut

515 3638 539 3687 4.
557 3649 607 3687 4444
623 3634 674 3699 our]
692 3633 796 3698 quim
811 3647 863 3685 4444
878 3633 938 3685 ΝΟ.
958 3659 985 3669 -
1004 3639 1111 3685 44444444
1127 3636 1189 3700 433.
1208 3649 1311 3698 omnes,
1329 3636 1367 3686 B:
1384 3638 1491 3685 44444444
1506 3635 1620 3699 Naupor.
1639 3635 1668 3686 0.
1697 3636 1737 3688 De
1754 3638 1776 3689 l

450 3712 470 3763 C
487 3711 599 3762 tacetur.
618 3736 645 3746 -
669 3711 695 3761 8.
714 3709 793 3774 pald?
809 3710 878 3774 4348
890 3710 929 3760 N:
953 3709 1237 3771 44444444494441.-
1256 3712 1380 3762 4444444444
1390 3712 1439 3774 434
1456 3713 1482 3761 et
1493 3708 1534 3761 48.
1549 3736 1576 3745 -
1595 3713 1618 3761 8.
1633 3712 1706 3774 sumt
1721 3722 1775 3763 4444.

449 3791 510 3839 44444
525 3787 602 3849 plone
622 3785 706 3850 agla:
724 3786 802 3849 pleae
817 3799 869 3836 4444.
888 3790 949 3836 44444
964 3784 1021 3836 rell.
1041 3786 1070 3837 0.
1090 3813 1118 3822 -
1140 3787 1247 3852 4444444444)
1271 3799 1354 3838 manes
1369 3785 1448 3850 4348.
1474 3810 1502 3821 -
1526 3784 1550 3836 6.
1567 3786 1613 3836 loc
1629 3785 1673 3835 4444
1688 3785 1774 3851 43484

450 3862 494 3913 tili
509 3862 554 3912 loc
570 3859 626 3912 rell.
645 3862 674 3912 0.
695 3888 722 3897 —
741 3861 766 3912 8.
784 3861 905 3924 44444444]
922 3865 1021 3911 4444444
1036 3859 1123 3925 43484
1143 3867 1270 3913 comeret
1280 3864 1314 3922 N3
1333 3865 1455 3912 comunt
1470 3861 1499 3910 4.
1513 3887 1541 3896 -
1562 3861 1602 3911 lo.
1620 3859 1692 3911 44444
1708 3860 1777 3926 4389

450 3938 513 3996 ΑΒ;
530 3935 722 4001 4444444348.
734 3963 761 3972 -
780 3937 895 3986 intumis
908 3949 993 3999 praes.
1007 3936 1076 4000 4389
1088 3938 1186 3997 44111,
1198 3935 1356 3987 utvidetur:
1375 3949 1421 3987 om
1442 3936 1469 3984 444
1480 3932 1549 3998 4348
1568 3935 1604 3998 (at
1614 3934 1648 3985 ct.
1662 3948 1688 4000 p.
1700 3934 1776 3987 144114.

451 4011 476 4078 8.
489 4013 528 4064 84.
543 4012 577 4064 de
589 4014 655 4063 orat.
669 4012 688 4061 1.
702 4010 726 4075 s.
739 4010 788 4072 3.);
804 4024 888 4073 praes.
902 4012 930 4060 44
940 4015 958 4061 4.
973 4009 1037 4060 dett.
1052 4009 1081 4061 0.
1090 4037 1118 4046 -
1138 4012 1178 4061 44.
1190 4012 1260 4062 llum.
1273 4010 1351 4060 441444
1361 4008 1446 4074 4348;
1464 4008 1491 4060 id
1499 4009 1578 4059 444444
1593 4006 1650 4060 rell.
1664 4009 1692 4059 0.
1703 4034 1730 4045 -
1743 4013 1779 4060 444

449 4089 488 4139 444
503 4086 589 4153 43484
608 4089 645 4137 444
661 4092 696 4137 444
712 4084 766 4136 rell.
782 4086 812 4137 0.
826 4112 853 4122 -
874 4085 914 4138 44.
931 4087 991 4136 uari
1007 4087 1280 4150 turm-proedonem
1296 4085 1321 4149 S.
1334 4085 1392 4136 486.
1410 4096 1433 4135 4.
1448 4083 1465 4134 l.
1480 4083 1563 4135 1441444
1574 4082 1604 4134 V.
1618 4110 1646 4119 -
1665 4084 1706 4134 48.
1718 4084 1779 4134 ese

450 4162 479 4226 4,
497 4163 565 4216 NV:
583 4163 679 4213 44444444
695 4161 761 4212 dett.
775 4187 803 4196 -
822 4162 947 4212 44444441).
961 4186 988 4196 -
1009 4164 1054 4210 4444
1069 4161 1121 4211 ullo
1137 4162 1192 4211 ture
1207 4159 1333 4222 4444348τ
1351 4158 1384 4208 rit
1398 4162 1443 4207 4444
1459 4158 1510 4208 ullo
1526 4159 1582 4209 turs
1597 4160 1621 4208 V
1639 4158 1711 4223 (144),
1730 4162 1776 4211 444.

450 4240 480 4290 0.
495 4265 522 4275 -
542 4238 582 4289 48.
599 4237 653 4302 epo]
670 4251 730 4302 4434
741 4235 811 4301 4348
822 4235 854 4287 48
866 4236 897 4287 V.
912 4263 939 4272 -
957 4235 1050 4301 444444)
1067 4249 1160 4287 reuera
1176 4235 1207 4286 V.
1222 4261 1249 4270 —
1268 4239 1313 4285 4444
1329 4234 1374 4295 qui
1389 4233 1467 4297 4348.
1482 4259 1509 4268 -
1529 4233 1569 4284 48.
1587 4247 1638 4282 nos
1656 4234 1780 4296 4444444444

450 4314 619 4366 4444444414-
638 4312 678 4363 49.
691 4311 907 4376 mosuolgen
920 4311 1112 4377 [exuorratorJ.
1124 4338 1152 4348 -
1169 4311 1334 4376 8944444444
1351 4300 1429 4374 4433.
1443 4311 1550 4375 praeter
1560 4309 1602 4360 89.
1612 4335 1639 4344 -
1658 4310 1700 4361 84.
1718 4313 1780 4375 post

450 4392 499 4440 4444
515 4389 574 4440 inV
591 4388 660 4440 duae
676 4383 779 4439 litterae
795 4388 872 4450 sequi
883 4387 1017 4447 videntur,
1036 4385 1097 4437 lort.
1114 4387 1163 4437 Plt.
1182 4387 1243 4449 (144.)
1259 4412 1286 4422 -
1303 4387 1437 4448 perrectum
1452 4386 1519 4436 44444.
1538 4385 1561 4433 V
1577 4387 1605 4435 et
1620 4386 1682 4449 443.
1695 4384 1736 4438 89.
1748 4411 1776 4422 -

450 4464 491 4517 88.
510 4469 534 4515 44
548 4476 644 4514 mecum
660 4463 730 4529 444444)
747 4477 804 4513 crau
820 4465 869 4514 4444
886 4466 948 4526 (om.
961 4465 991 4527 44)
1008 4462 1079 4525 4389
1090 4463 1119 4511 Β.
1134 4488 1162 4497 -
1181 4461 1359 4513 83.14444444444
1369 4459 1456 4525 4348;
1473 4460 1590 4511 Muttinem
1605 4472 1690 4524 444443.
1704 4458 1777 4513 44484.

453 4564 480 4575 -
499 4537 540 4590 84.
555 4538 654 4589 uultur»
669 4552 723 4589 om.
742 4538 811 4602 4389
822 4538 851 4590 B.
875 4564 903 4573 -
931 4536 1069 4601 deductam]
1091 4536 1216 4586 4144444414
1239 4536 1363 4600 (1444444444
1384 4536 1472 4600 potius
1493 4535 1586 4585 (44444444
1605 4532 1729 4598 videtur).
1747 4559 1776 4571 -

451 4616 492 4666 844.
511 4619 589 4665 tolum
603 4613 666 4664 44444
681 4613 793 4677 438911.
813 4639 840 4648 -
860 4614 927 4664 44444.
946 4613 976 4663 V.
997 4638 1023 4647 -
1041 4623 1164 4672 umquem
1179 4611 1327 4675 4434444444
1342 4615 1366 4660 44
1381 4609 1459 4674 4348.
1476 4635 1503 4645 -
1522 4609 1568 4659 4444
1584 4622 1602 4658 4
1616 4607 1778 4673 4444434894

452 4686 657 4741 4444444411.
675 4688 705 4740 0.
725 4712 752 4723 -
771 4689 927 4750 8844444444
942 4688 973 4737 V.
993 4711 1020 4722 -
1039 4686 1292 4748 4444444444444414ς
1311 4685 1411 4735 4444444444
1427 4681 1781 4747 444444444348.-81.44

451 4779 478 4816 e.
492 4776 522 4827 p.
538 4776 574 4815 44.
592 4761 678 4828 43484
698 4776 749 4815 uon
764 4763 842 4813 4444444
854 4763 913 4826 plur
927 4762 950 4812 V
967 4761 1038 4826 (hino
1055 4759 1093 4812 Kl.
1112 4774 1163 4811 44444
1179 4761 1257 4812 multo
1271 4762 1377 4824 potitust
1395 4773 1427 4811 ae
1442 4775 1468 4809 44.
1484 4760 1569 4822 postor
1583 4772 1618 4809 m.
1636 4773 1660 4821 φ
1677 4757 1735 4809 rell.
1747 4758 1777 4809 0.

453 4838 539 4902 4444444
553 4849 602 4904 pro
618 4838 696 4889 44444444
713 4850 807 4890 omnes
825 4835 912 4902 4433.)
931 4862 959 4872 -
986 4835 1089 4886 advexit
1105 4833 1192 4899 4348ι
1219 4831 1488 4886 44444448484441.
1511 4859 1538 4869 -
1566 4846 1617 4883 44444
1637 4832 1782 4883 4444444444

452 4911 552 4976 114144.)
571 4937 599 4947 -
621 4911 664 4964 88.
684 4912 826 4974 putemur
841 4913 917 4964 oncis
934 4908 1041 4962 inclusit
1056 4910 1168 4962 Ernesti.
1197 4905 1782 4975 44434444444414444444444444444414444

453 4983 571 5048 linitum,
590 4986 707 5051 setisque
724 4986 888 5052 respondere
905 4984 1052 5037 41444444.
1071 4986 1144 5037 44444
1160 4983 1202 5036 vel
1213 4984 1292 5036 414444.
1317 4983 1432 5036 Petebant
1448 4981 1504 5035 scil.
1523 4981 1628 5034 scribae
1645 4980 1722 5033 sollte
1732 4979 1783 5033 411-

453 5073 507 5125 qua
523 5060 649 5126 lormula,
672 5061 714 5114 vel
731 5065 761 5113 ul
776 5061 827 5115 sibi
843 5063 915 5113 441444
937 5060 1031 5113 liceret
1046 5060 1081 5111 ad
1098 5060 1260 5111 trumentum
1277 5058 1340 5111 illud
1356 5071 1419 5111 sues
1436 5060 1462 5109 in
1479 5055 1582 5108 tabulas
1599 5055 1781 5117 referendum,

452 5134 495 5186 vel
512 5139 542 5187 ut
557 5137 639 5189 444444
654 5137 817 5189 trumentum
834 5149 896 5189 eum
913 5137 939 5188 in
956 5135 1058 5197 locum,
1085 5134 1131 5185 ubi
1148 5134 1175 5186 id
1191 5136 1218 5185 ln
1235 5137 1350 5187 rationes
1367 5146 1430 5185 suas
1453 5131 1621 5185 referebant:
1648 5129 1781 5197 quemad

454 5223 513 5262 rem
530 5225 598 5277 opus
616 5215 686 5274 erat,
704 5214 734 5262 uc
749 5224 848 5277 praeco
862 5210 941 5263 aliem
952 5210 1088 5276 quandam
1104 5207 1246 5261 formulam
1262 5209 1470 5275 pronuntiaret.»
1489 5207 1566 5258 041.
1584 5209 1618 5259 lt
1628 5205 1662 5258 cl.
1675 5208 1779 5272 Zumpt.

454 5284 568 5339 441141.
587 5312 615 5324 -
634 5284 1006 5350 444444,1414;444’44(1444.
1026 5311 1053 5322 -
1073 5283 1202 5338 44441444
1217 5283 1304 5381 43894
1323 5279 1450 5348 441348)
1468 5280 1573 5335 444411.
1591 5282 1620 5336 0.
