<?xml version="1.0" encoding="UTF-8"?>
<!DOCTYPE html PUBLIC "-//W3C//DTD XHTML 1.0 Transitional//EN"
    "http://www.w3.org/TR/xhtml1/DTD/xhtml1-transitional.dtd">
<html xmlns="http://www.w3.org/1999/xhtml" xml:lang="en" lang="en">
 <head>
  <title>
</title>
<meta http-equiv="Content-Type" content="text/html;charset=utf-8" />
  <meta name='ocr-system' content='tesseract 3.04.00' />
  <meta name='ocr-capabilities' content='ocr_page ocr_carea ocr_par ocr_line ocrx_word'/>
</head>
<body>
  <div class='ocr_page' id='page_1' title='image "./operaquaesupers02halmgoog_0043.png"; bbox 0 0 4367 6109; ppageno 0'>
   <div class='ocr_carea' id='block_1_1' title="bbox 811 1191 1319 1261">
    <p class='ocr_par' dir='ltr' id='par_1_1' title="bbox 811 1191 1319 1261">
     <span class='ocr_line' id='line_1_1' title="bbox 811 1191 1319 1261; baseline 0.004 -2"><span class='ocrx_word' id='word_1_1' title='bbox 811 1195 853 1259; x_wconf 84' lang='lat' dir='ltr'><strong>II.</strong></span> <span class='ocrx_word' id='word_1_2' title='bbox 875 1192 1039 1259; x_wconf 84' lang='lat' dir='ltr'>TULLII</span> <span class='ocrx_word' id='word_1_3' title='bbox 1062 1191 1319 1261; x_wconf 81' lang='lat' dir='ltr'>CICERONIS</span> 
     </span>
    </p>
   </div>
   <div class='ocr_carea' id='block_1_2' title="bbox 469 1407 1688 1513">
    <p class='ocr_par' dir='ltr' id='par_1_2' title="bbox 469 1407 1688 1513">
     <span class='ocr_line' id='line_1_2' title="bbox 469 1407 1688 1513; baseline 0.004 -13"><span class='ocrx_word' id='word_1_4' title='bbox 469 1407 707 1500; x_wconf 74' lang='lat' dir='ltr'>ORATIO</span> <span class='ocrx_word' id='word_1_5' title='bbox 734 1407 865 1501; x_wconf 85' lang='lat' dir='ltr'><strong>PRO</strong></span> <span class='ocrx_word' id='word_1_6' title='bbox 895 1408 1108 1502; x_wconf 74' lang='lat' dir='ltr'>SEXTO</span> <span class='ocrx_word' id='word_1_7' title='bbox 1137 1407 1369 1502; x_wconf 81' lang='lat' dir='ltr'><strong>Roscio</strong></span> <span class='ocrx_word' id='word_1_8' title='bbox 1396 1410 1688 1513; x_wconf 70' lang='lat' dir='ltr'><strong>munitio</strong></span> 
     </span>
    </p>
   </div>
   <div class='ocr_carea' id='block_1_3' title="bbox 905 1640 1339 1702">
    <p class='ocr_par' dir='ltr' id='par_1_3' title="bbox 905 1640 1339 1702">
     <span class='ocr_line' id='line_1_3' title="bbox 905 1640 1339 1702; baseline -0.016 -2"><span class='ocrx_word' id='word_1_9' title='bbox 905 1640 968 1700; x_wconf 76' lang='lat' dir='ltr'><strong>AI)</strong></span> <span class='ocrx_word' id='word_1_10' title='bbox 1000 1640 1232 1702; x_wconf 75' lang='lat' dir='ltr'><strong>inuictis.</strong></span> <span class='ocrx_word' id='word_1_11' title='bbox 1337 1689 1339 1693; x_wconf 79' lang='grc'>,</span> 
     </span>
    </p>
   </div>
   <div class='ocr_carea' id='block_1_4' title="bbox 973 1884 1176 1938">
    <p class='ocr_par' dir='ltr' id='par_1_4' title="bbox 973 1884 1176 1938">
     <span class='ocr_line' id='line_1_4' title="bbox 973 1884 1176 1938; baseline 0.01 -2"><span class='ocrx_word' id='word_1_12' title='bbox 973 1884 1176 1938; x_wconf 75' lang='lat' dir='ltr'><strong>nncouuovn·</strong></span> 
     </span>
    </p>
   </div>
   <div class='ocr_carea' id='block_1_5' title="bbox 757 2071 1382 2140">
    <p class='ocr_par' dir='ltr' id='par_1_5' title="bbox 757 2071 1382 2140">
     <span class='ocr_line' id='line_1_5' title="bbox 757 2071 1382 2140; baseline 0.003 -4"><span class='ocrx_word' id='word_1_13' title='bbox 757 2071 1043 2138; x_wconf 70' lang='lat' dir='ltr'><strong>cnonas</strong></span> <span class='ocrx_word' id='word_1_14' title='bbox 1074 2073 1382 2140; x_wconf 62' lang='grc' dir='ltr'><strong>ΒΔἎΜῘΠΒ-</strong></span> 
     </span>
    </p>
   </div>
   <div class='ocr_carea' id='block_1_6' title="bbox 832 2528 1305 2595">
    <p class='ocr_par' dir='ltr' id='par_1_6' title="bbox 832 2528 1305 2595">
     <span class='ocr_line' id='line_1_6' title="bbox 832 2528 1305 2595; baseline 0.002 -3"><span class='ocrx_word' id='word_1_15' title='bbox 832 2528 1029 2595; x_wconf 71' lang='lat' dir='ltr'><strong>nortuum</strong></span> <span class='ocrx_word' id='word_1_16' title='bbox 1049 2529 1305 2595; x_wconf 76' lang='lat' dir='ltr'>EXPLICATIO.</span> 
     </span>
    </p>
   </div>
   <div class='ocr_carea' id='block_1_7' title="bbox 412 2683 1732 5015">
    <p class='ocr_par' dir='ltr' id='par_1_7' title="bbox 413 2683 1674 2753">
     <span class='ocr_line' id='line_1_7' title="bbox 413 2683 1674 2753; baseline 0.002 -16"><span class='ocrx_word' id='word_1_17' title='bbox 413 2683 481 2737; x_wconf 76' lang='lat' dir='ltr'><strong>V:</strong></span> <span class='ocrx_word' id='word_1_18' title='bbox 497 2684 684 2752; x_wconf 77' lang='lat' dir='ltr'><strong>Palimpsestus</strong></span> <span class='ocrx_word' id='word_1_19' title='bbox 700 2685 840 2737; x_wconf 79' lang='lat' dir='ltr'><strong>Vaticanus</strong></span> <span class='ocrx_word' id='word_1_20' title='bbox 856 2686 1000 2739; x_wconf 81' lang='lat' dir='ltr'><strong>Niebuhrii.</strong></span> <span class='ocrx_word' id='word_1_21' title='bbox 1019 2687 1111 2750; x_wconf 83' lang='lat' dir='ltr'><strong>(Orott.</strong></span> <span class='ocrx_word' id='word_1_22' title='bbox 1125 2701 1176 2752; x_wconf 87' lang='lat' dir='ltr'><strong>pra</strong></span> <span class='ocrx_word' id='word_1_23' title='bbox 1191 2689 1227 2740; x_wconf 85' lang='grc'><strong>44.</strong></span> <span class='ocrx_word' id='word_1_24' title='bbox 1239 2687 1340 2738; x_wconf 76' lang='lat' dir='ltr'><strong>Fonteio</strong></span> <span class='ocrx_word' id='word_1_25' title='bbox 1355 2691 1400 2738; x_wconf 85' lang='lat' dir='ltr'><strong>ete.</strong></span> <span class='ocrx_word' id='word_1_26' title='bbox 1417 2687 1511 2752; x_wconf 69' lang='lat' dir='ltr'><strong>[rope.</strong></span> <span class='ocrx_word' id='word_1_27' title='bbox 1529 2699 1556 2753; x_wconf 89' lang='lat' dir='ltr'><strong>p.</strong></span> <span class='ocrx_word' id='word_1_28' title='bbox 1573 2686 1607 2740; x_wconf 73' lang='lat'><strong>8!</strong></span> <span class='ocrx_word' id='word_1_29' title='bbox 1622 2686 1674 2753; x_wconf 80' lang='lat' dir='ltr'><strong>aq.)</strong></span> 
     </span>
    </p>

    <p class='ocr_par' dir='ltr' id='par_1_8' title="bbox 413 2760 1732 2901">
     <span class='ocr_line' id='line_1_8' title="bbox 413 2760 1732 2828; baseline 0.003 -15"><span class='ocrx_word' id='word_1_30' title='bbox 413 2765 435 2813; x_wconf 84' lang='lat' dir='ltr'><strong>G</strong></span> <span class='ocrx_word' id='word_1_31' title='bbox 449 2781 480 2810; x_wconf 87' lang='lat'>=</span> <span class='ocrx_word' id='word_1_32' title='bbox 495 2762 580 2814; x_wconf 81' lang='lat' dir='ltr'>codex</span> <span class='ocrx_word' id='word_1_33' title='bbox 590 2760 818 2813; x_wconf 85' lang='lat' dir='ltr'><strong>tietmstadtiensis</strong></span> <span class='ocrx_word' id='word_1_34' title='bbox 829 2760 891 2824; x_wconf 81' lang='grc'><strong>304,</strong></span> <span class='ocrx_word' id='word_1_35' title='bbox 909 2776 979 2815; x_wconf 89' lang='lat' dir='ltr'><strong>nunc</strong></span> <span class='ocrx_word' id='word_1_36' title='bbox 989 2761 1245 2817; x_wconf 87' lang='lat' dir='ltr'><strong>Woltenbutteianus</strong></span> <span class='ocrx_word' id='word_1_37' title='bbox 1262 2765 1318 2828; x_wconf 76' lang='lat' dir='ltr'><strong>(nea</strong></span> <span class='ocrx_word' id='word_1_38' title='bbox 1329 2763 1444 2827; x_wconf 80' lang='lat' dir='ltr'><strong>libert),</strong></span> <span class='ocrx_word' id='word_1_39' title='bbox 1462 2761 1496 2814; x_wconf 86' lang='lat' dir='ltr'><strong>ab</strong></span> <span class='ocrx_word' id='word_1_40' title='bbox 1507 2764 1624 2815; x_wconf 71' lang='lat' dir='ltr'><strong>meo</strong></span> <span class='ocrx_word' id='word_1_41' title='bbox 1634 2764 1732 2817; x_wconf 72' lang='lat' dir='ltr'><strong>Fun·</strong></span> 
     </span>
     <span class='ocr_line' id='line_1_9' title="bbox 494 2835 932 2901; baseline 0.002 -12"><span class='ocrx_word' id='word_1_42' title='bbox 494 2851 581 2889; x_wconf 81' lang='grc'><strong>444444</strong></span> <span class='ocrx_word' id='word_1_43' title='bbox 598 2835 795 2901; x_wconf 73' lang='lat' dir='ltr'>diligentissime</span> <span class='ocrx_word' id='word_1_44' title='bbox 812 2835 932 2890; x_wconf 84' lang='lat' dir='ltr'><strong>collatus.</strong></span> 
     </span>
    </p>

    <p class='ocr_par' dir='ltr' id='par_1_9' title="bbox 412 2909 1732 3206">
     <span class='ocr_line' id='line_1_10' title="bbox 412 2909 1731 2979; baseline -0.002 -13"><span class='ocrx_word' id='word_1_45' title='bbox 412 2913 477 2966; x_wconf 69' lang='lat' dir='ltr'><strong>ua-</strong></span> <span class='ocrx_word' id='word_1_46' title='bbox 493 2912 553 2965; x_wconf 89' lang='lat' dir='ltr'><strong>cod.</strong></span> <span class='ocrx_word' id='word_1_47' title='bbox 571 2913 736 2965; x_wconf 70' lang='lat' dir='ltr'><strong>Monacensis</strong></span> <span class='ocrx_word' id='word_1_48' title='bbox 753 2911 821 2976; x_wconf 86' lang='lat' dir='ltr'><strong>(cod.</strong></span> <span class='ocrx_word' id='word_1_49' title='bbox 840 2910 884 2965; x_wconf 90' lang='lat' dir='ltr'><strong>lat.</strong></span> <span class='ocrx_word' id='word_1_50' title='bbox 904 2913 1018 2976; x_wconf 71' lang='grc'><strong>444434),</strong></span> <span class='ocrx_word' id='word_1_51' title='bbox 1036 2913 1171 2978; x_wconf 90' lang='lat' dir='ltr'><strong>quondam</strong></span> <span class='ocrx_word' id='word_1_52' title='bbox 1183 2911 1389 2979; x_wconf 80' lang='lat' dir='ltr'><strong>salisburgensis</strong></span> <span class='ocrx_word' id='word_1_53' title='bbox 1405 2911 1505 2965; x_wconf 87' lang='lat' dir='ltr'><strong>aulicus</strong></span> <span class='ocrx_word' id='word_1_54' title='bbox 1522 2927 1549 2964; x_wconf 91' lang='lat' dir='ltr'><strong>n.</strong></span> <span class='ocrx_word' id='word_1_55' title='bbox 1562 2909 1618 2975; x_wconf 75' lang='lat' dir='ltr'><strong>et,</strong></span> <span class='ocrx_word' id='word_1_56' title='bbox 1635 2912 1731 2979; x_wconf 85' lang='lat' dir='ltr'><strong>partim</strong></span> 
     </span>
     <span class='ocr_line' id='line_1_11' title="bbox 494 2987 1732 3055; baseline -0.002 -13"><span class='ocrx_word' id='word_1_57' title='bbox 494 3003 510 3042; x_wconf 96' lang='lat' dir='ltr'><strong>a</strong></span> <span class='ocrx_word' id='word_1_58' title='bbox 527 2990 627 3042; x_wconf 79' lang='lat' dir='ltr'><strong>caroso</strong></span> <span class='ocrx_word' id='word_1_59' title='bbox 644 2990 795 3051; x_wconf 78' lang='lat' dir='ltr'><strong>Punrenio,</strong></span> <span class='ocrx_word' id='word_1_60' title='bbox 814 2991 910 3054; x_wconf 78' lang='lat' dir='ltr'><strong>purtim</strong></span> <span class='ocrx_word' id='word_1_61' title='bbox 927 3003 942 3040; x_wconf 93' lang='lat' dir='ltr'><strong>a</strong></span> <span class='ocrx_word' id='word_1_62' title='bbox 960 2990 990 3042; x_wconf 89' lang='lat' dir='ltr'><strong>C.</strong></span> <span class='ocrx_word' id='word_1_63' title='bbox 1008 2990 1107 3041; x_wconf 79' lang='grc'><strong>4444444</strong></span> <span class='ocrx_word' id='word_1_64' title='bbox 1124 2989 1248 3053; x_wconf 87' lang='lat' dir='ltr'><strong>cottetus,</strong></span> <span class='ocrx_word' id='word_1_65' title='bbox 1266 2990 1292 3040; x_wconf 90' lang='lat' dir='ltr'><strong>in</strong></span> <span class='ocrx_word' id='word_1_66' title='bbox 1309 3003 1363 3055; x_wconf 84' lang='lat' dir='ltr'><strong>quo</strong></span> <span class='ocrx_word' id='word_1_67' title='bbox 1379 2989 1463 3041; x_wconf 88' lang='lat' dir='ltr'><strong>oratio</strong></span> <span class='ocrx_word' id='word_1_68' title='bbox 1478 2987 1521 3039; x_wconf 83' lang='lat' dir='ltr'><strong>bie</strong></span> <span class='ocrx_word' id='word_1_69' title='bbox 1538 2987 1670 3054; x_wconf 85' lang='lat' dir='ltr'><strong>descripta</strong></span> <span class='ocrx_word' id='word_1_70' title='bbox 1687 3000 1732 3041; x_wconf 82' lang='lat' dir='ltr'><strong>ex·</strong></span> 
     </span>
     <span class='ocr_line' id='line_1_12' title="bbox 493 3062 1729 3133; baseline -0.002 -16"><span class='ocrx_word' id='word_1_71' title='bbox 493 3063 604 3117; x_wconf 83' lang='lat' dir='ltr'><strong>stetini</strong></span> <span class='ocrx_word' id='word_1_72' title='bbox 623 3062 655 3115; x_wconf 87' lang='grc'><strong>44</strong></span> <span class='ocrx_word' id='word_1_73' title='bbox 671 3077 731 3129; x_wconf 85' lang='lat' dir='ltr'><strong>sqq.</strong></span> <span class='ocrx_word' id='word_1_74' title='bbox 750 3067 778 3115; x_wconf 92' lang='lat' dir='ltr'><strong>at</strong></span> <span class='ocrx_word' id='word_1_75' title='bbox 793 3063 841 3115; x_wconf 76' lang='lat' dir='ltr'><strong>ets</strong></span> <span class='ocrx_word' id='word_1_76' title='bbox 857 3076 917 3129; x_wconf 85' lang='lat' dir='ltr'><strong>sqq.</strong></span> <span class='ocrx_word' id='word_1_77' title='bbox 952 3063 1000 3117; x_wconf 85' lang='lat' dir='ltr'><strong>Ubi</strong></span> <span class='ocrx_word' id='word_1_78' title='bbox 1022 3065 1075 3116; x_wconf 93' lang='lat' dir='ltr'><strong>duo</strong></span> <span class='ocrx_word' id='word_1_79' title='bbox 1092 3066 1244 3133; x_wconf 72' lang='lat' dir='ltr'><strong>apographa</strong></span> <span class='ocrx_word' id='word_1_80' title='bbox 1260 3066 1330 3117; x_wconf 80' lang='lat' dir='ltr'>Inter</span> <span class='ocrx_word' id='word_1_81' title='bbox 1346 3077 1376 3117; x_wconf 87' lang='lat' dir='ltr'><strong>se</strong></span> <span class='ocrx_word' id='word_1_82' title='bbox 1393 3064 1559 3130; x_wconf 88' lang='lat' dir='ltr'><strong>discrepent,</strong></span> <span class='ocrx_word' id='word_1_83' title='bbox 1586 3063 1659 3129; x_wconf 87' lang='lat' dir='ltr'><strong>prius</strong></span> <span class='ocrx_word' id='word_1_84' title='bbox 1678 3064 1729 3128; x_wconf 84' lang='lat' dir='ltr'><strong>itt,</strong></span> 
     </span>
     <span class='ocr_line' id='line_1_13' title="bbox 493 3140 941 3206; baseline 0 -15"><span class='ocrx_word' id='word_1_85' title='bbox 493 3141 626 3206; x_wconf 76' lang='lat' dir='ltr'><strong>posterius</strong></span> <span class='ocrx_word' id='word_1_86' title='bbox 642 3141 683 3191; x_wconf 79' lang='grc'><strong>444</strong></span> <span class='ocrx_word' id='word_1_87' title='bbox 700 3140 874 3204; x_wconf 77' lang='lat' dir='ltr'><strong>significatum</strong></span> <span class='ocrx_word' id='word_1_88' title='bbox 891 3143 941 3191; x_wconf 88' lang='lat' dir='ltr'><strong>est.</strong></span> 
     </span>
    </p>

    <p class='ocr_par' dir='ltr' id='par_1_10' title="bbox 414 3214 1447 3282">
     <span class='ocr_line' id='line_1_14' title="bbox 414 3214 1447 3282; baseline -0.002 -14"><span class='ocrx_word' id='word_1_89' title='bbox 414 3216 628 3280; x_wconf 65' lang='lat' dir='ltr'><strong>ciiiist&#39;zep</strong></span> <span class='ocrx_word' id='word_1_90' title='bbox 644 3233 672 3262; x_wconf 94' lang='lat'>=</span> <span class='ocrx_word' id='word_1_91' title='bbox 688 3216 794 3268; x_wconf 87' lang='lat' dir='ltr'><strong>codices</strong></span> <span class='ocrx_word' id='word_1_92' title='bbox 811 3217 985 3276; x_wconf 74' lang='lat' dir='ltr'><strong>oxonienses,</strong></span> <span class='ocrx_word' id='word_1_93' title='bbox 1004 3228 1037 3267; x_wconf 84' lang='lat' dir='ltr'><strong>ex</strong></span> <span class='ocrx_word' id='word_1_94' title='bbox 1053 3215 1150 3282; x_wconf 86' lang='lat' dir='ltr'><strong>quibus</strong></span> <span class='ocrx_word' id='word_1_95' title='bbox 1166 3218 1186 3268; x_wconf 85' lang='lat' dir='ltr'><strong>n</strong></span> <span class='ocrx_word' id='word_1_96' title='bbox 1203 3216 1230 3267; x_wconf 90' lang='lat' dir='ltr'><strong>in</strong></span> <span class='ocrx_word' id='word_1_97' title='bbox 1247 3215 1272 3282; x_wconf 69' lang='lat'><strong>3.</strong></span> <span class='ocrx_word' id='word_1_98' title='bbox 1290 3215 1331 3267; x_wconf 81' lang='lat' dir='ltr'><strong>ts.</strong></span> <span class='ocrx_word' id='word_1_99' title='bbox 1350 3214 1447 3267; x_wconf 90' lang='lat' dir='ltr'><strong>deticit.</strong></span> 
     </span>
    </p>

    <p class='ocr_par' dir='ltr' id='par_1_11' title="bbox 414 3290 1021 3344">
     <span class='ocr_line' id='line_1_15' title="bbox 414 3290 1021 3344; baseline -0.002 -1"><span class='ocrx_word' id='word_1_100' title='bbox 414 3292 474 3343; x_wconf 87' lang='lat' dir='ltr'><strong>sch.</strong></span> <span class='ocrx_word' id='word_1_101' title='bbox 491 3309 520 3338; x_wconf 90' lang='lat'><strong>=</strong></span> <span class='ocrx_word' id='word_1_102' title='bbox 536 3290 696 3343; x_wconf 68' lang='lat' dir='ltr'><strong>scirolnstee</strong></span> <span class='ocrx_word' id='word_1_103' title='bbox 714 3293 871 3343; x_wconf 84' lang='lat' dir='ltr'><strong>Gronovieni</strong></span> <span class='ocrx_word' id='word_1_104' title='bbox 887 3290 1021 3344; x_wconf 87' lang='lat' dir='ltr'><strong>lemmata.</strong></span> 
     </span>
    </p>

    <p class='ocr_par' dir='ltr' id='par_1_12' title="bbox 413 3361 1731 3506">
     <span class='ocr_line' id='line_1_16' title="bbox 413 3361 1731 3432; baseline 0.002 -14"><span class='ocrx_word' id='word_1_105' title='bbox 413 3364 643 3418; x_wconf 78' lang='lat' dir='ltr'><strong>Pati=1&gt;eiattnt</strong></span> <span class='ocrx_word' id='word_1_106' title='bbox 668 3367 784 3428; x_wconf 83' lang='lat' dir='ltr'><strong>Gruteri,</strong></span> <span class='ocrx_word' id='word_1_107' title='bbox 811 3379 878 3431; x_wconf 89' lang='lat' dir='ltr'><strong>quos</strong></span> <span class='ocrx_word' id='word_1_108' title='bbox 900 3369 955 3418; x_wconf 87' lang='lat' dir='ltr'><strong>tres</strong></span> <span class='ocrx_word' id='word_1_109' title='bbox 977 3367 1091 3431; x_wconf 80' lang='lat' dir='ltr'><strong>inspexit</strong></span> <span class='ocrx_word' id='word_1_110' title='bbox 1112 3366 1144 3426; x_wconf 84' lang='lat' dir='ltr'><strong>tv.</strong></span> <span class='ocrx_word' id='word_1_111' title='bbox 1167 3363 1285 3416; x_wconf 91' lang='lat' dir='ltr'><strong>eumad</strong></span> <span class='ocrx_word' id='word_1_112' title='bbox 1308 3377 1332 3415; x_wconf 93' lang='lat' dir='ltr'><strong>c.</strong></span> <span class='ocrx_word' id='word_1_113' title='bbox 1349 3361 1411 3428; x_wconf 70' lang='lat' dir='ltr'><strong>tei.</strong></span> <span class='ocrx_word' id='word_1_114' title='bbox 1444 3363 1520 3417; x_wconf 82' lang='lat' dir='ltr'><strong>Idem</strong></span> <span class='ocrx_word' id='word_1_115' title='bbox 1541 3369 1681 3432; x_wconf 79' lang='lat' dir='ltr'><strong>praeterea</strong></span> <span class='ocrx_word' id='word_1_116' title='bbox 1697 3377 1731 3420; x_wconf 82' lang='lat' dir='ltr'><strong>ax</strong></span> 
     </span>
     <span class='ocr_line' id='line_1_17' title="bbox 493 3439 1513 3506; baseline -0.003 -12"><span class='ocrx_word' id='word_1_117' title='bbox 493 3440 600 3494; x_wconf 82' lang='lat' dir='ltr'><strong>schedia</strong></span> <span class='ocrx_word' id='word_1_118' title='bbox 617 3440 752 3493; x_wconf 83' lang='lat' dir='ltr'><strong>(tuilietmii</strong></span> <span class='ocrx_word' id='word_1_119' title='bbox 769 3441 861 3493; x_wconf 90' lang='lat' dir='ltr'><strong>eodice</strong></span> <span class='ocrx_word' id='word_1_120' title='bbox 878 3443 913 3492; x_wconf 87' lang='lat' dir='ltr'><strong>st.</strong></span> <span class='ocrx_word' id='word_1_121' title='bbox 931 3442 998 3493; x_wconf 81' lang='lat' dir='ltr'><strong>vict.</strong></span> <span class='ocrx_word' id='word_1_122' title='bbox 1018 3441 1061 3506; x_wconf 87' lang='lat' dir='ltr'><strong>(ad</strong></span> <span class='ocrx_word' id='word_1_123' title='bbox 1077 3441 1174 3493; x_wconf 88' lang='lat' dir='ltr'><strong>nedem</strong></span> <span class='ocrx_word' id='word_1_124' title='bbox 1191 3443 1227 3492; x_wconf 87' lang='lat' dir='ltr'><strong>st.</strong></span> <span class='ocrx_word' id='word_1_125' title='bbox 1246 3439 1365 3503; x_wconf 84' lang='lat' dir='ltr'><strong>vtctoris)</strong></span> <span class='ocrx_word' id='word_1_126' title='bbox 1382 3450 1447 3492; x_wconf 86' lang='lat' dir='ltr'><strong>usus</strong></span> <span class='ocrx_word' id='word_1_127' title='bbox 1464 3443 1513 3492; x_wconf 85' lang='lat' dir='ltr'><strong>eat.</strong></span> 
     </span>
    </p>

    <p class='ocr_par' dir='ltr' id='par_1_13' title="bbox 414 3515 1196 3581">
     <span class='ocr_line' id='line_1_18' title="bbox 414 3515 1196 3581; baseline -0.003 -12"><span class='ocrx_word' id='word_1_128' title='bbox 414 3521 486 3569; x_wconf 81' lang='lat' dir='ltr'><strong>Parr.</strong></span> <span class='ocrx_word' id='word_1_129' title='bbox 504 3537 532 3566; x_wconf 90' lang='lat'><strong>=</strong></span> <span class='ocrx_word' id='word_1_130' title='bbox 547 3518 655 3570; x_wconf 86' lang='lat' dir='ltr'><strong>Pariatni</strong></span> <span class='ocrx_word' id='word_1_131' title='bbox 672 3531 687 3568; x_wconf 90' lang='lat' dir='ltr'><strong>a</strong></span> <span class='ocrx_word' id='word_1_132' title='bbox 704 3518 872 3569; x_wconf 86' lang='lat' dir='ltr'><strong>Steinmetzie</strong></span> <span class='ocrx_word' id='word_1_133' title='bbox 890 3516 985 3569; x_wconf 88' lang='lat' dir='ltr'><strong>collati.</strong></span> <span class='ocrx_word' id='word_1_134' title='bbox 1004 3518 1035 3581; x_wconf 79' lang='grc'><strong>(4.</strong></span> <span class='ocrx_word' id='word_1_135' title='bbox 1049 3515 1073 3568; x_wconf 83' lang='lat' dir='ltr'><strong>t.</strong></span> <span class='ocrx_word' id='word_1_136' title='bbox 1086 3517 1111 3567; x_wconf 79' lang='lat'><strong>7.</strong></span> <span class='ocrx_word' id='word_1_137' title='bbox 1124 3517 1148 3569; x_wconf 83' lang='lat'><strong>8.</strong></span> <span class='ocrx_word' id='word_1_138' title='bbox 1161 3517 1196 3581; x_wconf 87' lang='grc'><strong>9.)</strong></span> 
     </span>
    </p>

    <p class='ocr_par' dir='ltr' id='par_1_14' title="bbox 415 3590 1732 3720">
     <span class='ocr_line' id='line_1_19' title="bbox 415 3590 1732 3660; baseline 0.002 -17"><span class='ocrx_word' id='word_1_139' title='bbox 415 3594 487 3645; x_wconf 89' lang='lat' dir='ltr'><strong>tann.</strong></span> <span class='ocrx_word' id='word_1_140' title='bbox 504 3610 533 3640; x_wconf 91' lang='lat'>=</span> <span class='ocrx_word' id='word_1_141' title='bbox 547 3593 689 3644; x_wconf 85' lang='lat' dir='ltr'><strong>varietates</strong></span> <span class='ocrx_word' id='word_1_142' title='bbox 705 3606 720 3643; x_wconf 92' lang='grc'><strong>4</strong></span> <span class='ocrx_word' id='word_1_143' title='bbox 737 3594 838 3644; x_wconf 86' lang='lat' dir='ltr'><strong>Donato</strong></span> <span class='ocrx_word' id='word_1_144' title='bbox 855 3593 988 3644; x_wconf 86' lang='lat' dir='ltr'><strong>Iannoctio</strong></span> <span class='ocrx_word' id='word_1_145' title='bbox 1005 3592 1112 3643; x_wconf 76' lang='lat' dir='ltr'><strong>edItioni</strong></span> <span class='ocrx_word' id='word_1_146' title='bbox 1128 3590 1246 3643; x_wconf 81' lang='lat' dir='ltr'><strong>Venetae</strong></span> <span class='ocrx_word' id='word_1_147' title='bbox 1263 3604 1287 3643; x_wconf 85' lang='lat' dir='ltr'><strong>u.</strong></span> <span class='ocrx_word' id='word_1_148' title='bbox 1301 3590 1374 3644; x_wconf 81' lang='lat' dir='ltr'><strong>tete.</strong></span> <span class='ocrx_word' id='word_1_149' title='bbox 1393 3591 1556 3659; x_wconf 72' lang='lat' dir='ltr'><strong>adscriptae,</strong></span> <span class='ocrx_word' id='word_1_150' title='bbox 1574 3592 1671 3660; x_wconf 85' lang='lat' dir='ltr'><strong>quihus</strong></span> <span class='ocrx_word' id='word_1_151' title='bbox 1683 3594 1732 3646; x_wconf 84' lang='lat' dir='ltr'><strong>Ga·</strong></span> 
     </span>
     <span class='ocr_line' id='line_1_20' title="bbox 494 3669 759 3720; baseline -0.008 0"><span class='ocrx_word' id='word_1_152' title='bbox 494 3669 612 3720; x_wconf 87' lang='lat' dir='ltr'><strong>retentus</strong></span> <span class='ocrx_word' id='word_1_153' title='bbox 629 3680 694 3719; x_wconf 88' lang='lat' dir='ltr'><strong>usus</strong></span> <span class='ocrx_word' id='word_1_154' title='bbox 711 3670 759 3719; x_wconf 90' lang='lat' dir='ltr'><strong>est.</strong></span> 
     </span>
    </p>

    <p class='ocr_par' dir='ltr' id='par_1_15' title="bbox 415 3739 1731 3959">
     <span class='ocr_line' id='line_1_21' title="bbox 415 3739 1730 3809; baseline 0.002 -13"><span class='ocrx_word' id='word_1_155' title='bbox 415 3745 481 3796; x_wconf 83' lang='lat' dir='ltr'><strong>(tud.</strong></span> <span class='ocrx_word' id='word_1_156' title='bbox 498 3758 527 3792; x_wconf 92' lang='lat'>:</span> <span class='ocrx_word' id='word_1_157' title='bbox 543 3743 677 3795; x_wconf 74' lang='lat' dir='ltr'><strong>Gudianus</strong></span> <span class='ocrx_word' id='word_1_158' title='bbox 693 3743 744 3806; x_wconf 60' lang='lat'><strong>68,</strong></span> <span class='ocrx_word' id='word_1_159' title='bbox 762 3754 845 3807; x_wconf 83' lang='lat' dir='ltr'><strong>quem</strong></span> <span class='ocrx_word' id='word_1_160' title='bbox 860 3742 964 3794; x_wconf 79' lang='lat' dir='ltr'><strong>Ernesti</strong></span> <span class='ocrx_word' id='word_1_161' title='bbox 980 3739 1108 3792; x_wconf 87' lang='lat' dir='ltr'><strong>adhibuit.</strong></span> <span class='ocrx_word' id='word_1_162' title='bbox 1141 3741 1193 3792; x_wconf 87' lang='lat' dir='ltr'><strong>sed</strong></span> <span class='ocrx_word' id='word_1_163' title='bbox 1211 3755 1243 3793; x_wconf 82' lang='lat' dir='ltr'><strong>er</strong></span> <span class='ocrx_word' id='word_1_164' title='bbox 1260 3744 1384 3794; x_wconf 89' lang='lat' dir='ltr'><strong>accurate</strong></span> <span class='ocrx_word' id='word_1_165' title='bbox 1400 3740 1537 3794; x_wconf 77' lang='lat' dir='ltr'><strong>conatione</strong></span> <span class='ocrx_word' id='word_1_166' title='bbox 1555 3741 1596 3809; x_wconf 68' lang='lat' dir='ltr'><strong>gs.</strong></span> <span class='ocrx_word' id='word_1_167' title='bbox 1609 3745 1698 3797; x_wconf 78' lang='grc'><strong>4-40.</strong></span> <span class='ocrx_word' id='word_1_168' title='bbox 1714 3759 1730 3798; x_wconf 83' lang='grc'><strong>4</strong></span> 
     </span>
     <span class='ocr_line' id='line_1_22' title="bbox 494 3815 1731 3883; baseline 0.003 -13"><span class='ocrx_word' id='word_1_169' title='bbox 494 3821 664 3871; x_wconf 73' lang='lat' dir='ltr'><strong>Formiano</strong></span> <span class='ocrx_word' id='word_1_170' title='bbox 680 3816 748 3870; x_wconf 80' lang='lat' dir='ltr'><strong>tacte</strong></span> <span class='ocrx_word' id='word_1_171' title='bbox 763 3817 926 3870; x_wconf 86' lang='lat' dir='ltr'><strong>intellectum</strong></span> <span class='ocrx_word' id='word_1_172' title='bbox 942 3819 994 3879; x_wconf 92' lang='lat' dir='ltr'><strong>est,</strong></span> <span class='ocrx_word' id='word_1_173' title='bbox 1018 3815 1138 3868; x_wconf 90' lang='lat' dir='ltr'><strong>codicem</strong></span> <span class='ocrx_word' id='word_1_174' title='bbox 1159 3815 1264 3869; x_wconf 90' lang='lat' dir='ltr'><strong>mendis</strong></span> <span class='ocrx_word' id='word_1_175' title='bbox 1281 3818 1309 3869; x_wconf 92' lang='lat' dir='ltr'><strong>et</strong></span> <span class='ocrx_word' id='word_1_176' title='bbox 1324 3815 1568 3883; x_wconf 74' lang='lat' dir='ltr'><strong>interpolationibus</strong></span> <span class='ocrx_word' id='word_1_177' title='bbox 1589 3819 1731 3874; x_wconf 85' lang='lat' dir='ltr'><strong>retertissi·</strong></span> 
     </span>
     <span class='ocr_line' id='line_1_23' title="bbox 493 3893 1193 3959; baseline -0.007 -12"><span class='ocrx_word' id='word_1_178' title='bbox 493 3907 568 3946; x_wconf 81' lang='lat' dir='ltr'><strong>munu</strong></span> <span class='ocrx_word' id='word_1_179' title='bbox 585 3907 658 3957; x_wconf 88' lang='lat' dir='ltr'><strong>esse,</strong></span> <span class='ocrx_word' id='word_1_180' title='bbox 676 3907 726 3946; x_wconf 90' lang='lat' dir='ltr'><strong>nec</strong></span> <span class='ocrx_word' id='word_1_181' title='bbox 744 3894 852 3959; x_wconf 74' lang='lat' dir='ltr'><strong>dignum</strong></span> <span class='ocrx_word' id='word_1_182' title='bbox 868 3894 914 3957; x_wconf 82' lang='lat' dir='ltr'><strong>qui</strong></span> <span class='ocrx_word' id='word_1_183' title='bbox 930 3894 1000 3944; x_wconf 91' lang='lat' dir='ltr'><strong>totua</strong></span> <span class='ocrx_word' id='word_1_184' title='bbox 1017 3893 1193 3943; x_wconf 79' lang='lat' dir='ltr'><strong>excuteretur.</strong></span> 
     </span>
    </p>

    <p class='ocr_par' dir='ltr' id='par_1_16' title="bbox 413 3967 1166 4034">
     <span class='ocr_line' id='line_1_24' title="bbox 413 3967 1166 4034; baseline -0.003 -14"><span class='ocrx_word' id='word_1_185' title='bbox 413 3982 475 4020; x_wconf 84' lang='lat' dir='ltr'><strong>v:</strong></span> <span class='ocrx_word' id='word_1_186' title='bbox 491 3970 535 4022; x_wconf 87' lang='lat' dir='ltr'><strong>ed.</strong></span> <span class='ocrx_word' id='word_1_187' title='bbox 551 3970 653 4021; x_wconf 83' lang='lat' dir='ltr'><strong>Veneta</strong></span> <span class='ocrx_word' id='word_1_188' title='bbox 670 3982 693 4020; x_wconf 93' lang='lat' dir='ltr'><strong>a.</strong></span> <span class='ocrx_word' id='word_1_189' title='bbox 713 3968 799 4029; x_wconf 74' lang='lat' dir='ltr'><strong>itia,</strong></span> <span class='ocrx_word' id='word_1_190' title='bbox 818 3982 887 4034; x_wconf 85' lang='lat' dir='ltr'><strong>quae</strong></span> <span class='ocrx_word' id='word_1_191' title='bbox 903 3967 986 4020; x_wconf 75' lang='lat' dir='ltr'><strong>instar</strong></span> <span class='ocrx_word' id='word_1_192' title='bbox 1002 3967 1100 4019; x_wconf 89' lang='lat' dir='ltr'><strong>codicis</strong></span> <span class='ocrx_word' id='word_1_193' title='bbox 1118 3971 1166 4019; x_wconf 85' lang='lat' dir='ltr'><strong>ast.</strong></span> 
     </span>
    </p>

    <p class='ocr_par' dir='ltr' id='par_1_17' title="bbox 413 4045 843 4098">
     <span class='ocr_line' id='line_1_25' title="bbox 413 4045 843 4098; baseline -0.005 -1"><span class='ocrx_word' id='word_1_194' title='bbox 413 4060 428 4097; x_wconf 92' lang='grc'><strong>4</strong></span> <span class='ocrx_word' id='word_1_195' title='bbox 444 4059 473 4094; x_wconf 86' lang='lat'><em>=</em></span> <span class='ocrx_word' id='word_1_196' title='bbox 489 4045 533 4097; x_wconf 86' lang='lat' dir='ltr'><strong>ed.</strong></span> <span class='ocrx_word' id='word_1_197' title='bbox 549 4046 709 4098; x_wconf 79' lang='lat' dir='ltr'><strong>Asceoaiana</strong></span> <span class='ocrx_word' id='word_1_198' title='bbox 727 4058 751 4096; x_wconf 93' lang='lat' dir='ltr'><strong>a.</strong></span> <span class='ocrx_word' id='word_1_199' title='bbox 770 4045 843 4096; x_wconf 82' lang='grc'><strong>44444.</strong></span> 
     </span>
    </p>

    <p class='ocr_par' dir='ltr' id='par_1_18' title="bbox 413 4119 853 4174">
     <span class='ocr_line' id='line_1_26' title="bbox 413 4119 853 4174; baseline -0.005 -2"><span class='ocrx_word' id='word_1_200' title='bbox 413 4135 472 4172; x_wconf 83' lang='lat' dir='ltr'><strong>c:</strong></span> <span class='ocrx_word' id='word_1_201' title='bbox 488 4121 532 4173; x_wconf 87' lang='lat' dir='ltr'><strong>ed.</strong></span> <span class='ocrx_word' id='word_1_202' title='bbox 551 4120 722 4174; x_wconf 87' lang='lat' dir='ltr'><strong>Cratandrina</strong></span> <span class='ocrx_word' id='word_1_203' title='bbox 738 4133 762 4171; x_wconf 90' lang='lat' dir='ltr'><strong>e.</strong></span> <span class='ocrx_word' id='word_1_204' title='bbox 781 4119 853 4171; x_wconf 77' lang='grc'><strong>44428.</strong></span> 
     </span>
    </p>

    <p class='ocr_par' dir='ltr' id='par_1_19' title="bbox 413 4195 794 4250">
     <span class='ocr_line' id='line_1_27' title="bbox 413 4195 794 4250; baseline -0.008 0"><span class='ocrx_word' id='word_1_205' title='bbox 413 4200 432 4250; x_wconf 87' lang='lat' dir='ltr'>L</span> <span class='ocrx_word' id='word_1_206' title='bbox 447 4209 477 4245; x_wconf 84' lang='lat'>=</span> <span class='ocrx_word' id='word_1_207' title='bbox 493 4196 662 4249; x_wconf 84' lang='lat' dir='ltr'><strong>Lambiniana</strong></span> <span class='ocrx_word' id='word_1_208' title='bbox 678 4210 703 4247; x_wconf 86' lang='lat' dir='ltr'><strong>a.</strong></span> <span class='ocrx_word' id='word_1_209' title='bbox 722 4195 794 4247; x_wconf 78' lang='lat' dir='ltr'><strong>inse.</strong></span> 
     </span>
    </p>

    <p class='ocr_par' dir='ltr' id='par_1_20' title="bbox 412 4269 777 4337">
     <span class='ocr_line' id='line_1_28' title="bbox 412 4269 777 4337; baseline -0.019 -9"><span class='ocrx_word' id='word_1_210' title='bbox 412 4273 474 4328; x_wconf 73' lang='lat'><strong>8:</strong></span> <span class='ocrx_word' id='word_1_211' title='bbox 490 4271 581 4324; x_wconf 85' lang='lat' dir='ltr'><strong>Lamb.</strong></span> <span class='ocrx_word' id='word_1_212' title='bbox 600 4269 777 4337; x_wconf 80' lang='lat' dir='ltr'><strong>repetitiones.</strong></span> 
     </span>
    </p>

    <p class='ocr_par' dir='ltr' id='par_1_21' title="bbox 412 4343 1180 4410">
     <span class='ocr_line' id='line_1_29' title="bbox 412 4343 1180 4410; baseline -0.007 -10"><span class='ocrx_word' id='word_1_213' title='bbox 412 4349 501 4400; x_wconf 72' lang='lat' dir='ltr'><strong>dent</strong></span> <span class='ocrx_word' id='word_1_214' title='bbox 516 4361 545 4395; x_wconf 89' lang='lat'><strong><em>=</em></strong></span> <span class='ocrx_word' id='word_1_215' title='bbox 561 4347 646 4399; x_wconf 84' lang='lat' dir='ltr'><strong>Curae</strong></span> <span class='ocrx_word' id='word_1_216' title='bbox 663 4346 796 4397; x_wconf 82' lang='lat' dir='ltr'><strong>secundae</strong></span> <span class='ocrx_word' id='word_1_217' title='bbox 813 4345 891 4410; x_wconf 82' lang='lat' dir='ltr'><strong>Gnsp.</strong></span> <span class='ocrx_word' id='word_1_218' title='bbox 910 4345 1040 4396; x_wconf 76' lang='lat' dir='ltr'><strong>Garatonii</strong></span> <span class='ocrx_word' id='word_1_219' title='bbox 1056 4343 1180 4396; x_wconf 76' lang='lat' dir='ltr'><strong>ineditae.</strong></span> 
     </span>
    </p>

    <p class='ocr_par' dir='ltr' id='par_1_22' title="bbox 413 4420 781 4487">
     <span class='ocr_line' id='line_1_30' title="bbox 413 4420 781 4487; baseline -0.008 -13"><span class='ocrx_word' id='word_1_220' title='bbox 413 4423 433 4474; x_wconf 90' lang='lat'>0</span> <span class='ocrx_word' id='word_1_221' title='bbox 448 4435 479 4469; x_wconf 82' lang='lat'><em>=</em></span> <span class='ocrx_word' id='word_1_222' title='bbox 495 4421 537 4474; x_wconf 91' lang='lat' dir='ltr'><strong>ed.</strong></span> <span class='ocrx_word' id='word_1_223' title='bbox 557 4420 684 4474; x_wconf 90' lang='lat' dir='ltr'><strong>Orelliana</strong></span> <span class='ocrx_word' id='word_1_224' title='bbox 701 4422 781 4487; x_wconf 89' lang='lat' dir='ltr'><strong>prior.</strong></span> 
     </span>
    </p>

    <p class='ocr_par' dir='ltr' id='par_1_23' title="bbox 414 4493 1042 4558">
     <span class='ocr_line' id='line_1_31' title="bbox 414 4493 1042 4558; baseline -0.006 -8"><span class='ocrx_word' id='word_1_225' title='bbox 414 4499 486 4550; x_wconf 74' lang='lat' dir='ltr'><strong>ont</strong></span> <span class='ocrx_word' id='word_1_226' title='bbox 502 4509 530 4544; x_wconf 90' lang='lat'>=</span> <span class='ocrx_word' id='word_1_227' title='bbox 546 4495 589 4548; x_wconf 90' lang='lat' dir='ltr'><strong>ad.</strong></span> <span class='ocrx_word' id='word_1_228' title='bbox 607 4495 693 4548; x_wconf 84' lang='lat' dir='ltr'><strong>Orellii</strong></span> <span class='ocrx_word' id='word_1_229' title='bbox 710 4495 807 4558; x_wconf 87' lang='lat' dir='ltr'><strong>altere,</strong></span> <span class='ocrx_word' id='word_1_230' title='bbox 825 4495 911 4547; x_wconf 86' lang='lat' dir='ltr'><strong>Turici</strong></span> <span class='ocrx_word' id='word_1_231' title='bbox 928 4494 999 4546; x_wconf 76' lang='lat' dir='ltr'><strong>issa.</strong></span> <span class='ocrx_word' id='word_1_232' title='bbox 1018 4493 1042 4546; x_wconf 80' lang='lat' dir='ltr'><strong>t.</strong></span> 
     </span>
    </p>

    <p class='ocr_par' dir='ltr' id='par_1_24' title="bbox 414 4570 811 4635">
     <span class='ocr_line' id='line_1_32' title="bbox 414 4570 811 4635; baseline -0.013 -9"><span class='ocrx_word' id='word_1_233' title='bbox 414 4574 457 4626; x_wconf 85' lang='grc'><strong>04.</strong></span> <span class='ocrx_word' id='word_1_234' title='bbox 475 4587 504 4622; x_wconf 85' lang='grc'><strong>-.·</strong></span> <span class='ocrx_word' id='word_1_235' title='bbox 520 4572 562 4624; x_wconf 90' lang='lat' dir='ltr'><strong>ed.</strong></span> <span class='ocrx_word' id='word_1_236' title='bbox 580 4570 811 4635; x_wconf 75' lang='lat' dir='ltr'><strong>osenbrueggenii.</strong></span> 
     </span>
    </p>

    <p class='ocr_par' dir='ltr' id='par_1_25' title="bbox 412 4640 1729 4863">
     <span class='ocr_line' id='line_1_33' title="bbox 476 4640 1729 4713; baseline 0.001 -14"><span class='ocrx_word' id='word_1_237' title='bbox 476 4650 615 4700; x_wconf 79' lang='lat' dir='ltr'><strong>Praeterea</strong></span> <span class='ocrx_word' id='word_1_238' title='bbox 638 4648 665 4698; x_wconf 91' lang='lat' dir='ltr'><strong>in</strong></span> <span class='ocrx_word' id='word_1_239' title='bbox 683 4647 723 4712; x_wconf 69' lang='lat' dir='ltr'><strong>gs.</strong></span> <span class='ocrx_word' id='word_1_240' title='bbox 742 4648 831 4698; x_wconf 78' lang='lat' dir='ltr'><strong>i-en.</strong></span> <span class='ocrx_word' id='word_1_241' title='bbox 849 4647 977 4712; x_wconf 82' lang='lat' dir='ltr'><strong>apparatu</strong></span> <span class='ocrx_word' id='word_1_242' title='bbox 994 4657 1009 4694; x_wconf 90' lang='lat' dir='ltr'><strong>e</strong></span> <span class='ocrx_word' id='word_1_243' title='bbox 1026 4643 1222 4708; x_wconf 76' lang='lat' dir='ltr'><strong>Legomarsinio</strong></span> <span class='ocrx_word' id='word_1_244' title='bbox 1238 4640 1349 4696; x_wconf 86' lang='lat' dir='ltr'><strong>ooticcto</strong></span> <span class='ocrx_word' id='word_1_245' title='bbox 1365 4657 1430 4696; x_wconf 85' lang='lat' dir='ltr'><strong>usus</strong></span> <span class='ocrx_word' id='word_1_246' title='bbox 1446 4658 1520 4709; x_wconf 88' lang='lat' dir='ltr'><strong>sum,</strong></span> <span class='ocrx_word' id='word_1_247' title='bbox 1547 4649 1593 4713; x_wconf 82' lang='lat' dir='ltr'><strong>qut</strong></span> <span class='ocrx_word' id='word_1_248' title='bbox 1609 4648 1643 4700; x_wconf 90' lang='lat' dir='ltr'><strong>ad</strong></span> <span class='ocrx_word' id='word_1_249' title='bbox 1659 4648 1729 4700; x_wconf 87' lang='lat' dir='ltr'><strong>hanc</strong></span> 
     </span>
     <span class='ocr_line' id='line_1_34' title="bbox 412 4719 1727 4787; baseline 0 -12"><span class='ocrx_word' id='word_1_250' title='bbox 412 4725 559 4775; x_wconf 85' lang='lat' dir='ltr'><strong>orationem</strong></span> <span class='ocrx_word' id='word_1_251' title='bbox 574 4722 703 4774; x_wconf 85' lang='lat' dir='ltr'><strong>tredecim</strong></span> <span class='ocrx_word' id='word_1_252' title='bbox 720 4721 825 4773; x_wconf 83' lang='lat' dir='ltr'><strong>codices</strong></span> <span class='ocrx_word' id='word_1_253' title='bbox 842 4721 971 4781; x_wconf 81' lang='lat' dir='ltr'><strong>excussit,</strong></span> <span class='ocrx_word' id='word_1_254' title='bbox 990 4732 1104 4784; x_wconf 89' lang='lat' dir='ltr'><strong>quorum</strong></span> <span class='ocrx_word' id='word_1_255' title='bbox 1120 4720 1360 4785; x_wconf 84' lang='lat' dir='ltr'><strong>praestantissimus</strong></span> <span class='ocrx_word' id='word_1_256' title='bbox 1376 4719 1519 4772; x_wconf 81' lang='lat' dir='ltr'><strong>niebnnno</strong></span> <span class='ocrx_word' id='word_1_257' title='bbox 1536 4720 1578 4774; x_wconf 89' lang='lat' dir='ltr'><strong>itia</strong></span> <span class='ocrx_word' id='word_1_258' title='bbox 1589 4722 1661 4774; x_wconf 80' lang='lat' dir='ltr'><strong>viana</strong></span> <span class='ocrx_word' id='word_1_259' title='bbox 1677 4726 1727 4787; x_wconf 88' lang='lat' dir='ltr'><strong>est,</strong></span> 
     </span>
     <span class='ocr_line' id='line_1_35' title="bbox 412 4795 1662 4863; baseline -0.002 -13"><span class='ocrx_word' id='word_1_260' title='bbox 412 4812 493 4863; x_wconf 86' lang='lat' dir='ltr'><strong>quem</strong></span> <span class='ocrx_word' id='word_1_261' title='bbox 509 4799 721 4863; x_wconf 76' lang='lat' dir='ltr'><strong>LagomarsinIus</strong></span> <span class='ocrx_word' id='word_1_262' title='bbox 737 4809 849 4849; x_wconf 89' lang='lat' dir='ltr'><strong>numero</strong></span> <span class='ocrx_word' id='word_1_263' title='bbox 865 4797 907 4848; x_wconf 82' lang='grc'><strong>46.</strong></span> <span class='ocrx_word' id='word_1_264' title='bbox 926 4795 966 4860; x_wconf 86' lang='lat'><strong>(=</strong></span> <span class='ocrx_word' id='word_1_265' title='bbox 982 4796 1041 4847; x_wconf 91' lang='lat' dir='ltr'><strong>cod.</strong></span> <span class='ocrx_word' id='word_1_266' title='bbox 1060 4795 1154 4848; x_wconf 86' lang='lat' dir='ltr'><strong>ttedic.</strong></span> <span class='ocrx_word' id='word_1_267' title='bbox 1172 4796 1239 4848; x_wconf 84' lang='lat' dir='ltr'><strong>Plut.</strong></span> <span class='ocrx_word' id='word_1_268' title='bbox 1257 4795 1411 4848; x_wconf 77' lang='lat' dir='ltr'><strong>xxxxvtlt.</strong></span> <span class='ocrx_word' id='word_1_269' title='bbox 1429 4811 1456 4849; x_wconf 86' lang='lat' dir='ltr'><strong>n.</strong></span> <span class='ocrx_word' id='word_1_270' title='bbox 1474 4798 1526 4862; x_wconf 77' lang='grc'><strong>24.)</strong></span> <span class='ocrx_word' id='word_1_271' title='bbox 1543 4797 1662 4862; x_wconf 70' lang='lat' dir='ltr'><strong>signavit</strong></span> 
     </span>
    </p>

    <p class='ocr_par' dir='ltr' id='par_1_26' title="bbox 413 4869 1727 5015">
     <span class='ocr_line' id='line_1_36' title="bbox 475 4869 1727 4936; baseline -0.001 -12"><span class='ocrx_word' id='word_1_272' title='bbox 475 4875 504 4924; x_wconf 90' lang='lat' dir='ltr'><strong>ln</strong></span> <span class='ocrx_word' id='word_1_273' title='bbox 521 4874 741 4924; x_wconf 85' lang='lat' dir='ltr'><strong>commentarium</strong></span> <span class='ocrx_word' id='word_1_274' title='bbox 758 4873 878 4924; x_wconf 84' lang='lat' dir='ltr'><strong>criticum</strong></span> <span class='ocrx_word' id='word_1_275' title='bbox 894 4872 948 4923; x_wconf 84' lang='lat' dir='ltr'><strong>tote</strong></span> <span class='ocrx_word' id='word_1_276' title='bbox 959 4869 1102 4924; x_wconf 86' lang='lat' dir='ltr'><strong>lectionum</strong></span> <span class='ocrx_word' id='word_1_277' title='bbox 1114 4871 1252 4924; x_wconf 78' lang='lat' dir='ltr'><strong>diversius</strong></span> <span class='ocrx_word' id='word_1_278' title='bbox 1264 4872 1405 4933; x_wconf 72' lang='lat' dir='ltr'><strong>eutitii,</strong></span> <span class='ocrx_word' id='word_1_279' title='bbox 1424 4874 1499 4936; x_wconf 75' lang='lat' dir='ltr'><strong>Scin,</strong></span> <span class='ocrx_word' id='word_1_280' title='bbox 1517 4884 1562 4923; x_wconf 79' lang='lat' dir='ltr'><strong>va</strong></span> <span class='ocrx_word' id='word_1_281' title='bbox 1573 4885 1602 4934; x_wconf 90' lang='lat' dir='ltr'><strong>c,</strong></span> <span class='ocrx_word' id='word_1_282' title='bbox 1620 4873 1727 4936; x_wconf 88' lang='lat' dir='ltr'><strong>recepta</strong></span> 
     </span>
     <span class='ocr_line' id='line_1_37' title="bbox 413 4946 1727 5015; baseline 0 -17"><span class='ocrx_word' id='word_1_283' title='bbox 413 4950 465 5012; x_wconf 87' lang='lat' dir='ltr'><strong>est,</strong></span> <span class='ocrx_word' id='word_1_284' title='bbox 483 4947 561 5001; x_wconf 89' lang='lat' dir='ltr'><strong>nullis</strong></span> <span class='ocrx_word' id='word_1_285' title='bbox 577 4949 626 5002; x_wconf 87' lang='lat' dir='ltr'><strong>nisi</strong></span> <span class='ocrx_word' id='word_1_286' title='bbox 643 4949 799 5002; x_wconf 87' lang='lat' dir='ltr'><strong>monstrosis</strong></span> <span class='ocrx_word' id='word_1_287' title='bbox 815 4947 934 5012; x_wconf 88' lang='lat' dir='ltr'><strong>mendis,</strong></span> <span class='ocrx_word' id='word_1_288' title='bbox 952 4960 985 4998; x_wconf 83' lang='lat' dir='ltr'><strong>ex</strong></span> <span class='ocrx_word' id='word_1_289' title='bbox 1001 4946 1098 5012; x_wconf 72' lang='lat' dir='ltr'><strong>qubus</strong></span> <span class='ocrx_word' id='word_1_290' title='bbox 1113 4946 1176 5000; x_wconf 79' lang='lat' dir='ltr'><strong>unu</strong></span> <span class='ocrx_word' id='word_1_291' title='bbox 1193 4948 1300 5000; x_wconf 89' lang='lat' dir='ltr'><strong>omnino</strong></span> <span class='ocrx_word' id='word_1_292' title='bbox 1311 4947 1421 5001; x_wconf 87' lang='lat' dir='ltr'><strong>subsidit</strong></span> <span class='ocrx_word' id='word_1_293' title='bbox 1432 4950 1486 5015; x_wconf 87' lang='lat' dir='ltr'><strong>peti</strong></span> <span class='ocrx_word' id='word_1_294' title='bbox 1496 4946 1595 5015; x_wconf 89' lang='lat' dir='ltr'><strong>possit,</strong></span> <span class='ocrx_word' id='word_1_295' title='bbox 1613 4947 1727 4999; x_wconf 85' lang='lat' dir='ltr'><strong>emissis.</strong></span> 
     </span>
    </p>
   </div>
   <div class='ocr_carea' id='block_1_8' title="bbox 0 0 2188 6100">
    <p class='ocr_par' dir='ltr' id='par_1_27' title="bbox 0 0 2188 6100">
     <span class='ocr_line' id='line_1_38' title="bbox 0 0 2188 6100; baseline 0 0"><span class='ocrx_word' id='word_1_296' title='bbox 0 0 2188 6100; x_wconf 95' lang='lat' dir='ltr'><strong> </strong></span> 
     </span>
    </p>
   </div>
  </div>
 </body>
</html>
