4367 6109
480 570 544 640 242
853 574 896 638 llV
916 570 1083 639 VERREM
1104 571 1227 638 ACTIO
1250 572 1435 638 SECUNDA

479 745 596 809 tellites
617 742 826 826 cupiditatum
847 762 991 819 suarum,
1013 764 1071 827 per
1085 765 1166 828 quos
1181 743 1346 808 ostendam
1360 745 1407 808 sic
1424 743 1620 826 provinciam
1633 766 1691 829 per
1703 748 1801 810 trien·

478 841 567 903 nium
589 845 734 902 vexatam
755 844 854 920 atque
874 845 1042 912 vastatam,
1070 838 1207 915 iudices,
1237 845 1274 901 ut
1295 858 1365 901 eam
1386 837 1494 901 multis
1515 836 1609 899 annis
1629 841 1801 904 multorum

477 932 660 996 innocentia
688 931 909 1015 sapientiaque
937 952 1081 995 recreare
1108 954 1313 1018 nequeamus.
1356 935 1412 996 lx.
1435 930 1487 995 22.
1508 933 1627 995 Eorum
1649 937 1801 1010 omnium,

478 1027 535 1110 qui
557 1024 723 1088 decumani
743 1025 952 1101 vocabantur,
974 1028 1122 1110 princeps
1145 1036 1213 1092 erat
1234 1029 1273 1104 Q.
1288 1028 1343 1091 ille
1357 1027 1534 1110 Apronius,
1556 1045 1651 1110 quem
1672 1028 1800 1093 videtis:

454 1119 517 1183 ade
547 1120 638 1184 cuius
669 1119 869 1203 improbitate
891 1121 1050 1211 singulari
1080 1122 1334 1203 gravissimarum
1361 1121 1554 1203 legationum
1585 1122 1801 1204 querimonias

476 1213 620 1278 audistis.
648 1213 829 1297 Adspicitc,
851 1215 990 1288 iudices,
1011 1214 1135 1278 vultum
1148 1215 1288 1279 bominis
1303 1221 1336 1278 et
1349 1215 1545 1298 adspectum,
1568 1222 1655 1278 etex
1674 1233 1714 1278 ea
1727 1233 1802 1278 eon-

476 1310 630 1384 tumacia,
652 1328 749 1391 quam
769 1308 822 1372 bic
842 1310 877 1371 in
898 1309 1029 1392 perditis
1050 1308 1146 1371 rebus
1167 1309 1298 1385 retinet,
1318 1309 1391 1372 illos
1413 1307 1483 1371 eius
1504 1308 1636 1391 spiritus
1658 1308 1804 1372 Sicilien-

476 1422 527 1466 ses
549 1422 632 1486 quos
653 1401 752 1465 inissa
774 1404 891 1485 putetis
906 1403 1041 1485 cogitate
1063 1421 1101 1464 ac
1121 1403 1344 1466 recordamini.
1371 1403 1430 1465 llic
1445 1409 1494 1466 est
1506 1403 1685 1486 Apronius,
1707 1420 1803 1486 wem

474 1496 509 1559 in
539 1497 706 1580 provincia
733 1502 799 1558 tota
825 1497 958 1570 Verres,
988 1517 1060 1559 cum
1089 1496 1231 1581 undique
1257 1496 1473 1580 nequissimos
1501 1497 1648 1561 homines
1668 1494 1805 1578 conqui-

436 1591 570 1655 t⁰sisset
597 1597 723 1653 etcum
751 1589 820 1673 ipse
842 1610 950 1653 secum
973 1590 1022 1653 sui
1053 1591 1173 1654 similes
1196 1590 1340 1654 duxisset
1360 1609 1426 1653 non
1447 1609 1560 1673 parum
1581 1589 1716 1664 multos,
1736 1608 1804 1652 ne-

474 1685 591 1769 quitia,
613 1684 756 1758 luxuria,
778 1683 911 1746 audacia
932 1684 982 1747 sui
1004 1683 1203 1749 simillimum
1224 1681 1387 1746 iudicavit
1422 1684 1535 1767 ltaque
1560 1685 1640 1747 istos
1661 1684 1748 1747 inter
1768 1702 1803 1747 se

472 1779 618 1862 perbrevi
641 1785 782 1861 tempore
803 1797 870 1841 non
891 1796 959 1851 res,
982 1797 1048 1840 non
1069 1777 1168 1851 ratio,
1189 1797 1254 1840 non
1269 1775 1501 1839 commendatio
1516 1776 1641 1860 aliqua,
1664 1776 1722 1840 sed
1736 1783 1805 1839 stu·

473 1872 600 1937 diorum
628 1872 792 1955 turpitudo
823 1869 1063 1955 similitudoque
1090 1872 1265 1935 coniunxit
1309 1866 1360 1932 23.
1383 1870 1491 1935 Verris
1513 1890 1616 1933 mores
1637 1870 1804 1955 improbos

471 1965 681 2050 impurosque
701 1965 822 2029 nostis:
851 1964 963 2047 tingite
983 1965 1092 2039 vobis,
1119 1965 1146 2027 si
1168 1966 1320 2048 potestis,
1341 1963 1499 2047 aliquem,
1522 1966 1577 2048 qui
1599 1965 1632 2028 in
1654 1965 1804 2029 omnibus

435 2059 526 2123 aisti
553 2060 648 2123 rebus
669 2079 729 2142 par
749 2059 790 2123 ad
811 2059 954 2122 omnium
983 2059 1175 2141 flagitiorum
1204 2057 1339 2121 nefarias
1360 2057 1509 2122 libidines
1532 2078 1602 2121 esse
1624 2059 1741 2142 possit:
1775 2057 1803 2120 is

471 2153 533 2215 erit
552 2152 712 2236 Apronius
734 2153 806 2227 ille,
828 2152 902 2236 qui,
923 2158 960 2214 ut
981 2151 1050 2235 ipse
1072 2171 1137 2215 non
1159 2152 1263 2215 solum
1284 2153 1365 2226 vita,
1392 2152 1449 2216 sed
1470 2171 1605 2235 corpore
1625 2159 1724 2236 atque
1747 2170 1803 2215 cre

471 2243 645 2329 significat,
665 2246 821 2310 immensa
841 2246 950 2329 aliqua
972 2265 1089 2328 vorago
1113 2253 1161 2309 est
1182 2254 1238 2308 aut
1259 2266 1374 2328 gurges
1388 2246 1538 2309 vitiorum
1554 2245 1804 2329 turpitudinum-

472 2361 536 2424 que
558 2342 710 2404 omnium.
743 2341 836 2403 Hunc
858 2340 892 2401 in
915 2340 1062 2403 omnibus
1077 2340 1212 2423 stupris,
1233 2339 1319 2402 hunc
1334 2339 1529 2404 insanorum
1544 2340 1803 2423 expilationibus,

469 2434 555 2499 hunc
577 2437 611 2499 in
632 2436 763 2519 impuris
786 2433 941 2497 conviviis
962 2434 1140 2517 principem
1155 2433 1344 2497 adhibebat:
1367 2441 1551 2518 tantamque
1564 2434 1664 2498 babet
1677 2452 1804 2497 morum

432 2529 646 2592 wsimilitudo
668 2528 925 2592 coniunctionem
948 2535 1044 2611 atque
1066 2527 1285 2609 concordiam,
1313 2534 1351 2590 ut
1371 2529 1548 2611 Apronius,
1580 2528 1637 2612 qni
1658 2527 1731 2592 aliis
1753 2526 1804 2588 in·

468 2622 627 2688 humanus
649 2644 686 2687 ac
706 2623 877 2697 barbarus,
899 2621 953 2685 isti
970 2622 1026 2684 uni
1045 2620 1231 2685 commodus
1246 2640 1284 2685 aa
1299 2622 1436 2684 disertus
1451 2621 1623 2697 videretur,
1644 2628 1692 2697 ut,
1705 2637 1802 2705 wem

469 2738 580 2783 omnes
596 2718 739 2782 odissent
753 2736 858 2800 neque
873 2715 980 2779 videre
996 2716 1122 2789 vellent,
1141 2716 1210 2778 sine
1225 2735 1264 2778 eo
1280 2716 1340 2779 iste
1356 2735 1426 2779 esse
1443 2735 1508 2778 non
1529 2722 1647 2798 posset,
1668 2722 1716 2790 ut,
1730 2733 1803 2778 cum

468 2812 523 2877 alii
546 2831 586 2876 na
608 2811 763 2874 conviviis
783 2809 914 2894 quidem
935 2810 1036 2873 isdem
1050 2810 1167 2893 quibus
1182 2811 1359 2892 Apronius,
1381 2810 1433 2872 hic
1448 2809 1551 2872 isdem
1565 2811 1660 2874 etiam
1674 2807 1802 2894 poculis

468 2913 629 2981 uteretur,
651 2913 832 2988 postremo,
854 2912 890 2966 ut
911 2903 992 2966 odor
1012 2904 1145 2986 Apronii
1168 2905 1368 2966 taeterrimus
1382 2903 1447 2967 oris
1464 2911 1496 2967 et
1510 2905 1670 2987 corporis,
1694 2923 1794 2987 quem

430 3001 629 3074 statuunt,
658 3019 700 3062 ne
719 2999 841 3062 hestiae
863 2996 993 3081 quidem
1014 2997 1097 3059 terre
1118 3005 1268 3080 possent,
1299 2998 1355 3060 uni
1377 2998 1430 3059 isti
1452 2998 1558 3062 suavis
1580 3004 1613 3061 et
1631 2996 1792 3061 iucundus

467 3092 636 3159 videretur.
680 3093 738 3155 Ille
760 3099 827 3155 erat
848 3091 881 3153 in
901 3090 1050 3154 tribunali
1071 3093 1254 3174 proximus,
1275 3092 1310 3154 in
1331 3092 1479 3155 cubiculo
1500 3092 1604 3168 solus,
1625 3094 1658 3156 in
1680 3093 1792 3158 convi-

467 3189 521 3252 vio
543 3187 711 3260 dominus,
734 3205 771 3248 ac
794 3191 861 3247 tum
882 3184 1035 3259 maxime,
1058 3205 1131 3247 cum
1145 3186 1320 3249 accubante
1341 3194 1540 3269 praetextato
1562 3187 1720 3270 praetoris
1734 3183 1802 3249 tilio

399 3328 401 3335 -
466 3285 501 3347 in
529 3280 675 3347 convivio
703 3279 818 3344 saltare
847 3281 952 3342 nudus
982 3285 1140 3361 coeperat.
1183 3278 1225 3342 X.
1247 3274 1298 3341 Vl.
1320 3280 1431 3354 Hune,
1457 3281 1504 3342 nti
1528 3279 1634 3344 dicere
1654 3279 1802 3356 institui,

466 3376 644 3459 principem
672 3376 787 3438 Verres
818 3374 858 3436 ad
890 3373 1034 3437 fortunas
1063 3381 1221 3437 aratorum
1249 3375 1411 3437 vexandas
1440 3373 1701 3458 diripiendasque
1731 3393 1804 3439 esse

429 3470 588 3534 aevoluit:
616 3468 713 3533 buius
741 3467 910 3541 audaciae,
938 3466 1119 3550 nequitiae,
1156 3465 1336 3530 crudelitati
1365 3464 1568 3531 fidelissimos
1590 3468 1696 3532 socios
1719 3468 1804 3552 opti·

467 3582 602 3646 mosque
617 3564 703 3626 cives
718 3562 831 3625 scitote
845 3560 908 3625 boc
922 3569 1069 3643 praetore
1083 3559 1235 3636 traditos,
1259 3561 1398 3634 indices,
1417 3568 1515 3644 atque
1530 3561 1677 3625 addictos
1690 3561 1802 3644 fuisse,

468 3656 562 3720 novis
582 3655 737 3719 institutis
759 3662 792 3717 et
813 3655 943 3729 edictis,
975 3662 1042 3719 tota
1068 3655 1241 3719 Hieronica
1267 3656 1352 3738 lege,
1386 3675 1484 3738 quem
1513 3654 1707 3720 admodum
1728 3662 1803 3720 ante

469 3750 554 3824 dixi,
576 3749 693 3813 reiecta
715 3768 752 3812 ac
773 3749 949 3832 repudiata.

486 3902 488 3909 ,
554 3841 605 3908 25.
627 3843 766 3907 Primum
787 3842 943 3918 edictum,
967 3843 1104 3917 iudices,
1127 3843 1235 3907 audite
1253 3844 1472 3927 praeclarum:
1498 3843 1803 3921 mamam

432 3954 526 4003 naas
547 3937 682 4002 edidicaa
702 3944 857 4000 aratores
875 3937 932 3999 eibi
953 3937 1092 4001 dammae
1114 3938 1188 4000 darc
1209 3947 1360 4020 oporten,
1390 3948 1424 4002 at
1448 3946 1566 4002 tantam
1584 3947 1694 4002 arator
1713 3937 1803 4002 deme

519 4162 544 4212 2.
556 4164 680 4211 υωιανηηι
690 4158 754 4209 V.-
768 4158 792 4226 3.
805 4159 916 4209 omnam
928 4173 981 4209 om.
992 4159 1022 4208 V.
1037 4159 1166 4224 [Egi-egio,
1180 4162 1282 4225 opinor.
1296 4162 1389 4224 iliam]
1401 4161 1455 4214 -4,
1470 4163 1576 4225 οιιίπίω
1585 4161 1649 4212 V.-
1662 4161 1687 4212 a.
1700 4161 1799 4226 iaprcb.

469 4252 489 4290 a.
502 4238 718 4302 praenecessarium
729 4234 760 4284 V.
771 4260 797 4269 -
817 4236 991 4295 quaerimonia
1002 4237 1030 4285 1..
1045 4235 1151 4286 4584-
1166 4238 1190 4286 6.
1204 4237 1345 4299 aspiciuV3
1362 4238 1442 4287 videte
1452 4237 1563 4299 lgss.-
1581 4236 1613 4301 at]
1631 4237 1797 4302 aequum

472 4314 532 4363 —l.
545 4314 573 4362 ta
583 4311 666 4362 habet
676 4311 756 4360 etiam
767 4309 830 4361 V.-
843 4309 902 4374 cias]
915 4311 991 4359 etiam
1002 4311 1030 4360 L.
1045 4310 1150 4361 4584-
1164 4311 1298 4361 Siciliensis
1308 4311 1419 4375 4342-
1432 4312 1457 4362 8.
1471 4311 1605 4373 operarias
1615 4311 1679 4361 V.-
1692 4314 1801 4378 caqttate

470 4401 501 4438 ac
512 4386 600 4438 om.V.
615 4413 642 4423 -·
655 4385 679 4436 9.
692 4385 859 4447 nequissemus
869 4384 900 4434 V.
912 4411 939 4420 -
953 4386 992 4434 ta.
1006 4389 1029 4433 et
1040 4397 1094 4434 om.
1109 4386 1140 4435 V.
1159 4385 1258 4449 [Recta
1271 4387 1374 4450 opinor,
1393 4399 1456 4436 nem
1472 4391 1496 4436 et
1513 4386 1600 4450 posito
1618 4384 1732 4437 alterum
1744 4399 1803 4438 m

470 4461 597 4513 abundat.
610 4459 704 4524 Halm]
714 4483 741 4496 —
756 4460 797 4509 tt.
808 4450 875 4521 ὁρέω
884 4458 961 4521 Lglt.
971 4485 996 4493 -
1010 4459 1049 4509 te.
1064 4460 1152 4522 atqua
1163 4461 1205 4509 scd
1215 4472 1269 4510 om.
1282 4459 1391 4523 agn.-
1408 4459 1448 4511 44.
1461 4461 1613 4524 inparesque
1623 4460 1688 4512 V.-
1700 4461 1803 4512 casada

470 4535 557 4587 dtt.-
574 4535 691 4597 aliquan,
709 4535 796 4596 spot.
808 4533 886 4596 agla.
900 4561 927 4570 -
947 4534 986 4582 lb.
1006 4534 1059 4582 istis
1075 4535 1123 4594 eV,
1137 4536 1209 4585 lano.
1224 4536 1252 4585 0.
1264 4562 1293 4571 -
1311 4535 1370 4600 ease]
1389 4535 1480 4585 aaseV.
1492 4560 1520 4571 -·
1540 4537 1580 4586 ta.
1599 4538 1647 4588 erit
1663 4536 1800 4598 Avitta:

469 4618 525 4662 arat
541 4612 589 4662 dtt.
610 4637 638 4647 —
655 4611 698 4660 sed
714 4608 833 4672 Lgttu:
849 4610 890 4659 red
906 4609 982 4659 etiam
998 4606 1054 4658 rell.
1075 4609 1104 4658 0.
1129 4609 1162 4658 ct.
1181 4609 1204 4672 ς.
1219 4610 1242 4658 4.
1258 4638 1285 4646 -
1305 4610 1345 4661 tv.
1364 4623 1396 4659 ac
1410 4623 1484 4673 Μ.
1499 4609 1558 4661 cod.
1572 4612 1629 4664 Urs.
1649 4608 1801 4676 [suspicari

467 4700 564 4751 aaraqo
580 4692 615 4737 eat
631 4691 654 4736 et
669 4699 768 4751 parpes.
796 4686 834 4736 ct.
853 4699 880 4750 p.
898 4686 965 4735 sest.
985 4683 1009 4747 ξ.
1028 4685 1084 4733 tlt.
1106 4684 1198 4749 Hecu]
1219 4711 1246 4720 —
1270 4686 1310 4736 48.
1329 4686 1394 4736 baec
1410 4686 1470 4749 iat.
1489 4684 1519 4747 4,
1538 4687 1577 4736 N:
1596 4699 1650 4736 om.
1668 4686 1734 4738 bana
1750 4685 1799 4736 dtt.

472 4789 501 4800 -
520 4763 560 4813 49.
579 4761 694 4812 amicat
709 4760 788 4824 agis.
809 4787 836 4796 -
863 4760 934 4810 babet
957 4759 986 4819 4,
1005 4761 1043 4809 ll:
1071 4757 1175 4808 babebat
1197 4759 1245 4810 dtt.
1272 4785 1300 4795 -
1327 4758 1368 4811 24.
1385 4759 1480 4821 Aproni
1505 4759 1585 4809 Probi
1610 4772 1654 4811 ars
1669 4761 1759 4811 minor
1775 4760 1802 4811 in

469 4839 553 4892 Analt.
571 4849 684 4902 gramm.
702 4850 730 4901 p.
748 4835 806 4886 244.
827 4861 854 4871 -
872 4837 914 4886 26.
932 4837 977 4886 iste
993 4839 1048 4886 erat
1064 4833 1143 4897 4342.
1165 4863 1193 4871 -
1211 4834 1285 4899 colas]
1303 4836 1413 4884 wciarl.
1431 4848 1463 4884 ex
1480 4833 1540 4886 cod.
1555 4835 1704 4887 llctomsnl.
1723 4835 1800 4887 ellat:

471 4913 544 4966 solas
565 4925 648 4973 unus,
675 4911 720 4975 qut
737 4912 764 4961 in
781 4909 933 4961 cubiculum
950 4910 1150 4972 admitteretur;
1178 4925 1264 4978 eaque
1286 4911 1363 4964 lectio
1383 4912 1557 4964 confirmatur
1576 4912 1693 4964 maxlme
1715 4921 1740 4961 c.
1757 4908 1801 4962 23.

471 4991 496 5055 5.
514 4990 573 5040 33.»
592 4990 636 5038 0s.
657 5013 685 5024 -
703 4986 744 5037 23.
763 4987 844 5036 cadas
860 4998 913 5036 om.
932 4986 1030 5050 agnas
1040 4988 1068 5036 Β.
1090 5015 1118 5024 -
1136 4988 1177 5039 29.
1195 4990 1230 5039 aa
1244 4989 1361 5051 fatam
1376 4987 1521 5052 Lgttl'llz
1540 4989 1576 5038 ad
1589 4985 1735 5039 contendat
1748 4984 1803 5049 [aas

469 5072 544 5116 tasas
560 5063 617 5115 rell.
642 5088 671 5099 -
694 5063 841 5125 ...dasque
862 5074 1046 5122 satanaeque
1067 5067 1151 5112 umen
1174 5062 1199 5126 s.
1217 5063 1258 5114 29.
1277 5067 1344 5114 extr.
1371 5062 1454 5113 babet
1469 5062 1500 5112 V.
1524 5089 1553 5100 ·-
1579 5062 1621 5113 34.
1639 5060 1703 5111 citata
1718 5058 1750 5110 V.
1770 5086 1800 5097 -

470 5139 511 5190 32.
529 5140 632 5190 aedictia
647 5139 678 5189 V.
699 5161 726 5173 -
746 5141 805 5186 acte
821 5136 843 5185 V
860 5140 888 5186 et
905 5134 1038 5200 plerique:
1065 5142 1142 5186 actea
1159 5138 1187 5186 0.
1213 5137 1247 5188 ci.
1265 5137 1300 5188 ad
1316 5139 1346 5187 ll.
1366 5138 1391 5201 S.
1408 5137 1449 5187 82.
1474 5161 1502 5172 -·
1525 5135 1565 5187 33.
1582 5137 1676 5187 retecta
1697 5147 1730 5186 aa
1743 5147 1799 5198 rep·

470 5227 540 5265 corr.
558 5214 590 5264 V:
617 5212 857 5275 raecwcrepaatotc
872 5224 913 5276 pr.
931 5212 967 5270 νς
994 5212 1086 5261 reiecta
1102 5217 1125 5262 et
1140 5224 1194 5276 rep.
1213 5214 1275 5264 cett.
1296 5239 1324 5249 -
1350 5211 1392 5264 34.
1410 5211 1509 5275 cadus,
1533 5211 1627 5266 iudica
1641 5208 1727 5276 lasti:
1744 5209 1798 5263 tad.

469 5289 554 5341 audite
570 5287 628 5341 rell.
647 5289 677 5341 0.
695 5310 724 5327 -·
743 5288 784 5340 st.
803 5292 917 5351 oportere
932 5299 986 5338 om.
999 5286 1078 5351 agla.
