4367 6109
722 579 796 646 Gur.
819 581 1149 650 xxxv-xxxvl.
1178 582 1235 670 §§.
1257 581 1429 650 96-l03.
1694 577 1737 642 57

413 751 501 838 quod
527 752 713 836 Capitonem
734 753 870 836 primum
892 753 973 816 scire
994 752 1156 817 voluerit?
1197 755 1329 830 Nescio;
1352 755 1414 818 nisi
1432 755 1494 818 boc
1508 755 1621 830 rideo,
1644 749 1737 832 Capi-

413 855 522 909 tonem
545 847 578 909 in
599 847 650 910 bis
671 847 764 917 bonis
786 867 856 910 esse
878 849 1021 910 socium:
1050 848 1090 910 de
1121 849 1221 911 tribus
1244 856 1276 912 et
1297 850 1405 913 decem
1428 849 1536 913 fundis
1558 857 1621 912 tres
1643 843 1737 912 1¹0bi·

412 939 552 1002 lissimos
574 939 691 1009 fundos
712 962 785 1004 eum
805 941 899 1004 video
921 942 1094 1026 possidere.
1138 939 1210 1006 000.
1226 944 1334 1007 dudio
1356 953 1535 1027 praeterea,
1565 963 1630 1007 non
1651 943 1737 1006 hanc

413 1034 628 1115 suspicionem
651 1055 735 1106 nunc
756 1036 894 1119 primum
916 1037 949 1098 in
973 1037 1159 1117 Capitonem
1181 1038 1336 1100 conferri:
1371 1039 1484 1102 multas
1507 1058 1576 1102 esse
1599 1036 1736 1100 infames

413 1127 484 1189 eius
506 1127 637 1210 palmas,
659 1127 741 1192 banc
763 1130 896 1212 primam
918 1150 988 1193 esse
1011 1138 1117 1194 tamen
1139 1132 1363 1207 lemniscatam,
1388 1153 1469 1216 quae
1483 1135 1583 1196 Roma
1597 1133 1626 1194 ei
1647 1128 1737 1192 deie-
1760 1132 1776 1182 ⁵

413 1229 519 1284 ratur:
552 1222 675 1285 nullum
704 1224 834 1286 modum
862 1244 932 1287 esse
960 1223 1099 1288 bominis
1127 1224 1310 1298 occidendi,
1343 1245 1406 1309 quo
1434 1226 1488 1289 ilie
1518 1245 1583 1287 non
1612 1225 1736 1307 aliquot

414 1317 584 1391 occiderit,
617 1316 734 1380 multos
762 1317 864 1394 ferro,
898 1321 1014 1382 multos
1043 1339 1177 1383 veneno.
1220 1320 1330 1382 liabeo
1359 1320 1454 1383 etiam
1482 1320 1603 1393 dicere,
1638 1337 1733 1402 quem

415 1418 525 1474 eontra
554 1430 675 1473 morem
703 1413 858 1475 maiorum
887 1415 1040 1476 minorem
1062 1415 1154 1477 annis
1176 1415 1340 1495 sexaginta
1362 1414 1401 1476 de
1422 1420 1519 1496 ponte
1540 1413 1574 1475 in
1596 1412 1734 1474 Tiberim

414 1505 583 1569 deiecerit:
617 1520 721 1588 quoe,
750 1507 776 1568 si
806 1508 961 1590 prodierit
989 1518 1085 1593 atque
1114 1508 1195 1571 odeo
1223 1528 1295 1570 cum
1324 1508 1477 1592 prodierit
1497 1540 1539 1554 -
1560 1509 1626 1570 scio
1649 1507 1734 1569 enim

413 1600 615 1684 proditurum
638 1619 707 1663 esse
728 1634 786 1676 ·-,
809 1602 926 1664 audiet.
962 1597 1033 1664 tut.
1056 1604 1171 1666 Veniat
1193 1601 1304 1678 modo,
1327 1600 1465 1686 explicet
1479 1622 1572 1664 suum
1585 1602 1735 1665 volumen
1744 1611 1772 1659 to

415 1693 511 1768 illud,
534 1693 621 1777 quod
643 1696 672 1756 ei
693 1694 824 1778 planum
845 1696 949 1759 iacere
970 1715 1100 1779 possum
1115 1696 1265 1758 Erucium
1280 1695 1523 1778 conscripsisse,
1546 1693 1632 1778 quod
1647 1694 1737 1757 aiunt

415 1788 506 1852 illum
530 1788 603 1851 Sex.
626 1789 741 1851 Roscio
766 1789 938 1852 intentasse
962 1798 993 1852 et
1014 1790 1193 1854 minitatum
1216 1810 1341 1854 essese
1364 1789 1471 1852 omnia
1491 1787 1547 1850 illa
1567 1808 1626 1870 pro
1649 1787 1736 1850 testi-

416 1883 523 1946 monio
547 1902 616 1946 esse
640 1883 807 1946 dicturum.
851 1882 877 1946 0
902 1885 1098 1966 praeclarum
1121 1893 1249 1960 testem,
1279 1885 1416 1948 iudicesl
1439 1904 1458 1946 o
1481 1883 1665 1966 gravitatem
1688 1880 1738 1941 di-

417 1996 509 2060 gnam
539 1978 793 2060 exspectatione!
824 1997 842 2040 o
871 1979 967 2041 vitam
996 1978 1163 2043 honestam
1184 1990 1280 2064 atque
1303 1979 1475 2054 eiusmodi,
1507 1985 1544 2040 ut
1564 1974 1735 2038 libentibus

416 2071 530 2136 animis
552 2071 592 2136 ad
615 2073 684 2137 eius
706 2073 922 2146 testimonium
944 2082 1083 2137 vestrum
1105 2075 1156 2137 ius
1178 2072 1347 2137 iurandum
1361 2070 1627 2136 accommodetisl
1660 2070 1773 2131 Pro-ss

415 2168 497 2232 lecto
527 2187 593 2231 non
622 2174 685 2230 tam
715 2167 883 2250 perspicue
911 2186 970 2231 nos
1000 2168 1133 2231 istorum
1159 2165 1313 2231 maleficia
1333 2167 1529 2240 videremus,
1562 2163 1624 2228 nisi
1646 2162 1734 2244 ipsos

416 2282 526 2326 caecos
548 2262 694 2324 redderet
715 2260 872 2344 cupiditas
895 2268 926 2323 et
947 2263 1078 2325 avaritia
1100 2270 1131 2325 et
1151 2263 1293 2324 audacia.

498 2354 645 2419 xxxvl.
674 2351 746 2417 tue.
774 2354 861 2418 Alter
890 2376 929 2418 ex
958 2359 1026 2439 ipsa
1049 2357 1146 2419 caede
1167 2355 1328 2419 volucrem
1349 2356 1495 2419 nuntium
1516 2356 1672 2418 Ameriam
1695 2354 1735 2417 ad

417 2452 537 2514 socium
558 2457 654 2532 atque
675 2449 715 2512 ad
738 2451 920 2532 magistrum
942 2471 1034 2513 suum
1056 2452 1156 2525 misit,
1178 2458 1230 2523 ut,
1253 2451 1280 2512 si
1301 2450 1500 2513 dissimulare
1514 2469 1625 2512 omnes
1639 2469 1736 2532 cupe-

416 2555 487 2610 rent
508 2564 542 2608 se
564 2545 659 2618 scire,
682 2543 721 2606 ad
745 2563 839 2627 quem
861 2541 1048 2607 maleficium
1070 2547 1255 2629 pertineret,
1276 2552 1382 2606 tamen
1401 2547 1469 2627 ipse
1483 2553 1627 2627 apertum
1643 2555 1773 2606 suumn)

416 2640 519 2702 scelus
541 2647 614 2702 ante
635 2640 775 2701 omnium
798 2639 908 2701 oculos
930 2646 1072 2721 poneret.
1114 2640 1217 2713 Alter,
1246 2640 1273 2702 si
1294 2640 1343 2701 dis
1364 2639 1592 2702 immortalibus
1615 2640 1734 2722 placet,

415 2735 631 2798 testimonium
653 2733 747 2795 etiam
769 2733 802 2795 in
826 2732 898 2794 Sex.
914 2733 1063 2796 Roscium
1085 2733 1226 2795 dicturus
1241 2740 1305 2796 est:
1328 2734 1507 2817 quasivero
1524 2732 1735 2795 nonidnnnc

414 2836 542 2912 agatur,
564 2835 669 2889 utrum
691 2828 718 2889 is
741 2825 828 2910 quod
851 2826 965 2889 dixerit
986 2826 1194 2901 credendum,
1216 2847 1256 2890 an
1280 2827 1366 2911 quod
1387 2824 1736 2890 ieceritvindicandurn

416 2923 465 2984 sit.
508 2923 556 2986 lta
582 2940 669 2985 more
699 2922 853 2983 maiorum
875 2930 1091 3004 comparatum
1113 2928 1177 2995 est,
1205 2930 1241 2984 ut
1262 2923 1295 2985 in
1317 2921 1454 2984 minimis
1475 2920 1569 2982 rebus
1590 2919 1735 2982 homines

415 3016 599 3098 amplissimi
631 3015 845 3077 testimonium
875 3012 914 3076 de
943 3034 1000 3076 sua
1027 3034 1062 3077 re
1091 3035 1155 3078 non
1177 3017 1327 3079 dicerent.
1372 3010 1443 3077 l03.
1464 3014 1648 3087 Africanus,
1679 3014 1773 3097 quito

415 3129 473 3172 suo
506 3110 692 3191 cognomine
725 3107 865 3171 declarat
896 3110 1020 3171 tertiam
1048 3119 1170 3192 partem
1198 3110 1282 3174 orbis
1312 3118 1465 3173 terrarum
1495 3129 1530 3171 se
1557 3109 1734 3190 subegisse,

414 3210 536 3278 tamen,
559 3205 586 3266 si
608 3223 665 3266 sua
686 3222 737 3266 res
760 3210 921 3284 ageretur,
944 3205 1158 3267 testimonium
1174 3225 1239 3267 non
1254 3204 1390 3279 dicerem
1412 3223 1485 3265 nam
1499 3201 1578 3265 illud
1593 3203 1625 3264 in
1640 3202 1735 3265 talem

413 3299 516 3360 virum
537 3317 603 3360 non
624 3296 727 3384 audeo
742 3297 863 3360 dicere:
886 3299 913 3360 si
929 3297 1060 3373 diceret,
1082 3318 1148 3360 non
1162 3298 1354 3361 crederetur.
1386 3296 1499 3359 Videte
1514 3315 1615 3368 nunc,
1638 3314 1735 3377 quam

413 3411 506 3454 versa
533 3400 566 3454 et
595 3399 714 3454 mutata
741 3392 774 3454 in
803 3394 944 3473 peiorem
973 3401 1095 3474 partem
1122 3395 1184 3455 sint
1205 3394 1320 3454 omnia.
1366 3391 1444 3454 Cum
1466 3389 1620 3452 debonis
1642 3397 1673 3450 et
1695 3387 1735 3449 de

414 3484 511 3548 caede
533 3493 660 3568 agatur,
683 3486 896 3548 testimonium
920 3486 1061 3549 dicturus
1084 3489 1192 3560 estis,
1217 3487 1273 3571 qui
1295 3495 1327 3549 et
1348 3492 1452 3548 sector
1473 3490 1573 3546 estet
1593 3483 1774 3556 sicariuseo

414 3579 475 3642 boc
504 3589 568 3655 est,
600 3581 656 3664 qui
684 3586 716 3643 et
743 3578 870 3642 illorum
892 3581 1034 3664 ipsorum
1055 3580 1210 3642 bonorum
1217 3624 1227 3654 ,
1260 3578 1299 3640 de
1322 3579 1437 3663 quibus
1459 3578 1581 3670 agitur,
1612 3583 1735 3657 emptor

481 3788 505 3837 t.
524 3786 587 3836 scire
601 3784 672 3834 vellet
689 3797 762 3848 susp.
781 3785 842 3834 Ern.
863 3809 889 3820 -
909 3785 933 3835 Ξ.
952 3785 998 3834 tris
1014 3784 1073 3834 eod.
1092 3784 1184 3836 Lemb.
1205 3810 1232 3820 —
1252 3784 1276 3834 3.
1293 3784 1364 3833 oideo
1380 3784 1442 3832 ante
1456 3782 1581 3845 possidere
1595 3781 1682 3832 liade.
1700 3781 1735 3830 de

414 3862 524 3915 Uenutii
540 3859 671 3912 sententia
689 3856 793 3908 delevit.
820 3859 854 3908 st
869 3858 974 3909 videtur
990 3859 1052 3910 lerri
1068 3872 1161 3923 posse,
1183 3860 1205 3910 si
1230 3861 1330 3910 statuas
1347 3861 1481 3909 oratorem
1498 3857 1579 3921 figura
1598 3857 1737 3923 condupli-

415 3937 526 3987 cationis
543 3933 809 3998 etinterpretctionis
828 3934 861 3996 (v.
879 3936 954 3984 nuci.
974 3935 1008 3984 ad
1026 3936 1139 3985 llerenn.
1154 3935 1195 3984 lV.
1216 3947 1240 3983 c.
1253 3934 1304 3996 28.)
1325 3934 1464 3984 coniuncto
1481 3946 1559 3983 usum
1571 3944 1640 3983 esse.
1660 3932 1736 3993 Quod

414 4015 436 4064 si
454 4015 509 4075 est,
527 4013 601 4061 recte
619 4011 645 4060 in
663 4011 809 4073 posteriore
827 4011 958 4059 sententia
969 4011 1038 4060 video
1051 4009 1129 4059 elium
1141 4007 1230 4059 iocum
1242 4008 1346 4059 obtinet
1356 4022 1436 4072 quam
1448 4009 1473 4058 in
1485 4009 1582 4072 priore.
1602 4006 1641 4058 Gi.
1653 4007 1677 4071 S.
1688 4008 1735 4057 res

414 4092 480 4138 extr.
501 4113 529 4123 -
556 4085 614 4150 non]
640 4098 706 4134 omne
727 4086 756 4133 G.
779 4083 854 4147 (banc
875 4098 940 4147 nup.
963 4100 1012 4136 non
1031 4099 1098 4135 nunc
1117 4085 1228 4147 primum
1250 4082 1341 4134 Lemb.
1361 4084 1445 4147 susp.)
1465 4108 1492 4120 -
1520 4081 1545 4133 l.
1564 4082 1737 4145 intumescitis

414 4166 559 4214 Gruterus:
577 4160 768 4223 inluminabis,
787 4157 860 4219 Poll,
879 4159 894 4208 ³
910 4161 993 4221 Parc,
1011 4159 1116 4216 tOxx.;
1134 4160 1289 4223 insumite,
1307 4161 1334 4208 in
1344 4159 1442 4221 sumnus
1453 4160 1488 4218 G;
1506 4158 1627 4221 insmniue
1638 4163 1695 4210 Par.
1709 4159 1734 4209 8.

414 4240 441 4288 et
458 4251 490 4297 ες
515 4237 621 4300 insontes
637 4236 665 4285 0.
686 4260 713 4270 —
738 4235 762 4284 5.
780 4234 883 4297 patmus
899 4261 938 4271 -·
954 4235 1082 4298 deseratur
1098 4249 1151 4285 om.
1170 4237 1199 4285 G.
1221 4262 1248 4272 -
1271 4236 1443 4285 lenoniscntom
1458 4235 1575 4286 bivuc:
1602 4237 1735 4286 lemnisca-

414 4319 515 4374 tamum
532 4312 570 4372 (2;
589 4310 757 4360 lmnniscotom
774 4314 903 4373 temonem
919 4318 955 4372 ψ.
976 4311 1100 4373 [Buecbn.
1114 4312 1181 4361 coni.
1199 4311 1344 4361 lemniscata
1360 4323 1425 4371 quoe
1435 4311 1528 4360 Romae
1538 4311 1596 4373 def.)
1611 4335 1639 4346 -
1657 4311 1737 4359 iterna

414 4389 436 4438 ei
453 4388 541 4436 Garat.
561 4388 588 4436 et
603 4386 723 4437 Ernesti:
741 4386 833 4435 liomoe
850 4384 945 4443 codd.;
964 4387 1042 4436 iionm
1059 4384 1123 4438 alios
1140 4385 1227 4448 legere
1245 4387 1281 4437 uit
1297 4384 1389 4436 Lemb.
1407 4386 1434 4435 iu
1451 4398 1546 4449 marg,
1564 4384 1637 4449 quod
1648 4384 1734 4435 blodv.

415 4462 515 4514 ascivit.
537 4488 564 4498 -
584 4462 679 4526 deferm
695 4462 784 4524 tiso.
806 4489 834 4498 -
853 4462 877 4510 6.
895 4461 957 4510 nulii
974 4463 1003 4511 G.
1024 4490 1051 4499 -
1070 4462 1094 4512 o.
1113 4475 1177 4524 quae
1193 4462 1214 4510 si
1231 4460 1273 4511 ed.
1287 4462 1449 4523 Hervagiena
1462 4459 1566 4522 (tiabit
1585 4460 1628 4522 qui
1644 4459 1665 4508 si
1681 4459 1736 4508 Gli

414 4551 492 4600 rac,
511 4538 599 4588 Goxx.
621 4565 648 4574 -
666 4541 741 4598 utque
757 4551 784 4585 a.
802 4549 823 4585 c.
839 4537 963 4599 prodierit
979 4550 1032 4588 om.
1051 4539 1080 4588 G.
1102 4565 1129 4574 -
1153 4538 1203 4587 seio
1219 4550 1276 4586 cum
1289 4537 1363 4599 prod.
1382 4544 1422 4598 ψ,
1439 4536 1511 4585 unde
1528 4535 1646 4585 Buecbn.
1664 4533 1733 4583 conl.

413 4616 464 4665 scio
480 4627 538 4664 eum
551 4614 625 4676 prod.
645 4639 672 4648 -
692 4613 732 4660 tt.
747 4612 823 4674 pinne
839 4612 873 4662 bl.
889 4638 914 4648 -
936 4613 1045 4676 apnntG
1059 4611 1207 4676 (erogent).
1223 4639 1251 4649 -
1270 4614 1310 4663 m.
1328 4612 1471 4662 minitatum
1483 4611 1586 4661 llotom.
1600 4624 1633 4660 er
1644 4607 1734 4658 codd:

413 4693 548 4739 minutum
565 4690 636 4738 Parr.
657 4689 732 4750 (teste
751 4687 859 4736 Steinm.
878 4686 912 4737 ud
934 4687 959 4751 3.
978 4688 1059 4750 t00.l;
1085 4692 1221 4737 mentatum
1238 4689 1272 4747 G,
1295 4688 1332 4736 st.
1351 4687 1434 4746 Vici,
1459 4687 1605 4736 nuditatum
1621 4686 1733 4743 ilvae,

414 4762 488 4824 Pali,
507 4763 597 4812 60¹1.
618 4787 645 4799 -
666 4761 705 4812 tt.
723 4760 809 4825 vitum]
827 4763 919 4811 iustam
936 4763 1074 4821 llSTzrr.
1096 4789 1122 4798 -
1141 4768 1168 4812 ot
1184 4762 1323 4811 huiusmodi
1337 4775 1363 4810 r.
1377 4786 1406 4798 -
1424 4760 1591 4810 lubentime
1608 4761 1649 4821 lex
1660 4757 1734 4819 inb.);

414 4839 528 4889 libentius
544 4852 569 4888 a.
590 4865 615 4875 -
637 4839 677 4889 to.
696 4851 741 4886 nos
757 4839 824 4897 GM,
851 4839 910 4888 Par.
930 4840 953 4888 t.
971 4835 996 4888 i.
1016 4839 1053 4887 o:
1082 4850 1135 4887 orn.
1153 4851 1198 4887 nos
1214 4850 1293 4898 vac,
1321 4835 1398 4887 codd.
1423 4835 1480 4886 rell.
1498 4836 1568 4896 noti,
1588 4835 1617 4884 0.
1638 4856 1664 4866 -
1687 4830 1735 4879 niti

414 4917 473 4966 istm
489 4916 539 4966 litt.
560 4939 587 4951 -
612 4914 652 4964 ⁴7.
672 4919 695 4964 et
711 4915 821 4963 eudocia
837 4925 890 4963 om.
911 4915 939 4963 G.
960 4940 987 4949 -·
1006 4913 1046 4962 ts.
1066 4913 1131 4961 atter
1145 4939 1185 4948 --
1200 4912 1328 4961 Ameriam
1344 4923 1398 4960 om.
1415 4912 1445 4961 G.
1466 4938 1492 4947 -
1512 4909 1570 4960 tort.
1589 4909 1623 4957 ad
1641 4907 1734 4955 socium

415 4992 661 5055 munemupistrum.
683 5017 709 5026 -
729 4989 768 5041 ⁴9.
787 4988 809 5038 si
826 5002 878 5039 om.
898 4990 927 5039 G.
949 5014 976 5024 —
995 4989 1035 5038 2⁴.
1054 4987 1181 5037 nissen:
1201 4988 1248 5037 diis
1264 4988 1401 5038 Glirac.
1421 5012 1449 5023 -
1467 4986 1507 5035 22.
1527 4984 1734 5047 coenomanico

414 5066 442 5114 td
457 5079 522 5114 nnec
539 5070 633 5130 apator
649 5064 753 5127 iladvig
770 5067 804 5127 (v.
816 5064 912 5128 opusc.
930 5065 950 5114 i.
969 5077 995 5128 p.
1010 5060 1057 5111 403
1068 5062 1134 5127 sq.):
1154 5076 1207 5113 om.
1225 5077 1276 5112 non
1293 5061 1371 5113 codd.
1384 5063 1413 5113 0.
1432 5089 1459 5098 -
1477 5062 1518 5111 23.
1536 5057 1634 5120 isqood
1644 5058 1665 5106 G
1674 5058 1698 5106 bl
1707 5068 1731 5118 c,

415 5139 493 5191 Peli:
521 5141 547 5190 u
563 5142 629 5204 qnod
650 5139 849 5204 Cllsbnpva.
870 5165 896 5176 -
920 5152 956 5189 an
977 5138 1240 5202 quod--mciorum
1262 5151 1315 5188 om.
1335 5139 1364 5188 G.
1386 5165 1412 5174 -
1435 5134 1475 5187 il.
1494 5138 1530 5184 ita
1547 5132 1622 5182 seb:
1648 5132 1733 5193 itaque

416 5215 493 5265 oodd.
513 5219 541 5266 et
557 5216 591 5276 0;
609 5215 648 5266 ita
663 5214 762 5278 medem
778 5210 847 5273 dini.
859 5213 975 5266 Weiske.
990 5238 1017 5249 -
1034 5217 1156 5275 paratum
1170 5214 1198 5263 G.
1214 5240 1240 5248 -
1259 5213 1301 5264 26.
1318 5213 1416 5262 nomine
1427 5213 1456 5261 G.
1472 5237 1498 5246 -
1517 5208 1642 5258 sabiensis
1658 5209 1687 5259 G.
1702 5232 1730 5245 -

416 5289 457 5342 29.
475 5295 533 5341 Μ
549 5289 604 5348 Gv.
624 5317 652 5328 -·
670 5289 711 5344 ³0.
729 5289 751 5340 is
767 5300 820 5349 om.
838 5291 868 5343 G.
887 5316 915 5327 -
933 5289 974 5347 st.
992 5294 1015 5340 et
1031 5289 1132 5340 illem
1148 5289 1231 5356 stips.
1249 5289 1305 5340 lla.
1327 5313 1354 5325 -
1373 5286 1493 5339 tmonm
1509 5296 1562 5337 om.
1581 5284 1611 5336 G.
