4367 6109
665 558 733 623 m.
754 556 794 622 n.
824 554 901 622 cn.
922 555 1189 624 xcv-xum.
1216 554 1273 642 ss.
1295 552 1483 623 roo-uc.
1673 550 1731 621 au

415 731 480 790 tem
501 725 568 802 rei,
589 732 657 790 tum
678 726 774 791 etiam
795 732 927 811 propter
944 725 1086 792 hominis
1107 727 1293 812 dignitatem
1313 728 1462 793 acerbum
1480 726 1626 792 omnibus
1641 732 1737 811 atqua

413 818 652 884 intolerandum
672 821 843 884 videretur.
885 821 995 884 XLVI.
1017 817 1090 886 lit.
1112 822 1208 886 Estne
1231 821 1382 887 Sthenius
1403 824 1449 899 is,
1471 822 1528 907 qui
1549 841 1659 886 ornnes
1679 821 1739 885 ho·
1788 827 1791 845 '

413 932 509 977 nores
531 914 617 977 domi
639 933 717 978 suae
738 914 888 978 facillime
910 935 983 978 cum
1004 914 1140 1000 adeptus
1155 924 1255 992 esset,
1276 918 1471 1002 amplissime
1485 937 1523 982 ac
1537 911 1741 1000 magnificen-

413 1007 535 1072 tissime
556 1008 678 1091 gessit?
707 1008 764 1092 qui
794 1008 949 1092 oppidum
976 1029 1042 1072 non
1071 1011 1245 1074 maximum
1271 1012 1419 1076 maximis
1448 1031 1489 1076 ex
1518 1011 1655 1094 pecunia
1682 1025 1741 1071 sna

412 1101 493 1165 locis
521 1101 743 1177 communibus
770 1103 1051 1188 monumentisque
1077 1105 1262 1169 decoravit?
1288 1107 1380 1170 cuius
1407 1106 1446 1170 de
1474 1105 1596 1169 meritis
1617 1103 1652 1167 in
1673 1119 1764 1166 rems

412 1194 573 1279 publicam
605 1197 881 1261 Thermitanorum
915 1197 1106 1281 Siculosque
1135 1199 1303 1263 universos
1332 1199 1394 1265 fuit
1420 1219 1520 1265 aenea
1547 1198 1655 1263 tabula
1676 1191 1741 1259 lixa

413 1289 560 1353 Thermis
588 1289 623 1353 in
648 1291 751 1364 curia,
780 1291 816 1354 in
837 1311 901 1375 qua
929 1291 1058 1374 publico
1080 1300 1148 1356 erat
1169 1293 1210 1357 de
1230 1293 1327 1358 huius
1347 1295 1512 1359 beneficiis
1533 1293 1687 1376 scripturn
1709 1295 1742 1352 ct

412 1383 577 1447 incisnml
607 1404 692 1469 quae
712 1385 821 1449 tabula
841 1393 910 1448 tum
931 1385 1065 1469 imperio
1092 1394 1149 1450 tuo
1169 1387 1313 1464 revulsa,
1339 1410 1425 1453 nunc
1446 1408 1466 1452 a
1487 1408 1538 1452 me
1559 1394 1665 1451 tamen
1687 1387 1742 1449 de·

414 1485 540 1561 portata
562 1485 628 1555 est,
648 1486 685 1543 ut
706 1499 817 1543 omnes
838 1478 935 1544 huius
955 1479 1095 1545 honores
1115 1482 1199 1545 inter
1218 1502 1294 1545 snos
1309 1489 1342 1546 et
1355 1483 1597 1567 amplitudinem
1609 1485 1743 1565 possent

414 1590 617 1655 cognoscere.
662 1568 734 1636 113.
754 1575 853 1637 Estne
873 1573 943 1648 bic,
966 1574 1038 1657 qui,
1060 1575 1145 1658 apud
1169 1575 1224 1639 Cn.
1246 1576 1450 1660 Pompeium,
1472 1574 1780 1640 clarissimumvi-to

413 1686 501 1741 rum,
524 1687 596 1730 cum
617 1673 785 1732 accusatus
807 1676 906 1743 esset,
933 1669 1020 1751 quod
1041 1674 1174 1752 propter
1195 1669 1229 1732 G.
1252 1671 1343 1735 hierii
1364 1670 1610 1734 familiaritatem
1632 1678 1665 1732 et
1684 1669 1743 1735 ho·

414 1761 546 1844 spitinm
573 1770 684 1826 contra
711 1781 778 1826 rem
806 1761 967 1845 publicam
995 1761 1134 1826 sensisse
1157 1782 1230 1826 eum
1252 1763 1373 1827 inimici
1396 1770 1430 1827 et
1449 1771 1651 1828 accusatores
1673 1765 1743 1827 eius

414 1853 571 1929 dicerent,
600 1874 737 1940 cumque
766 1856 867 1938 magis
888 1855 1049 1919 invidioso
1072 1857 1204 1920 crimine
1227 1876 1322 1942 quam
1344 1876 1419 1921 vero
1442 1866 1670 1935 arcesseretur,
1699 1859 1745 1921 ita

413 1967 433 2012 a
456 1948 513 2012 Cn.
535 1950 688 2032 Pompeio
710 1948 875 2012 absolutus
897 1955 962 2022 ost,
984 1950 1075 2012 utin
1097 1969 1136 2014 co
1158 1952 1229 2034 ipso
1251 1951 1371 2015 iudicio
1386 1953 1558 2037 Pompeius
1579 1952 1666 2016 hunc
1685 1951 1745 2015 ho·

413 2043 511 2126 spitio
541 2062 601 2106 auo
634 2043 856 2126 dignissimum
883 2047 1062 2106 statueret?
1094 2044 1139 2107 ita
1167 2064 1263 2127 porro
1291 2045 1439 2110 laudatus
1468 2046 1682 2131 defensusque
1704 2047 1782 2110 11111

414 2140 563 2202 omnibus
592 2137 723 2212 Siculis,
750 2144 787 2199 ut
811 2136 897 2199 idern
926 2137 1097 2219 Pompeius
1118 2157 1185 2201 non
1206 2139 1246 2201 ab
1267 2138 1398 2203 homine
1420 2140 1542 2216 solum,
1569 2139 1745 2205 sedetiam

414 2251 433 2295 a
447 2233 612 2316 provincia
626 2238 694 2296 tota
707 2250 743 2294 se
758 2230 856 2294 huius
870 2229 1073 2294 absolutione
1087 2232 1169 2295 inire
1184 2232 1317 2315 gratiam
1327 2233 1553 2300 arbitraretur?
1568 2237 1745 2310 Postremo,

414 2334 504 2390 estne
525 2326 595 2402 hic,
619 2325 675 2410 qui
696 2331 728 2389 et
749 2325 890 2388 animum
910 2325 945 2387 in
966 2344 1033 2388 rem
1054 2325 1216 2408 publicam
1236 2326 1349 2390 habuit
1371 2328 1545 2393 eiusmodi
1567 2336 1601 2393 et
1620 2336 1745 2394 uatum

415 2422 604 2486 auctoritate
626 2420 712 2504 apud
734 2439 810 2485 suos
832 2419 916 2483 cives
938 2419 1060 2502 potuit,
1081 2426 1118 2483 nt
1138 2417 1304 2503 perficeret
1324 2422 1358 2484 in
1373 2421 1482 2487 Sicilia
1504 2424 1593 2488 solus
1607 2431 1639 2487 te
1654 2442 1746 2507 prae·

414 2523 500 2591 tore,
522 2515 610 2600 qnod
631 2533 698 2578 non
719 2514 815 2577 modo
837 2513 964 2578 Siculus
986 2534 1099 2590 nemo,
1121 2515 1178 2580 sed
1197 2535 1238 2578 ne
1254 2515 1364 2579 Sicilia
1381 2516 1511 2601 quidem
1532 2524 1600 2583 tota
1621 2518 1782 2603 potuis-to

413 2616 478 2686 set,
498 2616 537 2673 nt
557 2629 599 2673 ex
619 2608 740 2692 oppido
762 2607 906 2671 Thermis
927 2607 1051 2670 nulium
1073 2608 1217 2692 signum,
1244 2609 1369 2673 nullum
1398 2621 1637 2690 ornamentum,
1664 2609 1746 2676 nihil

415 2723 456 2768 ex
477 2722 586 2779 sacro,
612 2702 694 2767 nihil
720 2701 761 2764 de
789 2702 920 2784 publico
942 2702 1133 2785 attingeres,
1162 2722 1234 2766 cum
1254 2704 1442 2786 praesertim
1463 2712 1497 2769 et
1518 2713 1626 2771 essent
1646 2704 1745 2770 multa

414 2798 578 2881 praeclara
600 2803 632 2861 ot
653 2803 688 2860 tu
711 2795 818 2860 omnia
839 2796 1067 2878 concupissesl
1100 2792 1172 2860 lli.
1194 2798 1343 2881 Denique
1356 2801 1546 2875 nuncridc,
1569 2799 1648 2885 qnid
1663 2799 1746 2862 inter
1827 2820 1830 2826 ’

414 2899 463 2968 tc,
486 2893 579 2956 cuins
599 2891 729 2954 nomine
750 2889 837 2973 apud
852 2890 978 2955 Siculos
996 2889 1065 2953 dies
1079 2889 1153 2954 testi
1167 2891 1329 2974 agitantur
1342 2898 1375 2954 et
1388 2894 1551 2975 praeclara
1565 2895 1621 2959 illa
1635 2892 1746 2958 Verria

414 2986 630 3060 celebrantur,
659 2985 751 3049 cuins
773 2990 898 3048 statuae
918 2985 1037 3048 Romae
1060 2990 1145 3048 stant
1165 2985 1346 3061 inauratae,
1379 2988 1582 3051 acommuni
1606 2988 1783 3063 Sicilianm

415 3100 511 3164 quem
525 3079 708 3145 admodum
728 3078 915 3161 inscriptum
936 3078 1092 3154 videmus,
1114 3073 1216 3154 datae,
1238 3079 1322 3154 vide,
1343 3081 1485 3164 inquam,
1507 3081 1586 3165 quid
1607 3082 1693 3146 inter
1711 3090 1744 3147 tc

414 3182 448 3239 ot
466 3175 555 3240 hnnc
577 3173 739 3248 Siculum,
762 3173 818 3257 qui
840 3173 896 3236 abs
918 3179 950 3235 te
972 3179 1035 3247 cst,
1057 3181 1193 3255 patrono
1209 3173 1355 3248 Siciliae,
1378 3174 1624 3251 condemnatus,
1645 3177 1745 3240 inter·

414 3271 466 3333 sit.
498 3269 591 3334 Hunc
613 3268 758 3332 civitates
779 3286 820 3330 ex
842 3266 952 3330 Sicilia
982 3267 1158 3350 permultae
1179 3267 1362 3331 testimonio
1384 3288 1443 3332 sno
1464 3269 1744 3354 legationibusque

414 3362 454 3426 ad
477 3381 548 3426 eam
568 3381 635 3426 rem
657 3361 764 3424 missis
785 3361 913 3444 publice
934 3359 1086 3424 landant:
1116 3368 1164 3437 te,
1198 3362 1340 3425 omnium
1362 3361 1542 3426 Siculorum
1563 3372 1743 3449 patronum,

413 3477 479 3522 nna
501 3456 689 3521 Mamertina
716 3455 846 3530 civitas,
876 3454 963 3518 socia
991 3453 1148 3517 furtorum
1172 3475 1209 3519 ac
1231 3457 1423 3539 flagitiorum
1445 3463 1587 3534 tuorum,
1616 3458 1782 3542 publicent

413 3551 542 3626 laudat,
564 3551 609 3614 ita
629 3557 737 3614 tamen
757 3568 841 3613 novo
863 3569 969 3624 more,
990 3556 1027 3612 ut
1048 3549 1144 3631 legati
1171 3549 1313 3626 laedant,
1335 3550 1451 3634 legatio
1473 3551 1597 3615 laudet:
1620 3561 1743 3617 ceterae

415 3646 546 3731 quidem
567 3644 711 3709 civitates
725 3644 853 3728 publice
869 3644 999 3718 litteris,
1021 3643 1250 3725 legationibus,
1271 3645 1462 3709 testimoniis
1477 3654 1644 3722 accusant,
1666 3667 1745 3731 que·
1783 3695 1788 3704 ,

413 3747 545 3815 rantur,
567 3747 724 3823 arguunt:
753 3739 780 3802 si
803 3745 838 3802 tu
860 3738 1024 3802 absolutus
1046 3739 1107 3813 sis,
1127 3738 1273 3822 funditus
1295 3758 1420 3803 eversas
1442 3759 1477 3802 se
1498 3758 1569 3804 esse
1590 3740 1745 3807 arbitran-

413 3843 475 3901 tur.
518 3834 645 3898 XLVII.
668 3829 740 3896 ilo.
772 3833 841 3897 Iloc
872 3834 911 3896 de
943 3832 1072 3896 homino
1102 3851 1139 3896 ac
1168 3833 1208 3896 dc
1237 3832 1332 3898 huius
1352 3833 1447 3897 bonis
1469 3834 1566 3898 ctiam
1586 3836 1620 3900 in
1641 3839 1744 3923 Eryco

413 3937 522 3996 monte
544 3935 784 3993 monumentum
806 3936 933 3991 tuorum
954 3927 1148 4010 llagitiornm
1171 3928 1433 4012 crudelitatisque
1454 3928 1607 4011 posuisti,
1629 3931 1663 3995 in
1679 3939 1781 4016 quoto

415 4025 540 4092 Sthenii
569 4023 765 4088 Thermitani
794 4042 909 4086 nornen
932 4022 1128 4104 adscriptum
1149 4029 1208 4086 est.
1251 4020 1326 4086 Vidi
1347 4029 1533 4106 argenteum
1556 4023 1743 4109 Cupidinem

414 4138 488 4187 cunr
515 4119 673 4201 lampade.
709 4116 796 4193 Quid
824 4118 955 4181 tandem
982 4116 1096 4179 habuit
1120 4116 1299 4198 argumenti
1327 4124 1383 4180 aut
1404 4116 1535 4180 rationis
1556 4137 1625 4194 res,
1647 4138 1744 4204 quam

414 4215 455 4281 ob
470 4233 540 4281 rem
560 4213 595 4277 in
617 4231 657 4276 eo
678 4210 879 4295 potissimum
901 4209 1112 4275 Sthenianum
1131 4210 1308 4293 praemium
1329 4212 1524 4293 ponereturl
1555 4218 1662 4275 utrum
1684 4213 1745 4277 hoc

414 4312 541 4397 signum
572 4305 757 4391 cupiditatis
789 4313 861 4369 tuae
893 4325 935 4369 an
967 4312 1132 4388 tropaeum
1160 4304 1405 4369 necessitudinis
1432 4311 1529 4390 atque
1551 4305 1682 4391 hospitii
1703 4327 1746 4371 an

413 4402 532 4473 amoris
559 4400 714 4466 indicium
742 4419 812 4465 esse
842 4398 995 4464 voluisti?
1037 4397 1173 4463 Faciunt
1192 4398 1253 4463 hoc
1273 4397 1435 4474 homines,
1464 4418 1545 4482 quos
1566 4397 1601 4463 in
1621 4411 1782 4464 summaio

478 4586 718 4654 8.aosc]lsocu.
738 4589 939 4635 -tomesom
957 4584 988 4634 N.
1009 4580 1431 4647 -doportocotgitpmrtz
1452 4585 1645 4645 motandi.
1664 4585 1742 4635 0.-

414 4665 440 4717 1.
458 4665 511 4717 ehu
525 4665 583 4716 boc.
602 4662 681 4727 ugia.
701 4689 729 4699 -
748 4661 788 4712 13.
807 4673 912 4723 mque
927 4659 1044 4723 bgtlht
1061 4672 1120 4709 csso
1136 4672 1185 4722 quo
1201 4656 1271 4722 igit
1288 4670 1315 4722 p.
1334 4668 1370 4708 m.
1389 4657 1427 4717 Ι;
1445 4669 1502 4707 cum
1517 4658 1538 4708 li
1555 4656 1616 4708 cod.
1634 4658 1694 4710 llot.
1707 4659 1743 4721 03

414 4740 481 4803 qlod
495 4752 554 4792 casn
569 4736 612 4790 vel
628 4743 683 4789 ison
699 4735 748 4787 dtt.
768 4761 796 4773 -
815 4737 857 4786 ⁴5.
874 4739 994 4786 miseret
1009 4735 1079 4785 coni.
1098 4735 1178 4786 Erm:
1195 4734 1311 4784 natm
1327 4731 1407 4783 codd.
1425 4732 1455 4784 0.
1469 4756 1498 4770 —
1516 4732 1557 4783 22.
1576 4737 1600 4784 ct
1615 4739 1693 4784 most
1708 4732 1742 4785 i:

414 4819 492 4867 m
511 4817 557 4867 ott.
576 4813 606 4864 0.
626 4839 655 4849 -
680 4810 721 4864 21.
741 4810 798 4874 sorti
818 4810 869 4860 dics
889 4813 1001 4874 omniur
1015 4807 1085 4872 igin
1101 4821 1129 4874 p.
1148 4822 1185 4861 m.
1211 4809 1245 4859 at
1261 4806 1294 4858 cl.
1312 4806 1337 4871 5.
1356 4805 1413 4858 iol.
1433 4832 1461 4842 -
1490 4806 1580 4858 Vario
1595 4807 1633 4857 V:
1653 4808 1746 4858 Verso

414 4889 537 4953 142912,
555 4889 591 4949 0;
609 4900 663 4938 om.
682 4886 730 4938 dtt.
750 4884 789 4937 Cl.
803 4883 881 4948 §.52
896 4910 924 4919 -
942 4884 983 4934 25.
1001 4884 1073 4934 uam
1087 4883 1235 4934 documii:
1253 4882 1295 4933 cot
1309 4887 1408 4932 douae
1424 4883 1470 4932 ott
1482 4881 1512 4932 0.
1527 4907 1556 4920 -
1574 4882 1697 4944 mciv,
1716 4894 1745 4933 «s

414 4964 527 5017 bunne
543 4963 677 5028 geminata
693 4962 755 5026 post
769 4961 876 5010 iioatoc·
894 4960 989 5021 huns,
1012 4958 1058 5022 qni
1074 4963 1162 5008 most
1178 4956 1269 5010 edidit.
1289 4980 1318 4994 —
1335 4957 1438 5008 81111131
1453 4957 1558 5008 lintona.
1577 4956 1606 5005 et
1621 4956 1676 5005 ev:
1702 4956 1746 5007 sl-

414 5038 476 5090 otlto
491 5041 537 5090 ott.
558 5064 586 5075 -
612 5037 654 5089 26.
672 5037 792 5099 emption
808 5033 878 5098 Lgia
894 5047 921 5099 p.
933 5047 970 5085 m.
991 5032 1143 5098 (umbem
1159 5034 1201 5097 V.)
1214 5058 1243 5069 -
1259 5033 1317 5084 cide
1333 5032 1431 5084 cmv.
1445 5057 1474 5069 -
1493 5031 1535 5082 28.
1552 5043 1587 5082 ec
1599 5030 1744 5083 Sidlloev.

418 5137 446 5152 -
464 5114 567 5167 211.σά
583 5111 677 5165 codd:
703 5111 733 5162 ob
748 5109 840 5163 Lamb.
860 5108 934 5161 toul.
955 5133 983 5147 -
1002 5109 1042 5161 33.
1067 5114 1180 5174 orgum
1197 5108 1229 5160 V.
1249 5135 1279 5147 -·
1302 5123 1329 5161 ss
1348 5120 1447 5160 eom
1464 5107 1577 5172 [cuddae
1597 5107 1695 5158 scaev.
1714 5133 1743 5145 -

416 5187 458 5241 ai.
475 5187 723 5253 Bavcovetbgtt:
741 5187 817 5240 Erico
832 5184 918 5252 bgl23
934 5186 1016 5250 limos
1032 5185 1126 5253 ildrico)
1142 5186 1184 5239 vel
1200 5185 1308 5238 ancclo
1324 5183 1383 5238 rell.
1401 5183 1435 5238 cl.
1448 5183 1484 5235 ed
1500 5182 1526 5250 ὅ.
1538 5182 1580 5236 22.
1595 5209 1624 5222 -
1641 5182 1683 5236 33.
1701 5183 1747 5234 od·

415 5263 534 5320 osma
549 5264 598 5332 isto
611 5263 702 5332 saepe)
719 5263 751 5318 V.
