4367 6109
467 556 529 622 304
835 563 878 627 IN
898 562 1066 628 VERREM
1086 562 1211 630 ACTIO
1235 564 1422 631 SECUNDA

550 730 693 794 LXXXI.
716 725 788 793 488.
809 732 950 808 Dictum,
979 733 1118 810 iudices,
1148 743 1196 798 est
1217 735 1258 800 de
1281 736 1457 799 decumano
1479 734 1652 811 frumento,
1674 735 1793 800 dictum

467 820 506 886 dc
529 833 653 907 empto:
681 830 855 889 extremum
878 826 1034 909 reliquum
1057 836 1105 890 est
1139 828 1179 892 de
1207 831 1383 894 aestimato.
1428 830 1521 906 Quod
1545 851 1616 894 cum
1638 832 1795 915 magnitu-

466 918 540 981 dine
561 919 729 1002 pecuniae,
752 927 818 983 tum
839 920 975 983 iniuriae
996 941 1111 1004 genere
1126 925 1270 1005 quemvis
1289 924 1384 987 debet
1399 943 1614 999 commorere,
1637 933 1704 989 tum
1719 946 1794 989 vero

466 1030 505 1074 eo
526 1012 644 1095 magis,
673 1011 759 1096 quod
782 1011 905 1077 adhoc
926 1014 1043 1077 crimen
1066 1036 1131 1079 non
1151 1019 1317 1101 ingeniosa
1338 1018 1445 1099 aliqua
1468 1016 1633 1095 defensio,
1656 1018 1713 1084 sed
1737 1022 1795 1084 im-

440 1106 654 1188 sprobissima
682 1105 840 1170 confessio
868 1115 1075 1191 comparatur.
1118 1111 1198 1174 Nam
1227 1133 1296 1175 cum
1319 1132 1360 1174 ex
1382 1120 1508 1175 senatus
1531 1114 1676 1178 consulto
1699 1122 1794 1177 etex

464 1198 586 1281 legibus
607 1199 802 1264 frumentum
823 1202 856 1264 in
878 1201 990 1264 cellam
1011 1203 1041 1265 ei
1064 1223 1191 1268 sumere
1213 1205 1321 1268 liceret
1341 1204 1437 1290 idque
1453 1207 1646 1270 trumentum
1663 1216 1793 1271 senatus

464 1293 508 1357 ita
529 1295 740 1369 aestimasset,
763 1295 924 1377 quaternis
947 1295 1006 1358 Hs
1029 1297 1126 1360 tritici
1148 1298 1305 1374 modium,
1327 1300 1411 1364 binis
1433 1300 1563 1364 bordei:
1585 1301 1646 1364 iste
1661 1320 1793 1364 numero

464 1387 503 1452 ad
526 1409 679 1454 summam
701 1389 795 1452 tritici
817 1390 940 1453 adiecto
973 1391 1071 1454 tritici
1092 1392 1217 1456 modios
1239 1393 1381 1477 singulos
1404 1414 1475 1457 cnm
1497 1394 1673 1457 aratoribus
1694 1394 1793 1457 ternis

464 1481 601 1547 denariis
623 1483 809 1548 aestimavit.
851 1485 922 1546 Non
945 1492 993 1547 est
1014 1484 1047 1547 in
1068 1484 1131 1547 hoc
1151 1487 1286 1561 crimen,
1315 1488 1481 1562 Hortensi,
1503 1508 1544 1550 ne
1564 1486 1647 1550 forte
1669 1487 1794 1550 adhoc

426 1599 455 1649 to
464 1576 633 1653 meditere,
655 1578 771 1641 multos
794 1597 889 1662 saepe
907 1579 994 1642 viros
1015 1579 1129 1654 bonos,
1149 1578 1247 1644 fortes
1262 1587 1295 1644 et
1308 1582 1504 1656 innocentes,
1525 1602 1595 1644 cum
1616 1582 1793 1646 aratoribus

456 1656 496 1736 'et
515 1693 585 1736 cum
606 1672 786 1736 civitatibus
799 1670 1007 1748 frumentum,
1028 1674 1062 1736 in
1077 1673 1190 1737 cellam
1205 1673 1292 1757 quod
1311 1675 1393 1737 sumi
1409 1682 1588 1758 oporteret,
1610 1677 1793 1739 aestimasse
1860 1744 1863 1751 ,

462 1774 494 1832 et
515 1766 683 1851 pecuniam
704 1785 762 1850 pro
784 1764 943 1829 frumento
958 1765 1138 1830 abstulisse.
1172 1767 1263 1842 Scio,
1287 1767 1364 1852 quid
1380 1767 1483 1832 soleat
1496 1765 1582 1831 lieri:
1605 1769 1691 1843 scio,
1714 1766 1791 1851 quid

461 1863 565 1927 liceat
595 1859 699 1937 Nihil,
721 1859 808 1944 quod
829 1867 923 1923 antea
944 1859 1091 1924 fueritin
1114 1862 1345 1924 consuetudine
1360 1862 1531 1935 bonorum,
1554 1863 1685 1924 nuncin
1700 1861 1791 1925 istius

430 2028 433 2033 ,
460 1954 543 2020 iacto
570 1954 820 2040 reprehenditur.
865 1950 938 2017 488.
968 1954 1035 2017 Hoc
1063 1954 1279 2038 reprebendo,
1309 1954 1412 2037 quod,
1445 1976 1515 2018 cum
1543 1954 1576 2016 in
1600 1953 1709 2017 Sicilia
1731 1953 1790 2016 HS

425 2056 453 2118 46
461 2049 547 2114 binis
575 2051 670 2114 tritici
691 2049 815 2112 modius
838 2055 937 2123 esset,
967 2055 1003 2111 ut
1023 2049 1115 2110 istius
1137 2049 1272 2131 epistola
1293 2047 1332 2112 ad
1355 2055 1387 2111 te
1409 2049 1506 2112 missa
1528 2047 1684 2123 declarat,
1707 2067 1792 2110 sum-

461 2165 546 2208 mum
569 2140 627 2201 Hs
650 2144 764 2218 ternis,
786 2140 818 2205 id
842 2144 929 2225 quod
952 2149 984 2205 et
1004 2143 1196 2205 testimoniis
1220 2142 1361 2205 omnium
1377 2142 1538 2205 ettabulis
1552 2148 1709 2205 aratorum
1724 2141 1792 2225 pla·

449 2245 536 2302 'num
557 2238 674 2301 iactum
695 2243 787 2300 antea
808 2244 874 2311 est,
896 2245 962 2299 tum
984 2237 1043 2299 iste
1064 2255 1123 2320 pro
1145 2237 1239 2300 tritici
1262 2236 1377 2300 modiis
1400 2235 1533 2319 singulis
1558 2233 1705 2299 denarios
1728 2243 1792 2298 ter-

460 2351 520 2396 nos
548 2331 587 2395 ab
615 2330 791 2394 aratoribus
821 2331 936 2413 exegit.
979 2331 1138 2393 LXXXll.
1169 2331 1238 2394 Hoc
1259 2333 1376 2394 crimen
1400 2339 1464 2404 est,
1488 2338 1523 2392 ut
1544 2329 1703 2413 intelligas
1724 2349 1791 2393 non

461 2446 503 2490 ex
523 2424 741 2490 aestimatione
770 2443 874 2508 neque
895 2444 936 2487 ex
964 2425 1062 2488 ternis
1085 2422 1224 2488 denariis
1245 2424 1385 2508 pendere
1408 2425 1546 2499 crimen,
1575 2424 1631 2487 sed
1654 2444 1696 2487 ex
1716 2443 1792 2487 con·

423 2518 624 2589 seiunctione
645 2536 791 2581 annonae
812 2525 908 2601 atque
930 2518 1170 2583 aestimationis.
1205 2519 1332 2582 Etenim
1353 2518 1432 2582 baec
1453 2518 1632 2581 aestimatio
1653 2523 1726 2580 nata
1743 2524 1792 2579 est

460 2616 562 2689 initio,
584 2611 720 2688 iudices,
742 2632 808 2675 non
829 2620 1070 2695 expraetorum
1092 2623 1148 2677 aut
1170 2612 1350 2687 consulum,
1373 2612 1430 2675 sed
1452 2632 1493 2675 ex
1514 2618 1671 2674 aratorum
1694 2618 1726 2674 et
1747 2612 1791 2675 ci·

460 2709 591 2774 vitatum
613 2705 789 2770 commodo.
831 2706 931 2769 Nemo
954 2706 1039 2770 enim
1060 2705 1122 2769 fuit
1143 2707 1235 2771 initio
1257 2714 1320 2770 tam
1335 2707 1522 2790 impudens,
1544 2707 1616 2789 qui,
1640 2727 1710 2770 cum
1724 2705 1791 2770 frn-

459 2811 599 2867 mentum
628 2801 811 2874 deberetur,
843 2801 1011 2883 pecuniam
1039 2809 1195 2884 posceret.
1240 2800 1332 2865 Certe
1360 2799 1422 2863 hoc
1448 2800 1487 2864 ab
1509 2808 1633 2863 aratore
1654 2801 1790 2883 primum

460 2906 509 2961 est
529 2895 707 2980 proiectum
728 2901 782 2957 aut
802 2892 841 2956 ab
863 2913 902 2957 ea
923 2893 1064 2968 civitate,
1097 2894 1146 2957 cui
1169 2895 1397 2978 imperabatur:
1426 2914 1496 2956 cum
1519 2901 1575 2955 aut
1596 2892 1789 2967 frumentum

421 2988 656 3060 svendidisset
676 2995 730 3052 aut
751 3008 877 3051 servare
898 2987 996 3052 vellet
1016 2995 1071 3051 aut
1091 2988 1126 3050 in
1141 3007 1213 3052 eum
1232 2988 1356 3062 locum,
1379 3006 1444 3070 quo
1459 2985 1692 3069 imperabatur,
1714 3006 1789 3070 por·

459 3093 525 3150 tare
554 3084 671 3158 nollet,
702 3081 814 3166 petivit
839 3083 872 3145 in
897 3078 1042 3146 beneficii
1070 3082 1142 3146 loco
1176 3089 1208 3147 et
1228 3084 1363 3166 gratiae,
1396 3089 1432 3145 ut
1453 3082 1515 3145 sibi
1542 3101 1599 3164 pro
1628 3080 1787 3145 frumento

458 3180 568 3265 quanti
597 3180 791 3243 frumentum
820 3185 904 3241 esset
926 3177 1001 3241 dare
1028 3177 1151 3240 liceret.
1193 3177 1243 3239 Ex
1263 3175 1357 3240 buius
1385 3175 1472 3239 modi
1506 3175 1663 3260 principio
1692 3184 1788 3260 atque

458 3295 500 3340 ex
520 3273 708 3338 liberalitate
730 3278 762 3335 et
782 3272 1069 3335 accommodatione
1092 3271 1330 3354 magistratuum
1345 3267 1543 3333 consuetudo
1559 3270 1788 3333 aestimationis

456 3367 637 3433 introducta
666 3372 723 3432 est
767 3359 839 3427 t90.
871 3365 977 3429 Secuti
1005 3373 1079 3429 sunt
1107 3366 1266 3430 avariores
1297 3365 1517 3447 magistratus,
1548 3364 1604 3447 qui
1627 3373 1731 3428 tamen
1754 3365 1788 3426 in

420 3463 589 3532 toavaritia
611 3483 670 3526 sua
690 3480 756 3524 non
778 3460 880 3523 solum
901 3460 984 3524 viam
1007 3467 1158 3544 quaestus
1181 3460 1388 3535 invenerunt,
1417 3460 1642 3523 verumetiam
1666 3459 1788 3523 exitum

459 3579 496 3623 ac
525 3559 681 3623 rationem
709 3553 916 3618 defensionis.
958 3555 1168 3618 Instituerunt
1195 3574 1320 3636 semper
1347 3555 1381 3616 in
1412 3553 1524 3617 ultima
1545 3573 1581 3617 ac
1604 3550 1789 3616 difficillima

458 3654 499 3717 ad
520 3651 710 3736 portandum
732 3650 802 3712 loca
823 3648 1013 3711 frumentum
1032 3649 1203 3733 imperare,
1226 3655 1261 3710 ut
1276 3654 1420 3711 vecturae
1436 3647 1621 3710 difficultate
1635 3646 1676 3709 ad
1691 3664 1788 3729 quam

457 3747 578 3811 vellent
598 3744 851 3808 aestimationem
872 3743 1084 3827 pervenirent.
1114 3744 1151 3806 ln
1171 3742 1233 3806 hoc
1254 3762 1370 3825 genere
1391 3741 1514 3806 facilior
1529 3749 1577 3807 est
1592 3740 1786 3805 existimatio

521 4011 546 4063 4.
563 4010 688 4072 reliquom
704 4012 740 4058 est
755 4005 843 4070 Lgli:
861 4011 884 4057 et
900 4005 1014 4056 relictam
1030 4010 1064 4056 est
1080 4005 1101 4056 Α
1115 4007 1142 4055 et
1158 4005 1178 4055 B
1196 4019 1222 4070 p.
1236 4017 1288 4064 m.;
1305 4009 1330 4054 et
1345 4003 1470 4068 reliquam
1486 4008 1521 4053 est
1536 3999 1594 4053 rell.
1607 4002 1637 4053 0.
1657 4028 1684 4037 -
1704 4007 1787 4052 astu·

455 4094 524 4141 moto
541 4087 618 4152 4369.
638 4111 666 4120 -
685 4081 787 4144 cumi,
806 4084 843 4133 N:
868 4086 921 4131 tren
945 4080 1011 4132 dett.
1032 4106 1060 4115 -
1086 4079 1111 4130 3.
1130 4081 1340 4131 tumoeroAN:
1366 4085 1468 4129 taocro
1484 4077 1601 4141 434944,
1627 4081 1786 4127 tamensem

456 4164 542 4230 1.ng
561 4167 584 4213 te
599 4174 659 4211 occo
676 4158 740 4210 dett.
760 4184 788 4193 -
806 4159 831 4207 6.
849 4169 900 4207 sen.
918 4155 995 4221 coos]
1013 4155 1101 4206 Sicilia
1117 4157 1195 4218 4ε33.
1213 4157 1319 4219 praeter
1330 4153 1371 4205 li.
1392 4181 1419 4190 -
1438 4154 1462 4203 6.
1481 4154 1503 4203 ei
1519 4153 1546 4203 ic
1562 4151 1652 4202 cellam
1668 4152 1785 4216 Naugo

455 4242 547 4292 contre
565 4235 644 4288 codd.
665 4261 693 4272 -
711 4235 735 4284 7.
755 4233 824 4284 ordei
841 4232 908 4296 4369
920 4230 961 4283 li.
981 4258 1009 4267 -
1033 4232 1078 4281 iste
1095 4243 1149 4281 om.
1168 4230 1245 4293 4346.
1266 4254 1293 4266 ··
1313 4230 1338 4280 8.
1357 4230 1434 4279 tensis
1450 4229 1505 4278 dcc.
1524 4227 1611 4291 Lgli:
1634 4228 1690 4277 den.
1709 4227 1786 4277 umis

453 4313 511 4365 reli.
530 4315 558 4363 0.
578 4337 606 4347 -
625 4310 666 4360 46.
684 4322 758 4372 saepe
774 4321 827 4359 om.
845 4307 925 4372 Lgli.
948 4310 981 4358 st
997 4307 1030 4358 ct.
1044 4307 1129 4357 Beier.
1148 4305 1182 4356 ed
1199 4305 1248 4355 ou.
1261 4306 1292 4354 44.
1311 4304 1336 4365 6,
1349 4304 1391 4354 60.
1410 4317 1436 4368 p.
1449 4302 1490 4353 47.
1509 4302 1611 4353 Xuehu.
1626 4301 1660 4351 ed
1672 4303 1750 4353 Tusc.
1764 4303 1783 4352 4.

454 4390 479 4456 8.
491 4388 532 4441 44.
551 4386 609 4438 coll.
622 4386 665 4436 lll.
679 4383 703 4448 5.
716 4385 757 4435 64.
775 4397 802 4449 p.
815 4384 883 4434 Sesl.
896 4382 920 4446 ἕ.
934 4382 990 4433 409.
1009 4381 1043 4433 de
1060 4382 1091 4433 li.
1102 4383 1134 4432 D.
1153 4382 1194 4432 111.
1208 4379 1233 4444 5.
1246 4380 1287 4431 82.
1306 4379 1415 4431 intrav.
1435 4377 1460 4442 ς.
1473 4376 1513 4427 97.
1528 4403 1555 4412 -
1574 4377 1651 4442 [ortes
1662 4375 1744 4440 igit:
1763 4382 1786 4427 et

452 4467 512 4531 tort.
530 4464 595 4515 dett.
613 4463 643 4514 0.
662 4487 690 4496 -
716 4461 757 4511 tt.
774 4458 893 4523 [monenti
909 4459 930 4508 N
948 4461 975 4508 et
990 4456 1068 4520 Lgli.
1089 4482 1117 4492 -
1138 4457 1178 4506 43.
1196 4462 1254 4507 arce
1270 4454 1349 4519 4344.
1369 4453 1427 4519 [bas
1444 4452 1511 4505 dues
1528 4452 1656 4505 lectiones
1672 4454 1735 4516 Ing.
1753 4451 1784 4503 li

454 4539 543 4592 omisit
557 4537 595 4602 4.]
615 4564 643 4574 -
668 4535 745 4600 436444
764 4532 905 4597 sgittis
923 4531 982 4583 elii:
1008 4534 1092 4596 meret
1115 4530 1180 4581 dett.
1199 4531 1228 4582 0.
1252 4555 1281 4566 -
1308 4528 1349 4580 44.
1367 4530 1417 4580 Hs.
1437 4541 1490 4579 om.
1510 4527 1588 4592 4342.
1607 4554 1635 4563 -
1663 4529 1704 4578 45.
1722 4526 1787 4576 binis

453 4615 541 4680 Lgts:
567 4615 592 4664 11
605 4610 663 4663 rell.
682 4611 711 4662 0.
734 4636 763 4646 -
784 4623 908 4659 summm
934 4621 987 4658 om.
1009 4606 1086 4671 Lgli.
1107 4632 1134 4641 -
1159 4605 1199 4655 46.
1222 4605 1333 4654 onmium
1356 4603 1475 4667 4344φε
1503 4602 1615 4653 comibus
1631 4600 1687 4653 rell.
1706 4601 1735 4652 0.
1755 4626 1782 4636 -

453 4691 496 4740 ll.
513 4689 569 4740 dea.
587 4693 605 4737 4.
625 4685 657 4736 ab
673 4699 714 4736 ar.
733 4684 819 4747 Leti:
838 4688 901 4734 torn.
920 4683 951 4733 ab
968 4697 1009 4733 ar.
1028 4683 1082 4732 den.
1096 4678 1153 4731 rell.
1168 4681 1197 4729 0.
1213 4705 1240 4714 -
1260 4679 1300 4729 48.
1318 4678 1398 4742 exigit
1414 4677 1492 4741 Lgtt.
1507 4704 1534 4713 —
1555 4678 1596 4728 49.
1613 4677 1786 4728 coniunctione

452 4763 532 4816 codd.
551 4765 658 4830 praeter
674 4759 759 4823 4342,
782 4760 809 4810 in
826 4772 880 4824 quo
897 4761 939 4810 est
954 4758 1116 4808 coniectione:
1140 4755 1285 4805 coniectione
1300 4754 1399 4803 Victor.
1418 4754 1447 4803 0.
1467 4779 1494 4788 -
1513 4753 1555 4803 to.
1573 4751 1639 4802 enim
1656 4749 1734 4814 4344.
1754 4776 1781 4784 -

452 4840 495 4892 2⁴.
512 4839 577 4900 iad,
594 4838 666 4888 initio
683 4834 748 4887 dett.
768 4835 797 4886 0.
819 4861 846 4872 -
864 4835 912 4884 cio.
931 4839 954 4883 et
970 4838 1038 4883 arat.
1057 4831 1142 4894 L3293
1161 4835 1229 4880 orat.
1248 4833 1323 4892 mque
1339 4828 1387 4877 civ.
1406 4826 1471 4877 dett.
1491 4828 1519 4878 0.
1540 4852 1567 4861 -
1587 4827 1628 4877 23.
1646 4823 1719 4889 certe]
1737 4837 1785 4874 ro·

451 4913 518 4964 tione
533 4911 613 4976 4344.
636 4937 664 4947 -
691 4908 733 4961 at.
750 4923 808 4960 eom
825 4909 903 4972 fnum
925 4913 970 4958 aot
993 4908 1020 4958 L.
1040 4908 1066 4958 in
1086 4920 1171 4971 marg.
1190 4904 1255 4957 4684
1272 4918 1305 4955 er
1321 4919 1354 4966 φ.
1378 4930 1406 4939 -
1430 4901 1604 4966 imperabatur
1619 4899 1689 4964 Lgli
1701 4900 1729 4950 et
1743 4914 1782 4962 φτ

451 4988 540 5051 torpor.
557 4988 710 5052 mamam
726 4983 782 5036 rell.
798 5011 825 5022 -
844 4984 885 5034 26.
903 4983 991 5047 gratia
1007 4982 1085 5046 Lgli.
1105 5009 1133 5018 -
1151 4983 1193 5032 st.
1211 4980 1353 5030 butromodt
1370 4977 1439 5041 4346
1450 4992 1486 5040 φτ
1504 4974 1670 5027 huiuscemodi
1682 4970 1739 5024 rell.
1752 4973 1783 5024 0.

454 5086 482 5100 -
500 5065 577 5124 dous
592 5073 647 5111 om.
665 5061 769 5118 branca
789 5058 872 5123 [mque
888 5056 929 5121 ee]
947 5058 976 5106 0.
989 5082 1017 5091 -
1036 5058 1077 5108 28.
1096 5062 1172 5119 atque
1188 5069 1283 5106 cecam
1297 5054 1362 5104 dett.
1378 5055 1407 5104 0.
1426 5054 1460 5104 ci.
1474 5053 1509 5103 ed
1525 5052 1550 5117 5.
1563 5052 1588 5102 6.
1603 5076 1630 5085 -
1650 5049 1785 5100 364444463-

450 5136 526 5187 ttcsis
540 5134 621 5200 Lgli.
647 5158 675 5172 -
698 5134 739 5186 29.
757 5132 1056 5196 socoth-maccusius
1075 5144 1130 5183 om.
1149 5130 1231 5181 idem.
1254 5155 1282 5164 -
1310 5129 1351 5179 34.
1371 5129 1398 5178 in
1420 5128 1510 5179 euersa
1525 5127 1555 5188 4,
1574 5142 1613 5190 φ;
1641 5127 1676 5177 ad
1691 5125 1784 5176 wine

452 5211 519 5264 dett.
537 5212 567 5263 0.
587 5238 614 5247 -
633 5224 665 5262 oc
680 5208 827 5275 dimidiae
843 5220 896 5259 om.
915 5206 994 5271 4344.
1013 5232 1041 5242 -
1060 5206 1101 5259 36.
1120 5205 1322 5269 adportandus
1337 5203 1394 5256 loco
1410 5203 1435 5267 4,
1453 5216 1490 5266 φ;
1508 5202 1564 5255 loco
1579 5202 1615 5253 cd
1625 5199 1784 5266 portarem

454 5286 480 5353 (ι.
497 5286 685 5353 mamam
701 5281 751 5351 uo)
769 5281 834 5336 oso.
853 5283 883 5334 o.
