4367 6109
705 588 818 653 Lrnl.
848 587 921 654 Gar.
942 588 1143 655 444.-4444.
1170 587 1227 674 ss.
1249 587 1445 657 400-406.
1669 590 1725 658 ibt

419 753 516 819 tenda
538 757 726 821 existimem.
769 758 904 821 Fatebor
932 759 1026 823 etiam
1054 761 1135 826 illud
1163 763 1295 838 insitus,
1325 783 1375 827 me
1397 781 1541 846 prorsus,
1570 782 1642 825 cum
1670 764 1731 826 iste

417 858 571 933 punctum
590 852 742 934 temporis
763 851 885 916 nullum
906 873 1040 918 vacuum
1060 864 1190 938 peccato
1211 858 1382 939 praeterire
1403 876 1516 941 passus
1537 857 1593 932 sit,
1615 859 1732 923 onnia,

418 963 501 1027 quae
521 945 561 1007 ab
582 944 645 1009 isto
666 946 934 1022 commisserint,
965 969 1030 1012 non
1058 951 1200 1032 potuisse
1222 969 1423 1032 cognoscere.
1466 951 1667 1034 Quapropter
1688 950 1732 1015 ita

416 1056 467 1099 me
495 1037 536 1101 de
564 1045 731 1122 praeturae
759 1040 944 1104 criminibus
975 1044 1133 1118 auditote,
1161 1051 1197 1106 ut
1218 1063 1259 1106 ex
1279 1053 1416 1128 utroque
1438 1065 1568 1128 genere,
1599 1055 1631 1109 et
1653 1044 1732 1108 iuris

417 1130 543 1194 dicendi
565 1140 598 1196 et
617 1141 773 1197 sartorum
795 1142 949 1198 tectorum
972 1137 1214 1218 exigendorum,
1236 1157 1274 1199 ea
1292 1139 1475 1220 postuletis,
1498 1159 1581 1223 quae
1594 1139 1755 1202 maximed

417 1223 513 1307 digna
527 1225 591 1289 sint
604 1245 642 1288 eo
656 1246 722 1300 reo,
739 1227 790 1290 cui
814 1248 945 1310 parvum
960 1248 996 1291 ac
1011 1231 1169 1292 mediocre
1186 1229 1280 1293 obiici
1295 1231 1375 1293 nihil
1390 1240 1543 1314 oporteat.
1567 1228 1637 1294 llll.
1652 1234 1731 1294 Nam

416 1325 453 1381 ut
481 1326 609 1400 praetor
638 1318 740 1384 iactus
762 1328 827 1395 est,
860 1321 916 1405 qui
946 1323 1108 1405 auspicato
1139 1323 1354 1387 aChelidone
1377 1327 1580 1402 surrexisset,
1613 1335 1731 1389 sortem

416 1420 527 1475 nactus
555 1418 605 1475 est
630 1414 769 1477 urbanae
797 1416 980 1499 provinciae
1009 1417 1107 1498 magis
1135 1436 1176 1479 ex
1198 1436 1255 1479 sua
1278 1417 1541 1502 Chelidonisque,
1573 1441 1668 1505 quam
1690 1439 1732 1482 ex

416 1505 527 1589 populi
548 1507 682 1570 Romani
704 1508 875 1573 voluntate.
917 1509 980 1586 Qui
1009 1509 1167 1591 principio
1198 1508 1301 1592 qualis
1326 1511 1360 1573 in
1382 1511 1486 1575 edicto
1509 1513 1730 1577 constituendo

415 1598 527 1673 luerit,
556 1601 746 1683 cognoscite.
789 1602 870 1664 XLI.
900 1602 934 1667 C.
959 1602 1081 1665 Annius
1109 1602 1233 1665 Asellus
1262 1611 1405 1667 mortuus
1435 1614 1483 1669 est
1505 1606 1538 1671 C.
1561 1607 1730 1670 Sacerdote
1739 1616 1767 1662 44

416 1702 574 1777 praetore.
617 1694 648 1758 Is
670 1714 740 1757 cum
762 1695 891 1759 haberet
911 1698 1036 1760 unicam
1058 1693 1154 1758 [iliam
1176 1716 1281 1780 neque
1302 1718 1416 1761 census
1437 1709 1541 1774 esset,
1568 1699 1655 1784 quod
1677 1718 1732 1762 na·

416 1795 487 1853 tura
508 1788 714 1864 hortabatur,
742 1790 795 1852 lex
816 1791 904 1854 nulla
925 1790 1127 1873 prohibebat,
1156 1789 1245 1864 fecit,
1266 1798 1303 1854 ut
1323 1788 1420 1854 liliam
1440 1793 1534 1857 bonis
1555 1794 1621 1857 suis
1642 1794 1732 1857 here-

416 1881 486 1945 dem
508 1881 698 1945 institueret.
739 1883 838 1946 Heres
865 1892 933 1946 erat
961 1881 1034 1946 filia.
1077 1882 1247 1946 Faciehant
1268 1885 1375 1948 omnia
1396 1906 1467 1949 cum
1488 1887 1626 1970 pupilla,
1652 1887 1731 1970 legis

417 1975 576 2058 aequitas,
598 1975 744 2041 voluntas
758 1978 872 2059 patris,
894 1977 997 2041 edicta
1011 1985 1210 2059 praetorum,
1233 1979 1430 2042 consuetudo
1445 1980 1523 2043 iuris
1538 1982 1624 2056 eius,
1646 1980 1732 2065 quod

417 2076 484 2132 erat
504 2076 590 2145 tum,
612 2090 683 2134 cum
697 2071 822 2139 Asellus
845 2079 892 2135 est
913 2080 1065 2134 mortuus.
1106 2066 1176 2132 l05.
1196 2070 1259 2133 lste
1280 2079 1407 2154 praetor
1421 2072 1603 2156 designatus
1618 2070 1732 2155 (utrum
1740 2083 1769 2130 44

416 2163 597 2227 admonitus
626 2185 668 2228 an
696 2172 834 2228 tentatus
863 2186 919 2242 an,
951 2186 1014 2250 qua
1035 2172 1083 2229 est
1111 2166 1178 2248 ipse
1201 2166 1370 2247 sagacitate
1393 2166 1426 2229 in
1447 2166 1497 2230 his
1518 2169 1631 2242 rebus,
1663 2161 1731 2231 sine

417 2257 497 2321 duce
518 2257 603 2332 ullo,
624 2259 694 2323 sine
717 2259 840 2335 indico,
870 2261 1049 2343 pervenerit
1069 2262 1109 2324 ad
1130 2260 1211 2323 hauc
1234 2260 1485 2343 improbitatem,
1514 2261 1641 2326 nescio:
1674 2280 1732 2324 vos

416 2359 538 2415 tautum
567 2353 706 2416 hominis
736 2354 901 2417 audaciam
931 2358 1164 2438 amentiamque
1191 2350 1382 2437 cognoscite)
1416 2355 1556 2438 appellat
1582 2355 1732 2420 heredem

415 2446 452 2509 L.
472 2447 628 2522 Annium,
658 2446 714 2531 qui
744 2455 812 2510 erat
839 2447 1001 2510 institutus
1023 2448 1198 2510 secundum
1219 2445 1335 2524 liliam3
1366 2468 1431 2510 non
1454 2449 1538 2511 enim
1560 2449 1638 2513 mihi
1661 2469 1732 2532 per-

415 2540 567 2604 suadetur
596 2542 692 2605 istum
721 2542 760 2604 ab
786 2541 843 2604 illo
873 2541 961 2624 prius
989 2542 1199 2625 appellatum3
1228 2543 1305 2606 dicit
1326 2562 1361 2606 se
1383 2563 1477 2625 posse
1499 2542 1528 2605 ei
1550 2544 1768 2607 condonarem

416 2633 520 2698 edicto
551 2634 775 2710 hereditatem
807 2636 900 2698 docet
930 2635 1107 2709 hominem,
1141 2637 1218 2719 quid
1247 2637 1349 2719 possit
1375 2633 1452 2700 fieri.
1495 2636 1545 2699 llli
1565 2637 1650 2700 bona
1670 2655 1730 2710 res,

416 2727 490 2792 huic
512 2729 680 2794 vendibilis
702 2730 877 2793 videbatur.
919 2730 981 2792 iste
1003 2729 1128 2792 tametsi
1151 2730 1303 2813 singulari
1325 2737 1373 2793 est
1393 2729 1542 2805 audacia,
1565 2738 1669 2794 tarnen
1691 2730 1731 2793 ad

415 2822 558 2906 pupillae
579 2832 709 2887 matrem
731 2823 958 2888 summittebat:
980 2822 1118 2885 malebat
1138 2825 1304 2905 pecuniam
1326 2825 1486 2908 accipere,
1508 2824 1641 2908 nequid
1657 2823 1731 2886 nori

416 2916 573 2992 ediceret,
595 2939 691 3001 quam
712 2925 748 2981 ut
767 2918 829 2982 hoc
851 2918 988 2981 edictum
1008 2925 1073 2980 tam
1094 2919 1274 3000 improbum
1289 2926 1320 2982 et
1337 2928 1400 2981 4444
1415 2919 1622 2982 inhumanum
1635 2919 1732 2981 inter·

415 3018 559 3093 poneret.
603 3007 673 3075 406.
695 3015 828 3076 Tutores
859 3013 1025 3095 pecuniam
1047 3013 1186 3094 praetori
1209 3013 1235 3076 si
1258 3013 1398 3096 pupillae
1419 3013 1548 3075 nomine
1570 3011 1768 3074 dediscentia

415 3105 567 3188 grandem
587 3106 789 3188 praesertim,
820 3107 1085 3190 quemadmodum
1115 3107 1148 3168 in
1173 3107 1328 3169 rationem
1349 3107 1553 3179 inducerent,
1580 3103 1731 3188 quemad·

416 3199 546 3263 modum
575 3201 644 3264 sine
671 3201 813 3283 periculo
835 3220 894 3263 suo
916 3201 990 3264 dare
1012 3207 1157 3283 possent,
1188 3221 1252 3263 non
1273 3201 1438 3264 ridebant:
1467 3199 1561 3263 simul
1583 3205 1616 3262 et
1635 3198 1731 3262 istum

415 3292 484 3358 fore
515 3302 579 3358 tarn
607 3295 786 3377 improbum
815 3315 881 3359 non
901 3295 1152 3359 arbitrabanturc
1182 3313 1277 3376 saepe
1299 3293 1447 3376 appellati
1470 3297 1730 3375 pernegaverunt.

416 3387 478 3452 lete
498 3387 539 3451 ad
552 3387 716 3451 arbitrium
730 3388 816 3463 eius,
839 3390 890 3452 cui
905 3390 1107 3453 condonabat
1119 3388 1325 3452 hereditatem
1340 3394 1480 3470 ereptam
1494 3384 1612 3458 liberis,
1635 3403 1730 3467 quam

417 3501 553 3566 aequum
580 3482 718 3546 edictum
746 3482 984 3566 conscripserit,
1020 3500 1157 3566 quaeso,
1194 3480 1386 3563 cognoscite.
1439 3479 1507 3544 Cris
1536 3488 1768 3543 rsrsnnresrrao

417 3595 524 3640 4444444
544 3576 732 3640 4444444444.
747 3619 780 3639 ..
803 3576 882 3653 Quis
904 3594 1054 3660 umquam
1076 3574 1220 3637 crederet
1240 3574 1408 3636 mulierum
1421 3573 1638 3637 adversarium
1651 3574 1730 3636 Ver-

480 3791 505 3842 3.
523 3790 572 3841 stat
588 3790 620 3840 64
632 3790 751 3853 444449
767 3803 793 3855 p.
806 3802 858 3841 m:
876 3795 933 3840 44444
948 3789 996 3840 dtt.
1015 3790 1044 3839 0.
1061 3814 1090 3826 -
1109 3788 1133 3840 4.
1152 3789 1237 3839 audite
1252 3789 1332 3838 Prisc.
1351 3787 1381 3837 ll.
1400 3800 1426 3852 p.
1440 3787 1496 3838 444.
1512 3815 1538 3824 -
1557 3802 1590 3838 cc
1605 3790 1635 3839 Α.
1650 3788 1729 3839 Prisc.

415 3865 475 3919 dit:
492 3877 547 3917 om.
559 3863 596 3915 64
604 3878 662 3925 a·
675 3865 699 3915 4.
714 3865 809 3915 4444444
820 3865 852 3914 64
866 3866 882 3915 4
893 3865 985 3915 Prisc:
1004 3865 1105 3914 44444444
1117 3863 1164 3914 444.
1177 3865 1239 3915 0.-
1250 3863 1274 3913 s.
1287 3859 1369 3923 44444,
1382 3862 1450 3925 egeo
1460 3875 1542 3927 p.m.,
1555 3861 1615 3912 cod.
1627 3862 1729 3913 Monac.

415 3941 472 3993 444.
493 3953 538 4006 ap.
561 3938 642 3990 Prisc.
665 3941 733 3990 teste
754 3937 871 3990 Halmio:
897 3944 955 3989 44444
971 3938 1032 3989 644
1049 3937 1143 4003 pleriq.
1163 3941 1190 3988 et
1205 3939 1286 3989 Prisc.
1304 3935 1410 3987 Krehlii.
1431 3963 1459 3972 -
1482 3937 1523 4000 cc]
1539 3943 1584 3987 4444
1600 3938 1681 3988 Prisc.
1702 3961 1729 3971 -

415 4014 536 4082 oporteat]
550 4019 649 4078 poteret
665 4014 711 4064 64.
732 4040 758 4050 -
777 4013 801 4065 8.
820 4019 855 4064 est
870 4027 923 4065 om.
937 4014 1017 4066 Prisc.
1032 4040 1059 4049 -
1078 4014 1261 4074 Chelidonisque
1277 4009 1482 4075 Gtatfhgtt:
1501 4010 1728 4063 cthetidontsdtt.

416 4093 485 4145 0.-
503 4090 545 4141 444.
563 4088 591 4140 6.
608 4089 672 4139 444.
690 4089 723 4138 64
736 4088 778 4149 4ς
794 4086 838 4138 si:
855 4088 882 4140 P.
894 4090 958 4140 444.
977 4087 1010 4138 44.
1029 4087 1077 4139 444.
1096 4089 1125 4139 0.
1145 4089 1177 4140 ct.
1195 4089 1227 4138 11.
1246 4086 1270 4151 5.
1282 4087 1324 4138 44.
1343 4111 1371 4123 -
1390 4087 1431 4136 44.
1449 4086 1515 4148 quod
1530 4098 1621 4136 44444.
1640 4084 1689 4137 444.
1701 4111 1730 4122 -

414 4166 456 4219 44.
469 4163 572 4230 pupillo
587 4162 681 4213 codd:
697 4162 781 4224 postte
802 4162 882 4213 Prisc.
900 4164 932 4213 44.
955 4176 981 4228 p.
999 4163 1056 4213 444.
1077 4188 1105 4198 -
1132 4162 1209 4226 tepea,
1235 4173 1291 4221 aeq.
1309 4160 1389 4211 Prisc.
1410 4186 1438 4197 -
1462 4159 1502 4210 44.
1520 4164 1679 4223 4444444444
1694 4158 1731 4209 64

414 4241 488 4304 ως.
499 4267 528 4278 -
540 4240 592 4302 ipae
603 4238 639 4288 64
650 4236 722 4296 nde:
740 4238 785 4287 4444
801 4237 848 4287 444.
866 4239 895 4288 in
905 4239 938 4288 64
958 4236 1068 4301 legitur:
1087 4251 1139 4300 quc
1154 4251 1211 4288 cum
1226 4250 1310 4300 sacac.
1327 4262 1354 4273 -
1373 4236 1413 4285 44.
1431 4234 1513 4285 4444444
1523 4235 1583 4285 644
1599 4236 1688 4298 bhgg.
1700 4258 1728 4270 -

415 4315 457 4367 44.
480 4318 571 4366 4444444.
594 4313 775 4374 4444444444
795 4314 827 4363 64
842 4309 867 4362 l.
891 4337 919 4348 -
942 4313 983 4364 44.
1004 4318 1085 4375 poscet
1106 4314 1136 4362 V.
1157 4339 1184 4349 -
1208 4313 1249 4363 44.
1272 4311 1408 4375 4444444444
1424 4310 1454 4359 V.
1472 4309 1548 4360 8dtt.
1579 4311 1612 4361 st
1634 4309 1668 4360 el.
1686 4309 1729 4359 111.

415 4388 440 4453 8.
458 4389 499 4440 44.
519 4414 548 4425 -
575 4387 616 4438 43.
633 4385 749 4450 maletot]
771 4388 800 4436 ln
817 4386 869 4436 hoc
884 4385 1013 4437 vocabulo
1030 4387 1125 4439 desinit
1142 4390 1188 4449 64,
1212 4390 1237 4439 iu
1259 4400 1313 4451 quo
1334 4385 1417 4437 verba
1438 4384 1499 4435 inde
1521 4383 1572 4434 ab:
1599 4384 1732 4433 4444444444

412 4462 493 4527 aum
513 4460 564 4512 alta
587 4474 669 4512 manu
690 4464 751 4511 sunt
771 4460 909 4525 adscripta.
929 4487 957 4496 -
983 4459 1023 4511 44.
1050 4461 1141 4510 4444444
1157 4462 1187 4512 V.
1214 4461 1257 4512 sic
1273 4460 1339 4511 inira
1356 4462 1448 4510 4444444
1464 4471 1513 4523 pro
1529 4458 1642 4508 44444444.
1662 4484 1690 4494 -
1708 4461 1732 4506 44

413 4543 467 4589 tous
488 4537 539 4589 444.
557 4537 593 4588 V:
620 4540 644 4586 44
662 4536 713 4585 444.
733 4538 778 4586 ott.
796 4536 825 4586 0.
845 4562 872 4572 -
895 4536 936 4585 46.
956 4536 1170 4597 queuwmosodwo
1186 4536 1208 4584 V
1225 4537 1271 4598 (sic
1288 4536 1368 4586 etism
1384 4532 1469 4594 intre).
1484 4558 1511 4568 -
1530 4530 1571 4583 47.
1589 4537 1613 4582 44
1628 4544 1681 4581 om.
1698 4530 1730 4581 V.

413 4614 447 4665 Α4
462 4611 497 4664 ct.
514 4613 575 4663 0444
592 4610 627 4663 ad
644 4612 698 4661 Pin.
716 4623 742 4675 p.
753 4611 810 4661 448.
829 4637 856 4648 -
874 4612 914 4663 48.
932 4610 1064 4674 inprobum
1080 4610 1110 4660 V.
1132 4637 1159 4647 -
1176 4610 1217 4660 49.
1235 4610 1392 4660 condonabat
1407 4608 1444 4658 64
1453 4606 1592 4669 4444349
1608 4607 1638 4655 V.
1658 4606 1731 4669 (4444·

413 4700 467 4752 que
484 4686 556 4738 enlm
573 4686 736 4737 condonaret
751 4687 808 4736 tum
823 4684 1014 4745 hereditatem,
1032 4683 1081 4735 sed
1099 4685 1124 4734 in
1142 4698 1174 4735 eo
1191 4689 1261 4744 erat,
1279 4687 1309 4734 ut
1325 4682 1489 4735 condonaret
1502 4681 1560 4744 ipso
1571 4681 1657 4732 edicto
1668 4681 1733 4730 scri·

413 4760 512 4813 44444.
535 4761 571 4812 Ea
588 4761 627 4812 vis
645 4759 790 4826 imperfecti
806 4759 918 4811 librariis
935 4761 1022 4823 ignote
1035 4762 1118 4809 eret.»
1135 4758 1221 4810 ldcdv.
1233 4763 1301 4825 App.
1319 4773 1346 4825 p.
1359 4758 1427 4821 ill:
1448 4757 1632 4808 condonaverat
1647 4757 1729 4806 Prisc.

413 4836 446 4887 lt.
464 4849 491 4901 p.
505 4835 561 4887 444.
580 4834 671 4897 ltrehl;
690 4836 837 4886 4444444444
854 4836 884 4886 44.
903 4837 930 4885 et
946 4834 1005 4884 cod.
1018 4835 1121 4885 Monac.
1141 4848 1181 4885 nr.
1194 4835 1251 4885 4446.
1270 4849 1313 4900 ap.
1326 4835 1417 4894 Prisc.;
1429 4833 1584 4883 4444444444
1599 4829 1646 4880 444.
1660 4829 1689 4879 0.
1700 4853 1729 4863 -

415 4923 435 4961 4
449 4909 532 4962 4444444
549 4910 585 4962 64
594 4909 631 4960 44
639 4926 656 4972 ς
665 4911 741 4975 4449.
763 4912 835 4972 Quae
853 4910 1012 4960 constructio
1024 4921 1187 4973 quamquam
1203 4911 1228 4960 in
1240 4910 1360 4973 4444444444
1376 4908 1459 4961 verbo
1470 4906 1531 4957 aiibi
1542 4916 1648 4969 quoque
1659 4900 1731 4966 apud

416 4986 574 5039 Ciceronem
590 4988 720 5052 reperitur
738 4986 779 5050 (ci.
798 4987 821 5051 5.
834 4986 875 5037 449.
894 4988 922 5036 et
938 4982 1040 5035 Ellendt
1057 4982 1090 5033 sd
1109 4985 1127 5034 l.
1146 4983 1181 5036 de
1197 4985 1267 5036 orat.
1287 4984 1311 5049 5.
1326 4983 1408 5047 444.),
1426 4986 1514 5033 brnen
1531 4976 1657 5030 hocloco
1674 4977 1731 5027 Pri-

416 5061 507 5123 sciani,
525 5060 624 5113 codicis
636 5063 753 5114 Vaticani
770 5061 935 5125 aliorumque
952 5059 1135 5111 auctoritatem
1147 5059 1208 5111 ideo
1218 5061 1294 5124 sequi
1305 5057 1455 5116 maluimus,
1474 5054 1546 5120 quod
1557 5052 1621 5103 inira
1634 5051 1658 5115 5.
1672 5051 1728 5102 444.

417 5133 474 5187 444.
488 5138 530 5188 ter
545 5137 572 5188 ln
588 5136 684 5188 eadem
702 5149 731 5187 re
743 5136 845 5188 dabvus
860 5134 963 5200 legitur.
978 5161 1004 5170 -
1024 5134 1064 5184 30.
1083 5147 1170 5185 444444
1187 5135 1217 5185 V.
1238 5162 1266 5173 -
1283 5125 1729 5198 mpmcamtrttPcscc

417 5211 922 5275 accommodandae·
942 5203 1538 5264 crs--roccsmom.v.-as.mctacc.
1558 5199 1731 5259 Percntare

418 5282 533 5349 laist:
554 5285 654 5341 Verrem
668 5299 703 5340 44.
721 5287 781 5340 444.
797 5286 845 5339 444.
864 5287 893 5339 0.

467 5374 634 5429 arnono
1489 5371 1524 5440 44
