<?xml version="1.0" encoding="UTF-8"?>
<!DOCTYPE html PUBLIC "-//W3C//DTD XHTML 1.0 Transitional//EN"
    "http://www.w3.org/TR/xhtml1/DTD/xhtml1-transitional.dtd">
<html xmlns="http://www.w3.org/1999/xhtml" xml:lang="en" lang="en">
 <head>
  <title>
</title>
<meta http-equiv="Content-Type" content="text/html;charset=utf-8" />
  <meta name='ocr-system' content='tesseract 3.04.00' />
  <meta name='ocr-capabilities' content='ocr_page ocr_carea ocr_par ocr_line ocrx_word'/>
</head>
<body>
  <div class='ocr_page' id='page_1' title='image "./operaquaesupers02halmgoog_0393.png"; bbox 0 0 4367 6109; ppageno 0'>
   <div class='ocr_carea' id='block_1_1' title="bbox 736 589 1731 681">
    <p class='ocr_par' dir='ltr' id='par_1_1' title="bbox 736 589 1731 681">
     <span class='ocr_line' id='line_1_1' title="bbox 736 589 1731 681; baseline -0.003 -20"><span class='ocrx_word' id='word_1_1' title='bbox 736 596 804 662; x_wconf 75' lang='lat' dir='ltr'><strong>n..</strong></span> <span class='ocrx_word' id='word_1_2' title='bbox 826 596 878 662; x_wconf 86' lang='lat' dir='ltr'><strong>rv.</strong></span> <span class='ocrx_word' id='word_1_3' title='bbox 910 596 983 662; x_wconf 72' lang='lat' dir='ltr'><strong>cn.</strong></span> <span class='ocrx_word' id='word_1_4' title='bbox 1006 597 1130 663; x_wconf 81' lang='lat' dir='ltr'><strong>nxvn.</strong></span> <span class='ocrx_word' id='word_1_5' title='bbox 1161 595 1195 681; x_wconf 76' lang='lat' dir='ltr'><strong>s.</strong></span> <span class='ocrx_word' id='word_1_6' title='bbox 1217 592 1405 662; x_wconf 79' lang='lat' dir='ltr'><strong>ste-tu.</strong></span> <span class='ocrx_word' id='word_1_7' title='bbox 1669 589 1731 658; x_wconf 79' lang='lat' dir='ltr'><strong>aro</strong></span> 
     </span>
    </p>
   </div>
   <div class='ocr_carea' id='block_1_2' title="bbox 413 763 1772 3008">
    <p class='ocr_par' dir='ltr' id='par_1_2' title="bbox 413 763 1772 3008">
     <span class='ocr_line' id='line_1_2' title="bbox 415 763 1732 851; baseline -0.001 -22"><span class='ocrx_word' id='word_1_8' title='bbox 415 772 523 839; x_wconf 89' lang='lat' dir='ltr'><strong>erunt,</strong></span> <span class='ocrx_word' id='word_1_9' title='bbox 557 763 634 828; x_wconf 88' lang='lat' dir='ltr'><strong>mihi</strong></span> <span class='ocrx_word' id='word_1_10' title='bbox 662 766 763 847; x_wconf 90' lang='lat' dir='ltr'><strong>parati</strong></span> <span class='ocrx_word' id='word_1_11' title='bbox 793 765 856 829; x_wconf 89' lang='lat' dir='ltr'><strong>sint</strong></span> <span class='ocrx_word' id='word_1_12' title='bbox 884 766 1084 848; x_wconf 89' lang='lat' dir='ltr'><strong>respondere.</strong></span> <span class='ocrx_word' id='word_1_13' title='bbox 1127 768 1172 829; x_wconf 80' lang='lat' dir='ltr'><strong>Ae</strong></span> <span class='ocrx_word' id='word_1_14' title='bbox 1199 786 1240 829; x_wconf 90' lang='lat' dir='ltr'><strong>ne</strong></span> <span class='ocrx_word' id='word_1_15' title='bbox 1269 766 1373 830; x_wconf 88' lang='lat' dir='ltr'><strong>subito</strong></span> <span class='ocrx_word' id='word_1_16' title='bbox 1395 786 1415 830; x_wconf 92' lang='lat' dir='ltr'><strong>a</strong></span> <span class='ocrx_word' id='word_1_17' title='bbox 1434 787 1485 830; x_wconf 94' lang='lat' dir='ltr'><strong>me</strong></span> <span class='ocrx_word' id='word_1_18' title='bbox 1505 766 1732 851; x_wconf 88' lang='lat' dir='ltr'><strong>opprimantur,</strong></span> 
     </span>
     <span class='ocr_line' id='line_1_3' title="bbox 413 859 1732 943; baseline -0.002 -20"><span class='ocrx_word' id='word_1_19' title='bbox 413 859 492 923; x_wconf 88' lang='lat' dir='ltr'><strong>haec</strong></span> <span class='ocrx_word' id='word_1_20' title='bbox 523 877 592 920; x_wconf 89' lang='lat' dir='ltr'><strong>sum</strong></span> <span class='ocrx_word' id='word_1_21' title='bbox 626 866 807 942; x_wconf 75' lang='lat' dir='ltr'><strong>rogaturus:</strong></span> <span class='ocrx_word' id='word_1_22' title='bbox 840 860 958 922; x_wconf 84' lang='lat' dir='ltr'><strong>Navem</strong></span> <span class='ocrx_word' id='word_1_23' title='bbox 987 860 1106 943; x_wconf 91' lang='lat' dir='ltr'><strong>populo</strong></span> <span class='ocrx_word' id='word_1_24' title='bbox 1134 862 1274 924; x_wconf 84' lang='lat' dir='ltr'><strong>Romano</strong></span> <span class='ocrx_word' id='word_1_25' title='bbox 1297 861 1494 924; x_wconf 76' lang='lat' dir='ltr'><strong>debeantnet</strong></span> <span class='ocrx_word' id='word_1_26' title='bbox 1529 861 1732 925; x_wconf 84' lang='lat' dir='ltr'><strong>Fatebuntur.</strong></span> 
     </span>
     <span class='ocr_line' id='line_1_4' title="bbox 414 951 1733 1036; baseline -0.002 -20"><span class='ocrx_word' id='word_1_27' title='bbox 414 952 656 1016; x_wconf 86' lang='lat' dir='ltr'><strong>Praebuerintne</strong></span> <span class='ocrx_word' id='word_1_28' title='bbox 678 960 821 1035; x_wconf 91' lang='lat' dir='ltr'><strong>praetore</strong></span> <span class='ocrx_word' id='word_1_29' title='bbox 844 951 877 1014; x_wconf 87' lang='lat' dir='ltr'><strong>C.</strong></span> <span class='ocrx_word' id='word_1_30' title='bbox 899 953 1021 1015; x_wconf 73' lang='lat' dir='ltr'><strong>Verre?</strong></span> <span class='ocrx_word' id='word_1_31' title='bbox 1052 955 1227 1036; x_wconf 88' lang='lat' dir='ltr'><strong>Negabunt.</strong></span> <span class='ocrx_word' id='word_1_32' title='bbox 1260 954 1502 1018; x_wconf 65' lang='lat' dir='ltr'><strong>aedificarintne</strong></span> <span class='ocrx_word' id='word_1_33' title='bbox 1522 973 1634 1018; x_wconf 89' lang='lat' dir='ltr'><strong>navem</strong></span> <span class='ocrx_word' id='word_1_34' title='bbox 1655 972 1733 1015; x_wconf 90' lang='lat' dir='ltr'><strong>one·</strong></span> 
     </span>
     <span class='ocr_line' id='line_1_5' title="bbox 414 1045 1731 1133; baseline -0.002 -23"><span class='ocrx_word' id='word_1_35' title='bbox 414 1047 528 1110; x_wconf 87' lang='lat' dir='ltr'><strong>rariam</strong></span> <span class='ocrx_word' id='word_1_36' title='bbox 549 1046 716 1109; x_wconf 84' lang='lat' dir='ltr'>maximam</span> <span class='ocrx_word' id='word_1_37' title='bbox 735 1045 876 1128; x_wconf 87' lang='lat' dir='ltr'><strong>publice,</strong></span> <span class='ocrx_word' id='word_1_38' title='bbox 910 1066 1004 1128; x_wconf 89' lang='lat' dir='ltr'><strong>quam</strong></span> <span class='ocrx_word' id='word_1_39' title='bbox 1026 1048 1118 1110; x_wconf 85' lang='lat' dir='ltr'><strong>Verri</strong></span> <span class='ocrx_word' id='word_1_40' title='bbox 1139 1048 1317 1111; x_wconf 72' lang='lat' dir='ltr'><strong>dederunt?</strong></span> <span class='ocrx_word' id='word_1_41' title='bbox 1350 1050 1470 1131; x_wconf 77' lang='lat' dir='ltr'><strong>Negare</strong></span> <span class='ocrx_word' id='word_1_42' title='bbox 1490 1069 1554 1112; x_wconf 95' lang='lat' dir='ltr'><strong>non</strong></span> <span class='ocrx_word' id='word_1_43' title='bbox 1576 1053 1731 1133; x_wconf 81' lang='lat' dir='ltr'><strong>poterunt.</strong></span> 
     </span>
     <span class='ocr_line' id='line_1_6' title="bbox 414 1139 1756 1225; baseline -0.001 -22"><span class='ocrx_word' id='word_1_44' title='bbox 414 1141 614 1203; x_wconf 83' lang='lat' dir='ltr'>Frumentum</span> <span class='ocrx_word' id='word_1_45' title='bbox 637 1141 676 1204; x_wconf 87' lang='lat' dir='ltr'><strong>ab</strong></span> <span class='ocrx_word' id='word_1_46' title='bbox 698 1141 738 1207; x_wconf 89' lang='lat' dir='ltr'><strong>iis</strong></span> <span class='ocrx_word' id='word_1_47' title='bbox 754 1141 964 1225; x_wconf 78' lang='lat' dir='ltr'><strong>sumpseritne</strong></span> <span class='ocrx_word' id='word_1_48' title='bbox 981 1139 1014 1202; x_wconf 86' lang='lat' dir='ltr'><strong>C.</strong></span> <span class='ocrx_word' id='word_1_49' title='bbox 1029 1143 1153 1216; x_wconf 86' lang='lat' dir='ltr'><strong>Verres,</strong></span> <span class='ocrx_word' id='word_1_50' title='bbox 1175 1142 1260 1225; x_wconf 87' lang='lat' dir='ltr'><strong>quod</strong></span> <span class='ocrx_word' id='word_1_51' title='bbox 1282 1141 1401 1225; x_wconf 92' lang='lat' dir='ltr'><strong>populo</strong></span> <span class='ocrx_word' id='word_1_52' title='bbox 1423 1144 1563 1206; x_wconf 81' lang='lat' dir='ltr'><strong>Romano</strong></span> <span class='ocrx_word' id='word_1_53' title='bbox 1584 1143 1756 1220; x_wconf 69' lang='lat' dir='ltr'><strong>mitterett</strong></span> 
     </span>
     <span class='ocr_line' id='line_1_7' title="bbox 414 1232 1731 1319; baseline 0.002 -22"><span class='ocrx_word' id='word_1_54' title='bbox 414 1232 505 1297; x_wconf 89' lang='lat' dir='ltr'><strong>sicuti</strong></span> <span class='ocrx_word' id='word_1_55' title='bbox 527 1234 729 1316; x_wconf 72' lang='lat' dir='ltr'><strong>superiores?</strong></span> <span class='ocrx_word' id='word_1_56' title='bbox 759 1234 933 1316; x_wconf 89' lang='lat' dir='ltr'><strong>Negabunt.</strong></span> <span class='ocrx_word' id='word_1_57' title='bbox 968 1234 1052 1310; x_wconf 87' lang='lat' dir='ltr'><strong>Quid</strong></span> <span class='ocrx_word' id='word_1_58' title='bbox 1074 1236 1207 1297; x_wconf 90' lang='lat' dir='ltr'><strong>militum</strong></span> <span class='ocrx_word' id='word_1_59' title='bbox 1230 1242 1284 1298; x_wconf 92' lang='lat' dir='ltr'><strong>aut</strong></span> <span class='ocrx_word' id='word_1_60' title='bbox 1305 1242 1469 1298; x_wconf 89' lang='lat' dir='ltr'><strong>nautarum</strong></span> <span class='ocrx_word' id='word_1_61' title='bbox 1492 1256 1549 1319; x_wconf 92' lang='lat' dir='ltr'><strong>per</strong></span> <span class='ocrx_word' id='word_1_62' title='bbox 1562 1237 1731 1299; x_wconf 83' lang='lat' dir='ltr'><strong>triennium</strong></span> 
     </span>
     <span class='ocr_line' id='line_1_8' title="bbox 415 1327 1730 1393; baseline 0.001 -3"><span class='ocrx_word' id='word_1_63' title='bbox 415 1328 579 1391; x_wconf 74' lang='lat' dir='ltr'><strong>dederint</strong></span> <span class='ocrx_word' id='word_1_64' title='bbox 616 1327 745 1390; x_wconf 91' lang='lat' dir='ltr'><strong>Nullum</strong></span> <span class='ocrx_word' id='word_1_65' title='bbox 767 1327 873 1390; x_wconf 93' lang='lat' dir='ltr'><strong>datum</strong></span> <span class='ocrx_word' id='word_1_66' title='bbox 902 1327 1016 1390; x_wconf 85' lang='lat' dir='ltr'><strong>dicent</strong></span> <span class='ocrx_word' id='word_1_67' title='bbox 1059 1329 1170 1390; x_wconf 86' lang='lat' dir='ltr'><strong>Fuisse</strong></span> <span class='ocrx_word' id='word_1_68' title='bbox 1192 1329 1370 1390; x_wconf 83' lang='lat' dir='ltr'><strong>Messanam</strong></span> <span class='ocrx_word' id='word_1_69' title='bbox 1392 1329 1531 1393; x_wconf 92' lang='lat' dir='ltr'><strong>omnium</strong></span> <span class='ocrx_word' id='word_1_70' title='bbox 1552 1329 1644 1392; x_wconf 90' lang='lat' dir='ltr'><strong>istius</strong></span> <span class='ocrx_word' id='word_1_71' title='bbox 1665 1329 1730 1391; x_wconf 82' lang='lat' dir='ltr'><strong>t&#39;ur·</strong></span> 
     </span>
     <span class='ocr_line' id='line_1_9' title="bbox 414 1420 1732 1505; baseline 0 -21"><span class='ocrx_word' id='word_1_72' title='bbox 414 1429 517 1484; x_wconf 91' lang='lat' dir='ltr'><strong>torum</strong></span> <span class='ocrx_word' id='word_1_73' title='bbox 539 1440 575 1484; x_wconf 89' lang='lat' dir='ltr'><strong>ac</strong></span> <span class='ocrx_word' id='word_1_74' title='bbox 601 1420 787 1505; x_wconf 89' lang='lat' dir='ltr'><strong>praedarum</strong></span> <span class='ocrx_word' id='word_1_75' title='bbox 808 1422 1008 1505; x_wconf 85' lang='lat' dir='ltr'><strong>receptricem</strong></span> <span class='ocrx_word' id='word_1_76' title='bbox 1030 1440 1144 1504; x_wconf 90' lang='lat' dir='ltr'><strong>negare</strong></span> <span class='ocrx_word' id='word_1_77' title='bbox 1167 1440 1231 1483; x_wconf 94' lang='lat' dir='ltr'><strong>non</strong></span> <span class='ocrx_word' id='word_1_78' title='bbox 1252 1428 1417 1505; x_wconf 88' lang='lat' dir='ltr'><strong>poterunt:</strong></span> <span class='ocrx_word' id='word_1_79' title='bbox 1451 1422 1603 1504; x_wconf 88' lang='lat' dir='ltr'><strong>permulta</strong></span> <span class='ocrx_word' id='word_1_80' title='bbox 1625 1421 1732 1486; x_wconf 90' lang='lat' dir='ltr'><strong>multis</strong></span> 
     </span>
     <span class='ocr_line' id='line_1_10' title="bbox 414 1514 1732 1599; baseline 0.001 -22"><span class='ocrx_word' id='word_1_81' title='bbox 414 1514 547 1577; x_wconf 87' lang='lat' dir='ltr'><strong>navibus</strong></span> <span class='ocrx_word' id='word_1_82' title='bbox 574 1514 662 1577; x_wconf 88' lang='lat' dir='ltr'><strong>illinc</strong></span> <span class='ocrx_word' id='word_1_83' title='bbox 690 1522 867 1599; x_wconf 87' lang='lat' dir='ltr'><strong>exportata,</strong></span> <span class='ocrx_word' id='word_1_84' title='bbox 896 1514 978 1578; x_wconf 87' lang='lat' dir='ltr'><strong>hanc</strong></span> <span class='ocrx_word' id='word_1_85' title='bbox 1005 1534 1117 1579; x_wconf 87' lang='lat' dir='ltr'><strong>navem</strong></span> <span class='ocrx_word' id='word_1_86' title='bbox 1146 1514 1284 1598; x_wconf 83' lang='lat' dir='ltr'><strong>denique</strong></span> <span class='ocrx_word' id='word_1_87' title='bbox 1311 1515 1479 1577; x_wconf 84' lang='lat' dir='ltr'><strong>maximam</strong></span> <span class='ocrx_word' id='word_1_88' title='bbox 1499 1535 1519 1579; x_wconf 92' lang='lat' dir='ltr'><strong>a</strong></span> <span class='ocrx_word' id='word_1_89' title='bbox 1539 1516 1732 1580; x_wconf 75' lang='lat' dir='ltr'><strong>Mamertinis</strong></span> 
     </span>
     <span class='ocr_line' id='line_1_11' title="bbox 414 1602 1770 1690; baseline -0.001 -19"><span class='ocrx_word' id='word_1_90' title='bbox 414 1608 536 1682; x_wconf 86' lang='lat' dir='ltr'><strong>datam,</strong></span> <span class='ocrx_word' id='word_1_91' title='bbox 557 1616 701 1672; x_wconf 87' lang='lat' dir='ltr'><strong>onustam</strong></span> <span class='ocrx_word' id='word_1_92' title='bbox 722 1628 793 1671; x_wconf 88' lang='lat' dir='ltr'><strong>cum</strong></span> <span class='ocrx_word' id='word_1_93' title='bbox 815 1610 876 1671; x_wconf 91' lang='lat' dir='ltr'><strong>isto</strong></span> <span class='ocrx_word' id='word_1_94' title='bbox 899 1608 1069 1690; x_wconf 81' lang='lat' dir='ltr'><strong>prolectam</strong></span> <span class='ocrx_word' id='word_1_95' title='bbox 1091 1608 1282 1670; x_wconf 84' lang='lat' dir='ltr'><strong>fatebuntur.</strong></span> <span class='ocrx_word' id='word_1_96' title='bbox 1325 1602 1397 1689; x_wconf 63' lang='grc'><strong>454.</strong></span> <span class='ocrx_word' id='word_1_97' title='bbox 1421 1609 1658 1685; x_wconf 84' lang='lat' dir='ltr'><strong>Quamobrem</strong></span> <span class='ocrx_word' id='word_1_98' title='bbox 1674 1609 1770 1673; x_wconf 87' lang='lat' dir='ltr'><strong>tibito</strong></span> 
     </span>
     <span class='ocr_line' id='line_1_12' title="bbox 413 1701 1734 1787; baseline -0.001 -20"><span class='ocrx_word' id='word_1_99' title='bbox 413 1703 496 1767; x_wconf 85' lang='lat' dir='ltr'><strong>habe</strong></span> <span class='ocrx_word' id='word_1_100' title='bbox 518 1721 593 1765; x_wconf 89' lang='lat' dir='ltr'><strong>sane</strong></span> <span class='ocrx_word' id='word_1_101' title='bbox 616 1703 707 1766; x_wconf 89' lang='lat' dir='ltr'><strong>istam</strong></span> <span class='ocrx_word' id='word_1_102' title='bbox 721 1702 934 1765; x_wconf 81' lang='lat' dir='ltr'><strong>laudationem</strong></span> <span class='ocrx_word' id='word_1_103' title='bbox 955 1704 1231 1766; x_wconf 85' lang='lat' dir='ltr'><strong>Mamertinorum:</strong></span> <span class='ocrx_word' id='word_1_104' title='bbox 1258 1701 1484 1785; x_wconf 82' lang='lat' dir='ltr'><strong>Syracusanam</strong></span> <span class='ocrx_word' id='word_1_105' title='bbox 1507 1705 1634 1787; x_wconf 88' lang='lat' dir='ltr'><strong>quidem</strong></span> <span class='ocrx_word' id='word_1_106' title='bbox 1656 1703 1734 1766; x_wconf 84' lang='lat' dir='ltr'><strong>civi·</strong></span> 
     </span>
     <span class='ocr_line' id='line_1_13' title="bbox 414 1796 1733 1881; baseline -0.003 -19"><span class='ocrx_word' id='word_1_107' title='bbox 414 1805 527 1871; x_wconf 90' lang='lat' dir='ltr'><strong>tatem,</strong></span> <span class='ocrx_word' id='word_1_108' title='bbox 549 1803 585 1859; x_wconf 93' lang='lat' dir='ltr'><strong>ut</strong></span> <span class='ocrx_word' id='word_1_109' title='bbox 606 1797 661 1859; x_wconf 88' lang='lat' dir='ltr'><strong>ahs</strong></span> <span class='ocrx_word' id='word_1_110' title='bbox 683 1804 714 1859; x_wconf 91' lang='lat' dir='ltr'><strong>te</strong></span> <span class='ocrx_word' id='word_1_111' title='bbox 736 1797 847 1859; x_wconf 82' lang='lat' dir='ltr'><strong>auecta</strong></span> <span class='ocrx_word' id='word_1_112' title='bbox 862 1804 926 1871; x_wconf 91' lang='lat' dir='ltr'><strong>est,</strong></span> <span class='ocrx_word' id='word_1_113' title='bbox 948 1797 992 1860; x_wconf 87' lang='lat' dir='ltr'><strong>ita</strong></span> <span class='ocrx_word' id='word_1_114' title='bbox 1006 1797 1039 1859; x_wconf 91' lang='lat' dir='ltr'><strong>in</strong></span> <span class='ocrx_word' id='word_1_115' title='bbox 1059 1804 1090 1859; x_wconf 91' lang='lat' dir='ltr'><strong>te</strong></span> <span class='ocrx_word' id='word_1_116' title='bbox 1106 1815 1176 1859; x_wconf 90' lang='lat' dir='ltr'><strong>esse</strong></span> <span class='ocrx_word' id='word_1_117' title='bbox 1191 1796 1359 1859; x_wconf 86' lang='lat' dir='ltr'><strong>animatam</strong></span> <span class='ocrx_word' id='word_1_118' title='bbox 1374 1797 1533 1872; x_wconf 86' lang='lat' dir='ltr'><strong>ridemus,</strong></span> <span class='ocrx_word' id='word_1_119' title='bbox 1554 1797 1636 1881; x_wconf 90' lang='lat' dir='ltr'><strong>apud</strong></span> <span class='ocrx_word' id='word_1_120' title='bbox 1653 1815 1733 1879; x_wconf 89' lang='lat' dir='ltr'><strong>quos</strong></span> 
     </span>
     <span class='ocr_line' id='line_1_14' title="bbox 414 1889 1734 1972; baseline 0.001 -19"><span class='ocrx_word' id='word_1_121' title='bbox 414 1890 509 1954; x_wconf 88' lang='lat' dir='ltr'><strong>etiam</strong></span> <span class='ocrx_word' id='word_1_122' title='bbox 532 1889 642 1952; x_wconf 84' lang='lat' dir='ltr'><strong>Verria</strong></span> <span class='ocrx_word' id='word_1_123' title='bbox 663 1889 718 1952; x_wconf 91' lang='lat' dir='ltr'><strong>illa</strong></span> <span class='ocrx_word' id='word_1_124' title='bbox 739 1889 895 1972; x_wconf 89' lang='lat' dir='ltr'><strong>tlagitiosa</strong></span> <span class='ocrx_word' id='word_1_125' title='bbox 916 1890 1039 1954; x_wconf 85' lang='lat' dir='ltr'><strong>sublata</strong></span> <span class='ocrx_word' id='word_1_126' title='bbox 1060 1897 1143 1953; x_wconf 86' lang='lat' dir='ltr'><strong>sunt</strong></span> <span class='ocrx_word' id='word_1_127' title='bbox 1179 1890 1305 1953; x_wconf 87' lang='lat' dir='ltr'><strong>Etenim</strong></span> <span class='ocrx_word' id='word_1_128' title='bbox 1325 1891 1455 1955; x_wconf 91' lang='lat' dir='ltr'><strong>minime</strong></span> <span class='ocrx_word' id='word_1_129' title='bbox 1477 1890 1682 1955; x_wconf 82' lang='lat' dir='ltr'><strong>conveniebat</strong></span> <span class='ocrx_word' id='word_1_130' title='bbox 1704 1891 1734 1954; x_wconf 95' lang='lat' dir='ltr'><strong>ei</strong></span> 
     </span>
     <span class='ocr_line' id='line_1_15' title="bbox 414 1982 1735 2069; baseline -0.001 -23"><span class='ocrx_word' id='word_1_131' title='bbox 414 1983 545 2048; x_wconf 89' lang='lat' dir='ltr'><strong>deorum</strong></span> <span class='ocrx_word' id='word_1_132' title='bbox 571 1982 708 2046; x_wconf 86' lang='lat' dir='ltr'><strong>honores</strong></span> <span class='ocrx_word' id='word_1_133' title='bbox 735 1983 862 2058; x_wconf 85' lang='lat' dir='ltr'><strong>haberi,</strong></span> <span class='ocrx_word' id='word_1_134' title='bbox 893 1984 949 2069; x_wconf 89' lang='lat' dir='ltr'><strong>qui</strong></span> <span class='ocrx_word' id='word_1_135' title='bbox 972 1983 1137 2047; x_wconf 88' lang='lat' dir='ltr'><strong>simulacra</strong></span> <span class='ocrx_word' id='word_1_136' title='bbox 1159 1983 1289 2047; x_wconf 91' lang='lat' dir='ltr'><strong>deorum</strong></span> <span class='ocrx_word' id='word_1_137' title='bbox 1310 1983 1498 2048; x_wconf 85' lang='lat' dir='ltr'><strong>abstulisset</strong></span> <span class='ocrx_word' id='word_1_138' title='bbox 1541 1984 1643 2048; x_wconf 85' lang='lat' dir='ltr'><strong>Etiam</strong></span> <span class='ocrx_word' id='word_1_139' title='bbox 1663 1982 1735 2046; x_wconf 90' lang='lat' dir='ltr'><strong>her·</strong></span> 
     </span>
     <span class='ocr_line' id='line_1_16' title="bbox 414 2075 1772 2161; baseline -0.004 -20"><span class='ocrx_word' id='word_1_140' title='bbox 414 2077 484 2141; x_wconf 91' lang='lat' dir='ltr'><strong>cule</strong></span> <span class='ocrx_word' id='word_1_141' title='bbox 506 2075 585 2140; x_wconf 90' lang='lat' dir='ltr'><strong>illud</strong></span> <span class='ocrx_word' id='word_1_142' title='bbox 605 2076 640 2138; x_wconf 93' lang='lat' dir='ltr'><strong>in</strong></span> <span class='ocrx_word' id='word_1_143' title='bbox 664 2077 870 2161; x_wconf 84' lang='lat' dir='ltr'><strong>Syracusanis</strong></span> <span class='ocrx_word' id='word_1_144' title='bbox 892 2078 1003 2141; x_wconf 92' lang='lat' dir='ltr'><strong>merito</strong></span> <span class='ocrx_word' id='word_1_145' title='bbox 1024 2077 1324 2161; x_wconf 87' lang='lat' dir='ltr'><strong>reprehenderetur,</strong></span> <span class='ocrx_word' id='word_1_146' title='bbox 1353 2076 1398 2151; x_wconf 90' lang='lat' dir='ltr'><strong>si,</strong></span> <span class='ocrx_word' id='word_1_147' title='bbox 1420 2097 1491 2140; x_wconf 88' lang='lat' dir='ltr'><strong>cum</strong></span> <span class='ocrx_word' id='word_1_148' title='bbox 1514 2077 1597 2142; x_wconf 91' lang='lat' dir='ltr'><strong>diem</strong></span> <span class='ocrx_word' id='word_1_149' title='bbox 1617 2077 1734 2140; x_wconf 84' lang='lat' dir='ltr'><strong>festum</strong></span> <span class='ocrx_word' id='word_1_150' title='bbox 1743 2089 1772 2137; x_wconf 79' lang='lat' dir='ltr'><strong>tt</strong></span> 
     </span>
     <span class='ocr_line' id='line_1_17' title="bbox 414 2168 1735 2254; baseline -0.001 -21"><span class='ocrx_word' id='word_1_151' title='bbox 414 2171 559 2235; x_wconf 86' lang='lat' dir='ltr'><strong>ludorum</strong></span> <span class='ocrx_word' id='word_1_152' title='bbox 582 2171 621 2233; x_wconf 91' lang='lat' dir='ltr'><strong>de</strong></span> <span class='ocrx_word' id='word_1_153' title='bbox 643 2171 733 2234; x_wconf 80' lang='lat' dir='ltr'><strong>fastis</strong></span> <span class='ocrx_word' id='word_1_154' title='bbox 754 2171 819 2234; x_wconf 90' lang='lat' dir='ltr'><strong>suis</strong></span> <span class='ocrx_word' id='word_1_155' title='bbox 841 2172 1041 2235; x_wconf 87' lang='lat' dir='ltr'><strong>sustulissent</strong></span> <span class='ocrx_word' id='word_1_156' title='bbox 1062 2171 1299 2235; x_wconf 88' lang='lat' dir='ltr'><strong>celeberrimum</strong></span> <span class='ocrx_word' id='word_1_157' title='bbox 1321 2177 1354 2234; x_wconf 90' lang='lat' dir='ltr'><strong>et</strong></span> <span class='ocrx_word' id='word_1_158' title='bbox 1373 2172 1620 2245; x_wconf 87' lang='lat' dir='ltr'><strong>sanctissimum,</strong></span> <span class='ocrx_word' id='word_1_159' title='bbox 1647 2168 1735 2254; x_wconf 89' lang='lat' dir='ltr'><strong>quod</strong></span> 
     </span>
     <span class='ocr_line' id='line_1_18' title="bbox 415 2264 1734 2351; baseline 0.001 -24"><span class='ocrx_word' id='word_1_160' title='bbox 415 2283 452 2327; x_wconf 89' lang='lat' dir='ltr'><strong>eo</strong></span> <span class='ocrx_word' id='word_1_161' title='bbox 473 2264 543 2348; x_wconf 90' lang='lat' dir='ltr'><strong>ipso</strong></span> <span class='ocrx_word' id='word_1_162' title='bbox 566 2265 617 2329; x_wconf 93' lang='lat' dir='ltr'><strong>die</strong></span> <span class='ocrx_word' id='word_1_163' title='bbox 633 2266 804 2349; x_wconf 80' lang='lat' dir='ltr'><strong>Syracusae</strong></span> <span class='ocrx_word' id='word_1_164' title='bbox 820 2285 839 2328; x_wconf 95' lang='lat' dir='ltr'><strong>a</strong></span> <span class='ocrx_word' id='word_1_165' title='bbox 853 2266 1002 2330; x_wconf 88' lang='lat' dir='ltr'><strong>Marcello</strong></span> <span class='ocrx_word' id='word_1_166' title='bbox 1018 2273 1126 2351; x_wconf 86' lang='lat' dir='ltr'><strong>captae</strong></span> <span class='ocrx_word' id='word_1_167' title='bbox 1141 2285 1212 2329; x_wconf 89' lang='lat' dir='ltr'><strong>csse</strong></span> <span class='ocrx_word' id='word_1_168' title='bbox 1228 2264 1388 2341; x_wconf 88' lang='lat' dir='ltr'><strong>dicuntur,</strong></span> <span class='ocrx_word' id='word_1_169' title='bbox 1411 2265 1506 2329; x_wconf 89' lang='lat' dir='ltr'><strong>iidem</strong></span> <span class='ocrx_word' id='word_1_170' title='bbox 1522 2267 1605 2332; x_wconf 90' lang='lat' dir='ltr'><strong>diem</strong></span> <span class='ocrx_word' id='word_1_171' title='bbox 1619 2264 1734 2328; x_wconf 79' lang='lat' dir='ltr'><strong>festum</strong></span> 
     </span>
     <span class='ocr_line' id='line_1_19' title="bbox 414 2358 1734 2444; baseline -0.002 -22"><span class='ocrx_word' id='word_1_172' title='bbox 414 2358 520 2422; x_wconf 87' lang='lat' dir='ltr'><strong>Verris</strong></span> <span class='ocrx_word' id='word_1_173' title='bbox 549 2360 676 2422; x_wconf 91' lang='lat' dir='ltr'><strong>nomine</strong></span> <span class='ocrx_word' id='word_1_174' title='bbox 703 2366 847 2442; x_wconf 76' lang='lat' dir='ltr'><strong>agerent,</strong></span> <span class='ocrx_word' id='word_1_175' title='bbox 877 2380 949 2425; x_wconf 93' lang='lat' dir='ltr'><strong>cum</strong></span> <span class='ocrx_word' id='word_1_176' title='bbox 978 2360 1038 2423; x_wconf 89' lang='lat' dir='ltr'><strong>istc</strong></span> <span class='ocrx_word' id='word_1_177' title='bbox 1060 2380 1079 2424; x_wconf 92' lang='lat' dir='ltr'><strong>a</strong></span> <span class='ocrx_word' id='word_1_178' title='bbox 1101 2359 1324 2444; x_wconf 88' lang='lat' dir='ltr'><strong>Syracusanis,</strong></span> <span class='ocrx_word' id='word_1_179' title='bbox 1355 2379 1438 2444; x_wconf 88' lang='lat' dir='ltr'><strong>quae</strong></span> <span class='ocrx_word' id='word_1_180' title='bbox 1459 2361 1512 2423; x_wconf 93' lang='lat' dir='ltr'><strong>ille</strong></span> <span class='ocrx_word' id='word_1_181' title='bbox 1534 2359 1734 2423; x_wconf 87' lang='lat' dir='ltr'><strong>calamitosus</strong></span> 
     </span>
     <span class='ocr_line' id='line_1_20' title="bbox 415 2453 1736 2538; baseline -0.002 -22"><span class='ocrx_word' id='word_1_182' title='bbox 415 2453 483 2516; x_wconf 88' lang='lat' dir='ltr'><strong>dies</strong></span> <span class='ocrx_word' id='word_1_183' title='bbox 505 2453 693 2536; x_wconf 84' lang='lat' dir='ltr'><strong>reliquerat,</strong></span> <span class='ocrx_word' id='word_1_184' title='bbox 716 2453 895 2517; x_wconf 87' lang='lat' dir='ltr'><strong>ademisset.</strong></span> <span class='ocrx_word' id='word_1_185' title='bbox 931 2456 976 2520; x_wconf 78' lang='lat' dir='ltr'><strong>Ac</strong></span> <span class='ocrx_word' id='word_1_186' title='bbox 997 2454 1103 2517; x_wconf 87' lang='lat' dir='ltr'><strong>videte</strong></span> <span class='ocrx_word' id='word_1_187' title='bbox 1124 2454 1262 2516; x_wconf 91' lang='lat' dir='ltr'><strong>hominis</strong></span> <span class='ocrx_word' id='word_1_188' title='bbox 1285 2454 1510 2538; x_wconf 91' lang='lat' dir='ltr'><strong>impudentiam</strong></span> <span class='ocrx_word' id='word_1_189' title='bbox 1532 2460 1627 2538; x_wconf 84' lang='lat' dir='ltr'><strong>atque</strong></span> <span class='ocrx_word' id='word_1_190' title='bbox 1649 2469 1736 2514; x_wconf 85' lang='lat' dir='ltr'><strong>arro·</strong></span> 
     </span>
     <span class='ocr_line' id='line_1_21' title="bbox 414 2544 1772 2631; baseline -0.001 -21"><span class='ocrx_word' id='word_1_191' title='bbox 414 2547 568 2630; x_wconf 89' lang='lat' dir='ltr'><strong>gantiam,</strong></span> <span class='ocrx_word' id='word_1_192' title='bbox 591 2546 730 2622; x_wconf 83' lang='lat' dir='ltr'><strong>iudices,</strong></span> <span class='ocrx_word' id='word_1_193' title='bbox 758 2548 813 2631; x_wconf 90' lang='lat' dir='ltr'><strong>qui</strong></span> <span class='ocrx_word' id='word_1_194' title='bbox 836 2568 900 2611; x_wconf 92' lang='lat' dir='ltr'><strong>non</strong></span> <span class='ocrx_word' id='word_1_195' title='bbox 923 2548 1024 2611; x_wconf 90' lang='lat' dir='ltr'><strong>solum</strong></span> <span class='ocrx_word' id='word_1_196' title='bbox 1046 2549 1156 2612; x_wconf 87' lang='lat' dir='ltr'><strong>Verria</strong></span> <span class='ocrx_word' id='word_1_197' title='bbox 1176 2547 1255 2609; x_wconf 87' lang='lat' dir='ltr'><strong>haec</strong></span> <span class='ocrx_word' id='word_1_198' title='bbox 1276 2548 1380 2630; x_wconf 92' lang='lat' dir='ltr'><strong>turpia</strong></span> <span class='ocrx_word' id='word_1_199' title='bbox 1400 2567 1436 2610; x_wconf 90' lang='lat' dir='ltr'><strong>ac</strong></span> <span class='ocrx_word' id='word_1_200' title='bbox 1456 2545 1589 2611; x_wconf 88' lang='lat' dir='ltr'><strong>ridicula</strong></span> <span class='ocrx_word' id='word_1_201' title='bbox 1610 2565 1651 2608; x_wconf 87' lang='lat' dir='ltr'><strong>ex</strong></span> <span class='ocrx_word' id='word_1_202' title='bbox 1672 2544 1772 2609; x_wconf 80' lang='lat' dir='ltr'><strong>lle-to</strong></span> 
     </span>
     <span class='ocr_line' id='line_1_22' title="bbox 415 2637 1734 2725; baseline -0.003 -21"><span class='ocrx_word' id='word_1_203' title='bbox 415 2641 502 2705; x_wconf 87' lang='lat' dir='ltr'><strong>raclii</strong></span> <span class='ocrx_word' id='word_1_204' title='bbox 523 2642 659 2725; x_wconf 88' lang='lat' dir='ltr'><strong>pecunia</strong></span> <span class='ocrx_word' id='word_1_205' title='bbox 679 2643 889 2717; x_wconf 89' lang='lat' dir='ltr'><strong>constituerit,</strong></span> <span class='ocrx_word' id='word_1_206' title='bbox 919 2661 1027 2705; x_wconf 82' lang='lat' dir='ltr'><strong>rerum</strong></span> <span class='ocrx_word' id='word_1_207' title='bbox 1057 2642 1152 2705; x_wconf 89' lang='lat' dir='ltr'><strong>etiam</strong></span> <span class='ocrx_word' id='word_1_208' title='bbox 1173 2641 1333 2705; x_wconf 87' lang='lat' dir='ltr'><strong>Marcellia</strong></span> <span class='ocrx_word' id='word_1_209' title='bbox 1354 2641 1423 2704; x_wconf 92' lang='lat' dir='ltr'><strong>tolli</strong></span> <span class='ocrx_word' id='word_1_210' title='bbox 1444 2640 1620 2724; x_wconf 80' lang='lat' dir='ltr'><strong>imperarit,</strong></span> <span class='ocrx_word' id='word_1_211' title='bbox 1647 2648 1682 2702; x_wconf 93' lang='lat' dir='ltr'><strong>ut</strong></span> <span class='ocrx_word' id='word_1_212' title='bbox 1703 2637 1734 2701; x_wconf 90' lang='lat' dir='ltr'><strong>ei</strong></span> 
     </span>
     <span class='ocr_line' id='line_1_23' title="bbox 414 2732 1734 2819; baseline 0.001 -24"><span class='ocrx_word' id='word_1_213' title='bbox 414 2752 501 2798; x_wconf 88' lang='lat' dir='ltr'><strong>saera</strong></span> <span class='ocrx_word' id='word_1_214' title='bbox 528 2734 666 2799; x_wconf 84' lang='lat' dir='ltr'><strong>facerent</strong></span> <span class='ocrx_word' id='word_1_215' title='bbox 694 2735 880 2819; x_wconf 89' lang='lat' dir='ltr'><strong>quotannis,</strong></span> <span class='ocrx_word' id='word_1_216' title='bbox 910 2737 1000 2799; x_wconf 89' lang='lat' dir='ltr'><strong>cuius</strong></span> <span class='ocrx_word' id='word_1_217' title='bbox 1029 2755 1127 2818; x_wconf 88' lang='lat' dir='ltr'><strong>opera</strong></span> <span class='ocrx_word' id='word_1_218' title='bbox 1147 2735 1288 2798; x_wconf 93' lang='lat' dir='ltr'><strong>omnium</strong></span> <span class='ocrx_word' id='word_1_219' title='bbox 1309 2753 1463 2797; x_wconf 91' lang='lat' dir='ltr'><strong>annorum</strong></span> <span class='ocrx_word' id='word_1_220' title='bbox 1485 2752 1573 2797; x_wconf 88' lang='lat' dir='ltr'><strong>sacra</strong></span> <span class='ocrx_word' id='word_1_221' title='bbox 1594 2732 1734 2817; x_wconf 86' lang='lat' dir='ltr'><strong>deosque</strong></span> 
     </span>
     <span class='ocr_line' id='line_1_24' title="bbox 413 2827 1734 2914; baseline 0 -23"><span class='ocrx_word' id='word_1_222' title='bbox 413 2828 533 2911; x_wconf 89' lang='lat' dir='ltr'><strong>patrios</strong></span> <span class='ocrx_word' id='word_1_223' title='bbox 563 2829 745 2904; x_wconf 86' lang='lat' dir='ltr'><strong>amiserant;</strong></span> <span class='ocrx_word' id='word_1_224' title='bbox 776 2829 845 2893; x_wconf 88' lang='lat' dir='ltr'><strong>eius</strong></span> <span class='ocrx_word' id='word_1_225' title='bbox 874 2838 978 2893; x_wconf 91' lang='lat' dir='ltr'><strong>autem</strong></span> <span class='ocrx_word' id='word_1_226' title='bbox 999 2829 1139 2893; x_wconf 84' lang='lat' dir='ltr'><strong>familiae</strong></span> <span class='ocrx_word' id='word_1_227' title='bbox 1161 2829 1229 2892; x_wconf 89' lang='lat' dir='ltr'><strong>dies</strong></span> <span class='ocrx_word' id='word_1_228' title='bbox 1250 2827 1347 2891; x_wconf 84' lang='lat' dir='ltr'><strong>festos</strong></span> <span class='ocrx_word' id='word_1_229' title='bbox 1369 2828 1533 2903; x_wconf 88' lang='lat' dir='ltr'><strong>tollerent,</strong></span> <span class='ocrx_word' id='word_1_230' title='bbox 1560 2848 1619 2914; x_wconf 90' lang='lat' dir='ltr'><strong>per</strong></span> <span class='ocrx_word' id='word_1_231' title='bbox 1639 2846 1734 2914; x_wconf 60' lang='lat' dir='ltr'><strong>Qum</strong></span> 
     </span>
     <span class='ocr_line' id='line_1_25' title="bbox 415 2922 1149 3008; baseline 0.003 -24"><span class='ocrx_word' id='word_1_232' title='bbox 415 2928 535 2987; x_wconf 88' lang='lat' dir='ltr'><strong>ceteros</strong></span> <span class='ocrx_word' id='word_1_233' title='bbox 557 2943 686 3008; x_wconf 86' lang='lat' dir='ltr'><strong>quoque</strong></span> <span class='ocrx_word' id='word_1_234' title='bbox 708 2922 808 2987; x_wconf 82' lang='lat' dir='ltr'><strong>festos</strong></span> <span class='ocrx_word' id='word_1_235' title='bbox 830 2923 898 2987; x_wconf 88' lang='lat' dir='ltr'><strong>dies</strong></span> <span class='ocrx_word' id='word_1_236' title='bbox 920 2930 1149 3007; x_wconf 79' lang='lat' dir='ltr'><strong>recuperarent.</strong></span> 
     </span>
    </p>
   </div>
   <div class='ocr_carea' id='block_1_3' title="bbox 479 3173 1734 3256">
    <p class='ocr_par' dir='ltr' id='par_1_3' title="bbox 479 3173 1734 3256">
     <span class='ocr_line' id='line_1_26' title="bbox 479 3173 1734 3256; baseline 0 -15"><span class='ocrx_word' id='word_1_237' title='bbox 479 3192 503 3242; x_wconf 83' lang='grc'><strong>4.</strong></span> <span class='ocrx_word' id='word_1_238' title='bbox 527 3203 559 3241; x_wconf 74' lang='lat' dir='ltr'><strong>ae</strong></span> <span class='ocrx_word' id='word_1_239' title='bbox 578 3203 631 3242; x_wconf 86' lang='lat' dir='ltr'><strong>om.</strong></span> <span class='ocrx_word' id='word_1_240' title='bbox 654 3189 719 3242; x_wconf 77' lang='lat' dir='ltr'><strong>uest.</strong></span> <span class='ocrx_word' id='word_1_241' title='bbox 745 3217 773 3228; x_wconf 95' lang='lat'>-</span> <span class='ocrx_word' id='word_1_242' title='bbox 799 3191 904 3255; x_wconf 70' lang='lat' dir='ltr'><strong>copres.</strong></span> <span class='ocrx_word' id='word_1_243' title='bbox 926 3193 955 3242; x_wconf 88' lang='lat' dir='ltr'><strong>n.</strong></span> <span class='ocrx_word' id='word_1_244' title='bbox 979 3216 1007 3228; x_wconf 97' lang='lat'>-</span> <span class='ocrx_word' id='word_1_245' title='bbox 1034 3191 1059 3242; x_wconf 83' lang='lat'><strong>2.</strong></span> <span class='ocrx_word' id='word_1_246' title='bbox 1074 3204 1135 3255; x_wconf 72' lang='lat' dir='ltr'><strong>pop.</strong></span> <span class='ocrx_word' id='word_1_247' title='bbox 1153 3189 1233 3256; x_wconf 57' lang='lat' dir='ltr'><strong>noma</strong></span> <span class='ocrx_word' id='word_1_248' title='bbox 1250 3173 1319 3242; x_wconf 63' lang='lat' dir='ltr'><strong>a]</strong></span> <span class='ocrx_word' id='word_1_249' title='bbox 1338 3191 1371 3250; x_wconf 87' lang='lat' dir='ltr'><strong>n;</strong></span> <span class='ocrx_word' id='word_1_250' title='bbox 1394 3189 1509 3253; x_wconf 67' lang='lat' dir='ltr'><strong>praem</strong></span> <span class='ocrx_word' id='word_1_251' title='bbox 1524 3187 1597 3240; x_wconf 79' lang='lat' dir='ltr'><strong>toa.</strong></span> <span class='ocrx_word' id='word_1_252' title='bbox 1620 3189 1690 3254; x_wconf 76' lang='lat' dir='ltr'><strong>(nam</strong></span> <span class='ocrx_word' id='word_1_253' title='bbox 1707 3189 1734 3241; x_wconf 80' lang='lat' dir='ltr'><strong>tn</strong></span> 
     </span>
    </p>
   </div>
   <div class='ocr_carea' id='block_1_4' title="bbox 412 3299 1736 3592">
    <p class='ocr_par' dir='ltr' id='par_1_4' title="bbox 412 3299 1736 3592">
     <span class='ocr_line' id='line_1_27' title="bbox 415 3299 1733 3367; baseline -0.002 -13"><span class='ocrx_word' id='word_1_254' title='bbox 415 3302 475 3354; x_wconf 85' lang='lat' dir='ltr'><strong>cod.</strong></span> <span class='ocrx_word' id='word_1_255' title='bbox 493 3305 555 3367; x_wconf 81' lang='lat' dir='ltr'><strong>Reg.</strong></span> <span class='ocrx_word' id='word_1_256' title='bbox 573 3304 600 3353; x_wconf 86' lang='lat' dir='ltr'><strong>P.</strong></span> <span class='ocrx_word' id='word_1_257' title='bbox 618 3304 647 3353; x_wconf 84' lang='lat' dir='ltr'><strong>R.</strong></span> <span class='ocrx_word' id='word_1_258' title='bbox 665 3301 811 3366; x_wconf 83' lang='lat' dir='ltr'><strong>significat:</strong></span> <span class='ocrx_word' id='word_1_259' title='bbox 829 3309 947 3365; x_wconf 79' lang='lat' dir='ltr'><strong>praetor,</strong></span> <span class='ocrx_word' id='word_1_260' title='bbox 964 3305 1071 3354; x_wconf 58' lang='grc'><strong>1414.-</strong></span> <span class='ocrx_word' id='word_1_261' title='bbox 1087 3303 1195 3367; x_wconf 77' lang='lat' dir='ltr'><strong>populus</strong></span> <span class='ocrx_word' id='word_1_262' title='bbox 1204 3304 1273 3353; x_wconf 82' lang='lat' dir='ltr'><strong>Rom.</strong></span> <span class='ocrx_word' id='word_1_263' title='bbox 1286 3313 1401 3365; x_wconf 86' lang='lat' dir='ltr'><strong>raroque</strong></span> <span class='ocrx_word' id='word_1_264' title='bbox 1413 3301 1438 3351; x_wconf 86' lang='lat' dir='ltr'><strong>in</strong></span> <span class='ocrx_word' id='word_1_265' title='bbox 1452 3301 1504 3354; x_wconf 89' lang='lat' dir='ltr'><strong>hoc</strong></span> <span class='ocrx_word' id='word_1_266' title='bbox 1515 3301 1617 3362; x_wconf 88' lang='lat' dir='ltr'><strong>codice,</strong></span> <span class='ocrx_word' id='word_1_267' title='bbox 1635 3302 1702 3353; x_wconf 78' lang='lat' dir='ltr'><strong>utta.</strong></span> <span class='ocrx_word' id='word_1_268' title='bbox 1714 3299 1733 3360; x_wconf 77' lang='lat' dir='ltr'><strong>l,</strong></span> 
     </span>
     <span class='ocr_line' id='line_1_28' title="bbox 415 3376 1736 3443; baseline -0.002 -14"><span class='ocrx_word' id='word_1_269' title='bbox 415 3378 513 3429; x_wconf 86' lang='lat' dir='ltr'><strong>tactum</strong></span> <span class='ocrx_word' id='word_1_270' title='bbox 531 3378 586 3438; x_wconf 88' lang='lat' dir='ltr'><strong>est,</strong></span> <span class='ocrx_word' id='word_1_271' title='bbox 603 3377 654 3428; x_wconf 85' lang='lat' dir='ltr'><strong>hae</strong></span> <span class='ocrx_word' id='word_1_272' title='bbox 672 3379 750 3428; x_wconf 89' lang='lat' dir='ltr'><strong>uotae</strong></span> <span class='ocrx_word' id='word_1_273' title='bbox 768 3379 981 3441; x_wconf 78' lang='lat' dir='ltr'><strong>commutantur.)</strong></span> <span class='ocrx_word' id='word_1_274' title='bbox 1000 3378 1084 3431; x_wconf 83' lang='lat' dir='ltr'><strong>codd.</strong></span> <span class='ocrx_word' id='word_1_275' title='bbox 1103 3379 1167 3430; x_wconf 87' lang='lat' dir='ltr'><strong>dett.</strong></span> <span class='ocrx_word' id='word_1_276' title='bbox 1185 3390 1239 3429; x_wconf 89' lang='lat' dir='ltr'><strong>om.</strong></span> <span class='ocrx_word' id='word_1_277' title='bbox 1257 3378 1284 3428; x_wconf 86' lang='lat' dir='ltr'><strong>h.</strong></span> <span class='ocrx_word' id='word_1_278' title='bbox 1300 3390 1358 3428; x_wconf 87' lang='lat' dir='ltr'><strong>voc.</strong></span> <span class='ocrx_word' id='word_1_279' title='bbox 1378 3376 1413 3442; x_wconf 82' lang='lat' dir='ltr'><strong>[st</strong></span> <span class='ocrx_word' id='word_1_280' title='bbox 1429 3378 1455 3428; x_wconf 86' lang='lat' dir='ltr'><strong>tu</strong></span> <span class='ocrx_word' id='word_1_281' title='bbox 1472 3379 1491 3428; x_wconf 85' lang='lat' dir='ltr'><strong>n</strong></span> <span class='ocrx_word' id='word_1_282' title='bbox 1509 3390 1591 3443; x_wconf 86' lang='lat' dir='ltr'><strong>super</strong></span> <span class='ocrx_word' id='word_1_283' title='bbox 1605 3379 1632 3429; x_wconf 82' lang='lat' dir='ltr'><strong>P.</strong></span> <span class='ocrx_word' id='word_1_284' title='bbox 1645 3378 1674 3429; x_wconf 93' lang='grc'><strong>44.</strong></span> <span class='ocrx_word' id='word_1_285' title='bbox 1692 3376 1736 3428; x_wconf 81' lang='grc'><strong>444-</strong></span> 
     </span>
     <span class='ocr_line' id='line_1_29' title="bbox 413 3451 1734 3518; baseline -0.002 -14"><span class='ocrx_word' id='word_1_286' title='bbox 413 3456 470 3504; x_wconf 85' lang='lat' dir='ltr'><strong>tera</strong></span> <span class='ocrx_word' id='word_1_287' title='bbox 488 3467 502 3503; x_wconf 92' lang='lat' dir='ltr'><strong>o</strong></span> <span class='ocrx_word' id='word_1_288' title='bbox 519 3451 561 3503; x_wconf 85' lang='lat' dir='ltr'><strong>vel</strong></span> <span class='ocrx_word' id='word_1_289' title='bbox 577 3454 587 3502; x_wconf 85' lang='lat' dir='ltr'><strong>t</strong></span> <span class='ocrx_word' id='word_1_290' title='bbox 603 3454 783 3518; x_wconf 82' lang='lat' dir='ltr'><strong>superscripta</strong></span> <span class='ocrx_word' id='word_1_291' title='bbox 795 3454 845 3512; x_wconf 88' lang='lat' dir='ltr'><strong>est,</strong></span> <span class='ocrx_word' id='word_1_292' title='bbox 862 3451 1020 3517; x_wconf 86' lang='lat' dir='ltr'><strong>plerumque</strong></span> <span class='ocrx_word' id='word_1_293' title='bbox 1032 3465 1111 3504; x_wconf 87' lang='lat' dir='ltr'><strong>casus</strong></span> <span class='ocrx_word' id='word_1_294' title='bbox 1122 3454 1271 3504; x_wconf 84' lang='lat' dir='ltr'><strong>terminatio</strong></span> <span class='ocrx_word' id='word_1_295' title='bbox 1281 3452 1455 3516; x_wconf 82' lang='lat' dir='ltr'><strong>significatur,</strong></span> <span class='ocrx_word' id='word_1_296' title='bbox 1475 3465 1560 3517; x_wconf 85' lang='lat' dir='ltr'><strong>eaque</strong></span> <span class='ocrx_word' id='word_1_297' title='bbox 1572 3452 1734 3517; x_wconf 82' lang='lat' dir='ltr'><strong>significatio,</strong></span> 
     </span>
     <span class='ocr_line' id='line_1_30' title="bbox 412 3526 1736 3592; baseline 0 -14"><span class='ocrx_word' id='word_1_298' title='bbox 412 3531 443 3578; x_wconf 92' lang='lat' dir='ltr'><strong>ut</strong></span> <span class='ocrx_word' id='word_1_299' title='bbox 457 3529 600 3580; x_wconf 85' lang='lat' dir='ltr'><strong>Bursianus</strong></span> <span class='ocrx_word' id='word_1_300' title='bbox 617 3530 742 3589; x_wconf 88' lang='lat' dir='ltr'><strong>testatur,</strong></span> <span class='ocrx_word' id='word_1_301' title='bbox 761 3527 815 3578; x_wconf 87' lang='lat' dir='ltr'><strong>tere</strong></span> <span class='ocrx_word' id='word_1_302' title='bbox 833 3540 913 3578; x_wconf 87' lang='lat' dir='ltr'><strong>manu</strong></span> <span class='ocrx_word' id='word_1_303' title='bbox 931 3528 1048 3579; x_wconf 87' lang='lat' dir='ltr'><strong>secunda</strong></span> <span class='ocrx_word' id='word_1_304' title='bbox 1060 3528 1210 3579; x_wconf 81' lang='lat' dir='ltr'><strong>addituest</strong></span> <span class='ocrx_word' id='word_1_305' title='bbox 1228 3526 1321 3592; x_wconf 68' lang='lat' dir='ltr'><strong>flou]</strong></span> <span class='ocrx_word' id='word_1_306' title='bbox 1335 3553 1363 3563; x_wconf 95' lang='lat'>-</span> <span class='ocrx_word' id='word_1_307' title='bbox 1380 3526 1573 3590; x_wconf 65' lang='lat' dir='ltr'><strong>{commansio</strong></span> <span class='ocrx_word' id='word_1_308' title='bbox 1584 3529 1618 3586; x_wconf 88' lang='lat' dir='ltr'><strong>n;</strong></span> <span class='ocrx_word' id='word_1_309' title='bbox 1634 3527 1736 3590; x_wconf 71' lang='lat' dir='ltr'><strong>[utacu-</strong></span> 
     </span>
    </p>
   </div>
   <div class='ocr_carea' id='block_1_5' title="bbox 412 3597 1736 3836">
    <p class='ocr_par' dir='ltr' id='par_1_5' title="bbox 412 3597 1736 3836">
     <span class='ocr_line' id='line_1_31' title="bbox 412 3597 1734 3685; baseline 0 -13"><span class='ocrx_word' id='word_1_310' title='bbox 412 3625 455 3671; x_wconf 73' lang='lat' dir='ltr'><strong>oe</strong></span> <span class='ocrx_word' id='word_1_311' title='bbox 471 3623 521 3680; x_wconf 59' lang='lat' dir='ltr'><strong>cn</strong></span> <span class='ocrx_word' id='word_1_312' title='bbox 538 3621 703 3676; x_wconf 60' lang='lat' dir='ltr'><strong>summaer</strong></span> <span class='ocrx_word' id='word_1_313' title='bbox 720 3618 783 3680; x_wconf 81' lang='lat' dir='ltr'><strong>nu.;</strong></span> <span class='ocrx_word' id='word_1_314' title='bbox 801 3622 966 3684; x_wconf 62' lang='lat' dir='ltr'><strong>caemar</strong></span> <span class='ocrx_word' id='word_1_315' title='bbox 982 3622 1028 3673; x_wconf 79' lang='lat' dir='ltr'><strong>cs.</strong></span> <span class='ocrx_word' id='word_1_316' title='bbox 1049 3648 1075 3658; x_wconf 88' lang='lat'><em>-</em></span> <span class='ocrx_word' id='word_1_317' title='bbox 1096 3622 1120 3672; x_wconf 86' lang='lat' dir='ltr'><strong>a.</strong></span> <span class='ocrx_word' id='word_1_318' title='bbox 1138 3621 1355 3684; x_wconf 59' lang='lat' dir='ltr'><strong>wunsam</strong></span> <span class='ocrx_word' id='word_1_319' title='bbox 1371 3597 1441 3670; x_wconf 70' lang='lat' dir='ltr'><strong>usus</strong></span> <span class='ocrx_word' id='word_1_320' title='bbox 1454 3621 1483 3670; x_wconf 95' lang='lat' dir='ltr'><strong>o.</strong></span> <span class='ocrx_word' id='word_1_321' title='bbox 1503 3620 1560 3679; x_wconf 74' lang='lat' dir='ltr'><strong>(sea</strong></span> <span class='ocrx_word' id='word_1_322' title='bbox 1576 3634 1629 3671; x_wconf 79' lang='lat' dir='ltr'><strong>non</strong></span> <span class='ocrx_word' id='word_1_323' title='bbox 1647 3621 1734 3685; x_wconf 59' lang='lat' dir='ltr'><strong>aaa.)</strong></span> 
     </span>
     <span class='ocr_line' id='line_1_32' title="bbox 414 3695 1736 3761; baseline -0.002 -12"><span class='ocrx_word' id='word_1_324' title='bbox 414 3721 442 3734; x_wconf 90' lang='lat'>-</span> <span class='ocrx_word' id='word_1_325' title='bbox 462 3698 487 3749; x_wconf 82' lang='lat' dir='ltr'><strong>t.</strong></span> <span class='ocrx_word' id='word_1_326' title='bbox 505 3697 616 3748; x_wconf 69' lang='lat' dir='ltr'><strong>Mertut</strong></span> <span class='ocrx_word' id='word_1_327' title='bbox 632 3696 666 3748; x_wconf 85' lang='lat' dir='ltr'><strong>de</strong></span> <span class='ocrx_word' id='word_1_328' title='bbox 683 3697 744 3747; x_wconf 81' lang='lat' dir='ltr'><strong>Ern.</strong></span> <span class='ocrx_word' id='word_1_329' title='bbox 764 3696 832 3747; x_wconf 87' lang='lat' dir='ltr'><strong>coni.</strong></span> <span class='ocrx_word' id='word_1_330' title='bbox 846 3696 875 3747; x_wconf 94' lang='lat'><strong>0.</strong></span> <span class='ocrx_word' id='word_1_331' title='bbox 890 3723 917 3733; x_wconf 92' lang='lat'><em>-</em></span> <span class='ocrx_word' id='word_1_332' title='bbox 939 3698 963 3748; x_wconf 85' lang='lat' dir='ltr'><strong>tt.</strong></span> <span class='ocrx_word' id='word_1_333' title='bbox 980 3699 1164 3761; x_wconf 69' lang='lat' dir='ltr'><strong>{mmmmm</strong></span> <span class='ocrx_word' id='word_1_334' title='bbox 1180 3696 1244 3746; x_wconf 88' lang='lat' dir='ltr'><strong>dett.</strong></span> <span class='ocrx_word' id='word_1_335' title='bbox 1258 3696 1287 3746; x_wconf 94' lang='grc'><strong>0.</strong></span> <span class='ocrx_word' id='word_1_336' title='bbox 1302 3723 1330 3734; x_wconf 95' lang='grc'>-</span> <span class='ocrx_word' id='word_1_337' title='bbox 1347 3696 1380 3745; x_wconf 75' lang='lat' dir='ltr'><strong>ite</strong></span> <span class='ocrx_word' id='word_1_338' title='bbox 1395 3696 1429 3745; x_wconf 88' lang='lat' dir='ltr'><strong>n:</strong></span> <span class='ocrx_word' id='word_1_339' title='bbox 1446 3695 1484 3745; x_wconf 73' lang='lat' dir='ltr'><strong>tte</strong></span> <span class='ocrx_word' id='word_1_340' title='bbox 1500 3695 1564 3746; x_wconf 78' lang='lat' dir='ltr'><strong>dett</strong></span> <span class='ocrx_word' id='word_1_341' title='bbox 1578 3722 1606 3733; x_wconf 95' lang='lat'>-</span> <span class='ocrx_word' id='word_1_342' title='bbox 1624 3709 1736 3759; x_wconf 66' lang='lat' dir='ltr'><strong>merere</strong></span> 
     </span>
     <span class='ocr_line' id='line_1_33' title="bbox 412 3770 1733 3836; baseline -0.002 -13"><span class='ocrx_word' id='word_1_343' title='bbox 412 3777 485 3822; x_wconf 77' lang='lat' dir='ltr'><strong>rates</strong></span> <span class='ocrx_word' id='word_1_344' title='bbox 501 3772 550 3832; x_wconf 77' lang='grc' dir='ltr'><strong>443ς</strong></span> <span class='ocrx_word' id='word_1_345' title='bbox 576 3772 707 3834; x_wconf 77' lang='lat' dir='ltr'><strong>sumpserit</strong></span> <span class='ocrx_word' id='word_1_346' title='bbox 724 3770 788 3821; x_wconf 87' lang='lat' dir='ltr'><strong>dett.</strong></span> <span class='ocrx_word' id='word_1_347' title='bbox 807 3770 836 3822; x_wconf 89' lang='grc'><strong>0.</strong></span> <span class='ocrx_word' id='word_1_348' title='bbox 859 3796 887 3806; x_wconf 88' lang='grc'><strong>-</strong></span> <span class='ocrx_word' id='word_1_349' title='bbox 914 3771 941 3823; x_wconf 85' lang='lat' dir='ltr'><strong>C.</strong></span> <span class='ocrx_word' id='word_1_350' title='bbox 960 3784 1014 3822; x_wconf 89' lang='lat' dir='ltr'><strong>om.</strong></span> <span class='ocrx_word' id='word_1_351' title='bbox 1032 3772 1097 3823; x_wconf 90' lang='lat' dir='ltr'><strong>dett.</strong></span> <span class='ocrx_word' id='word_1_352' title='bbox 1116 3772 1150 3830; x_wconf 91' lang='grc'><strong>0;</strong></span> <span class='ocrx_word' id='word_1_353' title='bbox 1177 3772 1240 3821; x_wconf 84' lang='lat' dir='ltr'><strong>init</strong></span> <span class='ocrx_word' id='word_1_354' title='bbox 1258 3774 1300 3821; x_wconf 87' lang='lat' dir='ltr'><strong>est</strong></span> <span class='ocrx_word' id='word_1_355' title='bbox 1316 3770 1347 3821; x_wconf 88' lang='lat' dir='ltr'><strong>G.</strong></span> <span class='ocrx_word' id='word_1_356' title='bbox 1367 3796 1394 3806; x_wconf 98' lang='lat'><em>-</em></span> <span class='ocrx_word' id='word_1_357' title='bbox 1413 3770 1438 3822; x_wconf 77' lang='grc'><strong>4.</strong></span> <span class='ocrx_word' id='word_1_358' title='bbox 1457 3771 1575 3821; x_wconf 66' lang='lat' dir='ltr'><strong>mmet</strong></span> <span class='ocrx_word' id='word_1_359' title='bbox 1591 3771 1637 3823; x_wconf 81' lang='lat' dir='ltr'><strong>Ld.</strong></span> <span class='ocrx_word' id='word_1_360' title='bbox 1655 3773 1733 3836; x_wconf 74' lang='lat' dir='ltr'><strong>lagg.</strong></span> 
     </span>
    </p>
   </div>
   <div class='ocr_carea' id='block_1_6' title="bbox 301 3834 1732 3917">
    <p class='ocr_par' dir='ltr' id='par_1_6' title="bbox 301 3834 1732 3917">
     <span class='ocr_line' id='line_1_34' title="bbox 301 3834 1732 3917; baseline -0.001 -21"><span class='ocrx_word' id='word_1_361' title='bbox 301 3892 313 3917; x_wconf 65' lang='lat'>‚</span> <span class='ocrx_word' id='word_1_362' title='bbox 412 3845 478 3897; x_wconf 91' lang='lat' dir='ltr'><strong>dett.</strong></span> <span class='ocrx_word' id='word_1_363' title='bbox 497 3871 525 3883; x_wconf 94' lang='lat'>-</span> <span class='ocrx_word' id='word_1_364' title='bbox 555 3834 706 3909; x_wconf 79' lang='lat' dir='ltr'><strong>9.‘erportu</strong></span> <span class='ocrx_word' id='word_1_365' title='bbox 722 3847 750 3895; x_wconf 85' lang='lat' dir='ltr'><strong>n.</strong></span> <span class='ocrx_word' id='word_1_366' title='bbox 777 3871 805 3882; x_wconf 90' lang='lat'>-</span> <span class='ocrx_word' id='word_1_367' title='bbox 832 3845 936 3907; x_wconf 81' lang='lat' dir='ltr'><strong>dentque</strong></span> <span class='ocrx_word' id='word_1_368' title='bbox 951 3860 1041 3898; x_wconf 78' lang='lat' dir='ltr'><strong>nucem</strong></span> <span class='ocrx_word' id='word_1_369' title='bbox 1057 3846 1123 3897; x_wconf 85' lang='lat' dir='ltr'><strong>dett.</strong></span> <span class='ocrx_word' id='word_1_370' title='bbox 1141 3847 1170 3897; x_wconf 91' lang='grc'><strong>0.</strong></span> <span class='ocrx_word' id='word_1_371' title='bbox 1195 3868 1222 3881; x_wconf 92' lang='grc'>-</span> <span class='ocrx_word' id='word_1_372' title='bbox 1250 3847 1291 3896; x_wconf 92' lang='grc'><strong>40.</strong></span> <span class='ocrx_word' id='word_1_373' title='bbox 1308 3845 1558 3907; x_wconf 71' lang='lat' dir='ltr'><strong>mistopreetore</strong></span> <span class='ocrx_word' id='word_1_374' title='bbox 1573 3845 1637 3896; x_wconf 89' lang='lat' dir='ltr'><strong>dett.</strong></span> <span class='ocrx_word' id='word_1_375' title='bbox 1656 3847 1685 3896; x_wconf 91' lang='lat'><strong>0.</strong></span> <span class='ocrx_word' id='word_1_376' title='bbox 1705 3870 1732 3880; x_wconf 95' lang='lat'>-</span> 
     </span>
    </p>
   </div>
   <div class='ocr_carea' id='block_1_7' title="bbox 410 3919 1736 4436">
    <p class='ocr_par' dir='ltr' id='par_1_7' title="bbox 410 3919 1736 4436">
     <span class='ocr_line' id='line_1_35' title="bbox 412 3919 1736 3984; baseline 0 -14"><span class='ocrx_word' id='word_1_377' title='bbox 412 3921 456 3970; x_wconf 79' lang='lat' dir='ltr'><strong>eset</strong></span> <span class='ocrx_word' id='word_1_378' title='bbox 472 3932 525 3971; x_wconf 94' lang='lat' dir='ltr'><strong>om.</strong></span> <span class='ocrx_word' id='word_1_379' title='bbox 544 3921 622 3983; x_wconf 71' lang='lat' dir='ltr'><strong>ngas.</strong></span> <span class='ocrx_word' id='word_1_380' title='bbox 642 3947 669 3957; x_wconf 98' lang='lat'><em>-</em></span> <span class='ocrx_word' id='word_1_381' title='bbox 690 3921 729 3972; x_wconf 89' lang='lat' dir='ltr'><strong>tt.</strong></span> <span class='ocrx_word' id='word_1_382' title='bbox 747 3922 925 3972; x_wconf 68' lang='lat' dir='ltr'><strong>Mamertinum</strong></span> <span class='ocrx_word' id='word_1_383' title='bbox 936 3922 1000 3973; x_wconf 85' lang='lat' dir='ltr'><strong>dett.</strong></span> <span class='ocrx_word' id='word_1_384' title='bbox 1014 3924 1044 3974; x_wconf 92' lang='grc'><strong>0.</strong></span> <span class='ocrx_word' id='word_1_385' title='bbox 1058 3948 1085 3958; x_wconf 98' lang='grc'><strong>-</strong></span> <span class='ocrx_word' id='word_1_386' title='bbox 1106 3922 1145 3972; x_wconf 84' lang='lat' dir='ltr'><strong>te.</strong></span> <span class='ocrx_word' id='word_1_387' title='bbox 1165 3920 1265 3984; x_wconf 71' lang='lat' dir='ltr'><strong>adtacta</strong></span> <span class='ocrx_word' id='word_1_388' title='bbox 1273 3921 1303 3970; x_wconf 89' lang='lat' dir='ltr'><strong>n.</strong></span> <span class='ocrx_word' id='word_1_389' title='bbox 1318 3947 1346 3958; x_wconf 96' lang='lat'>-</span> <span class='ocrx_word' id='word_1_390' title='bbox 1364 3921 1485 3984; x_wconf 79' lang='lat' dir='ltr'><strong>ettLagg.</strong></span> <span class='ocrx_word' id='word_1_391' title='bbox 1498 3919 1563 3971; x_wconf 88' lang='lat' dir='ltr'><strong>dett.</strong></span> <span class='ocrx_word' id='word_1_392' title='bbox 1577 3948 1605 3958; x_wconf 92' lang='lat'><em>-</em></span> <span class='ocrx_word' id='word_1_393' title='bbox 1624 3920 1664 3971; x_wconf 93' lang='grc'><strong>43.</strong></span> <span class='ocrx_word' id='word_1_394' title='bbox 1679 3921 1736 3970; x_wconf 83' lang='lat' dir='ltr'><strong>Ver·</strong></span> 
     </span>
     <span class='ocr_line' id='line_1_36' title="bbox 411 3994 1734 4060; baseline 0 -14"><span class='ocrx_word' id='word_1_395' title='bbox 411 3996 454 4046; x_wconf 79' lang='lat' dir='ltr'><strong>etc</strong></span> <span class='ocrx_word' id='word_1_396' title='bbox 469 3995 520 4057; x_wconf 86' lang='grc'><strong>443,</strong></span> <span class='ocrx_word' id='word_1_397' title='bbox 539 3997 631 4059; x_wconf 73' lang='lat' dir='ltr'><strong>legg:</strong></span> <span class='ocrx_word' id='word_1_398' title='bbox 652 3997 745 4046; x_wconf 78' lang='lat' dir='ltr'><strong>Verres</strong></span> <span class='ocrx_word' id='word_1_399' title='bbox 761 3997 796 4057; x_wconf 86' lang='grc'><strong>0,</strong></span> <span class='ocrx_word' id='word_1_400' title='bbox 814 3998 842 4046; x_wconf 86' lang='lat' dir='ltr'><strong>et</strong></span> <span class='ocrx_word' id='word_1_401' title='bbox 859 3997 898 4047; x_wconf 85' lang='lat' dir='ltr'><strong>sic</strong></span> <span class='ocrx_word' id='word_1_402' title='bbox 914 3996 989 4048; x_wconf 88' lang='lat' dir='ltr'><strong>intra.</strong></span> <span class='ocrx_word' id='word_1_403' title='bbox 1009 4023 1036 4032; x_wconf 89' lang='lat'><em>-</em></span> <span class='ocrx_word' id='word_1_404' title='bbox 1062 3994 1158 4060; x_wconf 69' lang='lat' dir='ltr'><strong>desim]</strong></span> <span class='ocrx_word' id='word_1_405' title='bbox 1177 3997 1252 4045; x_wconf 68' lang='lat' dir='ltr'><strong>amm</strong></span> <span class='ocrx_word' id='word_1_406' title='bbox 1268 3995 1345 4059; x_wconf 62' lang='lat' dir='ltr'><strong>igne.</strong></span> <span class='ocrx_word' id='word_1_407' title='bbox 1365 4023 1393 4033; x_wconf 95' lang='lat'>-</span> <span class='ocrx_word' id='word_1_408' title='bbox 1413 3995 1453 4047; x_wconf 81' lang='lat' dir='ltr'><strong>tl.</strong></span> <span class='ocrx_word' id='word_1_409' title='bbox 1470 3995 1605 4046; x_wconf 65' lang='lat' dir='ltr'><strong>mediaret</strong></span> <span class='ocrx_word' id='word_1_410' title='bbox 1620 3995 1685 4047; x_wconf 88' lang='lat' dir='ltr'><strong>dett.</strong></span> <span class='ocrx_word' id='word_1_411' title='bbox 1703 3996 1734 4046; x_wconf 91' lang='lat'><strong>0.</strong></span> 
     </span>
     <span class='ocr_line' id='line_1_37' title="bbox 415 4070 1733 4134; baseline -0.001 -12"><span class='ocrx_word' id='word_1_412' title='bbox 415 4096 442 4106; x_wconf 98' lang='lat'><em>-</em></span> <span class='ocrx_word' id='word_1_413' title='bbox 460 4071 596 4122; x_wconf 69' lang='lat' dir='ltr'><strong>matema</strong></span> <span class='ocrx_word' id='word_1_414' title='bbox 613 4073 643 4134; x_wconf 87' lang='lat' dir='ltr'><strong>(s.</strong></span> <span class='ocrx_word' id='word_1_415' title='bbox 661 4071 786 4132; x_wconf 71' lang='lat' dir='ltr'><strong>mehercle)</strong></span> <span class='ocrx_word' id='word_1_416' title='bbox 804 4071 868 4121; x_wconf 87' lang='lat' dir='ltr'><strong>dett.</strong></span> <span class='ocrx_word' id='word_1_417' title='bbox 887 4072 917 4121; x_wconf 91' lang='lat'><strong>0.</strong></span> <span class='ocrx_word' id='word_1_418' title='bbox 938 4098 965 4108; x_wconf 98' lang='lat'><em>-</em></span> <span class='ocrx_word' id='word_1_419' title='bbox 985 4072 1024 4120; x_wconf 83' lang='grc'><strong>47.</strong></span> <span class='ocrx_word' id='word_1_420' title='bbox 1043 4071 1107 4120; x_wconf 79' lang='lat' dir='ltr'><strong>idem</strong></span> <span class='ocrx_word' id='word_1_421' title='bbox 1124 4071 1157 4131; x_wconf 87' lang='lat' dir='ltr'><strong>n,</strong></span> <span class='ocrx_word' id='word_1_422' title='bbox 1175 4070 1254 4134; x_wconf 74' lang='lat' dir='ltr'><strong>ngas.</strong></span> <span class='ocrx_word' id='word_1_423' title='bbox 1273 4098 1301 4108; x_wconf 94' lang='lat'><em>-</em></span> <span class='ocrx_word' id='word_1_424' title='bbox 1321 4071 1362 4121; x_wconf 89' lang='lat' dir='ltr'><strong>t8.</strong></span> <span class='ocrx_word' id='word_1_425' title='bbox 1381 4084 1400 4121; x_wconf 81' lang='lat' dir='ltr'><strong>a</strong></span> <span class='ocrx_word' id='word_1_426' title='bbox 1415 4071 1505 4133; x_wconf 70' lang='lat' dir='ltr'><strong>Surae.</strong></span> <span class='ocrx_word' id='word_1_427' title='bbox 1523 4071 1558 4131; x_wconf 87' lang='lat' dir='ltr'><strong>n,</strong></span> <span class='ocrx_word' id='word_1_428' title='bbox 1576 4071 1627 4120; x_wconf 85' lang='lat' dir='ltr'><strong>et:</strong></span> <span class='ocrx_word' id='word_1_429' title='bbox 1645 4083 1664 4120; x_wconf 81' lang='lat' dir='ltr'><strong>a</strong></span> <span class='ocrx_word' id='word_1_430' title='bbox 1679 4083 1733 4121; x_wconf 89' lang='lat' dir='ltr'><strong>om.</strong></span> 
     </span>
     <span class='ocr_line' id='line_1_38' title="bbox 412 4142 1734 4210; baseline -0.001 -15"><span class='ocrx_word' id='word_1_431' title='bbox 412 4143 469 4195; x_wconf 90' lang='lat' dir='ltr'><strong>rell.</strong></span> <span class='ocrx_word' id='word_1_432' title='bbox 488 4146 515 4196; x_wconf 95' lang='grc'><strong>0.</strong></span> <span class='ocrx_word' id='word_1_433' title='bbox 538 4173 565 4183; x_wconf 90' lang='grc'>-</span> <span class='ocrx_word' id='word_1_434' title='bbox 583 4146 728 4197; x_wconf 79' lang='lat' dir='ltr'><strong>calamitoso</strong></span> <span class='ocrx_word' id='word_1_435' title='bbox 744 4148 795 4196; x_wconf 83' lang='lat' dir='ltr'><strong>dtes</strong></span> <span class='ocrx_word' id='word_1_436' title='bbox 811 4147 845 4206; x_wconf 82' lang='lat' dir='ltr'><strong>a,</strong></span> <span class='ocrx_word' id='word_1_437' title='bbox 868 4147 895 4196; x_wconf 87' lang='lat' dir='ltr'><strong>in</strong></span> <span class='ocrx_word' id='word_1_438' title='bbox 912 4145 1009 4210; x_wconf 86' lang='lat' dir='ltr'><strong>quibus</strong></span> <span class='ocrx_word' id='word_1_439' title='bbox 1025 4145 1116 4196; x_wconf 87' lang='lat' dir='ltr'><strong>verbis</strong></span> <span class='ocrx_word' id='word_1_440' title='bbox 1132 4146 1158 4194; x_wconf 90' lang='lat' dir='ltr'><strong>in</strong></span> <span class='ocrx_word' id='word_1_441' title='bbox 1176 4144 1236 4195; x_wconf 89' lang='lat' dir='ltr'><strong>cod.</strong></span> <span class='ocrx_word' id='word_1_442' title='bbox 1254 4142 1345 4195; x_wconf 83' lang='lat' dir='ltr'><strong>toltum</strong></span> <span class='ocrx_word' id='word_1_443' title='bbox 1362 4145 1471 4205; x_wconf 88' lang='lat' dir='ltr'><strong>desinit,</strong></span> <span class='ocrx_word' id='word_1_444' title='bbox 1489 4148 1519 4195; x_wconf 88' lang='lat' dir='ltr'><strong>ut</strong></span> <span class='ocrx_word' id='word_1_445' title='bbox 1534 4142 1634 4208; x_wconf 87' lang='lat' dir='ltr'><strong>reliqua</strong></span> <span class='ocrx_word' id='word_1_446' title='bbox 1651 4143 1734 4194; x_wconf 85' lang='lat' dir='ltr'><strong>verba</strong></span> 
     </span>
     <span class='ocr_line' id='line_1_39' title="bbox 411 4216 1733 4283; baseline 0.002 -15"><span class='ocrx_word' id='word_1_447' title='bbox 411 4216 471 4269; x_wconf 85' lang='lat' dir='ltr'><strong>ltbri</strong></span> <span class='ocrx_word' id='word_1_448' title='bbox 488 4219 682 4271; x_wconf 84' lang='lat' dir='ltr'><strong>desiderentur.</strong></span> <span class='ocrx_word' id='word_1_449' title='bbox 708 4222 762 4271; x_wconf 84' lang='lat' dir='ltr'><strong>Nec</strong></span> <span class='ocrx_word' id='word_1_450' title='bbox 782 4224 871 4271; x_wconf 88' lang='lat' dir='ltr'><strong>tamen</strong></span> <span class='ocrx_word' id='word_1_451' title='bbox 888 4220 993 4272; x_wconf 83' lang='lat' dir='ltr'><strong>videtur</strong></span> <span class='ocrx_word' id='word_1_452' title='bbox 1010 4218 1100 4272; x_wconf 88' lang='lat' dir='ltr'><strong>lolium</strong></span> <span class='ocrx_word' id='word_1_453' title='bbox 1117 4220 1144 4270; x_wconf 85' lang='lat' dir='ltr'><strong>in</strong></span> <span class='ocrx_word' id='word_1_454' title='bbox 1161 4218 1221 4271; x_wconf 89' lang='lat' dir='ltr'><strong>cod.</strong></span> <span class='ocrx_word' id='word_1_455' title='bbox 1240 4221 1378 4272; x_wconf 80' lang='lat' dir='ltr'><strong>excidisse.</strong></span> <span class='ocrx_word' id='word_1_456' title='bbox 1393 4248 1421 4258; x_wconf 93' lang='lat'><em>-</em></span> <span class='ocrx_word' id='word_1_457' title='bbox 1440 4220 1479 4271; x_wconf 88' lang='grc'><strong>49.</strong></span> <span class='ocrx_word' id='word_1_458' title='bbox 1497 4220 1633 4283; x_wconf 62' lang='lat' dir='ltr'><strong>ratmot</strong></span> <span class='ocrx_word' id='word_1_459' title='bbox 1648 4217 1674 4278; x_wconf 79' lang='lat' dir='ltr'><strong>l,</strong></span> <span class='ocrx_word' id='word_1_460' title='bbox 1686 4219 1733 4281; x_wconf 82' lang='grc'><strong>03,</strong></span> 
     </span>
     <span class='ocr_line' id='line_1_40' title="bbox 412 4293 1732 4361; baseline 0.002 -19"><span class='ocrx_word' id='word_1_461' title='bbox 412 4293 496 4356; x_wconf 69' lang='lat' dir='ltr'><strong>Lgte:</strong></span> <span class='ocrx_word' id='word_1_462' title='bbox 515 4295 644 4357; x_wconf 68' lang='lat' dir='ltr'><strong>reliqueret</strong></span> <span class='ocrx_word' id='word_1_463' title='bbox 659 4295 724 4345; x_wconf 90' lang='lat' dir='ltr'><strong>dett.</strong></span> <span class='ocrx_word' id='word_1_464' title='bbox 743 4296 772 4345; x_wconf 91' lang='lat'><strong>0.</strong></span> <span class='ocrx_word' id='word_1_465' title='bbox 793 4321 819 4332; x_wconf 81' lang='lat'><em>-</em></span> <span class='ocrx_word' id='word_1_466' title='bbox 838 4308 870 4345; x_wconf 87' lang='lat' dir='ltr'><strong>uc</strong></span> <span class='ocrx_word' id='word_1_467' title='bbox 886 4297 935 4346; x_wconf 77' lang='lat'><strong>03:</strong></span> <span class='ocrx_word' id='word_1_468' title='bbox 955 4299 983 4346; x_wconf 81' lang='lat' dir='ltr'><strong>st</strong></span> <span class='ocrx_word' id='word_1_469' title='bbox 998 4295 1063 4346; x_wconf 91' lang='lat' dir='ltr'><strong>dett.</strong></span> <span class='ocrx_word' id='word_1_470' title='bbox 1081 4295 1111 4344; x_wconf 93' lang='lat'><strong>0.</strong></span> <span class='ocrx_word' id='word_1_471' title='bbox 1132 4321 1160 4331; x_wconf 96' lang='lat'>-</span> <span class='ocrx_word' id='word_1_472' title='bbox 1178 4296 1219 4345; x_wconf 80' lang='lat'><strong>2⁰.</strong></span> <span class='ocrx_word' id='word_1_473' title='bbox 1237 4296 1276 4361; x_wconf 84' lang='lat' dir='ltr'><strong>ue]</strong></span> <span class='ocrx_word' id='word_1_474' title='bbox 1293 4297 1341 4347; x_wconf 80' lang='lat' dir='ltr'><strong>tae</strong></span> <span class='ocrx_word' id='word_1_475' title='bbox 1356 4296 1440 4360; x_wconf 54' lang='lat' dir='ltr'><strong>agam</strong></span> <span class='ocrx_word' id='word_1_476' title='bbox 1458 4296 1519 4347; x_wconf 76' lang='lat' dir='ltr'><strong>laec</strong></span> <span class='ocrx_word' id='word_1_477' title='bbox 1534 4293 1591 4346; x_wconf 85' lang='lat' dir='ltr'><strong>rell.</strong></span> <span class='ocrx_word' id='word_1_478' title='bbox 1609 4295 1688 4360; x_wconf 75' lang='lat' dir='ltr'><strong>lagg.</strong></span> <span class='ocrx_word' id='word_1_479' title='bbox 1702 4319 1732 4332; x_wconf 91' lang='lat'><strong>-·</strong></span> 
     </span>
     <span class='ocr_line' id='line_1_41' title="bbox 410 4367 1433 4436; baseline 0.003 -18"><span class='ocrx_word' id='word_1_480' title='bbox 410 4367 453 4418; x_wconf 73' lang='lat' dir='ltr'><strong>at.</strong></span> <span class='ocrx_word' id='word_1_481' title='bbox 469 4369 602 4419; x_wconf 78' lang='lat' dir='ltr'><strong>Mereettte</strong></span> <span class='ocrx_word' id='word_1_482' title='bbox 618 4367 649 4430; x_wconf 82' lang='grc' dir='ltr'><strong>λ,</strong></span> <span class='ocrx_word' id='word_1_483' title='bbox 667 4369 704 4420; x_wconf 69' lang='lat' dir='ltr'><strong>Gt</strong></span> <span class='ocrx_word' id='word_1_484' title='bbox 722 4369 806 4434; x_wconf 67' lang='lat' dir='ltr'><strong>Lgd9:</strong></span> <span class='ocrx_word' id='word_1_485' title='bbox 824 4369 959 4421; x_wconf 80' lang='lat' dir='ltr'><strong>Mereetteo</strong></span> <span class='ocrx_word' id='word_1_486' title='bbox 975 4370 1004 4420; x_wconf 96' lang='grc'><strong>0.</strong></span> <span class='ocrx_word' id='word_1_487' title='bbox 1031 4371 1156 4421; x_wconf 84' lang='lat' dir='ltr'><strong>Ceterum</strong></span> <span class='ocrx_word' id='word_1_488' title='bbox 1173 4369 1207 4420; x_wconf 88' lang='lat' dir='ltr'><strong>cl.</strong></span> <span class='ocrx_word' id='word_1_489' title='bbox 1224 4371 1280 4421; x_wconf 85' lang='lat' dir='ltr'><strong>ltau</strong></span> <span class='ocrx_word' id='word_1_490' title='bbox 1296 4372 1327 4421; x_wconf 89' lang='lat' dir='ltr'><strong>lt.</strong></span> <span class='ocrx_word' id='word_1_491' title='bbox 1346 4384 1373 4436; x_wconf 91' lang='lat' dir='ltr'><strong>p.</strong></span> <span class='ocrx_word' id='word_1_492' title='bbox 1391 4371 1433 4423; x_wconf 76' lang='lat' dir='ltr'><strong>at.</strong></span> 
     </span>
    </p>
   </div>
   <div class='ocr_carea' id='block_1_8' title="bbox 0 0 2188 6102">
    <p class='ocr_par' dir='ltr' id='par_1_8' title="bbox 0 0 2188 6102">
     <span class='ocr_line' id='line_1_42' title="bbox 0 0 2188 6102; baseline 0 0"><span class='ocrx_word' id='word_1_493' title='bbox 0 0 2188 6102; x_wconf 95' lang='lat' dir='ltr'><strong> </strong></span> 
     </span>
    </p>
   </div>
  </div>
 </body>
</html>
