4367 6109
457 593 522 665 742
869 595 1022 660 carrio
1043 596 1122 661 PRO
1144 596 1179 659 L.
1201 593 1366 659 ldUliENA

462 769 624 834 cesseris.»
659 768 757 830 lmmo
779 765 915 829 resistito
936 767 1071 847 gratiae,
1093 784 1163 826 cum
1187 761 1374 826 officiumst
1393 758 1472 824 fides
1493 759 1676 843 postulabit
1705 757 1785 820 «Mi-

462 861 634 927 sericordia
654 866 827 923 commotus
849 878 888 920 ne
911 858 983 920 sis.»
1017 858 1137 931 Etiam;
1160 858 1216 920 sed
1232 865 1336 919 tamen
1352 856 1385 917 in
1400 854 1602 919 dissolvenda
1614 851 1784 916 severitate

463 965 510 1021 est
531 956 599 1017 laus
621 954 727 1036 aliqua
747 951 960 1015 humanitatis.
997 953 1058 1013 «16
1080 949 1237 1014 sententia
1257 955 1469 1032 permaneto.»
1504 950 1604 1019 Vero,
1625 944 1688 1007 nisi
1710 962 1784 1005 sen·

464 1049 591 1112 tentiam
614 1046 770 1108 sententia
791 1044 853 1107 alia
869 1046 980 1107 vicerit
1002 1045 1122 1107 melior.
1165 1041 1216 1105 66.
1238 1043 1376 1105 Huiusce
1398 1041 1483 1105 modi
1506 1041 1612 1124 Scipio
1633 1036 1690 1100 ille
1712 1036 1784 1109 fuit,

438 1155 557 1225 equem
585 1159 649 1201 non
664 1135 860 1221 ¹paenitebat
879 1136 983 1200 lacere
1004 1136 1106 1211 idem,
1128 1137 1213 1221 quod
1240 1143 1292 1199 tu:
1317 1135 1435 1197 habere
1457 1132 1704 1198 eruditissimum
1725 1129 1785 1192 ho·

464 1235 597 1306 minem,
619 1232 801 1295 Panaetium
823 1230 926 1304 domi,
948 1232 1037 1293 cuius
1059 1232 1200 1292 oratione
1219 1237 1251 1291 ct
1271 1228 1464 1310 praeceptis,
1486 1244 1677 1310 quamquam
1691 1231 1785 1286 erant

464 1327 573 1390 eadem
601 1326 676 1398 ista,
704 1344 785 1408 qnae
813 1332 843 1385 te
865 1323 1038 1397 delectant,
1065 1330 1170 1385 tamen
1191 1323 1331 1404 asperior
1352 1342 1417 1384 non
1439 1328 1486 1384 est
1506 1319 1623 1393 factus,
1653 1317 1727 1391 sed,
1748 1324 1785 1379 ut

464 1421 570 1502 accepi
592 1438 611 1482 a
632 1417 775 1491 senibus,
804 1416 994 1478 lenissimus.
1031 1417 1111 1492 Quis
1132 1436 1208 1479 voro
1232 1416 1264 1478 C.
1287 1415 1393 1477 Laelio
1417 1415 1554 1478 comior?
1577 1413 1649 1497 quis
1670 1412 1785 1473 iucun-

465 1514 534 1575 dior
561 1511 673 1575 eodem
702 1529 742 1571 ex
764 1510 868 1573 studio
896 1509 978 1571 isto‘l
1007 1511 1078 1594 quis
1104 1510 1159 1573 illo
1186 1511 1326 1592 gravior,
1356 1508 1549 1590 sapientiori
1588 1508 1722 1568 Possum
1744 1502 1785 1565 de

429 1607 501 1668 loL.
522 1604 629 1678 Philo,
651 1603 691 1665 de
714 1602 747 1666 C.
770 1602 860 1665 Gallo
883 1602 987 1665 dicere
1008 1604 1086 1666 haec
1108 1602 1235 1676 eadem,
1266 1602 1322 1665 scd
1344 1609 1375 1665 te
1397 1601 1524 1664 domum
1545 1603 1606 1664 iam
1629 1598 1786 1661 deducam

465 1705 561 1760 tuam.
604 1696 843 1780 Quemquamne
864 1697 1024 1758 existimas
1047 1697 1175 1770 Catone,
1195 1715 1313 1779 proavo
1333 1704 1399 1769 tuo,
1422 1695 1675 1764 commodiorem,
1697 1709 1786 1752 com-

467 1792 652 1862 muniorem,
664 1788 903 1852 moderatiorem
918 1787 1016 1852 fuisse
1030 1790 1070 1852 ad
1085 1809 1210 1852 omnem
1224 1790 1378 1851 rationem
1391 1788 1618 1851 humanitatis?
1633 1787 1680 1847 lle
1694 1783 1785 1844 cuius

467 1883 635 1968 praestanti
664 1883 778 1945 virtute
806 1903 878 1945 cum
906 1902 978 1945 vere
1000 1883 1199 1966 graviterque
1221 1882 1356 1955 diceres,
1385 1882 1590 1946 domesticum
1611 1886 1643 1941 te
1664 1877 1785 1941 habere

469 1976 576 2039 dixisti
599 1976 777 2059 exemplum
799 1974 838 2038 ad
860 1976 1055 2038 imitandum.
1098 1976 1155 2038 Est
1179 1974 1257 2038 illud
1280 1974 1407 2057 quidem
1430 1975 1609 2056 exemplum
1629 1973 1686 2034 tibi
1712 1991 1787 2053 pro·

432 2070 604 2154 sepositum
619 2068 716 2142 domi,
731 2068 786 2132 sed
802 2076 907 2131 tamen
922 2077 1051 2131 naturae
1067 2068 1240 2131 similitudo
1254 2068 1340 2131 illius
1354 2069 1393 2131 ad
1409 2076 1440 2132 te
1455 2069 1564 2149 magis,
1579 2069 1731 2152 quoniam
1745 2063 1787 2127 ab

469 2162 526 2224 illo
555 2170 642 2224 ortus
670 2181 721 2235 es,
753 2181 849 2245 quam
870 2162 910 2224 ad
931 2182 1210 2246 unumquemque
1232 2170 1373 2225 nostrum
1402 2163 1567 2244 pervenire
1589 2161 1712 2243 potuit:
1744 2157 1787 2221 ad

469 2254 656 2318 imitandum
677 2276 752 2319 vero
773 2263 836 2317 tam
859 2256 935 2318 mihi
957 2256 1156 2338 propositum
1178 2256 1340 2339 exemplar
1360 2254 1438 2318 illud
1461 2263 1509 2317 est
1523 2274 1617 2339 quam
1631 2253 1699 2316 tibi.
1723 2251 1787 2313 Sed

471 2349 497 2410 si
526 2348 612 2410 illius
634 2349 811 2411 comitatem
838 2357 870 2410 et
890 2348 1070 2412 facilitatem
1101 2358 1172 2412 tuae
1194 2351 1336 2430 gravitati
1358 2349 1579 2432 severitatique
1598 2347 1787 2430 asperseris,

471 2461 535 2504 non
556 2442 617 2503 ista
639 2441 766 2523 quidem
788 2447 880 2505 erunt
900 2441 1047 2516 meliora,
1069 2463 1152 2526 quae
1173 2464 1258 2506 nunc
1279 2450 1353 2505 sunt
1373 2444 1509 2525 optima,
1530 2443 1586 2505 sed
1608 2448 1694 2505 certe
1708 2460 1788 2503 con-

433 2551 462 2596 ao
470 2533 537 2597 dita
555 2534 733 2597 iucundius.

557 2627 689 2689 XXXII.
711 2625 762 2690 67.
786 2629 891 2704 Quare
919 2638 955 2690 ut
982 2628 1022 2692 ad
1052 2629 1084 2691 id
1115 2631 1201 2712 quod
1229 2630 1351 2693 institui
1379 2637 1534 2703 revertar,
1562 2628 1640 2693 tolle
1665 2628 1788 2693 mihie

470 2741 565 2784 cansa
586 2741 702 2784 nomen
726 2721 870 2784 Catonist
892 2742 1018 2785 remove
1041 2742 1077 2785 ac
1098 2724 1311 2806 praetermitte
1325 2723 1555 2797 auctoritatem,
1577 2723 1716 2805 quaein
1738 2723 1788 2785 iu·

470 2813 560 2877 616116
582 2821 636 2877 661
656 2815 737 2878 nihil
758 2814 863 2878 valere
884 2822 938 2877 aut
959 2814 999 2877 ad
1022 2816 1155 2879 salutem
1178 2818 1273 2880 debet
1292 2817 1414 2881 valere:
1447 2817 1638 2900 congredere
1659 2835 1789 2878 mecum

469 2906 653 2970 criminibus
680 2909 768 2991 ipsis.
805 2908 890 2984 Quid
919 2929 1064 2982 accusas,
1096 2909 1194 2973 Cato‘l
1227 2911 1302 2995 quid
1330 2913 1421 2973 all'ers
1442 2911 1482 2973 ad
1504 2910 1676 2974 iudicium?
1709 2909 1788 2993 quid

432 2999 597 3082 sterguisi
625 3002 786 3065 Ambitum
813 3021 956 3065 accusas:
984 3023 1049 3065 non
1079 3003 1226 3067 delendo.
1268 3005 1319 3067 lde
1346 3003 1566 3087 reprehendis,
1592 3002 1679 3087 quod
1701 3003 1788 3065 idem

466 3092 650 3169 defendam,
685 3095 770 3178 quod
806 3096 876 3177 lege
902 3096 1068 3178 punierim.
1117 3099 1228 3160 Punivi
1257 3098 1424 3172 ambitum,
1456 3118 1521 3160 666
1553 3095 1788 3169 innocentiam

468 3187 618 3252 ambitum
640 3209 716 3252 vero
738 3189 841 3271 ipsum
862 3190 915 3253 vel
935 3197 1038 3252 tecum
1060 3191 1230 3263 accusabo,
1253 3191 1280 3253 si
1303 3191 1399 3253 voles.
1431 3191 1547 3255 Dixisti
1568 3199 1696 3254 senatus
1710 3211 1788 3253 oon·

467 3279 582 3344 sultum
604 3302 655 3345 me
675 3282 831 3346 referente
846 3303 915 3346 esse
930 3282 1062 3356 lactum,
1088 3284 1133 3346 «si
1149 3283 1454 3347 merccdeoonducti
1469 3285 1593 3347 obviam
1608 3283 1789 3348 candidatis

531 3553 555 3601 i.
573 3553 648 3602 inuno
665 3564 717 3602 om.
737 3566 762 3602 v.
783 3579 809 3587 -
828 3553 908 3601 resisti
925 3566 978 3610 xv.
999 3577 1025 3586 —
1045 3553 1069 3602 i.
1087 3553 1185 3612 66666·
1204 3554 1246 3604 scd
1262 3559 1344 3603 16666
1361 3555 1387 3603 in
1403 3554 1461 3604 6166.
1479 3554 1607 3604 mommio
1623 3558 1657 3604 eri
1673 3554 1785 3617 scripsi:

466 3626 554 3684 siiom;
571 3627 597 3675 io
613 3628 671 3676 diss.
684 3628 826 3677 severitate·
843 3628 885 3676 sed
901 3632 983 3677 tomen
999 3633 1034 3677 est
1045 3628 1064 3676 0
1077 3641 1137 3678 cum
1148 3628 1236 3687 codd,
1249 3641 1361 3693 6666661
1378 3627 1518 3680 lectionem
1535 3628 1653 3679 delendit
1663 3628 1787 3680 Wollfius

466 3713 492 3764 p.
513 3701 575 3756 138;
600 3701 648 3750 Sed
672 3706 754 3750 tomen
770 3707 804 3751 esi
821 3705 896 3751 etiam
912 3703 939 3750 16
956 3703 1052 3751 dissolv.
1070 3704 1198 3753 seooiiote
1214 3716 1246 3753 ex
1264 3703 1402 3752 llotomani
1418 3704 1486 3754 conl.
1504 3704 1537 3761 L;
1560 3705 1659 3762 66666,
1681 3705 1708 3752 irs
1724 3704 1785 3752 diss.

465 3787 541 3824 66666.
560 3779 642 3823 tameo
658 3781 693 3824 est
709 3776 853 3826 Schiitzius.
877 3777 912 3836 (ei
928 3789 977 3839 pro
994 3777 1069 3826 etium
1085 3776 1155 3836 GE.)
1180 3803 1207 3811 -
1234 3777 1257 3826 3.
1276 3776 1444 3841 impunitatis]
1461 3778 1598 3827 smeriiotir
1613 3778 1734 3840 seso.
1756 3804 1784 3814 -

464 3854 618 3912 permaneto.
632 3856 778 3911 permaneto
794 3864 853 3900 oero
864 3863 896 3910 v·,
912 3855 1040 3911 peroraret
1055 3864 1114 3900 vero
1132 3850 1166 3909 133
1182 3857 1335 3912 66666666.
1354 3853 1477 3902 enimvero
1488 3855 1515 3903 l..
1531 3879 1558 3887 —
1576 3854 1722 3903 6661666666
1731 3866 1787 3902 666-

466 3925 542 3975 remia
558 3925 654 3984 EGll,
681 3925 758 3982 0xx..
783 3927 869 3984 Parc,
894 3923 949 3986 alil,
968 3926 1003 3974 L:
1030 3926 1151 3975 amiculis
1174 3938 1228 3975 nm.
1246 3927 1279 3986 0,
1301 3925 1381 3976 habet
1398 3939 1414 3975 v
1430 3930 1491 3992 posi
1506 3929 1607 3986 melion
1634 3927 1683 3976 oiri
1698 3927 1787 3975 oiseii

466 3999 553 4050 maior
570 4011 642 4062 susp.
662 3999 772 4049 Ernesti.
792 4025 819 4034 —
839 3997 863 4049 1.
882 3999 969 4061 aliqua
985 4000 1018 4058 E,
1036 4001 1051 4050 3
1069 4002 1144 4061 Oxx„
1162 4002 1219 4052 Par.
1239 4003 1263 4052 8.
1282 4001 1306 4051 a.
1326 4028 1353 4037 —
1371 4002 1537 4052 1666666666·
1552 4002 1601 4052 edii
1616 4001 1694 4063 scipio
1710 4002 1740 4049 G.
1755 4026 1782 4035 -

467 4074 491 4124 6.
509 4072 653 4123 Panaetium
670 4073 737 4121 domi
754 4073 814 4134 Lag.
828 4072 860 4121 9:
878 4078 901 4123 61
915 4086 995 4135 poene
1011 4075 1122 4124 61616666
1138 4074 1198 4137 sag.
1211 4074 1257 4135 ii,
1275 4080 1298 4124 ei
1310 4089 1378 4137 ponc
1390 4077 1457 4126 domi
1468 4079 1501 4136 G,
1520 4077 1556 4125 St.
1569 4075 1648 4135 vict,
1667 4079 1691 4124 et
1704 4088 1786 4137 pueris

466 4149 532 4197 domi
549 4149 573 4198 11
582 4155 651 4208 χψ,
671 4147 748 4210 Lagg.
768 4145 837 4205 rell.;
857 4152 880 4197 ei
893 4161 973 4210 poene
989 4149 1099 4197 61616666
1116 4150 1182 4198 domi
1199 4150 1256 4199 LO.
1271 4176 1298 4185 -
1318 4151 1342 4199 1.
1361 4151 1413 4199 istis
1424 4151 1526 4199 Graevii
1537 4162 1610 4213 susp.
1626 4176 1652 4185 -
1670 4151 1786 4212 asperior

468 4233 521 4272 om.
541 4222 655 4271 G.-8.
675 4222 783 4271 Gilv:
802 4222 1786 4287 6611666Ηὸ6(661666166661.-66666666“66ψ.-9.66666’6

468 4297 497 4345 c.
517 4321 543 4330 -
562 4295 667 4359 pravior
684 4296 738 4356 quis
754 4296 889 4357 sapientior
904 4299 957 4347 l'v.
983 4325 1009 4333 -
1037 4298 1161 4347 1616116
1177 4299 1321 4349 Manutius:
1344 4300 1455 4361 philippo
1472 4299 1550 4350 codd.
1571 4325 1598 4336 -
1621 4301 1681 4350 1666
1697 4302 1786 4351 mecm

467 4370 547 4420 dicere
563 4370 590 4419 L.
612 4396 638 4405 -
664 4370 703 4418 11.
721 4370 857 4420 6616166666
866 4373 902 4422 ·C.
924 4398 950 4408 -
973 4373 1162 4422 coromodiorem
1177 4375 1230 4423 mel
1247 4377 1274 4424 et
1289 4375 1368 4437 lagg.
1386 4388 1492 4425 omnes:
1513 4377 1705 4426 corumursiorem
1721 4377 1783 4427 ood.

466 4444 557 4493 l'ranc.
578 4468 606 4478 -
624 4445 815 4494 cornmooiorem
837 4446 914 4497 codd.
937 4446 1055 4511 plerique
1079 4447 1325 4510 (commaoiormique
1346 4450 1393 4507 lli:
1419 4449 1552 4498 comiorem
1574 4463 1606 4511 v,
1631 4452 1693 4514 Lag.
1712 4451 1737 4501 9.
1758 4457 1786 4502 61

467 4519 524 4567 Par.
538 4517 561 4565 7.
581 4516 693 4580 (sedhic
705 4520 756 4569 hoc
769 4520 874 4571 ordine:
892 4523 1023 4572 comiorem
1033 4523 1229 4584 commodiorem)
1243 4524 1299 4573 LO.
1315 4551 1342 4558 -
1354 4524 1394 4573 13.
1406 4522 1473 4587 cere]
1483 4523 1539 4573 iure
1549 4537 1577 4583 χ.
1593 4552 1620 4561 -
1632 4525 1670 4577 ii.
1684 4527 1718 4575 od
1729 4528 1786 4577 imi·

466 4593 569 4642 166666
580 4618 618 4630 --
628 4593 768 4654 coemptam
785 4606 837 4645 om.
852 4598 880 4645 G.
901 4622 927 4631 -
948 4598 987 4646 15.
1006 4597 1071 4645 donn
1089 4608 1142 4645 om.
1157 4611 1184 4656 χ.
1200 4624 1226 4633 -
1244 4599 1286 4647 scd
1301 4599 1392 4660 tomen]
1409 4598 1447 4648 Ne
1464 4600 1603 4662 exspectes
1618 4600 1660 4649 sed
1675 4605 1784 4662 6666666,

467 4667 596 4717 sententia
614 4667 670 4716 est:
690 4667 753 4717 used
770 4671 872 4730 161666,
890 4684 951 4720 cum
969 4674 1078 4720 naturae
1095 4669 1237 4720 similitudo
1254 4671 1288 4721 ad
1304 4674 1330 4721 tc
1347 4672 1430 4734 magis
1447 4672 1586 4734 pervenire
1602 4675 1731 4736 potuerit,
1750 4676 1785 4726 ad

467 4740 623 4791 imitandum
635 4741 689 4791 tum
700 4741 764 4790 mihi
776 4745 939 4807 propositum
952 4744 1087 4810 exemplos
1097 4743 1160 4795 illud
1172 4748 1211 4796 est
1223 4760 1302 4809 quam
1314 4746 1386 4797 tibi.»
1404 4747 1442 4797 ci.
1455 4745 1543 4798 adnot.
1557 4746 1591 4796 ad
1601 4748 1668 4797 Sest.
1685 4747 1710 4812 S.
1724 4750 1783 4801 106.

467 4815 510 4866 66.
529 4816 743 4879 Lips-ootura
754 4818 783 4864 G.
796 4843 821 4851 -
835 4820 1024 4879 quouiomnos:
1043 4833 1119 4882 quom
1137 4821 1198 4879 Gx;
1216 4821 1259 4882 poi
1275 4820 1509 4872 Elison-io.
1527 4822 1629 4872 esllll:
1646 4829 1681 4873 esi
1698 4828 1783 4886 va.

469 4917 496 4926 -
509 4889 548 4939 l8.
566 4891 729 4953 [6661166666
745 4892 810 4954 Sp,
828 4893 987 4956 [6116166666
1003 4895 1064 4944 Eli.
1079 4920 1106 4929 -
1125 4894 1167 4944 ii.
1185 4895 1219 4944 66
1235 4897 1261 4944 id
1276 4901 1304 4945 ai
1320 4897 1349 4946 E.
1364 4923 1391 4933 -
1410 4897 1430 4958 6]
1442 4901 1466 4946 et
1476 4896 1496 4946 F.
1507 4896 1566 4960 (pro
1581 4898 1631 4962 eoe).
1645 4925 1674 4935 -
1691 4901 1735 4952 22.
1753 4916 1786 4953 66

467 4967 493 5015 M
510 4968 536 5015 et
552 4966 612 5027 Lag.
631 4966 662 5015 9:
678 4967 705 5016 16
723 4969 757 5026 G;
777 4980 807 5016 oc
824 4980 876 5017 om.
897 4969 955 5028 Ev,
974 4971 1036 5019 Oxi.
1052 4971 1078 5019 et
1094 4970 1173 5032 Legg.
1186 4968 1242 5019 rell.
1258 4997 1284 5007 -
1303 4971 1344 5021 23.
1360 4971 1444 5022 66166
1458 4971 1520 5019 ciiii
1529 4971 1559 5020 E.
1579 4997 1606 5006 —
1624 4971 1665 5023 ai.
1684 4987 1787 5027 cosroes

469 5042 497 5090 G.
519 5068 545 5076 -
565 5041 698 5102 66166611,
722 5042 821 5105 adieras
839 5046 867 5091 G.
888 5071 913 5079 -
932 5044 1105 5104 adEGllv,
1127 5046 1234 5102 5011..
1254 5046 1508 5109 16366660.-
1528 5046 1569 5096 it.
1587 5049 1698 5109 661616
1722 5050 1785 5102 lert.

468 5115 519 5176 qui.
534 5140 561 5149 -
575 5114 616 5164 26.
632 5117 769 5177 poenierim
781 5118 883 5180 poeniui
894 5120 913 5167 G
923 5118 950 5167 l..
969 5144 992 5156 -
1013 5133 1063 5168 666
1079 5120 1245 5169 innocentium
1260 5134 1310 5170 666
1327 5120 1394 5182 (omn
1409 5120 1442 5182 11)
1459 5119 1578 5170 modium
1592 5134 1651 5172 oero
1668 5124 1733 5174 Gll.
1755 5150 1785 5161 —-

468 5189 509 5237 it.
526 5202 583 5239 cere
594 5203 618 5237 v.
634 5217 659 5226 -
673 5193 782 5243 comalio
793 5206 818 5243 v.
833 5220 859 5228 -
878 5193 918 5242 is.
931 5206 970 5243 me
978 5195 1117 5257 proferente
1127 5206 1161 5254 χ;
1179 5194 1212 5245 cl.
1226 5208 1281 5245 var.
1294 5194 1354 5247 lect.
1364 5195 1397 5245 ad
1410 5195 1435 5259 ἓ.
1448 5196 1488 5245 10.
1499 5221 1527 5232 -
1543 5198 1654 5249 mercede
1668 5199 1787 5250 coodrrcti

471 5263 681 5328 septisol,
698 5269 779 5331 Paro,
796 5269 873 5332 lagg.
891 5266 1023 5332 plerique:
1041 5282 1116 5319 merc.
1136 5271 1251 5333 corrupti
1266 5271 1311 5334 Lg.
1323 5271 1362 5322 10.
1381 5270 1421 5322 13.
1436 5269 1593 5337 666661.
