4367 6109
779 559 852 624 co.
874 559 1097 624 xer-nnn.
1122 557 1178 644 ss.
1201 552 1389 624 tra-tre.
1663 554 1726 620 ors

412 750 537 795 causam
565 728 723 802 dicerent,
756 738 857 803 certe,
890 729 917 793 si
945 730 1074 814 propria
1100 730 1171 813 lege
1199 729 1293 792 buius
1314 729 1436 813 peccati
1455 726 1583 792 adducti
1604 733 1726 799 essent,

412 824 511 887 multo
532 821 603 905 plus
626 821 789 886 obfuisset.
832 818 903 886 llb.
925 824 1046 886 Deinde
1068 823 1095 886 si
1125 831 1209 887 tanta
1230 825 1278 887 vis
1299 822 1361 886 luit
1379 823 1470 886 istius
1491 821 1647 896 criminis,
1675 828 1726 896 ut,

414 936 475 1001 qua
504 914 641 999 quisque
671 916 740 998 lege
762 937 803 980 ex
824 916 886 979 illis
907 916 1066 981 iudicibus
1087 938 1160 980 reus
1181 917 1281 980 factus
1303 926 1402 991 esset,
1429 925 1535 980 tamen
1554 916 1614 979 bac
1635 916 1729 999 plaga

413 1011 544 1094 periret,
573 1028 629 1070 cur
649 1008 682 1071 in
711 1017 797 1073 tanta
819 1010 1021 1072 multitudine
1043 1019 1276 1083 accusatorum,
1309 1011 1404 1074 tantis
1431 1008 1599 1092 praemiis,
1631 1011 1727 1073 ceteri

412 1106 458 1166 rei
488 1103 562 1165 facti
595 1120 661 1165 non
693 1107 791 1166 suutt
825 1104 883 1166 Hic
912 1103 1069 1186 profertur
1098 1104 1150 1178 id,
1184 1103 1271 1187 quod
1301 1103 1453 1166 iudicium
1482 1102 1633 1187 appellari
1663 1118 1751 1167 nona

413 1204 552 1280 oportet,
573 1196 606 1258 P.
629 1195 779 1278 Septimio
801 1196 972 1260 Scaevolae
994 1196 1081 1259 litem
1104 1216 1142 1259 eo
1164 1196 1291 1260 nomine
1313 1215 1382 1259 esse
1396 1198 1601 1260 aestimatam.
1632 1196 1728 1260 Cuius

412 1291 458 1352 rei
479 1308 563 1372 quae
584 1289 779 1352 consuetudo
800 1291 857 1364 sit,
880 1289 1030 1373 quoniam
1051 1289 1137 1372 apud
1155 1288 1298 1353 bomines
1319 1289 1527 1371 peritissimos
1549 1289 1637 1365 dico,
1657 1290 1730 1373 plu·

413 1383 499 1446 ribus
521 1382 625 1446 verbis
647 1383 759 1447 docere
780 1403 845 1446 non
868 1383 977 1446 debeo.
1006 1384 1185 1466 Numquam
1200 1382 1283 1445 enim
1299 1403 1337 1445 ea
1353 1382 1532 1465 diligentia,
1554 1404 1636 1467 quae
1650 1385 1730 1449 solet

413 1477 554 1541 adhiberi
582 1478 615 1540 in
644 1479 754 1541 ceteris
781 1476 919 1551 iudiciis,
946 1476 1057 1540 eadem
1085 1496 1141 1539 reo
1163 1475 1308 1539 damnato
1338 1476 1478 1539 adbibita
1499 1484 1557 1541 est
1600 1474 1670 1542 llli.
1692 1480 1729 1541 ln

413 1571 519 1634 litibus
540 1571 742 1635 aestimandis
761 1570 829 1636 iere
850 1570 972 1634 iudices
992 1578 1062 1645 aut,
1084 1570 1170 1653 qued
1192 1569 1249 1632 sibi
1270 1589 1358 1643 eum,
1380 1588 1475 1650 quem
1496 1571 1594 1635 semel
1615 1572 1767 1636 conde-ro

413 1670 576 1738 mnarunt,
597 1665 758 1728 inimicum
775 1672 886 1747 putant
899 1684 986 1738 esse,
1008 1665 1132 1748 siquae
1152 1663 1186 1725 in
1206 1684 1278 1726 eum
1294 1663 1333 1726 lis
1350 1662 1460 1744 capitis
1480 1662 1567 1727 illata
1581 1674 1644 1740 est,
1665 1686 1729 1729 non

412 1758 599 1834 admittunt,
630 1767 701 1833 aut,
728 1758 816 1843 quod
845 1779 879 1822 se
907 1758 1087 1842 perfunctos
1109 1758 1171 1821 iam
1193 1776 1263 1821 esse
1284 1755 1492 1830 arbitrantur,
1521 1777 1591 1821 cum
1614 1759 1652 1821 de
1674 1779 1729 1822 reo

413 1851 605 1927 iudicarunt,
634 1852 844 1936 negligentius
874 1852 1041 1915 attendunt
1061 1858 1175 1914 cetera.
1217 1851 1329 1934 ltaque
1351 1857 1382 1912 et
1403 1849 1573 1912 maiestatis
1594 1850 1730 1915 absoluti

413 1952 487 2009 sunt
514 1946 677 2028 permulti,
707 1947 822 2030 quibus
848 1946 1000 2009 damnatis
1030 1943 1069 2007 de
1097 1945 1241 2026 pecuniis
1262 1943 1445 2026 repetundis
1466 1943 1536 2005 lites
1557 1945 1731 2009 maiestatis

414 2047 520 2103 essent
541 2039 733 2114 aestimatae,
755 2047 787 2104 et
806 2040 867 2103 boc
883 2039 1024 2123 quotidie
1045 2038 1116 2101 fieri
1131 2037 1292 2112 videmus,
1313 2045 1348 2100 ut
1369 2056 1423 2100 reo
1446 2035 1593 2102 damnato
1616 2038 1655 2100 de
1676 2056 1768 2122 peut

414 2135 512 2197 cuniis
542 2132 741 2216 repetundis,
773 2133 812 2196 ad
846 2153 928 2217 quos
954 2133 1137 2214 pervenisse
1163 2131 1314 2214 pecunias
1335 2130 1369 2194 in
1397 2130 1507 2194 litibus
1527 2130 1731 2196 aestimandis

414 2234 563 2291 statutum
584 2230 640 2303 sit,
663 2245 718 2291 eos
733 2227 830 2291 iidem
850 2226 970 2290 indices
992 2224 1173 2289 absolvant:
1197 2223 1283 2308 quod
1299 2244 1369 2288 cum
1391 2220 1439 2306 lit,
1461 2243 1525 2288 non
1545 2224 1662 2288 iudicia
1683 2245 1732 2289 re-

414 2321 612 2396 scinduntur,
640 2321 696 2384 sed
723 2320 783 2386 boc
809 2323 973 2393 statuitur,
1001 2318 1249 2382 aestimationem
1270 2316 1373 2380 litium
1392 2337 1458 2381 uon
1480 2337 1550 2380 esse
1569 2316 1731 2382 iudicium.

414 2414 567 2477 Scaevola
587 2415 811 2479 condemnatus
834 2420 882 2477 est
902 2413 973 2475 aliis
994 2411 1192 2486 criminibus,
1213 2410 1477 2494 frequentissimis
1491 2411 1625 2493 Apuliae
1643 2412 1733 2476 testi·

412 2510 482 2572 bus.
519 2507 614 2572 Omni
635 2509 836 2573 contentione
856 2514 1030 2589 pugnatum
1051 2512 1115 2580 est,
1143 2506 1191 2569 uti
1212 2505 1253 2569 lis
1274 2505 1352 2568 baec
1373 2504 1486 2589 capitis
1506 2505 1770 2573 aestimaremus

413 2601 504 2678 Quae
531 2622 582 2665 res
611 2602 638 2665 si
659 2602 711 2665 rei
739 2599 895 2664 iudicatae
923 2598 1048 2681 pondus
1068 2597 1247 2673 habuisset,
1276 2598 1332 2661 ille
1353 2606 1464 2681 postea
1485 2597 1536 2662 vel
1557 2596 1660 2663 isdem
1680 2600 1731 2665 vel

412 2696 485 2759 aliis
506 2694 643 2759 inimicis
664 2716 738 2760 reus
759 2695 818 2757 bac
840 2695 909 2776 lege
932 2693 1001 2775 ipsa
1021 2690 1124 2755 lactus
1146 2700 1238 2756 esset.
1359 2755 1365 2763 ,

497 2790 594 2852 XLII.
617 2783 688 2851 447.
711 2788 862 2872 Sequitur
882 2787 932 2861 id,
961 2786 1047 2871 quod
1069 2785 1117 2848 illi
1138 2786 1289 2849 iudicium
1311 2785 1489 2869 appellant,
1522 2787 1655 2851 maiores
1675 2806 1732 2851 au·

413 2892 476 2947 tem
497 2883 596 2946 nostri
617 2903 790 2967 numquam
813 2901 917 2965 neque
939 2880 1088 2943 iudicium
1110 2879 1326 2955 nominarunt,
1348 2899 1454 2964 neque
1468 2880 1602 2963 proinde
1615 2888 1652 2943 ut
1665 2901 1732 2945 rem

414 2975 581 3039 iudicatam
603 2975 826 3049 observarunt,
852 2973 1160 3039 animadversionem
1187 2980 1284 3058 atque
1305 2973 1525 3038 auctoritatem
1546 2973 1771 3045 censoriamss

414 3070 485 3147 Qua
506 3070 546 3133 de
567 3089 602 3133 re
623 3078 793 3153 antequam
815 3070 918 3133 dicere
940 3067 1075 3150 incipio,
1098 3085 1254 3149 perpauca
1275 3066 1353 3131 mibi
1374 3067 1415 3131 de
1429 3087 1501 3131 meo
1517 3066 1624 3130 officio
1639 3069 1735 3132 verba

413 3162 561 3227 faciunda
589 3171 678 3237 sunt,
706 3171 742 3226 ut
768 3184 788 3226 a
813 3181 865 3225 me
895 3181 965 3224 cum
987 3159 1121 3224 huiusce
1142 3160 1293 3242 periculi,
1320 3168 1386 3225 tum
1409 3169 1583 3225 ceterorum
1605 3181 1733 3245 quoqne

414 3254 590 3319 officiomm
611 3264 644 3319 et
663 3257 871 3320 amicitiamm
893 3257 974 3319 ratio
996 3262 1181 3318 conservata
1203 3274 1273 3319 esse
1294 3255 1448 3319 videatur.
1476 3256 1556 3317 Nam
1570 3255 1648 3319 mibi
1661 3275 1734 3319 curn

413 3350 489 3412 viris
510 3349 659 3425 sortibus,
681 3347 736 3432 qui
758 3368 906 3412 censores
928 3348 1071 3432 proxime
1091 3347 1237 3423 fuerunt,
1258 3348 1411 3413 ambobus
1426 3357 1475 3412 est
1488 3348 1641 3425 amicitia,
1664 3369 1734 3413 curn

415 3442 513 3504 altero
535 3461 628 3517 vero,
650 3441 743 3504 sicuti
765 3441 909 3526 plerique
929 3450 1068 3505 veebum
1090 3441 1211 3515 sciunt,
1231 3462 1362 3526 magnus
1380 3462 1457 3505 usus
1471 3448 1503 3505 et
1521 3461 1643 3505 summa
1656 3441 1771 3514 utri-so

413 3555 517 3619 usque
545 3533 658 3598 officiis
686 3534 858 3598 constituta
885 3534 1098 3599 necessitudo.
1153 3529 1224 3597 ll8.
1253 3534 1377 3611 Quare,
1406 3533 1563 3618 quidquid
1592 3535 1632 3599 de
1660 3535 1735 3599 sub-

414 3628 634 3711 scriptionibus
653 3625 773 3692 ¹eorum
801 3627 877 3692 mibi
911 3629 1078 3693 dicendum
1100 3628 1177 3703 erit,
1210 3647 1248 3692 eo
1270 3628 1373 3692 dicam
1394 3628 1517 3703 animo,
1545 3634 1582 3692 ut
1609 3648 1735 3693 omnem

415 3721 587 3785 orationem
609 3741 711 3785 meam
732 3741 797 3785 non
817 3722 858 3785 de
879 3721 1006 3786 illorum
1027 3721 1128 3798 beto,
1149 3723 1206 3787 sed
1228 3722 1268 3785 de
1289 3721 1410 3786 ratione
1431 3721 1577 3786 censoria
1596 3721 1736 3787 habitam

415 3814 584 3878 existimari
606 3814 720 3878 velim:
741 3815 911 3879 abentulo
932 3822 1055 3891 autem,
1076 3815 1221 3880 familiari
1241 3836 1331 3891 meo,
1352 3816 1407 3900 qui
1427 3835 1448 3879 a
1467 3836 1518 3880 me
1539 3835 1598 3899 pro
1619 3816 1737 3881 eximia

415 3928 474 3972 sua
494 3908 611 3972 virtme
632 3908 827 3992 summisque
854 3906 1046 3984 bonoribus,
1073 3929 1155 3994 quos
1176 3929 1197 3973 a
1216 3909 1335 3993 populo
1356 3910 1499 3974 Romano
1521 3909 1655 3994 adeptus
1676 3918 1774 3985 estat

414 4001 545 4066 bonoria
567 4021 663 4065 causa
683 4002 881 4077 nominatur,
902 4000 996 4066 facile
1009 4002 1087 4077 boc,
1109 4001 1247 4078 iudices,
1269 4003 1460 4087 impetrabo,
1481 4009 1533 4078 ut,
1556 4022 1652 4086 quarn
1665 4002 1735 4087 ipse

416 4094 564 4158 adbibere
586 4097 752 4159 consuevit
772 4095 807 4159 in
827 4095 1000 4160 amicorum
1021 4096 1173 4180 perieulis
1194 4117 1268 4161 curn
1282 4093 1376 4161 fidem
1390 4105 1423 4161 et
1436 4095 1647 4180 diligentiam,
1668 4103 1736 4162 tum

416 4188 479 4251 vim
500 4188 598 4254 animi
619 4189 861 4273 libertatemque
882 4188 1025 4266 dicendi,
1047 4211 1088 4254 ex
1108 4190 1168 4256 bac
1189 4189 1269 4254 mibi
1283 4189 1437 4255 concedat
1457 4198 1492 4254 ut
1512 4196 1636 4255 tanturn
1657 4190 1736 4255 mibi

482 4357 504 4406 4.
524 4362 670 4408 mom.
689 4356 1016 4408 u-atousatnesom.
1034 4359 1063 4408 T.
1083 4358 1346 4422 -aappsamn
1366 4357 1737 4422 —dScamlaebltubi-

416 4431 535 4494 quel-
562 4432 861 4482 esreeommlual'.-
888 4432 1103 4484 30434443.-
1130 4431 1433 4483 caraman·
1460 4432 1733 4485 stomoma-

416 4517 480 4567 quae
496 4504 619 4556 arna:
638 4518 691 4567 qao
706 4499 815 4555 5430.
834 4531 860 4540 -
882 4505 921 4556 43.
939 4511 963 4557 et
979 4521 1032 4558 om.
1048 4509 1077 4559 T.
1093 4536 1120 4546 -
1140 4507 1329 4560 remaneam
1344 4508 1402 4558 Sl':
1420 4520 1474 4558 om.
1493 4503 1675 4559 RALlO.-
1694 4510 1734 4560 47.

416 4579 624 4630 msiidonnos:
643 4580 814 4640 eoadernS'l3
832 4581 1082 4637 wadliltbblo.
1098 4609 1125 4620 -
1142 4584 1262 4649 patFA.
1283 4608 1311 4620 -
1332 4582 1373 4632 48.
1390 4582 1435 4633 boc
1451 4594 1505 4632 om.
1523 4582 1552 4633 T.
1572 4608 1599 4618 -
1617 4583 1738 4634 ludldans

416 4667 470 4704 om.
488 4654 542 4705 ST.
562 4680 590 4692 -
613 4655 653 4706 20.
670 4655 812 4705 uttsTL:
834 4655 994 4709 44444430.
1014 4683 1042 4695 -
1066 4659 1108 4709 bt.
1125 4657 1257 4709 samu:
1281 4653 1577 4708 mensal-“anto
1598 4684 1626 4694 —
1652 4659 1693 4710 23.
1711 4660 1738 4709 td

417 4729 490 4795 qaod]
507 4730 570 4780 illud
584 4730 623 4789 Μς
640 4728 703 4779 illud
719 4729 785 4791 quod
800 4730 829 4779 Ι..
849 4755 878 4767 -·
895 4728 1219 4794 aeproemsrrrrn:
1239 4729 1491 4794 10034440.-
1515 4731 1557 4782 33.
1574 4730 1738 4784 dumam

417 4805 568 4855 STblAL:
587 4803 778 4854 dumosam
795 4802 877 4859 Flo.
892 4830 919 4841 -
932 4807 1116 4858 nummasio
1131 4807 1427 4870 atqusaaemturcum
1438 4808 1467 4858 P.
1479 4806 1594 4857 arundo
1605 4808 1640 4871 (a.
1652 4807 1736 4872 4340.)

418 4881 445 4929 Ι..
465 4877 504 4929 Ct.
523 4878 609 4941 Reisig
624 4878 681 4929 aas.
699 4879 828 4942 semeae.
847 4891 874 4944 p.
892 4879 949 4931 62³.
976 4908 1003 4919 -
1025 4882 1066 4933 2⁶.
1084 4887 1221 4946 anaqam
1241 4895 1296 4933 om.
1313 4882 1353 4943 ¹¹5
1373 4881 1448 4945 pstea
1467 4881 1588 4945 morab.
1608 4907 1636 4919 -
1657 4882 1738 4936 diem

418 4967 471 5005 om.
489 4954 524 5005 bl.
543 4980 571 4988 -
595 4953 637 5006 27.
653 4953 847 5017 saeimdaST:
871 4954 988 5018 [aalma
1009 4952 1151 5008 Rdbsso.
1174 4982 1204 4995 -
1225 4956 1338 5020 pesculo
1359 4957 1414 5007 ST.
1434 4981 1462 4994 -
1488 4965 1610 5005 runem.
1629 4956 1682 5007 ST.
1703 4984 1731 4996 -

417 5028 459 5079 28.
477 5033 628 5090 ommate
643 5029 671 5080 Τ.
692 5053 719 5066 ·-
738 5029 779 5080 30.
794 5029 906 5093 paneae
922 5032 980 5082 ST:
1002 5035 1025 5081 et
1040 5030 1155 5094 parsque
1174 5026 1315 5083 nablo.
1336 5055 1364 5067 -
1385 5029 1463 5080 ossas·
1482 5029 1537 5079 ST.
1556 5053 1584 5064 -
1602 5028 1643 5080 34.
1661 5031 1737 5096 officis·
1768 5046 1776 5063 ,

419 5102 480 5155 044.
498 5102 654 5154 Emendavtt
669 5105 698 5155 P.
715 5105 846 5158 usuarias
862 5118 887 5156 a.
907 5105 979 5158 tato.
1000 5132 1027 5143 -
1051 5105 1208 5172 mesum]
1225 5105 1372 5157 mado
1388 5105 1448 5165 ST;
1471 5102 1620 5154 malda
1635 5109 1670 5155 ast
1685 5106 1736 5158 RA

421 5176 501 5230 blo.
521 5205 549 5215 -
567 5178 608 5229 33.
625 5179 880 5235 rattooenSTFll.
900 5207 928 5219 -
950 5179 991 5233 37.
1008 5181 1199 5233 msTLO:
1225 5192 1279 5232 om.
1301 5175 1386 5236 ant.
1405 5206 1434 5216 -
1456 5178 1497 5231 33.
1515 5177 1685 5232 wlacST:
1709 5183 1738 5235 la

419 5250 597 5317 baclldbd3
615 5253 749 5307 lesbocO.
