4367 6109
446 538 508 604 584
842 538 993 605 ORATIO
1014 538 1093 605 PRO
1116 539 1154 602 l.
1176 537 1375 605 GLUllNTlO

448 735 508 799 ego
531 706 659 797 [autem]
683 710 830 773 narravit
861 712 979 783 Nemo,
1001 718 1037 773 ut
1057 709 1187 794 opinor,
1207 710 1240 773 in
1262 709 1352 794 culpa
1375 716 1439 785 est,
1462 709 1521 774 sed
1545 702 1716 771 nimirum
1738 702 1789 767 irbi

448 809 533 873 istud
555 807 608 869 lex
627 807 697 887 ipsa
718 805 919 869 renuntiavit.
963 804 1024 867 Sed
1046 823 1121 866 num
1144 803 1201 866 tibi
1222 803 1267 867 ita
1288 802 1469 868 defendisse
1492 802 1632 874 videor,
1665 805 1707 860 ut
1727 804 1789 863 tota

448 905 481 966 in
510 919 605 964 causa
619 899 827 969 ,mentionem
851 898 948 960 ullam
970 897 1047 981 legis
1068 896 1220 960 fecerim?
1249 918 1325 960 num
1347 917 1440 962 secus
1459 898 1548 961 banc
1574 911 1717 959 uusam
1738 893 1787 957 de·

448 995 604 1067 fendisse,
635 1012 673 1055 ac
701 992 727 1055 si
755 992 825 1075 lege
854 992 988 1054 Habitus
1021 994 1204 1054 tenereturl
1248 991 1355 1066 Certe,
1395 1000 1431 1055 ut
1460 990 1637 1055 bominem
1674 982 1787 1051 confir·

425 1104 534 1152 emere
562 1091 700 1169 oportet,
726 1086 832 1151 nullos
854 1094 904 1151 est
932 1086 1019 1150 locus
1047 1105 1066 1148 a
1087 1105 1138 1147 me
1166 1084 1322 1168 purgandi
1344 1085 1434 1149 istius
1455 1082 1618 1149 invidiosi
1642 1082 1785 1146 criminis

448 1179 697 1264 praetermissus.
741 1174 812 1240 tii.
835 1179 919 1255 Quid
941 1198 1016 1261 ergo
1040 1182 1112 1241 esti
1143 1185 1274 1261 quaeret
1294 1176 1436 1242 fortassis
1457 1179 1644 1263 quispiam,
1675 1177 1785 1261 displi-

449 1283 556 1338 ceatne
584 1273 660 1336 mihi
688 1274 794 1357 legum
823 1275 981 1359 praesidio
1010 1275 1122 1358 capitis
1143 1272 1315 1358 periculum
1337 1272 1533 1355 propulsare.
1580 1271 1668 1336 blibi
1691 1290 1784 1353 vern,

448 1369 587 1443 iudices,
608 1387 673 1431 non
695 1366 860 1449 displicet,
882 1366 938 1431 sed
961 1375 1034 1431 utor
1054 1369 1200 1435 instituto
1217 1387 1298 1429 meo.
1331 1366 1365 1428 ln
1387 1366 1524 1430 bominis
1548 1365 1689 1431 honesti
1711 1386 1786 1449 prn-

414 1466 417 1471 ’
448 1463 615 1546 dentisque
647 1461 765 1524 iudicio
797 1480 863 1524 non
890 1461 993 1525 solum
1022 1481 1092 1525 meo
1121 1459 1253 1524 consilio
1279 1460 1326 1523 uti
1356 1460 1524 1536 consuevi,
1559 1461 1621 1524 sed
1646 1459 1785 1525 multum

412 1558 542 1620 roetiam
564 1555 651 1628 eius,
674 1574 769 1638 quem
791 1554 946 1629 defendo,
968 1564 1000 1618 et
1020 1555 1154 1618 consilio
1178 1563 1209 1617 et
1231 1553 1386 1617 voluntati
1406 1555 1605 1638 obtempero.
1642 1556 1729 1619 Nam
1751 1563 1787 1620 nt

447 1648 527 1714 lra‘ec
548 1650 587 1713 ad
610 1669 660 1712 me
681 1669 777 1712 causa
798 1648 902 1712 delata
924 1657 986 1723 est,
1014 1651 1070 1734 qui
1099 1649 1184 1733 leges
1214 1668 1284 1722 eas,
1313 1649 1353 1712 ad
1376 1667 1454 1731 quas
1475 1649 1677 1714 adhibemur
1698 1657 1732 1712 et
1751 1649 1785 1712 ir

449 1743 563 1827 quibus
589 1763 766 1817 versamur,
797 1763 890 1805 nosse
917 1744 1078 1819 deberem,
1112 1743 1179 1806 dixi
1209 1741 1324 1805 Habito
1347 1742 1469 1817 statim,
1500 1763 1539 1807 eo
1565 1743 1700 1827 capite,
1730 1762 1786 1819 ovi

450 1856 576 1900 corssnr
597 1855 660 1909 ovo
683 1854 756 1910 oris
779 1854 1066 1911 conusunrrurvn,
1088 1836 1176 1899 illum
1198 1856 1269 1899 esse
1292 1835 1442 1909 liberum,
1464 1837 1565 1900 teneri
1585 1844 1703 1901 autem
1725 1856 1785 1901 no-

342 1966 345 1973 ·
449 1937 547 1994 strum
570 1929 724 1994 ordinem.
758 1932 861 2014 Atque
883 1931 938 1993 ille
956 1952 1006 1994 me
1024 1951 1113 1994 orare
1136 1938 1231 2014 atque
1253 1929 1418 1992 obsecrare
1440 1931 1566 2014 eoepit,
1589 1951 1634 1995 ne
1658 1950 1697 1995 se
1711 1930 1783 2013 lege

412 2023 660 2087 ssdefenderem.
692 2023 769 2087 Cum
791 2043 850 2107 ego
879 2045 961 2107 quae
987 2025 1064 2087 mihi
1095 2025 1281 2087 videbantur
1309 2022 1463 2098 dicerem,
1493 2024 1641 2089 traduxit
1665 2024 1781 2089 mend

449 2136 538 2179 suam
565 2119 775 2193 sententiam3
807 2115 982 2182 affirmabat
1010 2121 1092 2182 enim
1122 2119 1286 2181 lacrimans
1315 2136 1381 2179 non
1410 2137 1443 2179 se
1472 2118 1677 2199 cupidiorem
1710 2138 1782 2183 esse

449 2211 583 2274 civitatis
611 2213 794 2275 retinendae
822 2233 916 2295 quam
944 2212 1196 2276 existimationis.
1239 2206 1311 2272 tit.
1345 2212 1465 2274 Morem
1486 2211 1609 2276 homini
1634 2213 1726 2296 gessi
1749 2220 1782 2276 et

449 2314 554 2387 tamen
576 2304 693 2369 idcirco
713 2304 775 2369 feci
797 2340 839 2353 -
861 2298 969 2390 neque'
988 2307 1071 2369 enim
1102 2305 1134 2367 id
1157 2324 1281 2388 semper
1299 2304 1403 2368 facere
1425 2305 1575 2369 debemus
1596 2340 1660 2381 -,
1689 2307 1781 2392 quod

449 2398 591 2461 videbam
618 2419 677 2481 per
702 2420 736 2463 se
764 2402 866 2483 ipsam
888 2421 1013 2464 causam
1035 2400 1104 2463 sine
1126 2398 1196 2482 lege
1211 2395 1431 2481 copiosissime
1447 2418 1540 2482 posse
1556 2398 1702 2464 defendi.
1724 2401 1781 2463 Vi-

412 2491 560 2554 rodebam
582 2492 616 2554 in
636 2493 696 2556 hac
718 2492 921 2569 defensione,
951 2514 1014 2578 qua
1035 2494 1098 2557 iam
1120 2513 1188 2556 sum
1211 2513 1304 2566 usus,
1335 2492 1407 2575 plus
1430 2492 1609 2575 dignitatis,
1640 2495 1677 2556 in
1705 2493 1781 2569 illa,

449 2603 512 2668 qua
532 2603 582 2646 me
603 2583 655 2648 bio
676 2588 723 2650 uti
744 2587 865 2663 noluit,
888 2588 991 2650 minus
1013 2586 1131 2650 laboris
1152 2587 1300 2650 futurum.
1332 2585 1426 2662 Quod
1445 2587 1472 2649 si
1487 2586 1567 2650 nibil
1582 2588 1676 2651 aliud
1691 2596 1782 2652 esset

449 2685 550 2740 actum
571 2678 632 2742 nisi
653 2687 688 2742 ut
707 2681 789 2744 hano
811 2701 938 2744 causam
960 2681 1191 2755 obtineremus,
1214 2679 1284 2762 lege
1305 2679 1436 2743 recitata
1456 2699 1669 2763 perorassem.

532 2772 612 2833 Llll.
640 2774 749 2855 Neque
778 2794 828 2837 me
856 2774 911 2836 illa
938 2776 1038 2838 oratio
1061 2782 1252 2848 commovet,
1283 2772 1368 2857 quod
1401 2775 1446 2836 ait
1472 2774 1576 2836 Attius
1604 2775 1779 2857 indignum

449 2885 519 2928 esse
546 2863 687 2942 facinus,
717 2867 745 2930 si
774 2876 902 2932 senator
924 2867 1042 2931 iudicio
1064 2869 1244 2951 quempiam
1267 2867 1522 2941 circumvenerit,
1549 2866 1680 2949 legibus
1701 2889 1780 2932 eum

411 2960 570 3032 seteneri,
599 2960 627 3022 si
654 2980 753 3044 eques
781 2964 941 3026 Romanus
967 2962 1027 3025 hoc
1058 2962 1143 3025 idern
1163 2961 1288 3036 fecerit,
1315 2981 1380 3024 non
1402 2960 1513 3024 teneri.
1556 2956 1629 3023 tit.
1655 2962 1697 3025 Ut
1717 2964 1779 3027 tibi

449 3054 617 3118 concedam
639 3055 700 3118 boc
722 3056 886 3138 indignum
908 3076 997 3130 esse,
1020 3055 1108 3141 quod
1130 3056 1220 3118 cuius
1242 3055 1326 3118 modi
1350 3055 1391 3117 sit
1409 3055 1471 3117 iarn
1486 3054 1612 3131 videro,
1636 3064 1674 3119 tu
1696 3058 1778 3121 mibi

449 3148 602 3210 concedas
631 3168 760 3212 necesse
791 3158 840 3213 est
860 3148 960 3212 multo
983 3169 1052 3213 esse
1073 3149 1234 3231 indignius
1256 3151 1288 3212 in
1311 3168 1349 3211 ea
1370 3148 1512 3222 civitate,
1542 3169 1624 3232 quae
1646 3149 1779 3234 iegibus

449 3240 662 3316 contineatur,
685 3242 805 3306 discedi
827 3244 866 3306 ab
888 3243 1020 3325 legibus.
1055 3243 1122 3307 lloc
1137 3244 1220 3305 enim
1236 3242 1397 3306 vinculum
1419 3248 1467 3304 est
1486 3242 1581 3305 huius
1596 3244 1780 3327 dignitatis,

449 3354 512 3417 qua
532 3332 666 3397 fruimur
687 3336 720 3398 in
742 3357 776 3399 re
798 3337 939 3419 publica,
962 3336 1023 3399 hoc
1043 3337 1281 3399 fundamentum
1304 3337 1473 3409 libertatis,
1494 3335 1546 3398 hic
1565 3335 1637 3400 fons
1661 3340 1781 3422 aequi-

411 3430 530 3495 aotatis.
566 3433 656 3493 llens
684 3438 716 3492 et
743 3432 866 3494 animus
893 3439 925 3494 et
954 3430 1121 3494 consilium
1151 3438 1182 3493 et
1202 3432 1361 3493 sententia
1382 3430 1518 3492 civitatis
1539 3431 1646 3512 posita
1670 3441 1721 3496 est
1745 3435 1780 3497 in

449 3524 581 3607 legibus.
626 3525 665 3587 Ut
686 3544 820 3607 corpora
840 3533 947 3588 nostra
968 3527 1037 3589 sine
1060 3533 1180 3597 mente,
1203 3524 1249 3587 sic
1270 3525 1380 3587 civitas
1403 3523 1472 3586 sine
1493 3523 1563 3606 lege
1585 3525 1651 3588 suis
1675 3527 1782 3608 parti·

448 3618 524 3692 bus,
546 3627 581 3681 ut
602 3619 707 3681 nervis
730 3626 762 3681 et
784 3620 936 3700 sanguine
959 3629 991 3682 et
1011 3618 1175 3691 membris,
1197 3620 1243 3680 uti
1264 3637 1331 3680 non
1353 3625 1467 3701 potest.
1498 3617 1617 3700 Legum
1632 3620 1781 3684 ministri

450 3711 663 3794 magistratus,
692 3711 799 3793 legum
831 3712 1016 3796 interpretes
1044 3713 1183 3786 iudices;
1213 3711 1336 3794 legibus
1360 3711 1497 3793 denique
1519 3712 1636 3775 idcirco
1660 3733 1781 3778 omnes

499 3973 523 4022 4.
536 3985 580 4034 epo
591 3984 644 4023 om.
657 3972 685 4021 Τ.
695 3998 722 4008 -
736 3977 819 4022 ornem
830 3985 883 4022 om.
897 3974 983 4022 ST-
996 3978 1019 4022 et
1035 3972 1088 4023 ST:
1106 3972 1148 4022 sed
1159 3966 1295 4028 natio,
1308 3981 1362 4019 om.
1376 3967 1588 4029 Quintilianus·
1602 3970 1626 4019 2.
1639 3971 1711 4020 istud
1722 3973 1778 4032 ST,

365 4094 370 4106 ,
450 4044 636 4106 Quintilianus:
654 4047 733 4097 isicem
750 4048 788 4106 bi;
806 4049 869 4096 istnc
886 4048 930 4098 Fa
943 4046 1024 4101 440.
1038 4074 1065 4083 -
1086 4046 1110 4097 3.
1128 4048 1224 4096 nullom
1240 4047 1266 4096 F.
1282 4071 1309 4080 -
1328 4044 1388 4107 legis
1402 4045 1503 4108 fecerim
1520 4044 1578 4093 ST:
1595 4045 1702 4108 fecerim
1714 4047 1779 4111 lepis

451 4119 592 4173 natio,
603 4145 630 4155 —
650 4122 781 4184 defendisse
793 4135 854 4172 curn
867 4123 894 4171 P.
907 4123 1020 4172 lfanutio
1032 4123 1093 4172 LO:
1113 4122 1269 4185 defendissem
1281 4118 1329 4170 til
1339 4118 1394 4172 4.-
1414 4119 1438 4169 4.
1452 4118 1491 4184 oc]
1508 4119 1555 4168 nnc
1567 4119 1622 4168 TA.
1635 4146 1664 4155 -
1679 4121 1705 4170 6.
1716 4122 1779 4184 sor-

450 4198 522 4246 torn's
540 4196 593 4245 ST:
610 4197 715 4259 sortasse
733 4195 876 4249 ultio.
904 4196 942 4247 Cf.
962 4196 986 4260 3.
1002 4197 1059 4247 404.
1077 4198 1119 4247 Fr.
1136 4195 1191 4246 Gul.
1203 4197 1260 4246 ouo
1272 4196 1365 4245 Comm.
1377 4195 1433 4244 crit.
1449 4196 1476 4243 in
1491 4194 1562 4244 codd.
1580 4193 1636 4244 bibi.
1650 4196 1779 4247 Gissensis

452 4272 529 4336 pest
542 4284 613 4334 sq-
627 4272 767 4333 displicetne
776 4272 837 4321 mibi
848 4273 897 4331 ST,
916 4272 1054 4334 displicetne
1065 4271 1108 4320 tibi
1120 4270 1275 4321 Halmius-
1289 4270 1313 4318 7.
1326 4269 1416 4330 capitis
1426 4270 1480 4319 ST:
1494 4270 1776 4330 cooperuisse.

453 4375 480 4384 -
493 4346 517 4396 8.
527 4346 689 4408 podentisqne
703 4348 798 4396 An-
816 4347 857 4397 44.
869 4360 898 4396 eo
914 4347 994 4409 capite
1009 4347 1069 4397 TL:
1088 4347 1118 4395 de
1133 4344 1315 4398 coliem·
1336 4346 1376 4394 43.
1395 4344 1652 4408 qnis1quisqueT.-
1674 4345 1717 4397 44.
1730 4352 1778 4396 ct-

451 4422 597 4485 qneSTbl:
615 4420 824 4473 4444440.-
837 4435 867 4471 ne
883 4435 908 4471 se
924 4422 981 4471 ST:
999 4426 1028 4471 nt
1043 4419 1321 4474 4444444444ομ
1341 4420 1381 4469 te.
1394 4419 1608 4470 videbanturST:
1626 4420 1779 4471 viderentur

451 4501 499 4550 lif
509 4499 528 4548 l.
537 4495 553 4553 4
563 4496 592 4546 0.
604 4521 631 4530 -
652 4495 690 4544 49.
710 4509 764 4547 ..ne
780 4497 831 4561 iege
846 4497 1010 4559 copiosissime
1020 4522 1056 4535 --
1067 4497 1170 4558 imperio
1181 4501 1204 4545 el
1214 4494 1370 4558 praescripto
1383 4494 1416 4557 (5.
1430 4493 1497 4555 447.)
1510 4493 1591 4544 habet
1602 4495 1631 4543 P.
1641 4520 1668 4531 -
1683 4496 1777 4559 copio-

449 4572 542 4623 sissime
556 4570 608 4620 mo
622 4569 675 4633 lepe
691 4568 801 4624 4444.
820 4599 848 4609 -
867 4572 907 4621 40.
926 4586 1001 4634 quom
1016 4573 1069 4628 ium
1086 4574 1113 4622 P.
1134 4598 1161 4608 -
1179 4572 1220 4619 44.
1237 4567 1305 4631 esset]
1321 4568 1406 4631 submi
1422 4569 1474 4617 ST.
1495 4594 1523 4604 -
1542 4569 1583 4618 44.
1601 4567 1774 4622 obtineresnrss

452 4648 538 4698 PST:
560 4644 692 4695 obtinerem
712 4644 854 4699 4444440.
875 4673 901 4682 -
925 4647 966 4698 43.
984 4652 1118 4697 cornmooet
1136 4647 1172 4706 (ut
1188 4645 1340 4696 coniecerat
1357 4644 1500 4705 Ernestiusl
1519 4645 1582 4694 1³0:
1607 4653 1777 4698 eonmsoueret

453 4719 564 4774 44444.
584 4744 611 4755 -
638 4720 717 4781 litim
734 4721 789 4784 (sic)
807 4723 834 4771 Ρ.
854 4748 881 4757 -
909 4721 950 4773 44.
969 4724 1110 4786 qnempiam
1131 4722 1218 4771 STO:
1245 4721 1360 4782 quopiam
1381 4721 1413 4777 P;
1437 4732 1586 4781 quenquam
1605 4719 1720 4775 uate.
1741 4748 1772 4757 -

452 4799 492 4848 en
511 4795 562 4860 tim]
578 4795 624 4845 aidi
639 4795 694 4845 ST.
714 4823 741 4832 -
760 4795 801 4845 44.
819 4795 937 4846 eiusmodi
953 4798 980 4847 F.
999 4824 1026 4833 -
1044 4798 1085 4846 44.
1103 4796 1180 4846 mutto
1196 4808 1249 4845 om.
1268 4795 1299 4853 Fi
1317 4794 1395 4843 innuo
1411 4807 1461 4843 esse
1476 4806 1532 4843 om.
1549 4797 1580 4843 A.
1600 4818 1627 4829 -
1647 4793 1689 4844 48.
1708 4810 1774 4845 con·

452 4874 561 4921 lineatur
576 4871 690 4921 PSTO:
709 4876 822 4921 teneatur
838 4871 951 4924 erbf.
972 4901 998 4909 -
1018 4870 1340 4924 serzenatem·
1367 4869 1426 4935 floc]
1443 4870 1489 4919 llic
1505 4871 1533 4918 P.
1554 4896 1581 4905 -
1599 4869 1640 4919 49.
1657 4869 1707 4934 irie]
1724 4872 1774 4921 froc

453 4946 506 4996 ST.
527 4970 554 4981 -
579 4943 619 4994 30.
636 4947 706 4996 Mens
726 4951 749 4996 et
771 4947 869 4996 animos
885 4947 949 5011 cet]
970 4947 1084 4998 isidorus
1107 4945 1203 5010 Hispal.
1223 4946 1354 5009 Originum
1369 4946 1400 4994 ll.
1418 4945 1459 5005 49,
1479 4946 1523 4994 43;
1541 4946 1595 4995 lec
1610 4949 1645 4995 ost
1660 4958 1731 4996 mens
1746 4952 1773 4997 et

453 5022 551 5071 animus
567 5025 590 5070 et
604 5021 732 5071 consilinm
748 5025 772 5071 et
786 5021 906 5070 sententia
922 5022 1036 5072 civitatis.
1051 5049 1077 5056 -
1097 5022 1137 5071 34.
1158 5023 1187 5071 Ut
1202 5035 1310 5084 corpora
1325 5025 1412 5069 nostre
1425 5046 1439 5056 -
1450 5046 1464 5056 -
1478 5022 1515 5069 uti
1531 5035 1581 5069 non
1593 5025 1672 5082 potest
1689 5022 1772 5080 Quin-

454 5095 556 5146 tilianus
572 5096 603 5144 V.
622 5097 666 5159 44,
683 5096 724 5147 it.
744 5121 770 5131 -
788 5095 841 5145 sine
855 5095 941 5160 mmte]
959 5097 985 5146 in
1001 5102 1080 5146 mente
1096 5098 1124 5145 P.
1140 5123 1165 5131 -
1183 5097 1227 5158 sic]
1244 5097 1282 5144 ita
1298 5093 1477 5154 Quintilianus.
1492 5123 1519 5132 -
1537 5095 1648 5145 meismes
1662 5096 1718 5147 ST.
1735 5124 1772 5133 —

454 5172 494 5221 32.
512 5169 547 5233 nt]
564 5175 587 5219 et
603 5171 664 5227 Tm
682 5182 735 5221 om.
753 5172 779 5220 S.
799 5196 825 5204 -
845 5175 868 5220 et
883 5173 1003 5233 senonim
1020 5173 1081 5222 PL:
1103 5185 1134 5221 nc
1149 5172 1269 5235 sorspnine
1286 5170 1475 5224 STTMASO
1492 5176 1519 5221 et
1536 5168 1717 5230 Quintilianus.
1738 5198 1769 5207 -

455 5245 494 5300 33.
512 5245 626 5315 magistr.
643 5250 667 5297 et
682 5245 763 5313 iepnm
779 5245 833 5297 ST.
854 5272 880 5282 -
905 5245 1009 5299 tuem.
1027 5246 1092 5313 Nlo.
1112 5246 1166 5310 (sic)
1183 5245 1309 5297 lDClllCO
1326 5245 1438 5301 otides
1453 5245 1614 5296 SElil'lffVS
1629 5246 1664 5295 P:
1685 5243 1771 5309 Ιηυιι
