4367 6109
941 884 1214 944 industriosis

1065 1047 1099 1097 lit

631 1193 1535 1285 &VERREM

925 1401 1037 1452 LIBER
1062 1401 1239 1461 QUARTUS.

887 1583 966 1646 DE
1016 1578 1281 1644 SIGNlS.

523 1949 661 2001 CODICES
677 1948 835 2000 uitiosis
851 1945 912 1998 libri
928 1946 970 1997 lV.
989 1949 1016 1998 ct
1030 1947 1075 1997 V.:

488 2044 509 2094 R
527 2058 552 2078 =
570 2044 659 2108 lepide
674 2041 828 2094 Parisicnsis
846 2054 886 2091 nr.
904 2038 978 2091 7774.
996 2043 1031 2101 Α,
1050 2040 1125 2090 cuius
1137 2037 1290 2100 collatione,
1308 2037 1357 2089 sed
1368 2049 1463 2102 pamm
1472 2041 1611 2099 comesta,
1628 2051 1694 2091 usus
1705 2045 1747 2093 ost

365 2126 373 2140 ·
427 2119 567 2178 Graculum
585 2117 695 2169 alteram
712 2132 745 2169 ex
762 2117 881 2179 margine
898 2115 1019 2166 editionis
1036 2114 1175 2175 Brutinas,
1194 2126 1262 2178 quas
1279 2113 1306 2163 io
1322 2110 1482 2163 bibliotheca
1500 2113 1641 2166 llavniensi
1657 2128 1747 2167 asser-

425 2197 515 2255 vatur,
538 2195 565 2244 in
588 2192 676 2244 lucem
699 2191 805 2258 protulit
821 2190 970 2255 multosque
987 2189 1047 2239 inde
1064 2187 1139 2240 locos
1155 2188 1306 2240 emendavit
1321 2187 1467 2251 liedviglus
1483 2188 1509 2239 in
1526 2187 1640 2254 Epistola
1658 2190 1747 2242 critica

425 2268 460 2319 ad
477 2266 611 2329 Orellium,
629 2267 744 2318 llavnisc
756 2267 829 2318 4828.
848 2267 919 2317 Duas
934 2265 1073 2330 praeterea
1090 2262 1168 2314 buius
1185 2264 1284 2315 codicis
1300 2261 1452 2314 collationes
1470 2276 1503 2313 ex
1519 2263 1601 2329 copiis
1612 2263 1748 2318 Orellianis

427 2344 600 2409 depromptas
616 2341 731 2406 benigne
746 2353 853 2392 mecum
872 2341 1077 2391 communicavit
1086 2339 1218 2400 basileros,
1238 2351 1351 2404 quarum
1363 2352 1443 2390 onom
1455 2340 1620 2402 llanbartus,
1637 2338 1749 2392 dieram

426 2420 477 2470 lac.
488 2419 620 2471 Fscherus
632 2415 829 2480 diligentissime
838 2415 958 2465 coniecit.
970 2416 1007 2465 Ex
1019 2415 1069 2465 boc
1081 2414 1205 2465 codsine
1216 2412 1298 2464 dubio
1307 2413 1457 2478 descriptae
1465 2418 1528 2466 sunt
1537 2413 1674 2476 lectiones,
1682 2428 1750 2479 qoss

425 2494 451 2546 ln
464 2491 608 2558 exemplari
626 2490 748 2542 editionis
760 2488 956 2551 inmissiones,
975 2487 1047 2554 quod
1064 2489 1166 2539 Ber-nas
1181 2489 1341 2550 asservatur,
1360 2488 1460 2540 invenit
1470 2488 1590 2542 Orellius.
1614 2491 1750 2541 Porttnsnt

426 2581 474 2619 eae
491 2567 525 2619 sd
542 2566 602 2618 libr.
620 2567 662 2618 lv.
682 2566 706 2631 5.
725 2566 814 2616 4-99.
840 2565 907 2616 Vide
929 2563 1016 2615 Orellii
1036 2565 1119 2628 Epist.
1139 2565 1197 2614 crit.
1215 2563 1248 2614 sd
1266 2562 1378 2627 iladvig.
1397 2578 1423 2630 p.
1442 2565 1550 2617 Vl-xl.
1585 2565 1658 2625 Quae
1675 2563 1750 2617 liad-

425 2644 510 2707 viqius
531 2645 621 2709 (Epist.
639 2644 697 2694 crit.
720 2641 755 2692 ad
775 2639 852 2692 Oreil.
871 2654 897 2706 p.
916 2642 948 2692 to
965 2653 1024 2706 sqq.
1046 2642 1095 2706 Op.
1113 2643 1133 2691 l.
1151 2654 1178 2705 p.
1196 2640 1244 2691 346
1260 2642 1330 2704 sqq.)
1353 2641 1387 2691 de
1405 2640 1541 2693 codicibus
1558 2640 1750 2692 Parisiensibns

426 2720 453 2769 et
470 2717 504 2769 de
520 2720 611 2768 vetere
628 2715 798 2768 Lambinisno
815 2716 972 2781 disputavit,
996 2729 1048 2767 non
1070 2717 1143 2767 omni
1160 2729 1192 2765 ex
1214 2720 1290 2780 parte
1306 2728 1371 2766 vero
1387 2729 1448 2768 esee
1464 2716 1708 2768 demonstravimus
1723 2718 1770 2790 in·

426 2793 667 2854 commentatione,
695 2804 776 2856 quam
796 2791 830 2841 de
857 2790 994 2842 codicibus
1016 2790 1074 2842 libr.
1094 2791 1136 2840 lv.
1156 2792 1182 2841 st
1198 2790 1229 2841 V.
1248 2793 1324 2842 oreti.
1342 2791 1446 2842 Verrio.
1466 2791 1648 2856 (llalbsrstadil
1667 2792 1750 2856 4859.)

425 2867 589 2932 scripsimus.
616 2867 708 2930 Neque
726 2867 796 2917 onim
814 2865 925 2917 dubium
943 2879 1003 2918 esse
1019 2867 1123 2931 potest,
1142 2865 1204 2929 quin
1222 2862 1325 2915 colletlo
1343 2865 1498 2918 Hauniensie
1515 2881 1548 2919 cx
1565 2867 1657 2919 codice
1669 2868 1750 2930 ltcglo

425 2941 499 2994 7774.
518 2945 548 2994 l.
566 2941 686 3006 proiecta
703 2943 749 3005 sit,
768 2942 887 2993 Lambini
904 2944 993 2992 autem
1004 2945 1081 2992 vetus
1099 2941 1184 2991 codex
1201 2940 1312 3003 enegio
1329 2939 1459 2992 diversus.
1487 2945 1572 3006 Atque
1589 2941 1653 2995 illud
1670 2943 1751 2994 etiam

426 3020 532 3071 certum
549 3019 590 3070 est
606 3019 693 3069 varus
710 3015 850 3075 lectiones,
868 3029 936 3081 quos
954 3016 1014 3068 Cer.
1033 3015 1184 3080 Stephanus
1200 3017 1343 3081 congessit,
1362 3031 1394 3069 ex
1411 3018 1463 3070 boc
1480 3018 1577 3071 eodem
1593 3020 1673 3084 Regio
1690 3030 1751 3070 esse

427 3093 589 3159 descriptas3
613 3106 676 3144 nam
692 3092 739 3143 ubi
761 3092 913 3158 discrepare
930 3092 1054 3142 videntur
1070 3104 1086 3141 a
1103 3093 1197 3155 Regio,
1220 3091 1319 3143 librarii
1336 3106 1457 3145 errorem
1472 3108 1505 3145 ao
1522 3093 1708 3158 negligentiam
1723 3094 1752 3145 ln

427 3167 504 3235 culpa
521 3182 582 3221 esse
598 3165 769 3220 manifestum
785 3169 834 3218 est.
871 3166 948 3232 [Cum
964 3164 1089 3226 lordono,
1109 3178 1271 3230 quamquam
1288 3169 1327 3218 tot
1343 3168 1442 3220 codicis
1458 3170 1551 3234 optimi
1562 3167 1716 3221 collationes
1726 3169 1752 3219 si

427 3242 461 3293 ad
477 3256 573 3295 manus
590 3244 677 3304 erant,
696 3244 784 3293 tamen
803 3240 873 3291 baud
889 3241 982 3307 paucis
999 3240 1064 3293 locis
1080 3240 1208 3292 dubitatio
1226 3243 1335 3295 devera
1354 3243 1453 3295 codicis
1470 3242 1582 3295 lectione
1593 3242 1685 3294 relicto
1697 3242 1753 3294 loe

427 3319 474 3378 rit,
492 3331 508 3369 a
525 3317 645 3370 ismiliarl
661 3328 737 3379 meo,
759 3317 820 3367 Cin.
839 3316 976 3378 Bouiano,
999 3318 1092 3381 petivi,
1116 3321 1145 3368 ut
1161 3317 1282 3371 codicem
1299 3319 1388 3370 denno
1405 3321 1552 3379 excuteret3
1576 3319 1652 3369 cuius
1669 3328 1752 3382 open

427 3392 626 3458 diligentissima
648 3391 758 3445 tandem
778 3392 877 3443 lactum
898 3393 954 3454 est,
981 3396 1011 3443 ut
1030 3405 1124 3444 veram
1145 3393 1245 3446 codicis
1265 3393 1408 3446 lectionem
1427 3394 1527 3460 ubique
1549 3395 1752 3458 repraesentes

426 3483 578 3536 possemus.
602 3468 696 3531 44444.)

492 3547 525 3596 ot
540 3545 556 3596 i
574 3561 600 3581 =
618 3541 804 3607 Goellerbptoni
820 3541 886 3604 duo,
904 3541 938 3594 de
956 3541 1053 3606 quibus
1069 3542 1131 3594 vide
1148 3542 1183 3594 ad
1198 3545 1311 3599 Divinat.

492 3619 530 3671 Ld
548 3643 575 3665 a
592 3618 715 3670 letdensto
731 3618 757 3681 ll.
776 3631 800 3669 e.
818 3619 846 3669 P.
865 3618 966 3669 Francli
983 3621 1009 3670 ln
1026 3619 1203 3670 Perizonisnis
1220 3633 1260 3670 nr.
1279 3621 1321 3671 ti.
1338 3621 1407 3672 teste
1423 3618 1528 3684 Balsio),
1546 3619 1621 3672 cuius
1638 3618 1753 3673 collatio-

427 3708 491 3749 nem
508 3710 524 3747 a
540 3695 620 3748 italio
637 3693 835 3757 diligentissime
852 3692 1001 3745 conlectam
1017 3693 1052 3744 od
1068 3706 1113 3744 me
1129 3693 1202 3746 misit
1217 3695 1345 3748 lteltems.

491 3772 529 3826 na
546 3770 675 3837 significat
691 3781 852 3820 comessum
869 3767 992 3820 codicum
1007 3771 1028 3821 ll
1045 3769 1109 3822 oti
1127 3769 1175 3820 ld.

494 3847 531 3900 tii
548 3857 710 3899 consensum
726 3843 851 3896 codicum
868 3845 900 3894 Gt
915 3845 932 3895 i
948 3843 996 3894 td.

493 3920 510 3974 i
527 3939 553 3961 =
569 3926 639 3972 odos
654 3921 733 3971 codem
748 3918 863 3971 44444444
878 3919 905 3971 ln
920 3932 1005 3984 marg.
1025 3919 1098 3972 4484.

494 3998 515 4050 C
533 4011 559 4032 =
577 3996 728 4048 4444444444
743 3993 880 4045 Gulliclmii
895 3995 966 4060 apud
981 3999 1131 4063 Gruterum.

492 4073 517 4124 V
533 4090 560 4112 ι
580 4072 727 4130 Vettoonus,
745 4070 790 4134 qui
807 4068 874 4120 baec
884 4068 967 4121 babet
977 4070 1141 4134 lragmsnta:
1161 4071 1183 4135 4)
1202 4072 1226 4137 5.
1238 4073 1262 4122 9.
1275 4071 1557 4134 boaposesaetlloionm
1569 4098 1597 4108 -
1616 4073 1641 4137 5.
1653 4073 1679 4124 9.
1690 4073 1754 4124 obit

429 4149 580 4202 maiam
612 4147 637 4210 i)
655 4146 679 4210 5.
697 4146 738 4197 46.
756 4145 1076 4197 denimeooesse-
1096 4145 1121 4210 5.
1140 4146 1513 4210 49.4οροη44444οοονω4ω.

493 4223 515 4276 E
531 4250 559 4272 -
574 4220 741 4286 desistente,
767 4232 801 4270 ex
824 4233 877 4284 quo
902 4219 996 4273 llelch.
1020 4221 1141 4286 llittorpli
1166 4221 1283 4273 schedae
1305 4226 1445 4288 excerptae
1470 4225 1540 4274 sunt.
1575 4224 1637 4276 llius
1662 4227 1754 4276 autem

428 4299 575 4363 segmenta
600 4298 745 4362 supersunt
761 4294 837 4345 haec.
873 4297 895 4359 4)
913 4296 937 4360 5.
957 4298 981 4347 4.
1001 4321 1030 4334 -
1048 4295 1073 4360 5.
1091 4297 1117 4346 i.
1135 4296 1270 4358 reliquisse.
1310 4297 1333 4360 i)
1352 4296 1377 4361 5.
1395 4296 1436 4348 39.
1454 4296 1575 4360 Accipite,
1595 4299 1708 4348 44444444
1725 4324 1753 4337 -

429 4373 455 4440 5.
467 4373 510 4426 li.
523 4372 786 4438 metensem
801 4375 862 4422 esset
894 4371 918 4434 9)
937 4371 960 4435 5.
974 4369 1015 4422 47.
1034 4372 1101 4434 Quid
1115 4371 1229 4422 beccel?
1247 4399 1274 4409 -
1295 4371 1319 4436 5.
1332 4371 1373 4424 49.
1384 4373 1496 4423 94444444
1506 4374 1606 4423 essroott
1631 4373 1656 4436 4)
1674 4373 1699 4438 5.
1711 4372 1753 4426 til.

427 4444 1022 4514 litsetortsbomtocm-solebotctpcttto.
1057 4446 1082 4509 o)
1100 4444 1125 4508 5.
1144 4446 1185 4496 ts.
1203 4446 1575 4510 lltooerosiueeoptditoo-
1602 4447 1627 4512 5.
1644 4448 1757 4499 dilite-

427 4529 503 4575 cm.
539 4524 562 4587 d)
580 4523 605 4588 5.
624 4522 665 4573 40.
686 4519 1067 4585 Venionuncnontom-fi.
1085 4520 1271 4582 belomonte
1291 4522 1436 4572 deomant.
1469 4521 1757 4586 iiiiildsitapsd

428 4590 621 4663 &pusiones-
640 4596 665 4661 5.
683 4596 959 4658 inmemorem.
993 4596 1018 4660 8)
1035 4594 1113 4660 578.
1133 4596 1452 4658 owqouemmtsrs-
1470 4597 1548 4662 579.
1566 4598 1757 4660 meotes·-

427 4678 526 4724 oensnt.
561 4674 584 4736 9)
603 4673 627 4738 5.
646 4671 687 4724 94.
709 4672 823 4723 Humilis
842 4672 959 4735 ternplwn
977 4697 1006 4708 -
1029 4669 1054 4733 5.
1072 4670 1114 4720 97.
1131 4670 1335 4722 nminem.
1369 4673 1409 4734 49)
1427 4672 1452 4736 5.
1470 4671 1511 4722 99.
1528 4672 1618 4724 dedite
1632 4675 1709 4724 maes
1726 4699 1755 4713 -

429 4747 454 4812 5.
468 4748 691 4800 itit.eetrttmotto
706 4749 850 4800 contineret.
877 4749 915 4813 44)
935 4747 959 4812 5.
972 4748 1029 4798 tto.
1049 4747 1289 4809 eumdembtiue
1301 4772 1329 4783 -
1342 4747 1585 4797 comeum.
1612 4748 1651 4811 ti)
1663 4748 1756 4812 5447.

431 4822 520 4875 orem
535 4823 677 4887 Surocw
696 4849 724 4860 -
742 4822 767 4887 5.
780 4822 837 4875 449.
854 4821 1050 4875 oondodltomt
1064 4822 1167 4886 colem
1199 4821 1238 4884 43)
1255 4821 1280 4885 5.
1294 4821 1351 4872 tii.
1367 4821 1445 4873 Aedes
1459 4821 1590 4873 limas
1608 4848 1636 4858 -
1654 4820 1679 4885 5.
1697 4819 1756 4873 tit.

428 4898 513 4961 sactes
528 4912 579 4951 esre
593 4899 735 4950 motor.

496 4973 566 5038 ¹08²⁹
584 4998 610 5019 ι
627 4973 869 5038 memorantem
878 4987 918 5026 nr.
931 4973 984 5037 es,
1003 4971 1049 5038 qui
1065 4983 1228 5037 quemquam
1245 4969 1398 5024 melioribus
1415 4973 1456 5023 est
1472 4968 1698 5034 annumerandus,
1716 4971 1759 5021 ts-

431 5060 494 5100 men
510 5049 618 5114 optimis
635 5046 716 5114 poulo
732 5047 839 5100 interior
855 5053 904 5101 est.

496 5121 757 5175 superstionis
778 5122 915 5175 colticlis
935 5122 1069 5175 referendi
1090 5125 1152 5174 sunt
1173 5123 1255 5175 ceteri
1276 5125 1382 5188 septem
1402 5120 1624 5188 umorstntonl
1644 5121 1716 5184 (nam
1731 5118 1760 5169 ln

432 5193 492 5248 libr.
503 5197 548 5249 lll.
561 5196 631 5250 etv.
643 5196 713 5262 Lgli
730 5198 756 5250 in
767 5197 930 5250 deteriorum
948 5210 1061 5250 numero
1078 5199 1143 5263 est),
1159 5198 1283 5259 4444444444,
1299 5199 1473 5258 mm,
1491 5195 1670 5254 (ΝΜ.
1689 5193 1761 5244 (too-

432 5270 524 5326 m
537 5281 581 5341 tp,
601 5273 842 5340 mmm,
866 5273 1035 5340 molum
1050 5272 1102 5340 (8.)
1122 5273 1195 5341 apud
1214 5271 1340 5327 orellium
1361 5274 1390 5326 ln
1405 5271 1470 5326 edit.
1487 5273 1566 5324 orati.
1583 5268 1686 5325 selectt
1703 5267 1758 5321 xv.
