4367 6109
454 580 517 647 cos
679 582 733 645 ur
755 579 861 647 unos
882 578 1061 645 lenanu
1081 578 1202 644 nnus
1221 578 1246 643 1.
1277 564 1358 644 cn».
1371 578 1429 644 nn
1450 574 1513 662 ss.
1537 568 1595 639 27.

454 758 554 817 stratu
574 752 699 835 geram,
720 757 827 834 pstres
850 749 1038 832 conscripti,
1059 757 1097 812 ut
1117 747 1238 832 possim
1259 747 1419 812 tribunum
1441 745 1552 832 plebis
1574 740 1632 808 rei
1657 738 1797 825 publicae

455 849 569 911 iratum
592 851 752 920 coercere,
773 843 852 907 mihi
873 844 987 908 iratum
1009 851 1223 907 contemnere.
1813 894 1815 901 .

540 940 595 1001 lx.
618 938 720 1014 Quam
743 935 1066 1021 obtemperans
1089 935 1300 1000 immortales!
1323 935 1462 1020 colligite
1477 956 1557 1011 vos,
1585 924 1725 997 tribuni·
1737 929 1797 1013 ple

455 1032 679 1107 his‚·deserite
702 1051 775 1106 eos,
796 1052 815 1094 a
837 1031 973 1115 quihus,
994 1029 1057 1092 nisi
1078 1029 1277 1113 prospicitis,
1297 1030 1385 1093 brevi
1407 1038 1556 1114 tempore
1583 1024 1797 1099 deseremini3

432 1126 633 1208 sconspirate
661 1125 845 1200 nobiscum,
874 1124 1051 1189 consentite
1082 1143 1152 1187 cum
1175 1123 1284 1198 bonis,
1313 1142 1515 1187 communem
1538 1142 1617 1186 rem
1641 1118 1796 1203 publicam

455 1218 615 1284 communi
636 1218 741 1282 studio
764 1227 861 1303 atque
884 1239 990 1283 amore
1005 1215 1177 1281 defendite.
1208 1217 1308 1281 Multa
1330 1224 1403 1280 sunt
1424 1216 1554 1280 occulta
1580 1210 1797 1294 reipublicae

454 1313 598 1388 munera,
619 1311 718 1375 multa
739 1311 932 1376 nefariorum
954 1311 1070 1376 civium
1091 1310 1272 1394 perniciosa
1293 1310 1435 1375 consiliu.
1470 1308 1614 1373 Nullum
1630 1315 1797 1370 externum

455 1406 630 1490 pericnlum
659 1413 723 1480 est,
754 1425 818 1469 non
849 1426 921 1480 rex,
949 1425 1014 1469 non
1035 1425 1113 1488 gens
1135 1403 1217 1479 ulla,
1246 1423 1310 1468 non
1331 1402 1419 1467 natio
1440 1399 1717 1488 pertimescenda
1739 1408 1798 1462 est:

453 1499 610 1563 inclusum
639 1498 773 1574 melum,
801 1500 986 1564 intestinum
1015 1518 1051 1562 ac
1076 1497 1284 1563 domesticum
1306 1504 1363 1561 est.
1405 1497 1487 1561 Huic
1507 1515 1572 1580 pro
1598 1514 1637 1558 se
1661 1495 1798 1577 quisque

356 1605 358 1608 ·
410 1592 597 1661 §nostrum
625 1592 746 1656 mederi
775 1601 872 1677 atque
899 1593 962 1657 hoc
988 1612 1099 1656 omnes
1127 1610 1239 1655 sanare
1267 1590 1349 1655 velle
1372 1590 1536 1654 dehemus.
1586 1584 1645 1650 27.
1669 1587 1799 1659 Erratis,

455 1687 481 1749 si
511 1694 656 1751 senatum
682 1687 817 1770 probare
843 1707 897 1764 ea,
925 1706 1007 1772 quae
1028 1707 1048 1749 a
1068 1706 1120 1749 me
1142 1684 1309 1758 dicuntur,
1336 1684 1468 1768 putatis,
1497 1680 1672 1766 populum
1695 1686 1798 1742 auten

455 1799 524 1843 esse
546 1781 579 1844 in
601 1780 665 1845 alia
685 1780 859 1845 voluntate.
896 1780 1030 1855 Omnes,
1052 1779 1164 1864 quise
1186 1777 1362 1841 incolumes
1383 1777 1508 1851 volent,
1529 1780 1730 1859 sequentur
1749 1792 1800 1836 au·

454 1874 629 1939 ctoritatem
651 1874 809 1949 consulis,
831 1874 927 1938 soluti
949 1894 968 1936 a
990 1872 1232 1957 cupiditatibus,
1254 1870 1345 1934 liberi
1364 1869 1541 1945 adelictis,
1568 1867 1666 1931 cauti
1690 1867 1728 1929 in
1750 1886 1800 1949 pe-

454 1967 578 2043 riculis,
599 1987 665 2031 non
687 1967 791 2031 timidi
813 1968 846 2031 in
869 1967 1132 2032 contentionibus.
1170 1965 1263 2042 Quod
1286 1967 1312 2029 si
1335 1966 1391 2051 qui
1412 1973 1560 2029 vestrum
1584 1981 1650 2045 spe
1676 1958 1800 2021 ducitur

420 2078 489 2127 tuse
510 2081 605 2144 posse
627 2060 808 2125 turbulenta
829 2063 953 2125 ratione
974 2061 1086 2124 honori
1108 2057 1258 2125 velificari
1279 2080 1355 2136 sno,
1376 2061 1514 2144 primum
1528 2077 1588 2121 me
1604 2052 1752 2118 consule
1772 2052 1799 2114 id

455 2175 581 2239 sperare
603 2154 750 2231 desistat,
773 2156 888 2219 deinde
910 2154 1024 2219 habeat
1037 2174 1088 2218 mo
1102 2155 1208 2238 ipsum
1223 2153 1282 2216 sihi
1298 2153 1505 2226 documento,
1529 2170 1641 2235 quem
1659 2149 1801 2232 equestri

455 2255 557 2312 ortum
579 2249 650 2312 loco
672 2246 834 2312 consulem
855 2248 959 2323 ridet,
982 2268 1063 2333 quae
1085 2248 1169 2312 vitae
1191 2246 1243 2309 vin
1263 2244 1413 2311 facillime
1432 2245 1516 2309 viros
1541 2245 1659 2308 bonos
1684 2242 1727 2305 ad
1748 2240 1801 2304 ho

454 2360 565 2405 norem
586 2342 833 2426 dignitatemque
855 2342 1018 2424 perducat.
1052 2340 1146 2418 Quod
1169 2341 1196 2404 si
1217 2360 1275 2403 ros
1298 2347 1437 2403 vestrum
1452 2338 1533 2401 milri
1551 2335 1730 2409 studium,
1752 2354 1801 2418 pe

454 2443 518 2500 tres
539 2434 722 2519 conscripti,
745 2436 784 2499 ad
807 2454 1006 2499 communem
1021 2436 1207 2519 dignitatem
1226 2432 1456 2496 defendendam
1478 2429 1713 2516 profitemini,
1735 2448 1801 2511 per

416 2526 556 2596 noticiam
579 2528 721 2613 profecto
744 2528 793 2605 id,
816 2528 903 2613 quod
925 2529 1061 2594 maxime
1082 2549 1134 2592 res
1154 2526 1282 2611 publiea
1300 2526 1473 2601 desiderat,
1496 2533 1537 2588 ut
1553 2524 1662 2588 huius
1680 2523 1800 2586 ordinis

453 2624 637 2698 auctoritas,
659 2642 742 2705 quae
763 2624 847 2706 apud
870 2624 1006 2687 maiores
1029 2629 1156 2685 nostros
1175 2618 1253 2695 luit,
1275 2619 1385 2684 eadem
1399 2639 1484 2683 nunc
1498 2618 1610 2702 longo
1626 2616 1798 2682 intervallo

453 2716 498 2778 rei
520 2715 667 2798 publicae
687 2716 831 2782 restituta
852 2737 921 2782 esse
943 2717 1097 2782 videatur.

519 2986 542 3035 t.
557 2989 646 3047 potres
659 2986 791 3049 mnwrtpti
807 2986 939 3049 (omnihus
955 2984 1057 3049 litteris)
1075 2987 1110 3035 G:
1138 2998 1171 3047 p.
1191 2985 1219 3034 u.
1238 2983 1302 3042 EF;
1320 2985 1347 3034 P.
1363 2983 1390 3034 c.
1408 2981 1443 3033 ds
1460 2981 1622 3033 Lauredanl
1643 2984 1798 3034 coniectum

453 3057 656 3122 sanmuro.
674 3056 773 3111 Al-
792 3061 817 3110 2.
835 3062 1090 3123 conteremu-
1110 3057 1477 3122 comminutionum
1492 3058 1610 3109 cutum
1631 3059 1729 3115 EFP;
1746 3058 1799 3109 ssl-

451 3147 514 3183 naro
531 3134 592 3196 (om.
605 3134 692 3198 mutto)
710 3138 740 3186 Α.
764 3135 939 3186 Emendatom
956 3139 997 3186 ost
1015 3137 1067 3187 inm
1085 3136 1112 3186 in
1129 3136 1173 3185 ed.
1185 3134 1287 3186 Aldina.
1308 3160 1335 3170 -
1360 3139 1500 3184 extremus
1517 3134 1613 3184 ΕΗ).
1637 3159 1669 3169 -
1692 3132 1718 3184 9.
1736 3132 1798 3197 διὰ]

451 3208 491 3258 hic
507 3210 563 3262 EF.
583 3238 611 3247 -
630 3211 670 3261 ll.
688 3225 706 3261 o
721 3224 760 3262 mo
776 3211 893 3262 dicam
909 3212 942 3261 E:
961 3212 1078 3262 dicuutur
1094 3216 1152 3261 cute
1169 3211 1200 3271 F,
1224 3210 1341 3260 dimoto
1362 3223 1380 3259 c
1394 3222 1434 3260 me
1449 3206 1571 3262 ALPO.
1594 3237 1628 3247 -
1651 3208 1698 3260 ts.
1716 3209 1799 3259 ochi

452 3283 506 3337 Η.
527 3312 554 3322 -
573 3284 614 3336 tl.
633 3285 676 3349 osi
692 3286 782 3337 EFP:
801 3287 856 3349 quis
870 3283 985 3337 Allo.
1005 3313 1031 3322 -
1051 3287 1092 3337 2t.
1111 3287 1242 3338 interuallo
1257 3288 1331 3352 capo
1347 3287 1378 3338 E.

516 3508 627 3572 Explicit
648 3509 710 3560 liber
732 3511 777 3561 ,lt
797 3511 823 3561 Τ.
841 3510 868 3562 C.
886 3511 916 3561 dc
936 3511 989 3575 teuc
1004 3512 1113 3575 omorio
1129 3513 1155 3562 is
1172 3512 1270 3563 fluitem
1283 3512 1389 3575 peintus
1423 3510 1514 3573 Incipit
1531 3509 1600 3561 liber
1617 3512 1753 3562 ”candus
1768 3512 1798 3569 Ε;

453 3583 563 3646 Explicit
582 3586 680 3648 pmmos
700 3584 761 3634 liber
784 3585 813 3635 ds
829 3585 881 3650 leoc
897 3586 1005 3650 omorio
1020 3587 1056 3636 Μ.
1076 3587 1101 3637 Τ.
1121 3587 1148 3637 C.
1183 3588 1270 3650 incipit
1286 3588 1406 3636 exundas
1422 3586 1531 3636 eitum
1550 3586 1585 3643 F;
1617 3587 1713 3636 Murci
1732 3586 1800 3637 Tullii

355 3714 361 3727 Ι
453 3658 576 3709 Cimonis
591 3661 621 3710 dc
637 3661 746 3724 coram
763 3660 814 3724 tcpc
826 3661 925 3724 mosao
941 3660 1002 3710 liber
1018 3661 1120 3724 explicit
1134 3667 1222 3711 contra
1239 3661 1345 3712 Rodum.
1376 3661 1464 3722 Incipit
1480 3661 1611 3711 mdes
1632 3663 1664 3712 Ρ.
