4367 6109
463 577 525 645 490
830 583 874 648 ΙΝ
893 583 1061 651 VERREM
1081 584 1205 652 ACTIO
1229 587 1413 654 SECUNDA

463 773 557 838 quam
577 761 670 818 antea
691 754 894 828 surrexisset,
916 753 1036 819 iudices
1058 757 1144 819 citari
1166 758 1260 822 iubet
1292 758 1351 822 Ubi
1365 759 1517 842 comperit
1529 757 1707 824 Heraclium
1721 780 1786 825 non

460 848 587 923 adesse,
610 866 720 929 cogere
742 847 848 931 incipit
870 868 941 923 eos,
974 859 1008 912 ut
1026 850 1189 915 absentem
1203 850 1381 916 Heraclium
1396 845 1616 917 condemnent
1643 852 1692 917 llli
1714 876 1786 916 eum

461 941 757 1015 commonefaciunt,
783 947 834 1016 ut,
861 943 887 1005 si
910 944 939 1005 ei
960 943 1119 1018 videatur,
1148 952 1253 1010 utatur
1274 945 1415 1009 instituto
1443 967 1501 1010 sno
1524 967 1583 1009 nec
1604 954 1692 1029 cogat
1713 954 1785 1010 ante

458 1035 567 1100 horam
601 1035 749 1099 decimam
779 1033 818 1097 de
847 1035 977 1100 absente
1004 1037 1176 1101 secundum
1197 1046 1394 1122 praesentem
1417 1040 1563 1104 iudicare.
1607 1041 1784 1124 Impetrant.

346 1134 351 1143 '
435 1127 509 1192 444.
531 1132 656 1194 Interea
683 1148 759 1191 sanc
787 1129 984 1212 perturbatus
1007 1138 1039 1194 et
1064 1133 1132 1215 ipse
1155 1138 1187 1194 et
1209 1133 1277 1195 eius
1298 1134 1388 1196 amici
1410 1141 1442 1196 et
1464 1132 1633 1197 consiliarii
1655 1134 1785 1199 moleste

458 1225 540 1289 ferre
569 1231 739 1306 coeperunt
766 1224 944 1287 Heraclium
972 1225 1159 1308 profugisse.
1209 1226 1363 1289 Putabant
1395 1227 1531 1290 absentis
1554 1226 1784 1292 damnationem

457 1319 641 1403 praesertim
672 1325 775 1381 tantm
804 1318 956 1400 pecuniae
980 1318 1077 1382 multo
1101 1319 1334 1384 invidiosiorem
1355 1319 1438 1394 lore,
1471 1340 1565 1404 qnam
1587 1320 1613 1382 si
1635 1340 1785 1403 praesens

458 1413 621 1476 damnatus
649 1418 749 1493 esset..
783 1412 830 1474 Eo
858 1411 1041 1487 accedebat,
1076 1412 1161 1497 quod
1190 1412 1308 1477 iudices
1337 1434 1355 1476 e
1385 1413 1455 1496 lege
1482 1413 1608 1497 Rupilia
1632 1414 1695 1478 dati
1722 1436 1785 1479 non

458 1513 564 1570 erant:
587 1506 684 1569 multo
707 1506 799 1569 etiam
819 1526 886 1568 rem
908 1507 1077 1590 turpiorem
1098 1507 1165 1571 fore
1189 1515 1220 1570 et
1234 1509 1429 1591 “iniquiorem
1449 1509 1550 1571 risum
1571 1509 1608 1571 iri
1629 1508 1786 1592 intellige·

420 1601 541 1665 tabant.
585 1601 694 1684 ltaque
714 1600 776 1662 hoc
797 1599 872 1662 dum
893 1602 1047 1683 corrigere
1069 1601 1150 1675 vult,
1173 1603 1311 1686 apertior
1332 1603 1400 1665 eius
1417 1602 1569 1685 cupiditas
1590 1604 1786 1690 improbitas·

458 1715 521 1780 que
541 1694 622 1759 iacta
644 1700 700 1756 est.
743 1697 821 1757 Nam
842 1693 905 1756 illis
927 1696 1068 1777 quinque
1090 1695 1244 1758 iudicibus
1266 1696 1312 1758 uti
1334 1715 1367 1758 se
1388 1701 1498 1778 negat:
1520 1695 1623 1773 iubet,
1645 1696 1677 1758 id
1700 1696 1783 1780 quod

455 1789 545 1853 initio
573 1788 644 1870 lege
673 1787 795 1870 Rupilia
825 1783 894 1850 fieri
922 1795 1115 1871 oportuerat,
1144 1789 1231 1853 citari
1252 1787 1430 1853 Heraclium
1453 1798 1485 1853 et
1506 1810 1578 1864 eos,
1607 1792 1661 1875 qui
1684 1791 1783 1856 dicam

456 1887 661 1969 scripserant:
683 1882 726 1944 ait
748 1899 782 1942 se
806 1879 925 1943 indices
947 1901 988 1943 ea
1008 1882 1080 1965 lege
1102 1882 1184 1946 velle
1207 1884 1319 1946 sortiri.
1343 1882 1436 1959 Quod
1458 1883 1497 1946 ab
1520 1902 1558 1946 eo
1580 1884 1692 1968 pn‘die,
1714 1905 1783 1947 cum

455 1979 560 2043 multis
582 1975 716 2039 lacrimis
738 1996 808 2037 cum
830 1981 933 2037 oraret
954 1981 1048 2060 atque
1063 1976 1254 2052 obsecraret,
1276 1976 1439 2040 Heraclius
1461 1977 1627 2060 impetrare
1650 1999 1713 2041 non
1728 1998 1783 2062 po·

418 2078 571 2146 latuerat,
594 2071 626 2134 id
650 2069 679 2133 ei
700 2067 849 2153 postridie
865 2070 950 2132 venit
970 2070 1002 2131 in
1018 2077 1172 2143 mentem,
1196 2090 1236 2133 cx
1252 2070 1322 2153 lege
1337 2071 1462 2153 Rupilia
1477 2071 1578 2133 sortiri
1593 2072 1677 2135 dicas
1692 2092 1783 2155 opor·

454 2172 531 2230 tere.
573 2164 686 2228 Edncit
708 2181 749 2226 ex
770 2182 850 2224 urna
871 2168 950 2224 tres:
972 2162 1027 2236 iis,
1050 2169 1085 2225 nt
1106 2163 1269 2227 absentem
1284 2164 1461 2227 Heraclium
1477 2164 1702 2240 condemnent,
1725 2167 1783 2228 im·

454 2266 551 2345 perat.
573 2259 683 2341 ltaque
699 2255 919 2321 condemnant.
948 2251 998 2317 43.
1015 2255 1114 2331 Quae,
1136 2257 1267 2320 maluml
1291 2258 1350 2320 ista
1364 2256 1422 2320 luit
1436 2260 1593 2321 amentia?
1616 2260 1781 2342 ecquando

454 2361 485 2417 te
507 2355 659 2417 rationem
681 2350 832 2414 laetorum
853 2357 977 2413 tuorum
999 2347 1195 2414 redditumm
1216 2352 1353 2434 putasti?
1376 2352 1540 2435 ecquando
1561 2352 1610 2415 bis
1626 2354 1666 2416 de
1688 2353 1781 2416 rebus

453 2448 533 2512 tales
554 2449 637 2512 viros
659 2444 819 2509 audituros
840 2444 1045 2506 existimasti?
1077 2446 1203 2508 Petatur
1222 2445 1380 2508 hereditas
1404 2441 1485 2528 [ea],
1515 2465 1595 2529 quae
1618 2447 1705 2510 nulla
1727 2447 1782 2509 de·

415 2541 560 2615 tobetur,
588 2540 621 2602 in
648 2538 798 2623 praedam
825 2538 1001 2622 praetoris?
1032 2539 1248 2622 interponatur
1275 2559 1392 2602 nomen
1424 2539 1576 2603 civitatis?
1604 2540 1783 2623 imponatur

452 2636 604 2699 honestae
634 2634 749 2698 civitati
778 2632 956 2715 turpissima
984 2652 1119 2714 persona
1141 2633 1340 2696 calumniae?
1369 2653 1473 2718 neque
1495 2633 1556 2696 boo
1577 2634 1694 2708 solum,
1724 2634 1781 2698 sed

454 2731 497 2795 ita
517 2749 567 2792 res
590 2735 714 2811 agatur,
740 2733 776 2789 ut
796 2746 836 2788 ne
859 2725 1015 2789 simulatio
1037 2727 1165 2808 quidem
1188 2727 1353 2811 aequitatis
1375 2725 1441 2792 ulla
1462 2726 1670 2791 adhibeatur?
1691 2730 1780 2803 Nam,

452 2844 510 2907 per
532 2822 608 2886 deos
629 2819 836 2885 immortalesl
866 2820 942 2903 quid
976 2821 1122 2894 interest,
1150 2827 1254 2884 utrum
1275 2829 1400 2904 praetor
1421 2821 1555 2905 imperet
1574 2823 1669 2906 vique
1692 2831 1781 2904 cogat

351 2914 354 2918 ’
452 2919 591 3003 aliquem
612 2917 651 2980 de
673 2916 738 2979 suis
759 2915 850 2978 bonis
873 2914 1016 2977 omnibns
1039 2912 1207 2988 decedere,
1236 2934 1278 2976 an
1305 2915 1522 2979 huiuscemodi
1546 2914 1694 2978 indicium
1717 2915 1780 2990 det,

415 3024 516 3097 atquo
538 3011 652 3074 indicio
673 3008 788 3072 indicta
809 3027 902 3071 causa
922 3006 1055 3070 iomanis
1077 3007 1222 3071 omnibus
1238 3009 1336 3073 everti
1351 3030 1481 3073 necesse
1497 3011 1564 3072 sitt
1599 3008 1712 3070 xvtlt.
1728 3005 1778 3071 44.

450 3094 592 3170 Proiecto
615 3105 699 3168 enim
720 3121 836 3184 negare
850 3121 915 3165 non
936 3109 1025 3184 potes
1041 3109 1071 3165 te
1086 3122 1127 3164 ex
1144 3101 1214 3184 lege
1230 3102 1352 3187 Rupilia
1367 3105 1471 3168 sortiri
1485 3103 1604 3167 iudices
1619 3102 1778 3178 debuisse,

451 3223 521 3266 cum
542 3198 724 3285 praesertim
745 3195 907 3261 Heraclius
929 3195 961 3259 id
983 3196 1165 3279 postularet.
1210 3198 1266 3260 Sin
1289 3194 1367 3261 illud
1389 3197 1485 3272 dicis,
1513 3204 1544 3260 te
1566 3196 1702 3260 Heraclii
1723 3217 1779 3261 ro·

451 3296 570 3359 luntate
592 3294 631 3357 ab
653 3293 723 3375 lege
744 3291 933 3354 recessisse:
964 3290 1031 3373 ipse
1053 3296 1084 3352 te
1105 3290 1276 3373 impedies,
1304 3291 1372 3373 ipse
1393 3298 1447 3354 tua
1469 3289 1654 3355 defensione
1677 3291 1779 3375 impli-

451 3390 571 3454 cabere.
616 3387 720 3463 Quare
742 3385 826 3448 enim
848 3386 981 3469 primum
1003 3382 1057 3447 ille
1079 3385 1192 3448 adesse
1214 3384 1330 3458 noluit,
1359 3404 1429 3447 mm
1455 3405 1497 3448 ex
1519 3406 1557 3449 eo
1579 3405 1711 3449 numero
1731 3386 1778 3448 iu·

413 3484 537 3547 matoes
558 3482 703 3555 haberet,
733 3499 812 3564 quos
833 3478 1024 3563 postularat?
1057 3478 1180 3542 Deinde
1202 3487 1236 3542 tn
1257 3498 1312 3541 cur
1333 3485 1405 3561 post
1424 3479 1508 3541 illius
1530 3477 1635 3561 fugam
1658 3479 1777 3542 iudices

450 3578 529 3641 alios
551 3578 678 3640 sortitus
700 3595 751 3648 es,
781 3574 807 3635 si
829 3592 899 3647 eos,
923 3573 977 3656 qui
999 3580 1088 3637 erant
1109 3579 1201 3637 antea
1224 3571 1304 3646 dati,
1326 3572 1490 3655 utriusque
1513 3569 1646 3635 dederas
1668 3573 1778 3636 volun·

450 3673 533 3734 tate?
568 3668 691 3733 Deinde
720 3676 838 3731 ceteras
868 3667 952 3729 dieas
975 3687 1085 3730 omnes
1113 3667 1168 3730 illo
1190 3665 1258 3729 t’oro
1280 3668 1322 3729 Μ.
1344 3665 1521 3729 Postumius
1544 3673 1692 3750 quaestor
1712 3686 1778 3729 sor-

449 3765 523 3829 titus
551 3771 616 3838 est,
646 3763 728 3825 hanc
756 3760 855 3824 solam
883 3766 918 3823 tu
946 3760 1001 3823 illo
1030 3768 1185 3825 conventu
1212 3761 1371 3843 reperiere
1406 3761 1541 3824 sortitus.
1597 3756 1647 3821 45.
1675 3761 1777 3842 Ergo,

514 4033 539 4086 4.
556 4034 647 4097 iaccptt
663 4031 710 4084 dtt.
732 4058 759 4069 -
782 4032 942 4082 condecment
958 4029 1116 4094 43404444ι
1139 4030 1333 4082 condenaacrcm
1349 4031 1395 4080 ctt.
1414 4029 1443 4080 0.
1465 4055 1491 4064 -
1510 4028 1535 4080 3.
1553 4030 1574 4080 ri
1590 4029 1636 4080 ribi
1650 4030 1777 4082 viduetur

446 4115 536 4209 inlitae
552 4170 584 4207 oo
599 4161 672 4222 copct
686 4155 725 4214 44;
744 4167 902 4207 commanere
916 4154 1013 4218 facium
1028 4167 1059 4204 oo
1075 4152 1122 4202 sibi
1137 4152 1264 4202 videretur
1278 4151 1326 4201 niti
1341 4164 1386 4201 mo
1402 4162 1433 4200 nc
1448 4155 1523 4215 capnt
1534 4148 1602 4213 4344
1613 4164 1639 4216 p.
1653 4164 1690 4202 m.
1709 4154 1775 4203 tbnc

446 4233 528 4285 illota
547 4232 630 4283 ortu
645 4233 770 4292 uideatur,
788 4229 861 4295 quod
873 4231 925 4281 iam
936 4230 1072 4294 Zumptius
1090 4227 1274 4292 proposuerat.
1294 4224 1471 4276 Grammatica
1488 4225 1554 4275 ratio
1566 4228 1709 4291 utrumque
1726 4229 1775 4278 ad-

447 4309 534 4359 mittit.
561 4309 603 4372 (oc
618 4311 691 4370 capot
707 4305 807 4356 hebent
824 4307 903 4356 ctiam
923 4304 991 4368 4340
1004 4303 1045 4365 Α.)
1063 4329 1090 4338 -
1116 4303 1140 4352 5.
1158 4302 1303 4351 interea„
1314 4304 1447 4362 coepentnt
1463 4299 1565 4350 Charis.
1583 4314 1610 4365 p.
1624 4301 1680 4352 430.
1700 4302 1772 4353 Lind.

449 4410 476 4419 -
495 4382 519 4435 8.
538 4396 566 4435 oo
583 4383 698 4434 accedas
716 4382 745 4432 V.
766 4408 793 4418 -
812 4381 892 4442 qaod,
911 4379 1031 4443 quoniam
1047 4378 1099 4427 iud.
1118 4375 1156 4427 Al.
1176 4377 1201 4426 in
1219 4387 1303 4439 marg.
1323 4372 1396 4424 4584.
1417 4401 1444 4410 -
1464 4387 1497 4423 ac
1512 4374 1565 4437 teqe
1581 4374 1612 4423 V.
1633 4401 1661 4412 -
1680 4376 1704 4427 9.
1723 4383 1776 4426 tur-

443 4459 541 4522 piorem
555 4459 610 4522 sorr
625 4455 694 4519 4344
711 4469 738 4520 p.
752 4469 788 4506 m.
801 4469 839 4516 cp:
857 4455 911 4517 sora
922 4466 976 4503 om.
990 4454 1035 4502 ott.
1049 4453 1078 4502 0.
1094 4479 1122 4488 -
1140 4451 1265 4513 iniquiore
1279 4449 1335 4500 oisc
1351 4448 1385 4497 tri
1401 4446 1574 4512 iutattepebant
1584 4447 1614 4498 V.
1629 4474 1656 4485 -
1670 4450 1710 4501 40.
1723 4451 1776 4501 uolt

445 4533 477 4583 V.
491 4562 518 4571 -
537 4535 578 4583 44.
596 4546 621 4582 sc
636 4546 693 4595 nep.
712 4528 822 4594 4344444
839 4542 865 4593 p.
880 4542 916 4580 m.
935 4528 975 4575 V:
993 4541 1043 4578 seso
1059 4532 1135 4590 ocpat
1151 4528 1195 4576 ctt.
1215 4525 1244 4575 0.
1265 4551 1293 4560 -
1312 4524 1351 4574 44.
1369 4523 1422 4587 4433
1437 4520 1462 4584 4,
1475 4522 1514 4572 V:
1533 4522 1615 4585 stopo
1631 4524 1675 4575 ctt.
1695 4525 1724 4574 0.
1745 4552 1772 4561 —

446 4608 487 4659 43.
505 4609 542 4658 ott
558 4606 738 4671 quilldvt
765 4605 850 4668 aitque
865 4601 980 4667 44434ος
1007 4607 1082 4664 atquo
1098 4600 1131 4652 ul.
1153 4625 1180 4637 -
1199 4613 1232 4650 aa
1248 4600 1300 4663 thc
1317 4599 1348 4648 F:
1366 4611 1380 4648 c
1397 4597 1449 4660 laps
1465 4595 1552 4658 43444
1577 4610 1600 4647 c.
1618 4611 1652 4648 aa
1669 4600 1722 4665 tcpo
1739 4603 1772 4662 44,

445 4683 497 4749 lopo
513 4683 551 4746 V,
573 4697 587 4733 e
607 4683 659 4747 tem
682 4680 784 4744 ttuptttc
804 4682 849 4730 ctt.
869 4679 898 4728 0.
919 4705 946 4714 -
964 4689 1022 4726 caan
1038 4676 1123 4726 mattis
1143 4675 1206 4725 incr.
1225 4687 1282 4724 cnm
1298 4676 1384 4723 maret
1400 4673 1422 4720 V
1440 4673 1468 4721 et
1483 4669 1578 4735 pleriq.
1597 4672 1691 4724 codd:
1717 4689 1776 4726 aaa

444 4757 529 4807 multis
547 4758 611 4807 lucr.
630 4760 716 4806 oraret
733 4753 801 4818 4344
819 4767 845 4818 p.
860 4767 895 4804 m.
910 4753 947 4813 bt,
971 4765 1027 4801 cnm
1049 4752 1134 4800 multis
1149 4749 1261 4799 lacrimis
1276 4761 1333 4798 oum
1350 4753 1435 4798 oraret
1451 4748 1481 4798 0.
1502 4775 1528 4784 -
1555 4745 1596 4798 44.
1615 4754 1690 4812 atquc
1705 4750 1775 4802 obse-

444 4837 530 4881 craret
547 4844 600 4880 om.
619 4829 687 4892 4344
704 4842 732 4894 p.
751 4841 787 4878 m.
806 4829 840 4878 44.
861 4854 888 4864 -
907 4829 948 4879 lb.
962 4827 1084 4889 postridie
1101 4823 1200 4889 434444
1217 4825 1290 4873 Grut
1309 4824 1350 4886 (ex
1367 4824 1438 4886 nrt:
1459 4826 1560 4885 postero
1576 4823 1616 4873 dic
1632 4825 1772 4887 434040;

442 4910 543 4968 postera
559 4906 599 4955 die
615 4903 663 4953 dtt.
683 4904 712 4954 0.
733 4929 761 4939 -
778 4917 812 4954 cc
827 4903 880 4965 loys
892 4901 1007 4965 43444ι
1025 4914 1038 4951 c
1055 4901 1108 4964 teqc
1124 4902 1170 4951 ott.
1184 4900 1213 4950 0.
1233 4926 1261 4936 -
1281 4899 1321 4950 tc.
1340 4904 1389 4949 tres
1405 4912 1458 4950 om.
1471 4899 1508 4959 V;
1527 4899 1584 4948 aaa
1602 4899 1670 4963 4344
1681 4914 1721 4966 pr.
1734 4917 1771 4953 nr.

447 5007 475 5016 -
494 4979 534 5029 ta.
552 4979 692 5039 ecquando
709 4977 731 5024 V
748 4980 775 5028 et
792 4975 834 5026 atii
851 4975 930 5026 codd.
950 4974 1019 5038 (bis.)
1039 5002 1066 5011 -
1087 4975 1126 5026 49.
1146 4987 1176 5024 oc
1193 4987 1247 5025 om.
1266 4973 1335 5038 4344
1353 4987 1379 5038 p.
1392 4988 1428 5024 m.
1444 5000 1471 5009 -
1489 4974 1531 5024 44.
1550 4974 1645 5037 matur
1660 4975 1771 5040 Lgtap:

445 5053 531 5118 apitur
542 5053 587 5103 ctt.
603 5075 630 5086 —
649 5050 690 5103 44.
708 5051 874 5101 huiuscemodi
891 5049 969 5101 codd.
988 5050 1054 5100 noti:
1072 5049 1213 5100 huiusmodi
1229 5051 1258 5101 0.
1273 5075 1301 5087 -
1320 5050 1362 5100 40.
1380 5050 1473 5099 iudica
1489 5046 1513 5110 4,
1529 5050 1567 5099 N:
1587 5050 1707 5102 indiction
1723 5052 1770 5104 dtt.

444 5129 474 5180 0.
494 5155 520 5168 -
540 5129 581 5180 47.
599 5128 661 5178 dicis
677 5125 759 5191 4344;
779 5128 844 5177 dices
860 5129 905 5178 ctt.
924 5125 954 5176 0.
978 5125 1011 5176 cl.
1030 5124 1064 5174 ad
1081 5125 1166 5176 Divin.
1186 5125 1210 5190 ἓ.
1224 5126 1265 5178 48.
1287 5151 1314 5162 -
1333 5126 1373 5176 48.
1394 5130 1439 5174 tue
1454 5125 1545 5187 dorm.
1563 5121 1596 5173 l:
1624 5129 1647 5174 tc
1662 5131 1707 5175 tua
1722 5128 1769 5190 des.

445 5202 509 5264 dtt.;
527 5208 555 5253 tu
570 5208 616 5253 tua
632 5203 680 5265 des.
694 5203 751 5253 40.
764 5229 791 5237 -
810 5202 852 5251 49.
870 5201 912 5251 itte
927 5199 996 5263 4344
1013 5212 1040 5263 p.
1054 5212 1108 5250 m.:
1126 5201 1235 5265 ittctpsc
1251 5200 1296 5251 ctt.
1310 5200 1339 5249 0.
1354 5225 1382 5237 -
1401 5198 1441 5250 30.
1457 5199 1598 5262 postularet
1614 5198 1683 5264 4344
1695 5213 1722 5264 p.
1732 5214 1768 5252 m.

444 5280 475 5328 Α.
496 5304 523 5314 -
540 5277 582 5328 33.
599 5279 627 5329 tn
642 5278 685 5328 itto
700 5290 771 5328 conv.
790 5273 823 5327 nl.
843 5276 869 5326 in
885 5287 968 5339 marg.
988 5271 1061 5325 44484.
