4367 6109
942 876 1219 937 accusarroitis

1068 1029 1102 1079 iri

630 1148 701 1256 (λ’
807 1169 858 1256 V*
938 1168 987 1258 ll
1070 1169 1129 1256 ln
1211 1169 1270 1256 li
1350 1166 1399 1256 ΣΕ
1479 1166 1543 1254 ΠΙ

916 1356 1044 1408 LIBER
1069 1355 1260 1408 TERTIUS.

716 1486 954 1603 [aninlo
1000 1514 1452 1603 nauueuraaaa]

981 1715 1189 1728 m

485 1887 524 1937 De
541 1883 693 1945 codicibus,
711 1881 809 1947 quibus
826 1879 871 1933 lib.
890 1882 932 1934 lli.
952 1882 1116 1942 continetur.
1134 1883 1188 1933 iam
1205 1895 1286 1947 supra
1303 1881 1337 1932 ad
1354 1879 1400 1932 lib.
1418 1882 1449 1933 41.
1468 1879 1569 1933 dicium
1587 1885 1635 1934 est.
1664 1884 1754 1936 aaa

419 1963 502 2012 imaus
522 1960 618 2012 desinit
639 1972 699 2023 cap.
717 1958 782 2008 XVl.
809 1956 963 2020 Vrsariensir
980 1958 1157 2021 fragmentum
1176 1959 1293 2010 continet
1315 1969 1374 2022 cap.
1392 1957 1402 2007 4
1417 1982 1444 1992 -
1458 1957 1490 2006 4.
1513 1956 1537 2020 5.
1557 1957 1597 2006 44.
1616 1957 1750 2019 ἀορτοοωί.

420 2034 569 2088 lielcblorls
586 2033 704 2096 llittmpii
715 2031 843 2092 schedae,
863 2045 932 2097 quac
945 2036 1099 2083 vocantnra
1113 2035 1237 2094 cratero,
1257 2035 1384 2097 excerpta
1395 2036 1458 2083 sunt
1469 2032 1569 2083 codicis
1581 2032 1749 2084 Erinrteasis.

421 2115 443 2161 Α
461 2109 554 2162 codice
570 2110 633 2173 lap.
648 2114 671 2159 s.
690 2107 767 2157 abest
783 2107 851 2157 baec
868 2108 961 2158 oratio.
997 2108 1087 2159 Codex
1109 2109 1244 2158 Vaticanus
1259 2107 1326 2157 baec
1344 2106 1462 2157 continet
1478 2106 1642 2173 iregmenia:

486 2185 509 2248 4)
528 2196 586 2248 cap.
605 2185 624 2234 1.
642 2184 669 2247 5.
688 2182 712 2232 4.
731 2216 760 2228 -
777 2181 801 2245 5.
821 2182 845 2231 2.
864 2182 952 2245 offleii,
971 2182 1014 2231 sed
1030 2183 1115 2232 eiiam

483 2258 508 2322 i}
526 2270 584 2322 cap.
602 2257 667 2308 Vlll.
687 2257 712 2321 5.
731 2257 772 2306 40.
790 2259 818 2304 nt
833 2266 912 2316 nequa
928 2254 955 2304 in
970 2255 1090 2320 mantibus
1106 2292 1135 2304 -
1151 2258 1193 2308 lX.
1218 2256 1241 2322 5.
1260 2256 1301 2308 43.
1319 2262 1348 2307 at
1363 2256 1415 2320 ipsc
1430 2268 1481 2306 nen
1498 2256 1586 2307 sanna.

483 2335 507 2396 3)
525 2345 584 2399 cap.
602 2332 634 2382 X.
653 2331 678 2396 5.
696 2329 738 2383 44.
759 2331 961 2393 diripiendctnm
975 2365 1005 2376 -
1020 2332 1074 2381 Xil.
1094 2332 1118 2396 5.
1137 2333 1177 2382 39.
1197 2336 1249 2383 ext.
1268 2345 1347 2396 nepae
1362 2335 1455 2382 mni.

485 2409 509 2473 4)
527 2421 587 2473 cap.
605 2408 670 2459 XVl.
689 2408 713 2472 5.
733 2406 773 2458 lo.
790 2404 942 2456 condidicit?
957 2410 1087 2468 inpurior
1105 2432 1133 2444 -
1152 2407 1240 2459 44444.
1259 2406 1283 2470 5.
1303 2405 1344 2457 44.
1362 2418 1479 2456 monae
1495 2407 1636 2458 ammian.

486 2484 509 2546 6)
528 2494 586 2545 cap.
605 2482 659 2532 XX.
679 2482 703 2546 5.
721 2481 905 2545 inproperia,
924 2494 1080 2544 quamquam
1098 2514 1127 2526 -
1142 2482 1219 2533 XXV.
1237 2482 1261 2546 5.
1280 2483 1321 2533 64.
1339 2482 1367 2530 ia
1382 2482 1487 2545 Apronii
1502 2484 1624 2534 camon.

486 2558 510 2620 6)
529 2569 588 2621 cap.
607 2557 694 2607 4444.
714 2559 766 2607 ert.
786 2556 918 2607 insolentia
933 2561 1065 2606 consecuta
1082 2591 1110 2603 -
1127 2557 1214 2608 XXIX.
1234 2557 1258 2622 5.
1278 2557 1318 2608 70.
1338 2559 1390 2607 ext.
1407 2557 1488 2622 virgis
1504 2562 1535 2607 4ο.

483 2633 507 2693 ll
525 2643 584 2695 cap.
603 2630 690 2682 XXXl.
709 2630 734 2696 5.
753 2631 794 2683 ’44.
813 2633 865 2682 exi.
885 2636 970 2681 tantas
985 2632 1057 2682 dolor
1072 2668 1101 2678 ..
1118 2633 1228 2683 XXXIV.
1248 2631 1272 2697 5.
1291 2632 1331 2684 43.
1352 2634 1404 2682 ent.
1420 2638 1584 2695 posteaquam
1598 2636 1707 2682 amaon.

482 2707 505 2770 8)
524 2719 583 2771 cap.
601 2705 712 2756 XXXVl.
732 2705 757 2771 5.
776 2705 816 2757 83.
835 2707 865 2755 de
878 2720 938 2769 pop.
957 2707 986 2756 44.
1003 2707 1072 2756 nictu
1087 2742 1116 2752 ..
1132 2707 1265 2758 4444444.
1286 2708 1309 2772 5.
1329 2707 1370 2758 86.
1388 2709 1460 2759 Anno
1475 2710 1582 2758 secunda
1600 2709 1725 2758 Toumar.

483 2782 506 2844 9)
524 2792 583 2846 cap.
602 2780 665 2830 444.
679 2779 704 2844 5.
718 2780 774 2830 439.
789 2780 930 2843 periculam
942 2781 1102 2843 pertinebant
1114 2814 1142 2825 -
1153 2781 1227 2833 4444.
1242 2782 1267 2846 5.
1280 2783 1337 2834 439.
1350 2782 1516 2845 manamaur
1529 2785 1595 2835 min
1610 2783 1750 2834 doceam.

467 2858 505 2919 49)
524 2867 583 2920 cap.
602 2856 653 2906 44.
673 2854 697 2919 5.
717 2855 774 2906 439.
793 2860 873 2906 totam
889 2856 1003 2918 iniquam
1018 2858 1042 2907 ei
1058 2862 1115 2907 act
1130 2893 1158 2903 ..
1174 2858 1248 2909 4444.
1267 2858 1292 2921 5.
1312 2856 1369 2909 444.
1387 2859 1409 2909 si
1425 2872 1497 2922 pacm
1513 2864 1655 2910 manen.

466 2934 506 2995 44)
525 2942 585 2997 cap.
603 2930 676 2982 444.
697 2929 721 2996 5.
742 2930 797 2981 ibi.
818 2931 921 2982 Tenetur
937 2932 1017 2996 igilur
1032 2965 1060 2977 -
1077 2932 1186 2983 444444,
1206 2932 1230 2996 5.
1249 2933 1306 2982 ini.
1328 2933 1434 2995 Videris,
1452 2938 1488 2983 at.

465 3007 505 3071 rt)
523 3016 582 3070 cap.
601 3005 697 3056 44444.
716 3004 741 3069 5.
761 3006 817 3056 468.
837 3006 893 3068 qais
909 3007 1014 3070 maique
1029 3013 1134 3058 conans
1150 3039 1178 3051 -
1198 3008 1294 3059 LXXV.
1313 3006 1338 3075 5.
1357 3008 1414 3059 443.
1434 3009 1525 3059 Simia
1541 3008 1716 3059 nunciassit

466 3083 506 3146 43)
523 3093 582 3145 cap.
600 3079 697 3131 LXXV.
715 3080 740 3144 5.
760 3079 816 3131 rae.
835 3082 974 3144 manaseas
990 3095 1023 3133 aa
1038 3082 1128 3133 titteris
1144 3081 1251 3146 pubiicis
1266 3083 1407 3134 mintium
1422 3120 1451 3132 ..
1468 3083 1576 3135 44444.
1595 3082 1620 3147 5.
1638 3083 1696 3133 447.
1713 3087 1752 3135 te·

643 3159 725 3205 naim.
757 3154 876 3204 Vidimus.

465 3229 505 3294 44)
523 3243 582 3296 cap.
601 3230 731 3282 4444444.
751 3228 775 3293 5.
788 3230 845 3281 483.
859 3233 1001 3294 oppugnari
1015 3233 1149 3284 inradiant
1159 3269 1187 3280 -
1198 3233 1295 3284 LXXX.
1309 3234 1333 3299 5.
1348 3235 1388 3284 48.
1401 3235 1578 3297 Surccamnus
1584 3234 1750 3297 prasinam.

464 3306 504 3370 46)
522 3317 582 3372 cap.
600 3304 720 3356 444444.
743 3305 795 3356 ext.
819 3306 977 3356 maniaimas
999 3312 1045 3357 aut
1068 3308 1211 3358 audivimas
1226 3345 1253 3354 -
1271 3309 1402 3360 LXXXIV.
1428 3309 1453 3373 5.
1472 3308 1528 3359 493.
1552 3314 1627 3373 atque
1646 3310 1673 3360 in
1694 3320 1752 3360 mcc

643 3380 752 3429 ciciiaic.

465 3456 504 3519 46)
523 3468 584 3520 cap.
602 3454 732 3506 444444.
751 3455 776 3519 5.
797 3455 853 3506 493.
873 3456 935 3507 Cam
952 3455 996 3505 tibi
1012 3460 1114 3505 unnim
1128 3493 1155 3502 ..
1174 3457 1294 3507 LXXXV.
1313 3458 1337 3520 5.
1357 3456 1413 3508 496.
1438 3458 1490 3508 44οο
1506 3459 1575 3519 qnid.

464 3531 504 3592 49)
523 3543 581 3595 cap.
600 3528 730 3581 444444.
750 3527 774 3592 5.
795 3529 851 3579 499.
869 3535 897 3580 ut
914 3532 986 3581 daret
1002 3535 1108 3590 arator,
1129 3543 1190 3592 oues
1203 3569 1233 3578 -
1251 3531 1403 3583 44444444.
1422 3533 1446 3596 5.
1465 3532 1523 3585 iot.
1542 3535 1586 3597 arsi
1602 3534 1716 3584 adnant

466 3605 505 3668 48)
524 3617 582 3670 cap.
602 3602 754 3655 44444444.
774 3603 798 3668 5.
817 3605 874 3654 205.
893 3620 944 3655 aon
960 3619 993 3656 aa·
1010 3618 1051 3668 ea,
1070 3607 1138 3667 quad
1153 3606 1250 3656 Veneni
1266 3638 1294 3651 -
1310 3607 1365 3659 XC.
1383 3607 1407 3672 5.
1426 3608 1483 3659 209.
1508 3610 1605 3674 lingna
1620 3613 1656 3660 est
1670 3609 1752 3660 bomi-

645 3690 707 3727 num
723 3679 872 3729 ancwritas.

464 3757 503 3819 49)
522 3767 581 3819 cap.
599 3754 663 3805 XCI.
683 3752 707 3817 5.
726 3754 784 3803 rii.
803 3755 932 3818 maniam
948 3760 972 3804 et
983 3755 1112 3818 perditam
1128 3785 1156 3797 -
1174 3756 1250 3807 XCll.
1269 3756 1294 3821 5.
1312 3755 1370 3808 ili.
1389 3760 1443 3808 ext.
1461 3758 1489 3807 ia
1504 3757 1556 3809 itia.

463 3834 504 3893 no)
522 3844 581 3895 cap.
600 3830 687 3880 XClV.
707 3829 731 3894 5.
751 3831 809 3881 nio.
828 3837 918 3892 pactas
933 3833 981 3883 erit
996 3835 1043 3883 ista
1057 3867 1086 3880 -
1103 3833 1201 3884 XCVll.
1224 3831 1249 3896 5.
1267 3833 1325 3882 225.
1345 3835 1398 3882 ext.
1415 3834 1438 3882 si
1453 3834 1595 3884 antimi
1610 3835 1684 3884 tanti.

463 3908 504 3969 it)
521 3919 580 3970 cap.
599 3904 709 3956 XCVlll.
729 3906 753 3970 5.
772 3906 830 3956 228.
849 3909 901 3957 eut.
920 3908 988 3957 auita
1004 3909 1078 3958 niodo
1092 3913 1230 3970 polemani
1247 3934 1274 3945 -
1290 3913 1459 3959 revertantur.

482 3989 533 4053 (Ab
555 3990 607 4040 hoc
629 3989 690 4040 inde
712 3988 780 4041 libro
805 4004 872 4043 nova
891 3990 1030 4042 collatione
1048 3991 1214 4058 Palimpsesti
1232 3994 1349 4044 Vaticani
1366 3992 1402 4044 ab
1419 3995 1513 4045 licnr.
1531 3996 1674 4046 lirunnio
1690 3994 1751 4047 dili·

415 4067 567 4133 gentissime
585 4065 652 4115 iacta
670 4064 748 4116 nobis
765 4066 802 4116 uli
819 4065 906 4128 licuit,
925 4079 1005 4130 quam
1022 4066 1141 4119 Halmius
1159 4068 1339 4119 munificentia
1357 4082 1465 4132 eorum,
1484 4070 1529 4135 qui
1546 4071 1629 4123 rebus
1645 4071 1751 4124 schola-

414 4142 487 4194 sticis
503 4143 530 4192 in
547 4141 656 4191 bavaria
674 4144 816 4205 praesunt,
835 4141 940 4194 adiutus
958 4142 1107 4194 faciendam
1124 4145 1234 4194 curavit.
1260 4144 1333 4204 Quae
1350 4145 1481 4196 Bruanius
1498 4143 1533 4196 de
1549 4145 1615 4197 locis
1632 4146 1752 4211 superla-

415 4218 489 4269 ribns
506 4217 595 4280 quiin
612 4215 786 4282 Palimpsesto
810 4219 954 4283 supersunt
973 4220 1125 4269 accuratius
1142 4231 1224 4283 quam
1241 4221 1324 4270 binius
1340 4219 1451 4282 renuit,
1478 4221 1505 4271 in
1520 4219 1658 4272 Addendis
1675 4221 1751 4272 esbi-

413 4292 547 4344 bebimus.
575 4292 656 4355 ΒΑιτ.)

972 4438 1180 4455 Ψ--η

479 4567 547 4618 cnm
570 4563 678 4616 cedices
699 4566 922 4632 Lagomarsiniapi
946 4577 1019 4615 num.
1037 4563 1070 4616 49
1088 4568 1116 4615 ct
1131 4566 1164 4617 29
1180 4567 1207 4616 ia
1224 4564 1292 4617 libro
1310 4567 1340 4617 44.
1358 4568 1386 4617 et
1402 4568 1444 4619 lil.
1462 4568 1635 4621 verrinarum
1652 4570 1750 4622 ceteris

413 4643 457 4706 qni
484 4641 563 4693 laodic
589 4643 694 4691 exstant
719 4645 766 4693 aut
787 4642 842 4692 noti
864 4641 973 4705 quidem
990 4643 1053 4691 sunt
1074 4639 1152 4705 longe
1175 4645 1324 4706 praestent.
1352 4646 1585 4709 operaepretium
1601 4644 1749 4697 ambulavi

413 4721 502 4783 ipsum
519 4715 704 4783 apographum
715 4717 924 4768 Niebubrianum
942 4716 1087 4780 inspicere,
1107 4719 1235 4780 quoniam
1248 4719 1384 4783 Zumptius
1401 4718 1555 4784 exemplum
1566 4718 1690 4770 editionis
1701 4721 1750 4771 Ga·

412 4793 582 4850 ratonianae,
607 4792 633 4841 in
652 4793 728 4842 cuins
745 4792 909 4856 marginibus
926 4791 1087 4843 Niebubrias
1104 4791 1232 4844 lectiones
1249 4793 1373 4844 codicum
1389 4795 1683 4857 Lagomareinianornm
1699 4793 1750 4846 de-

413 4867 531 4931 scripsit,
559 4879 612 4917 non
634 4868 691 4931 ipse
714 4867 749 4918 ad
773 4881 867 4920 manus
885 4867 990 4929 habuit,
1017 4867 1066 4919 sed
1083 4868 1237 4932 apographo
1254 4869 1361 4920 Bonane
1379 4868 1449 4919 iacto
1469 4882 1534 4921 usus
1555 4872 1611 4929 est;
1637 4869 1671 4920 ci.
1690 4870 1749 4922 eins

415 4940 526 4991 Prasiai.
545 4953 572 5005 p.
586 4941 674 4992 4444.
710 4944 767 5003 Quo
785 4943 933 4994 accedebat
948 4941 1021 5007 qued
1038 4955 1100 5005 ego.
1120 4944 1164 5006 qui
1182 4956 1216 4993 es
1232 4941 1478 4996 aliisvolumlnibus
1495 4943 1615 4996 eiusdem
1633 4943 1748 5010 exempli

413 5012 578 5066 lectionesa
601 5015 746 5068 Niebnbrio
769 5030 831 5068 cnm
853 5016 1003 5068 admirabili
1024 5016 1116 5068 labere
1139 5021 1279 5082 congestas
1302 5021 1530 5085 imnscaipserim,
1553 5032 1605 5069 usu
1622 5021 1748 5084 expertus

413 5101 487 5150 sum,
515 5103 596 5154 qnam
622 5091 727 5143 diiilcile
748 5097 859 5158 propter
879 5106 1003 5158 magnam
1024 5096 1148 5145 neuram
1169 5095 1224 5145 vim
1246 5097 1435 5161 ingentemque
1451 5094 1596 5147 lectionum
1612 5096 1748 5147 vanarum

414 5166 520 5229 copiam
536 5166 589 5216 bec
605 5170 738 5231 negotium
756 5169 828 5220 baud
845 5170 938 5234 paucis
954 5171 981 5220 in
998 5168 1062 5221 locis
1078 5169 1201 5221 videatur
1217 5183 1352 5236 quamque
1371 5170 1446 5222 laclle
1463 5171 1564 5222 bomini
1580 5169 1623 5221 vel
1640 5169 1749 5234 diligen·

414 5242 516 5294 tissime
533 5243 656 5296 accidere
672 5245 772 5309 possit,
790 5248 821 5296 ui
836 5244 971 5310 quamam
986 5245 1183 5310 praetermittat
1197 5248 1245 5299 aut
1260 5244 1310 5298 alia
1326 5258 1389 5300 cum
1405 5244 1462 5299 aliis
1479 5245 1632 5302 conlaudat.
1665 5245 1747 5301 Petivl
