4367 6109
462 565 524 635 582
862 566 1013 633 orario
1034 568 1115 634 PRO
1136 567 1174 631 Α.
1197 566 1398 633 CLUENTIO

462 761 519 805 sua
540 738 744 824 tranquillum
767 740 822 815 sit,
843 746 1009 802 rcntornm
1030 739 1061 801 ri
1082 739 1193 820 agitari
1216 746 1313 820 atque
1334 736 1471 812 turbari,
1494 739 1542 801 sic
1555 735 1723 822 populum
1736 737 1792 800 llo·

462 854 588 898 manum
610 853 666 897 sua
687 841 798 915 sponte
820 851 890 896 esse
909 833 1081 916 placatum,
1102 831 1267 895 bominum
1282 830 1506 894 seditiosorum
1520 831 1661 895 vocibm
1677 831 1792 895 utrie-

461 927 642 991 lentisslmis
663 927 900 1009 tempestatibus
922 926 1087 989 concitari.

544 1024 579 1086 L.
599 1021 658 1084 Est
678 1020 770 1083 etiam
790 1020 914 1101 reliqua
935 1037 1106 1102 permagna
1126 1019 1312 1092 auctoritas,
1334 1037 1430 1102 quam
1447 1035 1507 1101 eqo
1528 1020 1671 1103 turpiter
1692 1041 1790 1105 paene

437 1114 627 1200 epraeterii:
650 1133 720 1177 mea
741 1113 826 1177 enim
848 1133 918 1177 esse
940 1113 1064 1176 dicitur.
1100 1113 1255 1177 Recitavit
1276 1130 1316 1174 en
1342 1112 1484 1176 oratione
1511 1114 1625 1177 neseio
1649 1135 1719 1201 qua
1738 1117 1790 1181 At·

458 1212 539 1286 tius,
562 1228 656 1294 quam
678 1227 781 1271 meam
802 1226 872 1270 esse
894 1205 1032 1280 dicebat,
1054 1208 1301 1271 cohortationem
1316 1206 1476 1289 quandam
1497 1206 1645 1272 iudicum
1672 1210 1714 1273 ad
1735 1210 1790 1275 bo·

459 1312 549 1368 noste
575 1301 779 1365 indicandum
807 1308 839 1364 ct
859 1302 1187 1365 commemorationem
1209 1320 1280 1363 curn
1304 1300 1437 1363 aliorum
1459 1299 1674 1378 indiciorum,
1708 1323 1788 1389 qnae

459 1398 588 1481 probata
607 1415 673 1459 non
694 1402 816 1470 essent,
836 1402 905 1458 tum
927 1394 1012 1457 illius
1033 1395 1132 1476 ipsius
1154 1393 1263 1456 indicii
1287 1391 1431 1456 Iuniani:
1453 1394 1589 1477 proinde
1612 1399 1711 1480 quasi
1733 1419 1789 1483 ego

458 1512 522 1554 non
544 1490 583 1553 ab
606 1489 697 1552 initio
715 1487 810 1552 buius
831 1488 1024 1552 defensionis
1045 1487 1179 1550 dixerim
1201 1486 1392 1552 invidiosum
1414 1486 1494 1551 illud
1509 1488 1666 1554 indicium
1680 1491 1789 1569 fnisse,

421 1592 530 1658 erant,
552 1603 623 1645 curn
644 1580 683 1644 de
704 1581 832 1646 infamia
854 1582 1042 1645 iudiciorum
1064 1581 1277 1663 disputarem,
1306 1582 1463 1665 potuerim
1485 1582 1587 1659 illud,
1610 1588 1705 1668 quod
1727 1596 1789 1652 ta·

458 1676 610 1762 populare
638 1681 738 1749 esset,
767 1675 822 1739 illo
849 1683 991 1758 tempore
1017 1676 1199 1757 praeterire.
1243 1671 1315 1739 ⁴39.
1344 1675 1412 1758 Ego
1434 1696 1529 1751 roro,
1563 1678 1592 1740 si
1614 1678 1700 1762 quid
1722 1681 1789 1745 eins

458 1770 543 1833 modi
565 1769 648 1843 dixi,
669 1789 775 1852 neque
796 1770 954 1853 cognitum
969 1768 1210 1832 commemorari
1231 1788 1337 1852 neque
1358 1788 1417 1850 pro
1439 1771 1622 1835 testimonio
1647 1773 1736 1850 dixi,
1758 1781 1790 1838 et

456 1864 512 1927 illa
533 1862 634 1925 oratio
662 1863 766 1946 potius
796 1864 946 1945 temporis
974 1863 1036 1926 mei
1069 1883 1164 1945 qnam
1185 1862 1294 1926 iudicii
1316 1870 1353 1925 et
1371 1862 1567 1926 auctoritatis
1589 1862 1665 1928 init.
1710 1866 1788 1930 Cum

457 1958 542 2021 enirn
564 1974 742 2019 accusarem
764 1957 887 2020 etmihi
906 1956 997 2019 initio
1012 1958 1268 2039 proposuissem,
1289 1962 1326 2017 ut
1341 1957 1462 2019 animos
1477 1964 1509 2019 et
1524 1956 1637 2040 populi
1653 1959 1787 2023 llonrani

420 2060 488 2115 rtet
509 2050 649 2114 indicum
671 2068 919 2124 commoverem,
942 2069 1078 2133 eumque
1100 2070 1209 2112 omnes
1232 2050 1422 2112 offensiones
1443 2049 1635 2114 iudiciorum
1658 2071 1787 2116 nonen

455 2164 527 2209 mea
548 2143 713 2225 opinione,
736 2143 792 2205 sed
814 2164 855 2207 cx
876 2143 1037 2207 bominum
1052 2164 1177 2207 rumore
1196 2141 1381 2228 proferrem,
1404 2143 1501 2206 istam
1511 2162 1598 2217 rem,
1621 2164 1711 2228 qnae
1724 2153 1786 2210 tarrr

453 2237 646 2323 populariter
666 2244 750 2300 esset
770 2237 902 2319 agitata,
923 2237 1094 2319 praeterire
1115 2256 1180 2299 non
1202 2236 1302 2320 potui.
1336 2235 1398 2298 Sed
1420 2244 1503 2299 errat
1515 2236 1785 2313 vehementer,ei

454 2333 526 2415 quis
543 2332 575 2392 in
591 2330 785 2393 orationibus
799 2332 925 2404 nostris,
948 2349 1025 2413 quas
1048 2330 1081 2391 irr
1102 2330 1229 2392 indiciis
1244 2330 1422 2403 habuimus,
1437 2330 1643 2392 auctoritates
1659 2340 1785 2396 nostras

454 2425 650 2505 consignatas
672 2441 707 2485 se
729 2421 846 2486 babere
868 2424 1044 2486 arbitratur.
1077 2422 1195 2486 Omnes
1217 2423 1303 2486 eninr
1325 2422 1399 2485 illae
1421 2441 1587 2485 causarum
1602 2443 1641 2486 ac
1662 2433 1785 2510 tempo-

415 2531 522 2579 rornm
544 2523 634 2606 sqnt,
656 2534 722 2577 non
743 2514 903 2580 bominum
927 2517 1066 2599 ipsorum
1083 2524 1138 2579 aut
1152 2525 1368 2600 patronorum.
1400 2517 1497 2590 Nam,
1519 2517 1547 2580 si
1561 2536 1682 2582 causae
1697 2519 1784 2602 ipsae

452 2630 509 2693 pro
538 2630 573 2673 se
599 2608 689 2693 loqui
714 2619 862 2692 possent,
891 2630 984 2674 nemo
1006 2611 1172 2674 adhiberet
1194 2620 1367 2674 oratorem:
1401 2629 1485 2674 nuno
1506 2609 1718 2686 adhibemur,
1749 2620 1784 2676 nt

451 2722 489 2765 ea
511 2702 666 2775 dicamus,
699 2723 763 2764 non
788 2725 869 2787 qnae
891 2705 1075 2768 auctoritate
1098 2713 1207 2769 nostra
1228 2707 1474 2778 constituantur,
1497 2703 1555 2767 sed
1576 2723 1664 2786 quae
1686 2726 1730 2769 ex
1748 2726 1783 2770 re

451 2798 519 2878 ipsa
541 2816 700 2879 causaque
716 2796 881 2861 ducantur.
917 2794 989 2861 tio
1011 2800 1179 2862 Hominem
1195 2800 1402 2880 ingeniosum,
1424 2798 1465 2860 ni.
1479 2799 1671 2874 Antonium,
1693 2800 1783 2863 aiunt

450 2889 579 2952 solitum
608 2909 677 2952 esse
704 2891 827 2967 dicere,
857 2893 971 2955 idcirco
992 2913 1023 2955 ce
1042 2894 1158 2955 auitum
1176 2911 1319 2973 amquam
1339 2893 1504 2954 aarum
1525 2893 1703 2974 επίρείιεο,
1733 2903 1781 2968 et,

412 2986 477 3048 atsi
499 2984 571 3066 quid
591 2985 754 3066 ciiqmodo
774 3003 834 3049 non
855 3007 929 3067 opus
950 2996 1021 3050 esset
1041 2988 1080 3050 ub
1100 3007 1130 3049 se
1152 3007 1213 3050 esse
1232 2987 1360 3057 dictum,
1390 2995 1489 3066 posset
1509 3004 1620 3067 ueqcre
1639 2988 1781 3054 dicim:

448 3076 583 3161 proinde
612 3079 723 3161 quasi,
757 3079 784 3142 si
813 3080 889 3164 quid
918 3100 937 3145 a
965 3080 1057 3143 nobis
1085 3081 1204 3145 dictum
1231 3088 1285 3143 aut
1306 3088 1411 3142 actum
1432 3079 1492 3153 sit,
1522 3080 1556 3143 id
1578 3081 1642 3144 nisi
1664 3082 1781 3150 litteris

449 3172 680 3246 mandarimus,
702 3174 866 3237 bominum
888 3176 1039 3238 memoria
1061 3195 1124 3238 non
1147 3173 1441 3255 comprehendatur.
1484 3173 1534 3235 Ll.
1556 3175 1626 3255 Ego
1646 3195 1726 3239 vero
1749 3177 1780 3241 in

448 3266 509 3327 isto
530 3284 645 3346 genere
667 3267 817 3331 libentius
840 3289 910 3332 cum
932 3270 1119 3342 multorum,
1149 3276 1215 3331 tum
1236 3267 1373 3329 bominis
1395 3267 1650 3349 eloquentissimi
1675 3277 1710 3334 et
1730 3290 1781 3336 sa·

386 3386 389 3391 ·
447 3358 654 3441 pientissimi,
676 3361 711 3423 l..
735 3361 853 3436 Crassi,
875 3363 1093 3425 auctoritatem
1116 3381 1246 3444 sequor,
1269 3363 1323 3443 qui
1345 3382 1416 3424 cum
1439 3361 1472 3423 C.
1491 3360 1643 3425 Plancum
1667 3363 1780 3428 desen·

410 3453 536 3516 sederet
556 3462 725 3517 accusante
748 3456 789 3518 bl.
811 3457 922 3530 Bruto,
943 3456 1073 3519 homine
1095 3457 1128 3518 in
1150 3454 1285 3518 dicendo
1302 3455 1479 3518 vehementi
1495 3463 1528 3518 et
1545 3454 1680 3531 callido,
1705 3478 1779 3523 can

449 3548 560 3608 lirutus
582 3543 706 3610 duobus
728 3550 946 3612 recitatoribus
969 3549 1147 3612 constitutis
1169 3570 1209 3610 err
1231 3548 1354 3611 duabus
1376 3550 1444 3612 eius
1459 3549 1657 3613 orationibus
1673 3553 1805 3635 capitas

446 3639 582 3713 alterna,
604 3639 686 3703 inter
707 3661 740 3704 se
762 3644 936 3716 contraria,
964 3643 1126 3707 recitanda
1147 3649 1304 3716 curasset,
1337 3642 1423 3724 qnod
1444 3645 1478 3705 in
1499 3642 1707 3708 dissuasione
1727 3665 1780 3711 ro-
1834 3703 1838 3714 .

447 3734 581 3813 gationis
607 3734 694 3808 eius,
724 3755 805 3817 qnae
834 3744 943 3799 contra
972 3737 1129 3800 coloniam
1159 3737 1397 3799 Narbonensem
1417 3736 1591 3809 ferebatur,
1621 3745 1779 3819 qrrantaam

447 3833 567 3907 potest,
591 3827 629 3889 de
651 3828 837 3892 auctoritate
860 3837 986 3893 senatus
1009 3830 1161 3904 detrahit,
1183 3831 1217 3892 in
1240 3832 1388 3895 suasione
1410 3830 1491 3912 legis
1513 3829 1668 3893 Serviliae
1692 3851 1780 3897 vam·

409 3919 506 3983 samis
536 3928 627 3983 ornat
656 3929 798 3984 senatum
829 3922 989 3996 laudibus,
1019 3933 1051 3986 et
1079 3925 1178 3988 multa
1200 3925 1231 3986 in
1254 3924 1376 4006 equites
1398 3924 1556 3987 llomanos
1577 3944 1651 3987 oum
1674 3946 1718 3989 ex
1739 3946 1779 3991 oa

512 4137 694 4186 t.sicSTet
709 4134 879 4185 Rufinianus:
898 4137 933 4185 sic
950 4136 1174 4189 stanneo-
1195 4140 1219 4188 Ξ.
1236 4143 1357 4201 pocutrrm
1373 4141 1442 4190 F.-
1461 4141 1485 4190 7.
1504 4141 1640 4191 cumel:
1660 4146 1776 4196 tamn

446 4211 532 4268 Ηος
560 4225 613 4261 orn.
632 4211 659 4259 T.
680 4236 706 4247 -
733 4210 842 4258 ctionem
866 4223 928 4260 cum
948 4212 1068 4261 Ernestio
1086 4212 1117 4260 0:
1145 4213 1382 4267 iliorumlirlbt.
1402 4241 1429 4251 -
1455 4215 1776 4278 8.9roirrdeSTFllL:

441 4286 545 4347 perinde
560 4283 645 4337 asu.
662 4311 689 4322 -
707 4286 731 4335 9.
749 4286 869 4335 iudicium
882 4286 957 4348 sauss
973 4288 1032 4336 ST:
1049 4288 1125 4349 [aime
1141 4290 1260 4339 iudicium
1276 4288 1420 4342 ΜΗΘ.
1436 4314 1463 4324 -
1484 4290 1524 4339 tt).
1543 4292 1606 4341 Post
1622 4304 1647 4340 r.
1666 4294 1778 4345 hocio-

444 4374 503 4409 rum
519 4373 551 4408 er
567 4372 648 4409 versu
663 4361 687 4409 T.
706 4374 747 4410 vv.
766 4373 830 4423 quoe
843 4361 952 4423 probato
967 4377 1018 4412 nou
1033 4368 1111 4413 essent
1128 4362 1196 4413 male
1215 4366 1339 4428 repetunt
1355 4366 1413 4414 AL.
1434 4390 1461 4400 -
1482 4365 1522 4415 lt.
1540 4365 1583 4413 iiio
1600 4366 1660 4416 ST:
1689 4368 1778 4422 ieilio

445 4432 587 4486 nanto
608 4458 635 4469 -
656 4434 696 4485 tl.
714 4440 883 4486 comestorem
900 4437 933 4487 bl.
949 4464 976 4472 -
995 4437 1035 4488 48.
1053 4441 1264 4490 eodrusomT
1280 4466 1306 4475 -
1326 4440 1367 4489 49.
1387 4453 1470 4489 onmes
1486 4440 1552 4489 erim
1567 4440 1671 4491 ilices:
1691 4459 1777 4498 curm

444 4510 559 4562 eam:
585 4511 823 4561 omooaaaimiitce
839 4513 963 4563 motiones
980 4512 1122 4566 nanto.
1143 4536 1170 4551 ·-
1190 4528 1221 4563 uc
1237 4516 1330 4565 STll:
1354 4520 1377 4564 et
1395 4512 1534 4567 inuio
1554 4540 1581 4551 ·-
1602 4517 1643 4567 20.
1664 4523 1776 4574 cartST

447 4586 476 4634 L:
495 4595 527 4632 ac
544 4581 687 4636 aneto
707 4610 734 4620 ·-
753 4586 794 4635 Tb.
813 4587 961 4637 auctorante
982 4593 1069 4638 nostro
1085 4591 1149 4640 sal:
1176 4595 1264 4640 nostro
1285 4588 1593 4644 warewellam.
1614 4617 1642 4628 -
1671 4595 1714 4647 23.
1731 4599 1776 4648 di-

445 4662 536 4707 coetor
551 4658 570 4706 T
588 4659 615 4707 et
631 4660 727 4710 «vetos
743 4657 825 4709 liber·
843 4661 970 4712 Lambini.
990 4690 1017 4700 -
1043 4664 1084 4715 bl,
1103 4679 1242 4728 numquam
1258 4666 1336 4716 atium
1352 4668 1407 4716 sl..
1424 4692 1459 4703 -
1474 4667 1515 4717 bb.
1533 4666 1689 4729 dumeto,
1708 4674 1775 4733 quad

332 4789 338 4804 ⁸
445 4747 496 4782 nou
511 4745 572 4794 opas
587 4737 660 4792 carot,
686 4734 718 4783 ob
733 4748 759 4785 re
773 4741 834 4785 esset
849 4738 942 4786 dicimo
958 4751 1019 4788 cnm
1036 4738 1079 4788 ed.
1099 4741 1200 4789 Iuntina
1217 4738 1273 4792 80.
1293 4767 1321 4779 -
1347 4754 1441 4805 separe
1456 4742 1516 4792 ST:
1539 4753 1565 4791 ae
1579 4756 1678 4807 mere
1693 4747 1774 4799 ital.

446 4806 501 4860 20.
521 4833 548 4842 -
567 4807 729 4869 supr-otum
751 4807 845 4861 llll:
868 4812 972 4873 perinde
989 4826 1050 4863 cum
1068 4813 1111 4863 cd.
1130 4816 1230 4864 Iuntina
1249 4814 1304 4868 80.
1328 4845 1355 4853 -
1374 4829 1453 4897 prun
1469 4828 1524 4866 om.
1546 4817 1604 4867 Fr.
1625 4845 1654 4856 -
1673 4822 1698 4870 si
1713 4823 1775 4883 qaid

446 4882 502 4931 ST:
529 4882 852 4945 quidlom.ai)lirl20;
879 4888 988 4947 quodi..
1009 4914 1036 4925 -
1061 4888 1294 4939 Timoudcrimus
1315 4892 1374 4941 ST:
1401 4891 1771 4950 mndavmmuaabto.

448 4983 475 4991 -
494 4958 534 5007 28.
552 4957 607 5023 ido]
624 4959 678 5020 ipso
693 4960 747 5009 ST.
761 4985 788 4994 -
807 4974 864 5009 cum
879 4961 984 5011 bominis
999 4962 1031 5019 T;
1049 4963 1175 5013 bominum
1192 4969 1244 5015 tam
1255 4968 1282 5016 F.
1298 4994 1324 5003 -
1343 4967 1384 5016 29.
1402 4968 1430 5016 1..
1444 4966 1528 5016 Crassi
1545 4968 1610 5029 cot]
1631 4969 1672 5019 Cl.
1692 4972 1773 5031 Quin·

446 5029 483 5081 til.
504 5033 547 5084 Vl.
570 5034 598 5095 3,
620 5032 651 5084 ld
668 5047 709 5098 sq.
738 5061 765 5070 -
791 5034 818 5085 C.
836 5036 881 5086 ST
904 5038 931 5086 et
955 5036 1103 5097 Quintiliani
1124 5038 1231 5090 codices
1253 5041 1358 5103 optimi:
1385 5042 1412 5089 1..
1434 5039 1580 5098 nanim
1608 5042 1653 5094 Cir.
1680 5045 1767 5097 Sobil-

446 5108 512 5156 taius
528 5106 587 5158 coll.
606 5110 661 5160 Cic.
679 5108 713 5160 de
730 5111 796 5160 orat.
814 5110 845 5159 ll.
863 5109 910 5173 bl,
927 5111 984 5161 220.
1009 5139 1036 5150 -
1059 5114 1177 5163 marcam
1193 5116 1341 5164 STFMA:
1369 5116 1497 5164 Plancium
1512 5113 1598 5169 ΗΟ.
1619 5143 1648 5153 -
1667 5119 1712 5173 30.
1728 5135 1773 5172 ee·

445 5180 495 5229 tirio
512 5181 652 5235 Victorius.
673 5211 700 5222 -
722 5183 763 5236 3⁴.
781 5185 834 5234 cisra
849 5197 902 5237 om.
921 5187 974 5236 ST.
995 5214 1023 5225 -
1048 5187 1088 5240 38.
1107 5188 1189 5240 alteru
1205 5191 1233 5241 T.
1255 5216 1282 5226 -
1306 5195 1416 5241 demeat
1432 5196 1456 5241 et
1472 5190 1538 5252 quod
1553 5191 1608 5244 ST.
1630 5219 1658 5231 -
1678 5194 1721 5250 35.
1737 5209 1772 5250 ee
1836 5231 1839 5236 .

334 5291 338 5304 .
447 5265 500 5306 orn.
519 5254 547 5308 T.
