4367 6109
674 620 745 687 sn.
765 620 819 688 rr.
849 620 923 687 cn.
943 620 1195 687 semaam.
1218 619 1281 706 33.
1302 616 1471 686 oo-ros.
1666 607 1727 681 aer

500 790 596 853 XLV.
621 787 672 854 99.
701 791 814 855 Audite
836 792 929 855 etiam
951 790 1141 874 singularem
1163 792 1246 866 eius,
1276 789 1413 865 iudices,
1435 789 1652 873 cupiditatem,
1673 804 1730 850 au·

418 885 554 960 daciam,
581 885 749 948 amentiam
775 887 808 947 in
830 886 867 948 iis
893 885 1078 967 praesertim
1105 887 1200 948 sacris
1221 884 1418 969 polluendis,
1448 902 1529 967 quae
1550 902 1615 946 non
1636 880 1730 944 modo

419 977 562 1041 manibus
584 979 708 1061 attingi,
738 979 854 1041 sedne
882 979 1070 1061 cogitatione
1097 979 1225 1063 quidem
1247 978 1355 1041 violari
1374 978 1423 1042 fas
1443 977 1512 1041 fuit
1555 975 1732 1040 Sacrarinm

420 1072 542 1136 Cereris
563 1079 612 1135 est
632 1073 716 1155 apud
731 1072 914 1137 Catinenses
936 1072 1045 1136 eadem
1066 1072 1230 1155 religione,
1252 1072 1457 1156 quallomae,
1479 1091 1543 1155 qua
1563 1070 1597 1133 in
1619 1067 1734 1132 ceteris

418 1165 511 1239 locis,
545 1184 608 1248 qua
628 1186 725 1250 prope
748 1168 781 1229 in
810 1174 876 1230 toto
899 1166 973 1229 orbe
995 1175 1156 1229 terrarum.
1199 1167 1235 1227 ln
1257 1184 1295 1228 eo
1317 1166 1454 1228 sacrario
1474 1165 1584 1228 intimo
1606 1165 1757 1246 signnmti

418 1258 478 1322 luit
500 1258 622 1322 Cereris
643 1262 873 1345 perantiquum,
896 1260 980 1343 quod
1002 1260 1061 1321 viri
1083 1279 1147 1321 non
1170 1259 1264 1322 modo
1285 1258 1476 1322 cuiusmodi
1496 1265 1589 1333 esset,
1611 1255 1731 1321 sedne

418 1374 488 1417 esse
511 1352 640 1437 quidem
662 1355 810 1417 sciebant.
842 1354 954 1418 Aditus
976 1354 1113 1417 enimin
1134 1353 1167 1416 id
1189 1354 1357 1416 sacrarium
1378 1371 1443 1415 non
1464 1360 1512 1415 est
1531 1353 1621 1415 viris:
1644 1368 1733 1414 sacra

418 1469 476 1533 per
498 1448 646 1512 mulieres
667 1468 703 1511 ac
726 1450 862 1532 virgines
885 1449 997 1513 ooniici
1020 1448 1133 1511 solent.
1176 1448 1244 1509 Hoc
1273 1447 1396 1529 signum
1423 1453 1518 1509 noctu
1539 1445 1619 1508 clam
1640 1445 1734 1508 istius

418 1545 499 1607 servi
520 1563 560 1606 ex
580 1543 636 1606 illo
659 1543 895 1626 religiosissimo
918 1551 1011 1626 atque
1027 1542 1247 1626 antiquissimo
1263 1541 1330 1604 loco
1346 1539 1549 1604 sustulerunt.
1578 1537 1733 1602 Postridie

417 1636 596 1700 sacerdotes
619 1636 739 1700 Cereris
760 1645 855 1719 atque
876 1637 961 1700 illius
982 1635 1046 1700 lani
1068 1636 1240 1709 antistitae,
1263 1635 1397 1697 maiores
1419 1641 1504 1707 natu,
1525 1632 1674 1715 probatae
1696 1641 1773 1695 4444

417 1730 538 1794 nobiles
560 1731 716 1806 mulieres,
739 1752 803 1794 rem
826 1731 865 1794 ad
888 1731 1085 1813 magistratus
1107 1749 1181 1793 suos
1204 1728 1359 1792 deferunt.
1400 1727 1553 1790 Omnibus
1575 1725 1731 1799 acerbum,

418 1825 597 1908 indignum,
628 1825 804 1890 luctuosum
834 1825 971 1909 denique
1003 1824 1175 1887 videbatur.
1219 1818 1289 1884 100.
1315 1823 1395 1885 Tum
1417 1822 1476 1884 iste
1498 1827 1657 1903 permotus
1678 1817 1733 1881 illa

417 1918 579 1984 atrocitate
608 1920 742 2002 negotii,
773 1927 809 1983 ut
837 1920 876 1981 ab
907 1939 941 1982 se
973 1918 1102 1982 sceleris
1130 1917 1216 1979 illius
1248 1915 1386 1998 suspicio
1415 1915 1648 1986 demoveretur,
1680 1913 1734 1976 dat

416 2011 533 2094 hospiti
554 2032 613 2075 suo
634 2013 759 2076 cuidam
780 2013 956 2096 negotium,
982 2018 1018 2074 ut
1038 2010 1176 2093 aliquem
1206 2012 1373 2093 reperiret,
1406 2029 1500 2094 quem
1521 2009 1599 2072 illud
1620 2007 1734 2071 iecisse

416 2105 626 2180 insimularet,
656 2106 808 2188 daretque
835 2125 980 2189 operam,
1009 2110 1046 2167 ut
1072 2104 1100 2166 is
1127 2125 1165 2168 eo
1194 2106 1323 2168 crimine
1352 2105 1565 2177 damnaretur,
1596 2121 1636 2164 ne
1664 2099 1773 2182 ipseo

417 2206 499 2263 esset
519 2199 553 2262 in
575 2200 715 2263 crimine.
757 2202 820 2263 ltes
848 2218 913 2261 non
942 2198 1196 2280 procrastinatur.
1238 2200 1316 2261 Nam
1343 2219 1413 2261 cum
1440 2197 1502 2260 iste
1525 2195 1632 2260 Catina
1660 2211 1737 2275 pro·

415 2293 514 2357 iectus
536 2302 638 2369 esset,
669 2295 752 2358 servi
774 2293 939 2358 cuiusdam
960 2311 1076 2355 nomen
1098 2291 1246 2354 defertur.
1288 2293 1319 2356 ls
1340 2298 1518 2356 accusatur:
1550 2289 1616 2353 ficti
1638 2293 1735 2350 testes

415 2388 450 2450 in
484 2406 555 2450 eum
589 2388 718 2452 dantur:
754 2409 820 2452 rem
851 2395 981 2451 cunctus
1014 2392 1141 2449 senatus
1172 2385 1385 2450 Catinensium
1418 2385 1540 2469 legibus
1568 2381 1734 2448 iudicabat

417 2479 600 2545 Sacerdotes
620 2490 790 2546 uocantur:
813 2503 853 2546 ex
874 2482 913 2545 iis
936 2480 1098 2565 quaeritur
1117 2488 1238 2543 secreto
1258 2481 1291 2543 in
1314 2481 1409 2555 curia,
1431 2479 1508 2563 quid
1529 2498 1599 2543 esse
1617 2476 1734 2540 lactum

416 2574 649 2650 arbitrarentur,
671 2597 766 2661 quem
789 2576 829 2638 ad
852 2575 978 2640 modum
1001 2575 1125 2657 signum
1146 2581 1230 2637 esset
1250 2575 1398 2638 ablatum.
1435 2572 1641 2657 Respondent
1660 2570 1772 2635 illaeso

416 2669 572 2754 praetoris
594 2669 628 2731 in
650 2689 688 2733 eo
711 2671 782 2734 loco
805 2690 913 2734 servos
935 2689 1006 2732 esse
1026 2670 1121 2732 visos.
1164 2669 1243 2743 lies,
1266 2688 1347 2753 quae
1369 2676 1453 2731 esset
1473 2669 1535 2731 iam
1556 2674 1650 2729 antea
1670 2683 1736 2727 non

416 2765 558 2836 obscura,
581 2765 778 2828 sacerdotum
800 2765 978 2827 testimonio
1000 2763 1166 2846 perspicua
1187 2783 1257 2826 esse
1279 2765 1391 2848 coepit.
1421 2761 1486 2826 Itur
1500 2763 1533 2824 in
1549 2759 1735 2824 consilium:

417 2877 524 2921 servus
546 2856 601 2919 ille
622 2857 775 2921 innocens
798 2858 941 2920 omnibus
965 2858 1128 2920 sententiis
1150 2857 1331 2932 absolvitur,
1354 2877 1417 2940 quo
1436 2857 1561 2920 facilius
1579 2875 1636 2918 vos
1649 2853 1736 2915 hunc

416 2950 562 3015 omnibus
577 2953 739 3014 sententiis
755 2953 964 3014 condemnare
979 2950 1116 3034 possitis.
1149 2946 1220 3014 101.
1236 2950 1320 3026 Quid
1336 2953 1418 3014 enim
1433 2951 1586 3033 postulas,
1600 2948 1734 3013 Verres?

418 3046 494 3129 quid
517 3048 647 3128 speras?
670 3045 746 3129 quid
769 3048 953 3128 exspectas?
975 3065 1069 3128 quem
1091 3045 1148 3106 tibi
1169 3053 1224 3107 aut
1245 3045 1339 3108 deum
1361 3054 1415 3108 aut
1435 3045 1593 3108 hominem
1615 3042 1773 3106 aurilioit

417 3139 556 3202 futurum
578 3142 694 3222 putas?
737 3140 826 3201 Eone
848 3147 881 3201 tu
904 3158 1010 3201 servos
1039 3137 1078 3200 ad
1101 3139 1300 3220 spoliandum
1320 3138 1428 3202 fanum
1450 3140 1617 3203 immittere
1637 3155 1735 3201 ausus

418 3255 462 3308 es,
485 3253 548 3317 quo
572 3233 687 3296 liberos
710 3234 795 3296 adire
817 3254 857 3296 ne
876 3232 985 3297 orandi
1000 3231 1129 3315 quidem
1144 3252 1238 3295 causa
1251 3232 1298 3295 las
1313 3235 1401 3296 erati
1422 3235 1501 3296 iisne
1516 3231 1610 3295 rebus
1625 3249 1734 3294 manus

417 3329 530 3391 alierrc
554 3346 619 3389 non
640 3326 803 3401 dubitasti,
825 3347 843 3390 a
866 3327 979 3410 quibus
1001 3327 1094 3389 etiam
1116 3325 1224 3389 oculos
1246 3326 1390 3390 cohibere
1412 3335 1441 3390 te
1463 3327 1647 3409 religionum
1667 3325 1735 3389 iure

417 3422 590 3504 cogebant?
612 3421 750 3484 Tametsi
772 3441 812 3484 ne
834 3420 933 3484 oculis
956 3419 1084 3501 quidem
1107 3427 1212 3504 captus
1233 3422 1265 3483 in
1287 3419 1368 3484 bane
1388 3420 1530 3485 fraudem
1550 3428 1614 3483 tam
1635 3418 1736 3482 scele-

416 3525 513 3580 ratam
542 3534 578 3577 ac
609 3522 671 3577 tam
702 3513 854 3576 nefariam
885 3513 1043 3576 decidisti:
1075 3534 1147 3577 nam
1172 3513 1205 3576 id
1232 3514 1422 3596 concupisti,
1452 3514 1536 3598 quod
1564 3523 1771 3596 numquamtd

415 3609 556 3682 videras3
580 3607 630 3683 id,
652 3610 790 3691 inquam,
813 3607 972 3681 adamasti,
995 3609 1078 3691 quod
1101 3616 1194 3670 antea
1216 3629 1280 3671 non
1302 3608 1501 3693 adspexeras.
1543 3607 1678 3670 Auribus
1699 3612 1735 3667 tu

416 3709 531 3768 unum
547 3701 746 3786 cupiditatem
762 3703 939 3785 concepisti,
959 3708 995 3764 ut
1008 3721 1077 3764 eam
1091 3722 1155 3764 non
1170 3711 1281 3775 metus,
1303 3722 1367 3765 non
1382 3702 1504 3785 religio,
1526 3721 1590 3765 non
1605 3699 1734 3763 deorum

415 3798 479 3873 vis,
507 3816 571 3860 non
593 3795 756 3859 bominum
788 3795 974 3859 existimatio
996 3795 1180 3860 contineret.
1223 3791 1295 3860 l02.
1324 3797 1364 3859 st
1385 3817 1426 3861 ex
1446 3797 1531 3860 bono
1553 3795 1619 3861 viro
1640 3793 1734 3859 credo

479 4049 504 4099 2.
522 4048 550 4097 ie
565 4047 597 4097 444
611 4047 645 4097 L:
663 4047 690 4096 io
705 4046 744 4096 4444
759 4046 788 4106 lt,
807 4046 869 4097 cett.
885 4073 911 4082 -
925 4044 949 4096 3.
968 4047 1066 4109 oedem
1082 4058 1136 4096 om.
1149 4046 1228 4110 Lagg.
1246 4058 1348 4097 omnes.
1364 4072 1390 4084 -
1404 4046 1429 4097 44.
1447 4051 1497 4098 toto
1513 4047 1540 4097 ie
1557 4047 1619 4111 433.
1633 4071 1661 4084 -
1673 4046 1734 4099 urbe

415 4127 435 4176 lt
451 4136 492 4189 pr.
511 4134 547 4173 m.
569 4148 595 4160 -
613 4122 708 4171 intumo
724 4121 802 4184 4329.
817 4120 905 4183 -suit
921 4121 1020 4185 44344444
1036 4121 1101 4172 (4444.
1119 4121 1148 4172 0.
1163 4148 1190 4159 -
1204 4121 1227 4172 8.
1244 4123 1404 4184 peantium»
1420 4124 1450 4183 44,
1466 4137 1482 4173 4
1499 4122 1688 4187 superscripta.
1703 4148 1731 4161 ··

414 4214 459 4251 rrec
478 4212 528 4250 erre
546 4198 575 4250 E.
597 4224 624 4235 -
642 4197 666 4247 9.
690 4196 743 4246 ioco
765 4195 801 4247 443
818 4196 854 4246 E:
878 4195 940 4258 4444
962 4196 1027 4246 dett.
1045 4196 1072 4245 0.
1095 4222 1122 4233 -
1141 4198 1182 4247 40.
1200 4197 1327 4248 4444444444
1344 4198 1391 4260 434
1412 4195 1444 4248 43
1460 4196 1500 4248 48.
1525 4193 1589 4247 Geli.
1607 4197 1672 4246 4444.
1691 4197 1731 4248 49.

414 4276 494 4327 Prisc.
513 4275 532 4325 1.
551 4287 578 4339 p.
598 4271 653 4323 483.
673 4271 774 4322 Charis.
794 4284 820 4335 p.
838 4271 880 4320 40.
899 4269 989 4321 Lind:
1013 4271 1148 4321 4444444444
1163 4272 1183 4321 lt
1200 4269 1231 4328 λς
1250 4273 1350 4322 amidae
1366 4272 1385 4322 E
1403 4272 1435 4322 Gl
1456 4273 1487 4331 2;
1505 4273 1590 4322 4444444.
1609 4272 1663 4335 (444)
1681 4270 1732 4332 Ld;

415 4349 536 4400 4444444444
556 4345 612 4398 rell.
633 4348 709 4409 4433.
730 4372 757 4383 -
777 4346 817 4395 44.
839 4346 999 4409 4444444444444
1015 4347 1044 4395 n.
1065 4372 1092 4382 —
1111 4346 1151 4396 42.
1170 4346 1211 4396 4444
1226 4347 1304 4411 4329.
1324 4373 1352 4384 -
1371 4345 1412 4399 48.
1432 4347 1499 4397 iiiior
1520 4347 1557 4398 443
1573 4345 1590 4396 4
1607 4347 1639 4398 ii:
1664 4347 1736 4396 4444444

415 4425 479 4475 dett.
498 4424 528 4475 0.
548 4450 576 4460 -
594 4422 695 4484 suspitio
717 4422 746 4471 44.
771 4447 799 4457 -
822 4421 915 4470 mmor.
939 4421 973 4481 E,
993 4420 1060 4483 4329
1083 4423 1111 4471 44
1127 4422 1147 4471 lt
1164 4433 1200 4472 m.
1219 4435 1261 4486 p.:
1287 4422 1377 4473 (4444444.
1400 4424 1420 4472 n
1443 4435 1512 4473 corr.
1530 4420 1547 4471 4
1563 4423 1614 4483 (43ς
1639 4435 1733 4472 444444.

415 4499 478 4550 dett.
500 4525 527 4535 -
546 4496 586 4548 44.
608 4496 746 4559 repperiret
767 4497 795 4546 44.
817 4523 844 4533 -
863 4496 925 4545 illud
946 4495 994 4557 443,
1020 4497 1053 4546 E:
1080 4509 1113 4546 ec
1129 4496 1192 4546 dett.
1211 4497 1240 4546 0.
1260 4523 1287 4533 -
1307 4499 1348 4548 te.
1372 4498 1535 4547 immularet
1553 4498 1573 4548 fl
1589 4511 1630 4562 pr.
1648 4510 1684 4547 m.
1704 4523 1732 4535 -·

415 4575 454 4624 48.
473 4574 565 4625 wico
582 4573 618 4623 443
630 4573 659 4631 E,
677 4571 777 4621 dParr.
796 4569 869 4620 Lali:
889 4571 1005 4621 Catinam
1017 4570 1081 4621 dett.
1097 4594 1124 4607 -
1140 4569 1179 4620 48.
1197 4571 1366 4622 iodicutdett.
1382 4573 1411 4622 0.
1426 4599 1453 4608 -
1467 4571 1507 4622 49.
1520 4571 1595 4621 44444ι
1612 4572 1650 4621 irie
1660 4571 1689 4621 0.
1705 4596 1732 4608 -

413 4649 473 4710 quid
488 4660 589 4698 essen
600 4646 711 4695 4444444444
727 4644 763 4695 ue
780 4643 797 4694 λ
813 4644 845 4695 E:
868 4646 928 4707 quid
944 4650 1004 4695 44444
1018 4645 1048 4708 s„
1067 4646 1207 4708 4444444444.
1226 4645 1281 4695 orb.
1299 4658 1319 4695 4.
1338 4658 1388 4696 esee
1403 4645 1452 4695 obi.
1471 4644 1534 4695 dett.
1553 4646 1582 4695 0.
1603 4672 1630 4683 -
1648 4646 1689 4695 24.
1707 4647 1735 4695 irs

412 4723 455 4773 4444
471 4724 524 4773 4444
540 4723 618 4785 4433.
634 4746 662 4756 -
680 4721 733 4770 iem
749 4732 803 4769 om.
822 4719 886 4770 dett.
903 4747 929 4757 -
943 4720 984 4770 23.
1003 4733 1069 4769 omn.
1088 4725 1148 4770 rect
1166 4717 1313 4770 inaccensi
1331 4721 1377 4771 (43.
1391 4745 1418 4754 -
1431 4718 1473 4770 24.
1489 4722 1587 4783 poeuis
1603 4723 1733 4786 ltElgd:

411 4799 512 4862 possetis
530 4796 587 4847 rell.
609 4797 638 4846 0.
659 4823 685 4832 -
711 4796 752 4845 23.
777 4796 836 4857 quid
856 4795 1106 4858 asperantius
1134 4795 1175 4859 (44.
1199 4794 1224 4858 5.
1243 4796 1287 4845 tr:
1315 4797 1380 4858 Quid
1399 4794 1485 4845 sedes?
1509 4797 1569 4858 quid
1590 4796 1735 4858 acepertus?

414 4875 454 4923 ili.
474 4872 497 4936 5.
517 4871 573 4923 494.
598 4871 663 4933 Quid
678 4871 760 4929 redes,
779 4870 838 4931 quid
854 4876 996 4932 exspecter,
1015 4869 1075 4931 quid
1091 4870 1216 4933 defendis?
1232 4873 1263 4921 11.
1276 4871 1300 4935 5.
1314 4870 1393 4933 tior:
1412 4872 1472 4933 quid
1487 4876 1581 4933 specim
1596 4872 1646 4931 443;
1665 4885 1735 4934 spee-

412 4954 451 4999 444
468 4960 521 4997 om.
540 4947 600 5009 quid
615 4945 631 4994 7
648 4946 725 5007 4433.
744 4943 809 4995 dett.
829 4943 871 5008 [de
889 4944 985 5008 quibus
1003 4943 1065 4995 talea
1083 4945 1214 5012 reiertZ.]
1232 4945 1354 4997 Similiter
1369 4946 1504 4998 turbatum
1516 4949 1557 4998 est
1567 4947 1597 4997 V.
1611 4947 1636 5011 fl.
1650 4949 1689 4997 40.
1704 4975 1732 4983 -

413 5023 618 5085 444444--444444
634 5019 670 5069 ue
688 5019 708 5070 E
726 5019 806 5080 (44444
822 5025 868 5069 out
882 5020 1004 5071 bominem
1020 5032 1052 5070 ex
1069 5017 1085 5068 l
1103 5021 1233 5084 afferturiz
1259 5024 1362 5073 34444444
1377 5028 1424 5072 out
1438 5022 1565 5072 4444444444
1580 5037 1642 5072 erm.
1658 5028 1735 5084 praee

411 5098 458 5161 {ut
477 5095 542 5146 dett.
560 5098 590 5147 0.
611 5122 639 5132 -
657 5094 699 5144 26.
717 5094 840 5143 inminere
856 5095 885 5145 li.
900 5120 928 5131 -
946 5095 988 5148 24.
1007 5095 1065 5161 ouo]
1083 5109 1111 5147 co
1128 5099 1148 5147 44
1165 5110 1191 5162 p.
1210 5110 1257 5158 m..
1275 5097 1307 5148 444
1324 5112 1393 5149 corr.
1409 5125 1436 5135 -
1452 5099 1560 5148 omorrdi
1575 5099 1595 5149 lt
1612 5098 1689 5161 4329.
1704 5124 1732 5134 -

412 5171 482 5236 444444]
504 5171 573 5222 ture
595 5168 666 5221 ital.
685 5168 715 5218 0.
735 5195 763 5206 -
782 5169 823 5221 48.
848 5171 948 5234 adferre
970 5173 998 5222 44.
1018 5197 1046 5206 -
1065 5170 1106 5222 34.
1128 5185 1264 5235 aperueras
1284 5175 1314 5225 lt.
1334 5201 1361 5212 -
1380 5174 1421 5225 33.
1443 5187 1476 5224 err
1495 5174 1735 5224 boeo--cudieree

413 5242 519 5297 444442
536 5244 599 5296 ld:
617 5259 650 5298 eor
664 5245 720 5295 uiro
738 5242 801 5295 boec
817 5245 936 5297 44444444
951 5247 1025 5301 credo
1042 5245 1106 5298 dett
1125 5248 1145 5297 0
1167 5248 1223 5312 (scd
1239 5249 1313 5326 crede
1328 5250 1388 5300 eud.
1407 5247 1499 5315 rges),
1522 5247 1686 5300 uredo-we
1700 5260 1734 5301 ee

411 5321 537 5388 44444444.
548 5322 602 5388 Gt.
