<?xml version="1.0" encoding="UTF-8"?>
<!DOCTYPE html PUBLIC "-//W3C//DTD XHTML 1.0 Transitional//EN"
    "http://www.w3.org/TR/xhtml1/DTD/xhtml1-transitional.dtd">
<html xmlns="http://www.w3.org/1999/xhtml" xml:lang="en" lang="en">
 <head>
  <title>
</title>
<meta http-equiv="Content-Type" content="text/html;charset=utf-8" />
  <meta name='ocr-system' content='tesseract 3.04.00' />
  <meta name='ocr-capabilities' content='ocr_page ocr_carea ocr_par ocr_line ocrx_word'/>
</head>
<body>
  <div class='ocr_page' id='page_1' title='image "./operaquaesupers02halmgoog_0307.png"; bbox 0 0 4367 6109; ppageno 0'>
   <div class='ocr_carea' id='block_1_1' title="bbox 680 586 1775 678">
    <p class='ocr_par' dir='ltr' id='par_1_1' title="bbox 680 586 1775 678">
     <span class='ocr_line' id='line_1_1' title="bbox 680 586 1775 678; baseline 0.006 -24"><span class='ocrx_word' id='word_1_1' title='bbox 680 591 748 657; x_wconf 72' lang='lat' dir='ltr'><strong>nn.</strong></span> <span class='ocrx_word' id='word_1_2' title='bbox 770 591 824 656; x_wconf 90' lang='lat' dir='ltr'><strong>m.</strong></span> <span class='ocrx_word' id='word_1_3' title='bbox 854 590 928 657; x_wconf 74' lang='lat' dir='ltr'><strong>cn.</strong></span> <span class='ocrx_word' id='word_1_4' title='bbox 949 592 1235 658; x_wconf 74' lang='lat' dir='ltr'><strong>nxvrn-nxre</strong></span> <span class='ocrx_word' id='word_1_5' title='bbox 1262 589 1319 678; x_wconf 70' lang='lat' dir='ltr'><strong>ss.</strong></span> <span class='ocrx_word' id='word_1_6' title='bbox 1341 586 1533 657; x_wconf 79' lang='lat' dir='ltr'><strong>tes-tea.</strong></span> <span class='ocrx_word' id='word_1_7' title='bbox 1711 590 1775 661; x_wconf 79' lang='lat' dir='ltr'><strong>me</strong></span> 
     </span>
    </p>
   </div>
   <div class='ocr_carea' id='block_1_2' title="bbox 356 759 1806 3677">
    <p class='ocr_par' dir='ltr' id='par_1_2' title="bbox 440 759 1806 2998">
     <span class='ocr_line' id='line_1_2' title="bbox 448 759 1775 848; baseline 0.005 -24"><span class='ocrx_word' id='word_1_8' title='bbox 448 759 575 846; x_wconf 87' lang='lat' dir='ltr'><strong>quando</strong></span> <span class='ocrx_word' id='word_1_9' title='bbox 597 763 669 825; x_wconf 87' lang='lat' dir='ltr'><strong>usui</strong></span> <span class='ocrx_word' id='word_1_10' title='bbox 691 763 737 826; x_wconf 92' lang='lat' dir='ltr'><strong>rei</strong></span> <span class='ocrx_word' id='word_1_11' title='bbox 759 761 903 847; x_wconf 83' lang='lat' dir='ltr'><strong>publicae</strong></span> <span class='ocrx_word' id='word_1_12' title='bbox 924 770 1055 846; x_wconf 83' lang='lat' dir='ltr'><strong>possent</strong></span> <span class='ocrx_word' id='word_1_13' title='bbox 1076 784 1157 828; x_wconf 86' lang='lat' dir='ltr'><strong>esse.</strong></span> <span class='ocrx_word' id='word_1_14' title='bbox 1199 764 1262 828; x_wconf 89' lang='lat' dir='ltr'><strong>Eos</strong></span> <span class='ocrx_word' id='word_1_15' title='bbox 1284 764 1448 828; x_wconf 80' lang='lat' dir='ltr'><strong>instituere</strong></span> <span class='ocrx_word' id='word_1_16' title='bbox 1470 771 1565 848; x_wconf 90' lang='lat' dir='ltr'><strong>atque</strong></span> <span class='ocrx_word' id='word_1_17' title='bbox 1587 764 1712 830; x_wconf 91' lang='lat' dir='ltr'><strong>erudire</strong></span> <span class='ocrx_word' id='word_1_18' title='bbox 1733 767 1775 831; x_wconf 85' lang='lat' dir='ltr'><strong>ad</strong></span> 
     </span>
     <span class='ocr_line' id='line_1_3' title="bbox 447 854 1774 947; baseline 0.006 -29"><span class='ocrx_word' id='word_1_19' title='bbox 447 854 599 918; x_wconf 90' lang='lat' dir='ltr'><strong>maiorum</strong></span> <span class='ocrx_word' id='word_1_20' title='bbox 630 855 790 931; x_wconf 86' lang='lat' dir='ltr'><strong>instituta,</strong></span> <span class='ocrx_word' id='word_1_21' title='bbox 820 856 859 917; x_wconf 92' lang='lat' dir='ltr'><strong>ad</strong></span> <span class='ocrx_word' id='word_1_22' title='bbox 888 857 1024 920; x_wconf 78' lang='lat' dir='ltr'><strong>civitatis</strong></span> <span class='ocrx_word' id='word_1_23' title='bbox 1053 856 1268 942; x_wconf 83' lang='lat' dir='ltr'><strong>disciplinam,</strong></span> <span class='ocrx_word' id='word_1_24' title='bbox 1297 879 1361 923; x_wconf 91' lang='lat' dir='ltr'><strong>non</strong></span> <span class='ocrx_word' id='word_1_25' title='bbox 1384 858 1424 922; x_wconf 93' lang='lat' dir='ltr'><strong>ad</strong></span> <span class='ocrx_word' id='word_1_26' title='bbox 1446 866 1502 922; x_wconf 91' lang='lat' dir='ltr'><strong>tua</strong></span> <span class='ocrx_word' id='word_1_27' title='bbox 1529 859 1649 944; x_wconf 75' lang='lat' dir='ltr'><strong>flagitia</strong></span> <span class='ocrx_word' id='word_1_28' title='bbox 1669 878 1774 947; x_wconf 85' lang='lat' dir='ltr'><strong>neque</strong></span> 
     </span>
     <span class='ocr_line' id='line_1_4' title="bbox 447 948 1773 1039; baseline 0.005 -27"><span class='ocrx_word' id='word_1_29' title='bbox 447 949 486 1012; x_wconf 84' lang='lat' dir='ltr'><strong>ad</strong></span> <span class='ocrx_word' id='word_1_30' title='bbox 509 956 578 1012; x_wconf 84' lang='lat' dir='ltr'><strong>tuas</strong></span> <span class='ocrx_word' id='word_1_31' title='bbox 609 948 822 1033; x_wconf 89' lang='lat' dir='ltr'><strong>turpitudines</strong></span> <span class='ocrx_word' id='word_1_32' title='bbox 851 948 999 1013; x_wconf 90' lang='lat' dir='ltr'><strong>debuisti.</strong></span> <span class='ocrx_word' id='word_1_33' title='bbox 1049 953 1143 1014; x_wconf 88' lang='lat' dir='ltr'><strong>Esset</strong></span> <span class='ocrx_word' id='word_1_34' title='bbox 1170 972 1210 1014; x_wconf 87' lang='lat' dir='ltr'><strong>cx</strong></span> <span class='ocrx_word' id='word_1_35' title='bbox 1236 952 1329 1016; x_wconf 91' lang='lat' dir='ltr'><strong>inerti</strong></span> <span class='ocrx_word' id='word_1_36' title='bbox 1358 959 1390 1016; x_wconf 87' lang='lat' dir='ltr'><strong>et</strong></span> <span class='ocrx_word' id='word_1_37' title='bbox 1419 953 1562 1038; x_wconf 93' lang='lat' dir='ltr'><strong>improbo</strong></span> <span class='ocrx_word' id='word_1_38' title='bbox 1590 961 1623 1019; x_wconf 92' lang='lat' dir='ltr'><strong>et</strong></span> <span class='ocrx_word' id='word_1_39' title='bbox 1650 954 1773 1039; x_wconf 87' lang='lat' dir='ltr'><strong>impuro</strong></span> 
     </span>
     <span class='ocr_line' id='line_1_5' title="bbox 446 1042 1774 1132; baseline 0.005 -27"><span class='ocrx_word' id='word_1_40' title='bbox 446 1050 576 1126; x_wconf 88' lang='lat' dir='ltr'><strong>parente</strong></span> <span class='ocrx_word' id='word_1_41' title='bbox 599 1061 698 1106; x_wconf 82' lang='lat' dir='ltr'><strong>navus</strong></span> <span class='ocrx_word' id='word_1_42' title='bbox 721 1049 753 1106; x_wconf 89' lang='lat' dir='ltr'><strong>et</strong></span> <span class='ocrx_word' id='word_1_43' title='bbox 774 1042 898 1126; x_wconf 88' lang='lat' dir='ltr'><strong>pudens</strong></span> <span class='ocrx_word' id='word_1_44' title='bbox 920 1051 952 1107; x_wconf 90' lang='lat' dir='ltr'><strong>et</strong></span> <span class='ocrx_word' id='word_1_45' title='bbox 981 1044 1100 1127; x_wconf 91' lang='lat' dir='ltr'><strong>probus</strong></span> <span class='ocrx_word' id='word_1_46' title='bbox 1129 1045 1232 1120; x_wconf 81' lang='lat' dir='ltr'><strong>filius3</strong></span> <span class='ocrx_word' id='word_1_47' title='bbox 1261 1046 1393 1110; x_wconf 86' lang='lat' dir='ltr'><strong>baberet</strong></span> <span class='ocrx_word' id='word_1_48' title='bbox 1420 1047 1540 1131; x_wconf 89' lang='lat' dir='ltr'><strong>aliquid</strong></span> <span class='ocrx_word' id='word_1_49' title='bbox 1568 1068 1620 1112; x_wconf 89' lang='lat' dir='ltr'><strong>res</strong></span> <span class='ocrx_word' id='word_1_50' title='bbox 1647 1045 1774 1132; x_wconf 80' lang='lat' dir='ltr'><strong>publiea</strong></span> 
     </span>
     <span class='ocr_line' id='line_1_6' title="bbox 446 1137 1795 1222; baseline 0.009 -24"><span class='ocrx_word' id='word_1_51' title='bbox 446 1137 554 1199; x_wconf 89' lang='lat' dir='ltr'><strong>abste</strong></span> <span class='ocrx_word' id='word_1_52' title='bbox 576 1138 726 1200; x_wconf 90' lang='lat' dir='ltr'><strong>muneris.</strong></span> <span class='ocrx_word' id='word_1_53' title='bbox 768 1138 860 1201; x_wconf 89' lang='lat' dir='ltr'><strong>Nunc</strong></span> <span class='ocrx_word' id='word_1_54' title='bbox 881 1158 938 1222; x_wconf 89' lang='lat' dir='ltr'><strong>pro</strong></span> <span class='ocrx_word' id='word_1_55' title='bbox 961 1144 993 1202; x_wconf 95' lang='lat' dir='ltr'><strong>te</strong></span> <span class='ocrx_word' id='word_1_56' title='bbox 1013 1140 1145 1203; x_wconf 82' lang='lat' dir='ltr'>Verrem</span> <span class='ocrx_word' id='word_1_57' title='bbox 1176 1140 1364 1204; x_wconf 77' lang='lat' dir='ltr'><strong>substituisti</strong></span> <span class='ocrx_word' id='word_1_58' title='bbox 1386 1140 1520 1205; x_wconf 90' lang='lat' dir='ltr'><strong>alterum</strong></span> <span class='ocrx_word' id='word_1_59' title='bbox 1542 1144 1678 1218; x_wconf 76' lang='lat' dir='ltr'><strong>civitati,</strong></span> <span class='ocrx_word' id='word_1_60' title='bbox 1710 1140 1795 1210; x_wconf 75' lang='lat' dir='ltr'><strong>nisit</strong></span> 
     </span>
     <span class='ocr_line' id='line_1_7' title="bbox 444 1230 1773 1327; baseline 0.006 -35"><span class='ocrx_word' id='word_1_61' title='bbox 444 1230 525 1293; x_wconf 87' lang='lat' dir='ltr'><strong>forte</strong></span> <span class='ocrx_word' id='word_1_62' title='bbox 547 1230 609 1293; x_wconf 90' lang='lat' dir='ltr'><strong>boc</strong></span> <span class='ocrx_word' id='word_1_63' title='bbox 632 1231 836 1307; x_wconf 81' lang='lat' dir='ltr'><strong>deteriorem,</strong></span> <span class='ocrx_word' id='word_1_64' title='bbox 858 1232 975 1322; x_wconf 78' lang='lat' dir='ltr'><strong>silleri</strong></span> <span class='ocrx_word' id='word_1_65' title='bbox 997 1240 1119 1318; x_wconf 91' lang='lat' dir='ltr'><strong>potest,</strong></span> <span class='ocrx_word' id='word_1_66' title='bbox 1141 1234 1227 1317; x_wconf 95' lang='lat' dir='ltr'><strong>quod</strong></span> <span class='ocrx_word' id='word_1_67' title='bbox 1250 1241 1285 1297; x_wconf 90' lang='lat' dir='ltr'><strong>tu</strong></span> <span class='ocrx_word' id='word_1_68' title='bbox 1306 1236 1480 1300; x_wconf 89' lang='lat' dir='ltr'><strong>eiusmodi</strong></span> <span class='ocrx_word' id='word_1_69' title='bbox 1502 1237 1631 1301; x_wconf 79' lang='lat' dir='ltr'><strong>evasisti</strong></span> <span class='ocrx_word' id='word_1_70' title='bbox 1653 1235 1773 1327; x_wconf 78' lang='lat' dir='ltr'><strong>nonin</strong></span> 
     </span>
     <span class='ocr_line' id='line_1_8' title="bbox 444 1324 1771 1412; baseline 0.003 -24"><span class='ocrx_word' id='word_1_71' title='bbox 444 1324 582 1388; x_wconf 90' lang='lat' dir='ltr'><strong>bominis</strong></span> <span class='ocrx_word' id='word_1_72' title='bbox 606 1324 773 1399; x_wconf 83' lang='lat' dir='ltr'><strong>luxuriosi,</strong></span> <span class='ocrx_word' id='word_1_73' title='bbox 796 1326 853 1389; x_wconf 92' lang='lat' dir='ltr'><strong>sed</strong></span> <span class='ocrx_word' id='word_1_74' title='bbox 875 1335 996 1390; x_wconf 80' lang='lat' dir='ltr'><strong>tantum</strong></span> <span class='ocrx_word' id='word_1_75' title='bbox 1011 1328 1044 1389; x_wconf 92' lang='lat' dir='ltr'><strong>in</strong></span> <span class='ocrx_word' id='word_1_76' title='bbox 1058 1325 1137 1390; x_wconf 84' lang='lat' dir='ltr'><strong>furis</strong></span> <span class='ocrx_word' id='word_1_77' title='bbox 1151 1335 1247 1411; x_wconf 87' lang='lat' dir='ltr'><strong>atque</strong></span> <span class='ocrx_word' id='word_1_78' title='bbox 1263 1329 1411 1393; x_wconf 80' lang='lat' dir='ltr'><strong>divisoris</strong></span> <span class='ocrx_word' id='word_1_79' title='bbox 1426 1328 1596 1412; x_wconf 87' lang='lat' dir='ltr'><strong>disciplina</strong></span> <span class='ocrx_word' id='word_1_80' title='bbox 1610 1329 1771 1394; x_wconf 84' lang='lat' dir='ltr'><strong>educatus.</strong></span> 
     </span>
     <span class='ocr_line' id='line_1_9' title="bbox 444 1413 1772 1498; baseline 0.004 -18"><span class='ocrx_word' id='word_1_81' title='bbox 444 1413 515 1480; x_wconf 68' lang='lat' dir='ltr'><strong>loa.</strong></span> <span class='ocrx_word' id='word_1_82' title='bbox 546 1417 631 1494; x_wconf 86' lang='lat' dir='ltr'><strong>Quid</strong></span> <span class='ocrx_word' id='word_1_83' title='bbox 654 1421 715 1483; x_wconf 90' lang='lat' dir='ltr'><strong>isto</strong></span> <span class='ocrx_word' id='word_1_84' title='bbox 737 1419 805 1484; x_wconf 84' lang='lat' dir='ltr'><strong>lore</strong></span> <span class='ocrx_word' id='word_1_85' title='bbox 827 1420 972 1484; x_wconf 85' lang='lat' dir='ltr'><strong>festivius</strong></span> <span class='ocrx_word' id='word_1_86' title='bbox 994 1421 1196 1495; x_wconf 90' lang='lat' dir='ltr'><strong>arbitramur,</strong></span> <span class='ocrx_word' id='word_1_87' title='bbox 1225 1422 1252 1484; x_wconf 93' lang='lat' dir='ltr'><strong>si</strong></span> <span class='ocrx_word' id='word_1_88' title='bbox 1275 1429 1324 1485; x_wconf 91' lang='lat' dir='ltr'><strong>est</strong></span> <span class='ocrx_word' id='word_1_89' title='bbox 1344 1429 1416 1486; x_wconf 90' lang='lat' dir='ltr'><strong>tuus</strong></span> <span class='ocrx_word' id='word_1_90' title='bbox 1437 1430 1551 1485; x_wconf 84' lang='lat' dir='ltr'><strong>natura</strong></span> <span class='ocrx_word' id='word_1_91' title='bbox 1571 1422 1673 1498; x_wconf 87' lang='lat' dir='ltr'><strong>filius,</strong></span> <span class='ocrx_word' id='word_1_92' title='bbox 1695 1442 1772 1486; x_wconf 88' lang='lat' dir='ltr'><strong>eun·</strong></span> 
     </span>
     <span class='ocr_line' id='line_1_10' title="bbox 444 1511 1771 1601; baseline 0.003 -25"><span class='ocrx_word' id='word_1_93' title='bbox 444 1511 610 1576; x_wconf 90' lang='lat' dir='ltr'><strong>suetudine</strong></span> <span class='ocrx_word' id='word_1_94' title='bbox 641 1514 835 1598; x_wconf 89' lang='lat' dir='ltr'><strong>discipulus,</strong></span> <span class='ocrx_word' id='word_1_95' title='bbox 862 1516 1023 1579; x_wconf 86' lang='lat' dir='ltr'><strong>voluntate</strong></span> <span class='ocrx_word' id='word_1_96' title='bbox 1051 1513 1185 1578; x_wconf 76' lang='lat' dir='ltr'><strong>similis?</strong></span> <span class='ocrx_word' id='word_1_97' title='bbox 1229 1515 1331 1591; x_wconf 88' lang='lat' dir='ltr'><strong>Quem</strong></span> <span class='ocrx_word' id='word_1_98' title='bbox 1354 1536 1431 1598; x_wconf 79' lang='lat' dir='ltr'><strong>ego,</strong></span> <span class='ocrx_word' id='word_1_99' title='bbox 1461 1514 1598 1593; x_wconf 90' lang='lat' dir='ltr'><strong>iudices,</strong></span> <span class='ocrx_word' id='word_1_100' title='bbox 1627 1515 1771 1601; x_wconf 83' lang='lat' dir='ltr'><strong>quamvis</strong></span> 
     </span>
     <span class='ocr_line' id='line_1_11' title="bbox 443 1607 1806 1693; baseline 0.001 -22"><span class='ocrx_word' id='word_1_101' title='bbox 443 1609 562 1671; x_wconf 91' lang='lat' dir='ltr'><strong>bonum</strong></span> <span class='ocrx_word' id='word_1_102' title='bbox 584 1608 762 1693; x_wconf 85' lang='lat' dir='ltr'><strong>fortemque</strong></span> <span class='ocrx_word' id='word_1_103' title='bbox 784 1608 878 1672; x_wconf 85' lang='lat' dir='ltr'><strong>facile</strong></span> <span class='ocrx_word' id='word_1_104' title='bbox 899 1617 1025 1692; x_wconf 90' lang='lat' dir='ltr'><strong>paterer</strong></span> <span class='ocrx_word' id='word_1_105' title='bbox 1046 1607 1196 1682; x_wconf 83' lang='lat' dir='ltr'><strong>eradere3</strong></span> <span class='ocrx_word' id='word_1_106' title='bbox 1218 1630 1283 1673; x_wconf 95' lang='lat' dir='ltr'><strong>non</strong></span> <span class='ocrx_word' id='word_1_107' title='bbox 1305 1609 1390 1673; x_wconf 91' lang='lat' dir='ltr'><strong>enim</strong></span> <span class='ocrx_word' id='word_1_108' title='bbox 1412 1629 1462 1673; x_wconf 89' lang='lat' dir='ltr'><strong>me</strong></span> <span class='ocrx_word' id='word_1_109' title='bbox 1483 1609 1669 1673; x_wconf 83' lang='lat' dir='ltr'><strong>inimicitiae</strong></span> <span class='ocrx_word' id='word_1_110' title='bbox 1686 1629 1806 1678; x_wconf 82' lang='lat' dir='ltr'><strong>eom-m</strong></span> 
     </span>
     <span class='ocr_line' id='line_1_12' title="bbox 443 1702 1770 1786; baseline 0 -20"><span class='ocrx_word' id='word_1_111' title='bbox 443 1711 588 1779; x_wconf 86' lang='lat' dir='ltr'><strong>movent,</strong></span> <span class='ocrx_word' id='word_1_112' title='bbox 616 1703 643 1765; x_wconf 93' lang='lat' dir='ltr'><strong>si</strong></span> <span class='ocrx_word' id='word_1_113' title='bbox 666 1702 846 1786; x_wconf 88' lang='lat' dir='ltr'><strong>quaemihi</strong></span> <span class='ocrx_word' id='word_1_114' title='bbox 875 1723 944 1766; x_wconf 91' lang='lat' dir='ltr'><strong>cum</strong></span> <span class='ocrx_word' id='word_1_115' title='bbox 966 1703 1028 1766; x_wconf 93' lang='lat' dir='ltr'><strong>isto</strong></span> <span class='ocrx_word' id='word_1_116' title='bbox 1049 1702 1173 1766; x_wconf 81' lang='lat' dir='ltr'><strong>futurae</strong></span> <span class='ocrx_word' id='word_1_117' title='bbox 1195 1712 1280 1767; x_wconf 87' lang='lat' dir='ltr'><strong>sunt:</strong></span> <span class='ocrx_word' id='word_1_118' title='bbox 1308 1724 1381 1767; x_wconf 89' lang='lat' dir='ltr'><strong>nam</strong></span> <span class='ocrx_word' id='word_1_119' title='bbox 1403 1703 1430 1767; x_wconf 90' lang='lat' dir='ltr'><strong>si</strong></span> <span class='ocrx_word' id='word_1_120' title='bbox 1452 1705 1486 1767; x_wconf 94' lang='lat' dir='ltr'><strong>in</strong></span> <span class='ocrx_word' id='word_1_121' title='bbox 1507 1702 1653 1767; x_wconf 89' lang='lat' dir='ltr'><strong>omnibus</strong></span> <span class='ocrx_word' id='word_1_122' title='bbox 1675 1702 1770 1766; x_wconf 89' lang='lat' dir='ltr'><strong>rebus</strong></span> 
     </span>
     <span class='ocr_line' id='line_1_13' title="bbox 445 1795 1769 1882; baseline -0.003 -21"><span class='ocrx_word' id='word_1_123' title='bbox 445 1801 598 1862; x_wconf 89' lang='lat' dir='ltr'><strong>innocens</strong></span> <span class='ocrx_word' id='word_1_124' title='bbox 628 1796 718 1861; x_wconf 82' lang='lat' dir='ltr'><strong>fuero</strong></span> <span class='ocrx_word' id='word_1_125' title='bbox 747 1798 872 1882; x_wconf 87' lang='lat' dir='ltr'><strong>meique</strong></span> <span class='ocrx_word' id='word_1_126' title='bbox 895 1798 1023 1872; x_wconf 91' lang='lat' dir='ltr'><strong>similis,</strong></span> <span class='ocrx_word' id='word_1_127' title='bbox 1051 1796 1128 1880; x_wconf 91' lang='lat' dir='ltr'><strong>quid</strong></span> <span class='ocrx_word' id='word_1_128' title='bbox 1156 1798 1234 1862; x_wconf 91' lang='lat' dir='ltr'><strong>mibi</strong></span> <span class='ocrx_word' id='word_1_129' title='bbox 1260 1797 1350 1861; x_wconf 89' lang='lat' dir='ltr'><strong>istius</strong></span> <span class='ocrx_word' id='word_1_130' title='bbox 1379 1797 1563 1861; x_wconf 85' lang='lat' dir='ltr'><strong>inimicitiae</strong></span> <span class='ocrx_word' id='word_1_131' title='bbox 1591 1795 1769 1859; x_wconf 82' lang='lat' dir='ltr'><strong>nocebuntr</strong></span> 
     </span>
     <span class='ocr_line' id='line_1_14' title="bbox 444 1889 1768 1975; baseline -0.003 -17"><span class='ocrx_word' id='word_1_132' title='bbox 444 1896 492 1959; x_wconf 91' lang='lat' dir='ltr'><strong>sin</strong></span> <span class='ocrx_word' id='word_1_133' title='bbox 515 1893 621 1975; x_wconf 88' lang='lat' dir='ltr'><strong>aliqua</strong></span> <span class='ocrx_word' id='word_1_134' title='bbox 643 1894 677 1956; x_wconf 93' lang='lat' dir='ltr'><strong>in</strong></span> <span class='ocrx_word' id='word_1_135' title='bbox 700 1912 733 1954; x_wconf 90' lang='lat' dir='ltr'><strong>re</strong></span> <span class='ocrx_word' id='word_1_136' title='bbox 754 1893 861 1956; x_wconf 85' lang='lat' dir='ltr'><strong>Verris</strong></span> <span class='ocrx_word' id='word_1_137' title='bbox 883 1892 995 1955; x_wconf 92' lang='lat' dir='ltr'><strong>similis</strong></span> <span class='ocrx_word' id='word_1_138' title='bbox 1016 1892 1124 1966; x_wconf 81' lang='lat' dir='ltr'><strong>fuero,</strong></span> <span class='ocrx_word' id='word_1_139' title='bbox 1155 1912 1218 1955; x_wconf 91' lang='lat' dir='ltr'><strong>non</strong></span> <span class='ocrx_word' id='word_1_140' title='bbox 1247 1894 1348 1975; x_wconf 74' lang='lat' dir='ltr'><strong>magis</strong></span> <span class='ocrx_word' id='word_1_141' title='bbox 1376 1892 1454 1956; x_wconf 90' lang='lat' dir='ltr'><strong>mibi</strong></span> <span class='ocrx_word' id='word_1_142' title='bbox 1483 1893 1584 1955; x_wconf 91' lang='lat' dir='ltr'><strong>deerit</strong></span> <span class='ocrx_word' id='word_1_143' title='bbox 1612 1889 1768 1964; x_wconf 82' lang='lat' dir='ltr'><strong>inimicus,</strong></span> 
     </span>
     <span class='ocr_line' id='line_1_15' title="bbox 447 1985 1770 2071; baseline -0.002 -21"><span class='ocrx_word' id='word_1_144' title='bbox 447 2006 541 2071; x_wconf 91' lang='lat' dir='ltr'><strong>quam</strong></span> <span class='ocrx_word' id='word_1_145' title='bbox 556 1986 647 2049; x_wconf 89' lang='lat' dir='ltr'><strong>Verri</strong></span> <span class='ocrx_word' id='word_1_146' title='bbox 670 1985 779 2052; x_wconf 81' lang='lat' dir='ltr'><strong>defuit.</strong></span> <span class='ocrx_word' id='word_1_147' title='bbox 821 1989 957 2062; x_wconf 88' lang='lat' dir='ltr'><strong>Etenim,</strong></span> <span class='ocrx_word' id='word_1_148' title='bbox 979 1986 1110 2060; x_wconf 88' lang='lat' dir='ltr'><strong>iudices,</strong></span> <span class='ocrx_word' id='word_1_149' title='bbox 1133 1987 1299 2050; x_wconf 90' lang='lat' dir='ltr'><strong>eiusmodi</strong></span> <span class='ocrx_word' id='word_1_150' title='bbox 1315 2007 1366 2050; x_wconf 92' lang='lat' dir='ltr'><strong>res</strong></span> <span class='ocrx_word' id='word_1_151' title='bbox 1387 1986 1515 2070; x_wconf 89' lang='lat' dir='ltr'><strong>publica</strong></span> <span class='ocrx_word' id='word_1_152' title='bbox 1529 1986 1624 2051; x_wconf 93' lang='lat' dir='ltr'><strong>debet</strong></span> <span class='ocrx_word' id='word_1_153' title='bbox 1644 2005 1714 2048; x_wconf 89' lang='lat' dir='ltr'><strong>esse</strong></span> <span class='ocrx_word' id='word_1_154' title='bbox 1736 1991 1770 2048; x_wconf 90' lang='lat' dir='ltr'><strong>et</strong></span> 
     </span>
     <span class='ocr_line' id='line_1_16' title="bbox 443 2077 1805 2165; baseline 0.002 -21"><span class='ocrx_word' id='word_1_155' title='bbox 443 2083 502 2145; x_wconf 91' lang='lat' dir='ltr'><strong>erit</strong></span> <span class='ocrx_word' id='word_1_156' title='bbox 529 2082 661 2145; x_wconf 87' lang='lat' dir='ltr'><strong>veritate</strong></span> <span class='ocrx_word' id='word_1_157' title='bbox 691 2081 877 2146; x_wconf 88' lang='lat' dir='ltr'><strong>iudiciorum</strong></span> <span class='ocrx_word' id='word_1_158' title='bbox 907 2082 1093 2155; x_wconf 89' lang='lat' dir='ltr'><strong>constituta,</strong></span> <span class='ocrx_word' id='word_1_159' title='bbox 1124 2088 1161 2143; x_wconf 89' lang='lat' dir='ltr'><strong>ut</strong></span> <span class='ocrx_word' id='word_1_160' title='bbox 1189 2081 1335 2145; x_wconf 91' lang='lat' dir='ltr'><strong>inimicus</strong></span> <span class='ocrx_word' id='word_1_161' title='bbox 1365 2100 1469 2165; x_wconf 88' lang='lat' dir='ltr'><strong>neque</strong></span> <span class='ocrx_word' id='word_1_162' title='bbox 1499 2081 1610 2144; x_wconf 89' lang='lat' dir='ltr'><strong>deesse</strong></span> <span class='ocrx_word' id='word_1_163' title='bbox 1639 2077 1768 2143; x_wconf 86' lang='lat' dir='ltr'><strong>nocenti</strong></span> <span class='ocrx_word' id='word_1_164' title='bbox 1777 2100 1805 2146; x_wconf 78' lang='lat' dir='ltr'><strong>re</strong></span> 
     </span>
     <span class='ocr_line' id='line_1_17' title="bbox 442 2165 1768 2259; baseline -0.003 -20"><span class='ocrx_word' id='word_1_165' title='bbox 442 2177 545 2259; x_wconf 87' lang='lat' dir='ltr'><strong>possit</strong></span> <span class='ocrx_word' id='word_1_166' title='bbox 566 2195 670 2259; x_wconf 91' lang='lat' dir='ltr'><strong>neque</strong></span> <span class='ocrx_word' id='word_1_167' title='bbox 693 2175 805 2239; x_wconf 84' lang='lat' dir='ltr'><strong>obesse</strong></span> <span class='ocrx_word' id='word_1_168' title='bbox 827 2174 998 2239; x_wconf 89' lang='lat' dir='ltr'><strong>innocenti.</strong></span> <span class='ocrx_word' id='word_1_169' title='bbox 1043 2174 1244 2259; x_wconf 88' lang='lat' dir='ltr'><strong>Quapropter</strong></span> <span class='ocrx_word' id='word_1_170' title='bbox 1265 2174 1352 2239; x_wconf 90' lang='lat' dir='ltr'><strong>nulla</strong></span> <span class='ocrx_word' id='word_1_171' title='bbox 1373 2195 1423 2238; x_wconf 92' lang='lat' dir='ltr'><strong>res</strong></span> <span class='ocrx_word' id='word_1_172' title='bbox 1436 2165 1510 2249; x_wconf 81' lang='lat' dir='ltr'><strong>est,</strong></span> <span class='ocrx_word' id='word_1_173' title='bbox 1532 2195 1626 2259; x_wconf 88' lang='lat' dir='ltr'><strong>quam</strong></span> <span class='ocrx_word' id='word_1_174' title='bbox 1644 2173 1685 2238; x_wconf 93' lang='lat' dir='ltr'><strong>ob</strong></span> <span class='ocrx_word' id='word_1_175' title='bbox 1699 2192 1768 2236; x_wconf 91' lang='lat' dir='ltr'><strong>rem</strong></span> 
     </span>
     <span class='ocr_line' id='line_1_18' title="bbox 443 2267 1767 2353; baseline -0.001 -20"><span class='ocrx_word' id='word_1_176' title='bbox 443 2289 502 2352; x_wconf 77' lang='lat' dir='ltr'><strong>ego</strong></span> <span class='ocrx_word' id='word_1_177' title='bbox 524 2270 618 2333; x_wconf 91' lang='lat' dir='ltr'><strong>istum</strong></span> <span class='ocrx_word' id='word_1_178' title='bbox 642 2270 741 2333; x_wconf 89' lang='lat' dir='ltr'><strong>nolim</strong></span> <span class='ocrx_word' id='word_1_179' title='bbox 763 2290 804 2332; x_wconf 85' lang='lat' dir='ltr'><strong>cx</strong></span> <span class='ocrx_word' id='word_1_180' title='bbox 824 2271 964 2353; x_wconf 82' lang='lat' dir='ltr'><strong>paternis</strong></span> <span class='ocrx_word' id='word_1_181' title='bbox 985 2270 1109 2352; x_wconf 86' lang='lat' dir='ltr'><strong>probris</strong></span> <span class='ocrx_word' id='word_1_182' title='bbox 1130 2289 1167 2332; x_wconf 84' lang='lat' dir='ltr'><strong>ec</strong></span> <span class='ocrx_word' id='word_1_183' title='bbox 1188 2271 1275 2333; x_wconf 81' lang='lat' dir='ltr'><strong>vitiis</strong></span> <span class='ocrx_word' id='word_1_184' title='bbox 1289 2289 1460 2353; x_wconf 74' lang='lat' dir='ltr'><strong>emergere.</strong></span> <span class='ocrx_word' id='word_1_185' title='bbox 1493 2267 1528 2331; x_wconf 93' lang='lat' dir='ltr'><strong>ld</strong></span> <span class='ocrx_word' id='word_1_186' title='bbox 1545 2267 1631 2352; x_wconf 92' lang='lat' dir='ltr'><strong>quod</strong></span> <span class='ocrx_word' id='word_1_187' title='bbox 1644 2267 1767 2332; x_wconf 86' lang='lat' dir='ltr'><strong>tametsi</strong></span> 
     </span>
     <span class='ocr_line' id='line_1_19' title="bbox 442 2359 1766 2449; baseline -0.004 -20"><span class='ocrx_word' id='word_1_188' title='bbox 442 2364 495 2429; x_wconf 89' lang='lat' dir='ltr'><strong>isti</strong></span> <span class='ocrx_word' id='word_1_189' title='bbox 519 2359 649 2426; x_wconf 85' lang='lat' dir='ltr'><strong>difficile</strong></span> <span class='ocrx_word' id='word_1_190' title='bbox 673 2372 730 2438; x_wconf 91' lang='lat' dir='ltr'><strong>est,</strong></span> <span class='ocrx_word' id='word_1_191' title='bbox 752 2371 856 2427; x_wconf 87' lang='lat' dir='ltr'><strong>tamen</strong></span> <span class='ocrx_word' id='word_1_192' title='bbox 878 2363 963 2427; x_wconf 87' lang='lat' dir='ltr'><strong>baud</strong></span> <span class='ocrx_word' id='word_1_193' title='bbox 986 2365 1051 2428; x_wconf 90' lang='lat' dir='ltr'><strong>scio</strong></span> <span class='ocrx_word' id='word_1_194' title='bbox 1072 2383 1114 2427; x_wconf 89' lang='lat' dir='ltr'><strong>an</strong></span> <span class='ocrx_word' id='word_1_195' title='bbox 1134 2363 1204 2428; x_wconf 83' lang='lat' dir='ltr'><strong>lieri</strong></span> <span class='ocrx_word' id='word_1_196' title='bbox 1224 2364 1339 2448; x_wconf 84' lang='lat' dir='ltr'><strong>possit,</strong></span> <span class='ocrx_word' id='word_1_197' title='bbox 1359 2365 1545 2449; x_wconf 89' lang='lat' dir='ltr'><strong>praesertim</strong></span> <span class='ocrx_word' id='word_1_198' title='bbox 1567 2363 1605 2437; x_wconf 89' lang='lat' dir='ltr'><strong>si,</strong></span> <span class='ocrx_word' id='word_1_199' title='bbox 1625 2369 1662 2425; x_wconf 94' lang='lat' dir='ltr'><strong>ut</strong></span> <span class='ocrx_word' id='word_1_200' title='bbox 1681 2381 1766 2425; x_wconf 87' lang='lat' dir='ltr'><strong>nune</strong></span> 
     </span>
     <span class='ocr_line' id='line_1_20' title="bbox 442 2455 1766 2543; baseline -0.001 -22"><span class='ocrx_word' id='word_1_201' title='bbox 442 2458 488 2533; x_wconf 87' lang='lat' dir='ltr'><strong>lit,</strong></span> <span class='ocrx_word' id='word_1_202' title='bbox 511 2457 657 2521; x_wconf 83' lang='lat' dir='ltr'><strong>custodes</strong></span> <span class='ocrx_word' id='word_1_203' title='bbox 679 2460 850 2521; x_wconf 87' lang='lat' dir='ltr'><strong>amicorum</strong></span> <span class='ocrx_word' id='word_1_204' title='bbox 873 2479 944 2521; x_wconf 91' lang='lat' dir='ltr'><strong>eum</strong></span> <span class='ocrx_word' id='word_1_205' title='bbox 967 2459 1185 2533; x_wconf 85' lang='lat' dir='ltr'><strong>sectabuntur,</strong></span> <span class='ocrx_word' id='word_1_206' title='bbox 1217 2459 1363 2543; x_wconf 81' lang='lat' dir='ltr'><strong>quoniam</strong></span> <span class='ocrx_word' id='word_1_207' title='bbox 1392 2466 1484 2542; x_wconf 91' lang='lat' dir='ltr'><strong>pater</strong></span> <span class='ocrx_word' id='word_1_208' title='bbox 1510 2465 1573 2521; x_wconf 90' lang='lat' dir='ltr'><strong>tam</strong></span> <span class='ocrx_word' id='word_1_209' title='bbox 1603 2455 1766 2540; x_wconf 74' lang='lat' dir='ltr'><strong>negligens</strong></span> 
     </span>
     <span class='ocr_line' id='line_1_21' title="bbox 441 2547 1803 2637; baseline 0.002 -20"><span class='ocrx_word' id='word_1_210' title='bbox 441 2573 477 2617; x_wconf 91' lang='lat' dir='ltr'><strong>ac</strong></span> <span class='ocrx_word' id='word_1_211' title='bbox 509 2551 681 2616; x_wconf 89' lang='lat' dir='ltr'><strong>dissolutus</strong></span> <span class='ocrx_word' id='word_1_212' title='bbox 710 2560 767 2615; x_wconf 91' lang='lat' dir='ltr'><strong>est.</strong></span> <span class='ocrx_word' id='word_1_213' title='bbox 818 2547 889 2615; x_wconf 83' lang='grc'><strong>463.</strong></span> <span class='ocrx_word' id='word_1_214' title='bbox 919 2552 1036 2617; x_wconf 85' lang='lat' dir='ltr'><strong>Verum</strong></span> <span class='ocrx_word' id='word_1_215' title='bbox 1063 2553 1127 2616; x_wconf 91' lang='lat' dir='ltr'><strong>buc</strong></span> <span class='ocrx_word' id='word_1_216' title='bbox 1154 2554 1295 2637; x_wconf 77' lang='lat' dir='ltr'><strong>longius,</strong></span> <span class='ocrx_word' id='word_1_217' title='bbox 1325 2572 1419 2637; x_wconf 89' lang='lat' dir='ltr'><strong>quam</strong></span> <span class='ocrx_word' id='word_1_218' title='bbox 1446 2553 1591 2617; x_wconf 85' lang='lat' dir='ltr'><strong>voluntas</strong></span> <span class='ocrx_word' id='word_1_219' title='bbox 1619 2552 1695 2627; x_wconf 86' lang='lat' dir='ltr'><strong>luit,</strong></span> <span class='ocrx_word' id='word_1_220' title='bbox 1725 2549 1803 2620; x_wconf 78' lang='lat' dir='ltr'><strong>ebro</strong></span> 
     </span>
     <span class='ocr_line' id='line_1_22' title="bbox 442 2644 1765 2732; baseline -0.003 -21"><span class='ocrx_word' id='word_1_221' title='bbox 442 2646 575 2732; x_wconf 89' lang='lat' dir='ltr'><strong>epistola</strong></span> <span class='ocrx_word' id='word_1_222' title='bbox 597 2644 787 2709; x_wconf 88' lang='lat' dir='ltr'><strong>Timarchidi</strong></span> <span class='ocrx_word' id='word_1_223' title='bbox 811 2648 952 2729; x_wconf 76' lang='lat' dir='ltr'><strong>digressa</strong></span> <span class='ocrx_word' id='word_1_224' title='bbox 979 2654 1027 2710; x_wconf 88' lang='lat' dir='ltr'><strong>est</strong></span> <span class='ocrx_word' id='word_1_225' title='bbox 1056 2648 1158 2710; x_wconf 88' lang='lat' dir='ltr'><strong>oratio</strong></span> <span class='ocrx_word' id='word_1_226' title='bbox 1181 2667 1268 2722; x_wconf 88' lang='lat' dir='ltr'><strong>mea;</strong></span> <span class='ocrx_word' id='word_1_227' title='bbox 1297 2668 1360 2731; x_wconf 90' lang='lat' dir='ltr'><strong>qua</strong></span> <span class='ocrx_word' id='word_1_228' title='bbox 1386 2647 1516 2710; x_wconf 89' lang='lat' dir='ltr'><strong>recitata</strong></span> <span class='ocrx_word' id='word_1_229' title='bbox 1546 2646 1765 2710; x_wconf 89' lang='lat' dir='ltr'><strong>conclusurum</strong></span> 
     </span>
     <span class='ocr_line' id='line_1_23' title="bbox 442 2739 1764 2825; baseline -0.003 -18"><span class='ocrx_word' id='word_1_230' title='bbox 442 2763 492 2807; x_wconf 90' lang='lat' dir='ltr'><strong>me</strong></span> <span class='ocrx_word' id='word_1_231' title='bbox 514 2761 583 2805; x_wconf 89' lang='lat' dir='ltr'><strong>esse</strong></span> <span class='ocrx_word' id='word_1_232' title='bbox 606 2742 724 2805; x_wconf 90' lang='lat' dir='ltr'><strong>crimen</strong></span> <span class='ocrx_word' id='word_1_233' title='bbox 747 2741 953 2805; x_wconf 89' lang='lat' dir='ltr'><strong>decumanum</strong></span> <span class='ocrx_word' id='word_1_234' title='bbox 976 2741 1128 2816; x_wconf 85' lang='lat' dir='ltr'><strong>dixeram,</strong></span> <span class='ocrx_word' id='word_1_235' title='bbox 1151 2763 1192 2805; x_wconf 87' lang='lat' dir='ltr'><strong>ex</strong></span> <span class='ocrx_word' id='word_1_236' title='bbox 1207 2762 1271 2825; x_wconf 85' lang='lat' dir='ltr'><strong>quo</strong></span> <span class='ocrx_word' id='word_1_237' title='bbox 1285 2741 1489 2805; x_wconf 86' lang='lat' dir='ltr'><strong>intellexistis</strong></span> <span class='ocrx_word' id='word_1_238' title='bbox 1504 2739 1764 2804; x_wconf 89' lang='lat' dir='ltr'><strong>innumerabilem</strong></span> 
     </span>
     <span class='ocr_line' id='line_1_24' title="bbox 441 2835 1765 2922; baseline -0.004 -21"><span class='ocrx_word' id='word_1_239' title='bbox 441 2835 591 2901; x_wconf 85' lang='lat' dir='ltr'><strong>frumenti</strong></span> <span class='ocrx_word' id='word_1_240' title='bbox 614 2855 779 2899; x_wconf 89' lang='lat' dir='ltr'><strong>numerum</strong></span> <span class='ocrx_word' id='word_1_241' title='bbox 800 2856 858 2920; x_wconf 91' lang='lat' dir='ltr'><strong>per</strong></span> <span class='ocrx_word' id='word_1_242' title='bbox 878 2837 1050 2900; x_wconf 90' lang='lat' dir='ltr'><strong>triennium</strong></span> <span class='ocrx_word' id='word_1_243' title='bbox 1071 2857 1215 2901; x_wconf 82' lang='lat' dir='ltr'><strong>aversum</strong></span> <span class='ocrx_word' id='word_1_244' title='bbox 1236 2856 1254 2899; x_wconf 93' lang='lat' dir='ltr'><strong>a</strong></span> <span class='ocrx_word' id='word_1_245' title='bbox 1276 2855 1310 2899; x_wconf 91' lang='lat' dir='ltr'><strong>re</strong></span> <span class='ocrx_word' id='word_1_246' title='bbox 1331 2835 1459 2920; x_wconf 86' lang='lat' dir='ltr'><strong>publica</strong></span> <span class='ocrx_word' id='word_1_247' title='bbox 1473 2855 1543 2899; x_wconf 87' lang='lat' dir='ltr'><strong>esse</strong></span> <span class='ocrx_word' id='word_1_248' title='bbox 1558 2842 1765 2922; x_wconf 89' lang='lat' dir='ltr'><strong>ereptumque</strong></span> 
     </span>
     <span class='ocr_line' id='line_1_25' title="bbox 440 2930 626 2998; baseline -0.005 -2"><span class='ocrx_word' id='word_1_249' title='bbox 440 2930 626 2998; x_wconf 88' lang='lat' dir='ltr'><strong>aratoribus.</strong></span> 
     </span>
    </p>

    <p class='ocr_par' dir='ltr' id='par_1_3' title="bbox 356 3023 1803 3677">
     <span class='ocr_line' id='line_1_26' title="bbox 525 3023 1803 3111; baseline 0.005 -23"><span class='ocrx_word' id='word_1_250' title='bbox 525 3025 623 3088; x_wconf 67' lang='lat' dir='ltr'><strong>Lxx</strong></span> <span class='ocrx_word' id='word_1_251' title='bbox 646 3024 810 3108; x_wconf 87' lang='lat' dir='ltr'><strong>Sequitur,</strong></span> <span class='ocrx_word' id='word_1_252' title='bbox 832 3034 867 3088; x_wconf 87' lang='lat' dir='ltr'><strong>ut</strong></span> <span class='ocrx_word' id='word_1_253' title='bbox 888 3024 927 3090; x_wconf 89' lang='lat' dir='ltr'><strong>de</strong></span> <span class='ocrx_word' id='word_1_254' title='bbox 948 3025 1106 3090; x_wconf 80' lang='lat' dir='ltr'><strong>frumento</strong></span> <span class='ocrx_word' id='word_1_255' title='bbox 1127 3032 1234 3111; x_wconf 91' lang='lat' dir='ltr'><strong>empto</strong></span> <span class='ocrx_word' id='word_1_256' title='bbox 1256 3045 1330 3103; x_wconf 88' lang='lat' dir='ltr'><strong>vos,</strong></span> <span class='ocrx_word' id='word_1_257' title='bbox 1352 3025 1483 3101; x_wconf 87' lang='lat' dir='ltr'><strong>iudices,</strong></span> <span class='ocrx_word' id='word_1_258' title='bbox 1505 3023 1644 3100; x_wconf 88' lang='lat' dir='ltr'><strong>doceam,</strong></span> <span class='ocrx_word' id='word_1_259' title='bbox 1665 3025 1803 3095; x_wconf 78' lang='lat' dir='ltr'><strong>maxi-tt</strong></span> 
     </span>
     <span class='ocr_line' id='line_1_27' title="bbox 442 3118 1768 3205; baseline 0.001 -21"><span class='ocrx_word' id='word_1_260' title='bbox 442 3141 492 3184; x_wconf 92' lang='lat' dir='ltr'><strong>mo</strong></span> <span class='ocrx_word' id='word_1_261' title='bbox 513 3127 609 3205; x_wconf 84' lang='lat' dir='ltr'><strong>atque</strong></span> <span class='ocrx_word' id='word_1_262' title='bbox 630 3118 904 3202; x_wconf 90' lang='lat' dir='ltr'><strong>impudentissimo</strong></span> <span class='ocrx_word' id='word_1_263' title='bbox 925 3120 1026 3196; x_wconf 84' lang='lat' dir='ltr'><strong>furto;</strong></span> <span class='ocrx_word' id='word_1_264' title='bbox 1059 3118 1099 3183; x_wconf 91' lang='lat' dir='ltr'><strong>de</strong></span> <span class='ocrx_word' id='word_1_265' title='bbox 1120 3140 1183 3204; x_wconf 90' lang='lat' dir='ltr'><strong>quo</strong></span> <span class='ocrx_word' id='word_1_266' title='bbox 1210 3121 1285 3184; x_wconf 91' lang='lat' dir='ltr'><strong>dum</strong></span> <span class='ocrx_word' id='word_1_267' title='bbox 1313 3127 1399 3184; x_wconf 89' lang='lat' dir='ltr'><strong>certa</strong></span> <span class='ocrx_word' id='word_1_268' title='bbox 1427 3126 1459 3185; x_wconf 92' lang='lat' dir='ltr'><strong>et</strong></span> <span class='ocrx_word' id='word_1_269' title='bbox 1479 3138 1580 3204; x_wconf 86' lang='lat' dir='ltr'><strong>pauca</strong></span> <span class='ocrx_word' id='word_1_270' title='bbox 1601 3125 1633 3184; x_wconf 93' lang='lat' dir='ltr'><strong>et</strong></span> <span class='ocrx_word' id='word_1_271' title='bbox 1653 3137 1768 3203; x_wconf 67' lang='lat' dir='ltr'><strong>magna</strong></span> 
     </span>
     <span class='ocr_line' id='line_1_28' title="bbox 441 3212 1765 3279; baseline 0.002 -4"><span class='ocrx_word' id='word_1_272' title='bbox 441 3214 542 3277; x_wconf 92' lang='lat' dir='ltr'><strong>dicam</strong></span> <span class='ocrx_word' id='word_1_273' title='bbox 569 3212 707 3276; x_wconf 87' lang='lat' dir='ltr'><strong>breviter</strong></span> <span class='ocrx_word' id='word_1_274' title='bbox 734 3213 897 3277; x_wconf 88' lang='lat' dir='ltr'><strong>attendite.</strong></span> <span class='ocrx_word' id='word_1_275' title='bbox 945 3214 1147 3278; x_wconf 81' lang='lat' dir='ltr'><strong>Frumentum</strong></span> <span class='ocrx_word' id='word_1_276' title='bbox 1181 3215 1215 3277; x_wconf 91' lang='lat' dir='ltr'><strong>in</strong></span> <span class='ocrx_word' id='word_1_277' title='bbox 1241 3214 1348 3279; x_wconf 89' lang='lat' dir='ltr'><strong>Sicilia</strong></span> <span class='ocrx_word' id='word_1_278' title='bbox 1378 3233 1482 3279; x_wconf 90' lang='lat' dir='ltr'><strong>emere</strong></span> <span class='ocrx_word' id='word_1_279' title='bbox 1515 3213 1624 3279; x_wconf 91' lang='lat' dir='ltr'><strong>debuit</strong></span> <span class='ocrx_word' id='word_1_280' title='bbox 1651 3213 1765 3277; x_wconf 83' lang='lat' dir='ltr'><strong>Verres</strong></span> 
     </span>
     <span class='ocr_line' id='line_1_29' title="bbox 442 3303 1766 3391; baseline -0.001 -20"><span class='ocrx_word' id='word_1_281' title='bbox 442 3328 482 3371; x_wconf 82' lang='lat' dir='ltr'><strong>ex</strong></span> <span class='ocrx_word' id='word_1_282' title='bbox 504 3315 634 3370; x_wconf 87' lang='lat' dir='ltr'><strong>senatus</strong></span> <span class='ocrx_word' id='word_1_283' title='bbox 656 3305 801 3370; x_wconf 91' lang='lat' dir='ltr'><strong>consulto</strong></span> <span class='ocrx_word' id='word_1_284' title='bbox 824 3315 856 3370; x_wconf 89' lang='lat' dir='ltr'><strong>ct</strong></span> <span class='ocrx_word' id='word_1_285' title='bbox 878 3327 919 3371; x_wconf 85' lang='lat' dir='ltr'><strong>ex</strong></span> <span class='ocrx_word' id='word_1_286' title='bbox 941 3308 1011 3391; x_wconf 76' lang='lat' dir='ltr'><strong>lege</strong></span> <span class='ocrx_word' id='word_1_287' title='bbox 1024 3308 1173 3371; x_wconf 88' lang='lat' dir='ltr'><strong>Terentia</strong></span> <span class='ocrx_word' id='word_1_288' title='bbox 1195 3317 1227 3372; x_wconf 89' lang='lat' dir='ltr'><strong>et</strong></span> <span class='ocrx_word' id='word_1_289' title='bbox 1250 3309 1357 3373; x_wconf 82' lang='lat' dir='ltr'><strong>Cassia</strong></span> <span class='ocrx_word' id='word_1_290' title='bbox 1377 3308 1589 3373; x_wconf 83' lang='lat' dir='ltr'><strong>frumentaria.</strong></span> <span class='ocrx_word' id='word_1_291' title='bbox 1631 3303 1766 3370; x_wconf 86' lang='lat' dir='ltr'><strong>Emendi</strong></span> 
     </span>
     <span class='ocr_line' id='line_1_30' title="bbox 441 3399 1767 3488; baseline 0 -24"><span class='ocrx_word' id='word_1_292' title='bbox 441 3402 503 3465; x_wconf 93' lang='lat' dir='ltr'><strong>duo</strong></span> <span class='ocrx_word' id='word_1_293' title='bbox 526 3420 641 3484; x_wconf 76' lang='lat' dir='ltr'><strong>genera</strong></span> <span class='ocrx_word' id='word_1_294' title='bbox 661 3399 798 3474; x_wconf 85' lang='lat' dir='ltr'><strong>fuerunt,</strong></span> <span class='ocrx_word' id='word_1_295' title='bbox 819 3422 919 3466; x_wconf 91' lang='lat' dir='ltr'><strong>unum</strong></span> <span class='ocrx_word' id='word_1_296' title='bbox 940 3403 1152 3476; x_wconf 89' lang='lat' dir='ltr'><strong>decumarum,</strong></span> <span class='ocrx_word' id='word_1_297' title='bbox 1174 3402 1317 3478; x_wconf 89' lang='lat' dir='ltr'><strong>alterum,</strong></span> <span class='ocrx_word' id='word_1_298' title='bbox 1341 3403 1425 3488; x_wconf 92' lang='lat' dir='ltr'><strong>quod</strong></span> <span class='ocrx_word' id='word_1_299' title='bbox 1447 3409 1611 3486; x_wconf 84' lang='lat' dir='ltr'><strong>praeterea</strong></span> <span class='ocrx_word' id='word_1_300' title='bbox 1632 3399 1767 3465; x_wconf 74' lang='lat' dir='ltr'><strong>civitati-</strong></span> 
     </span>
     <span class='ocr_line' id='line_1_31' title="bbox 441 3495 1803 3580; baseline -0.004 -19"><span class='ocrx_word' id='word_1_301' title='bbox 441 3498 500 3561; x_wconf 90' lang='lat' dir='ltr'><strong>bus</strong></span> <span class='ocrx_word' id='word_1_302' title='bbox 522 3496 697 3580; x_wconf 89' lang='lat' dir='ltr'><strong>aequaliter</strong></span> <span class='ocrx_word' id='word_1_303' title='bbox 719 3505 802 3558; x_wconf 89' lang='lat' dir='ltr'><strong>esset</strong></span> <span class='ocrx_word' id='word_1_304' title='bbox 823 3496 1040 3560; x_wconf 88' lang='lat' dir='ltr'><strong>distributum:</strong></span> <span class='ocrx_word' id='word_1_305' title='bbox 1075 3495 1161 3560; x_wconf 90' lang='lat' dir='ltr'><strong>illius</strong></span> <span class='ocrx_word' id='word_1_306' title='bbox 1193 3495 1359 3560; x_wconf 89' lang='lat' dir='ltr'><strong>decumani</strong></span> <span class='ocrx_word' id='word_1_307' title='bbox 1381 3505 1520 3571; x_wconf 92' lang='lat' dir='ltr'><strong>tantum,</strong></span> <span class='ocrx_word' id='word_1_308' title='bbox 1550 3502 1703 3579; x_wconf 89' lang='lat' dir='ltr'><strong>quantum</strong></span> <span class='ocrx_word' id='word_1_309' title='bbox 1724 3513 1803 3564; x_wconf 78' lang='lat' dir='ltr'><strong>exso</strong></span> 
     </span>
     <span class='ocr_line' id='line_1_32' title="bbox 356 3587 1767 3677; baseline -0.002 -21"><span class='ocrx_word' id='word_1_310' title='bbox 356 3641 360 3647; x_wconf 83' lang='lat'>.</span> <span class='ocrx_word' id='word_1_311' title='bbox 442 3590 550 3677; x_wconf 89' lang='lat' dir='ltr'><strong>primis</strong></span> <span class='ocrx_word' id='word_1_312' title='bbox 573 3589 715 3655; x_wconf 84' lang='lat' dir='ltr'><strong>decumis</strong></span> <span class='ocrx_word' id='word_1_313' title='bbox 735 3588 859 3665; x_wconf 81' lang='lat' dir='ltr'><strong>luisset,</strong></span> <span class='ocrx_word' id='word_1_314' title='bbox 880 3590 975 3653; x_wconf 90' lang='lat' dir='ltr'><strong>buius</strong></span> <span class='ocrx_word' id='word_1_315' title='bbox 997 3591 1144 3674; x_wconf 88' lang='lat' dir='ltr'><strong>imperati</strong></span> <span class='ocrx_word' id='word_1_316' title='bbox 1166 3591 1199 3654; x_wconf 92' lang='lat' dir='ltr'><strong>in</strong></span> <span class='ocrx_word' id='word_1_317' title='bbox 1220 3610 1320 3654; x_wconf 88' lang='lat' dir='ltr'><strong>annos</strong></span> <span class='ocrx_word' id='word_1_318' title='bbox 1342 3589 1485 3674; x_wconf 75' lang='lat' dir='ltr'><strong>singulos</strong></span> <span class='ocrx_word' id='word_1_319' title='bbox 1508 3589 1605 3653; x_wconf 89' lang='lat' dir='ltr'><strong>tritici</strong></span> <span class='ocrx_word' id='word_1_320' title='bbox 1626 3587 1767 3653; x_wconf 86' lang='lat' dir='ltr'><strong>modium</strong></span> 
     </span>
    </p>
   </div>
   <div class='ocr_carea' id='block_1_3' title="bbox 440 3858 1825 5361">
    <p class='ocr_par' dir='ltr' id='par_1_4' title="bbox 440 3858 1825 5361">
     <span class='ocr_line' id='line_1_33' title="bbox 509 3858 1770 3927; baseline 0 -15"><span class='ocrx_word' id='word_1_321' title='bbox 509 3863 533 3912; x_wconf 97' lang='grc'><strong>4.</strong></span> <span class='ocrx_word' id='word_1_322' title='bbox 548 3867 647 3926; x_wconf 69' lang='lat' dir='ltr'><strong>parcent</strong></span> <span class='ocrx_word' id='word_1_323' title='bbox 663 3876 712 3913; x_wconf 78' lang='lat' dir='ltr'><strong>eree</strong></span> <span class='ocrx_word' id='word_1_324' title='bbox 728 3861 812 3927; x_wconf 72' lang='grc' dir='ltr'><strong>4344ι</strong></span> <span class='ocrx_word' id='word_1_325' title='bbox 831 3876 882 3914; x_wconf 78' lang='lat' dir='ltr'><strong>erre</strong></span> <span class='ocrx_word' id='word_1_326' title='bbox 896 3877 923 3926; x_wconf 85' lang='lat' dir='ltr'><strong>p.</strong></span> <span class='ocrx_word' id='word_1_327' title='bbox 942 3865 987 3913; x_wconf 86' lang='lat' dir='ltr'><strong>ctt.</strong></span> <span class='ocrx_word' id='word_1_328' title='bbox 1006 3863 1034 3913; x_wconf 90' lang='lat'><strong>0.</strong></span> <span class='ocrx_word' id='word_1_329' title='bbox 1056 3891 1083 3900; x_wconf 89' lang='lat'><em>—</em></span> <span class='ocrx_word' id='word_1_330' title='bbox 1101 3864 1126 3913; x_wconf 92' lang='grc'><strong>4.</strong></span> <span class='ocrx_word' id='word_1_331' title='bbox 1145 3863 1180 3912; x_wconf 82' lang='lat' dir='ltr'><strong>ad</strong></span> <span class='ocrx_word' id='word_1_332' title='bbox 1195 3863 1242 3912; x_wconf 78' lang='lat' dir='ltr'><strong>cio.</strong></span> <span class='ocrx_word' id='word_1_333' title='bbox 1262 3858 1347 3924; x_wconf 77' lang='lat' dir='ltr'><strong>Lgtr:</strong></span> <span class='ocrx_word' id='word_1_334' title='bbox 1370 3865 1446 3922; x_wconf 63' lang='lat' dir='ltr'><strong>aequo</strong></span> <span class='ocrx_word' id='word_1_335' title='bbox 1461 3859 1508 3910; x_wconf 83' lang='lat' dir='ltr'><strong>ctu.</strong></span> <span class='ocrx_word' id='word_1_336' title='bbox 1528 3862 1573 3912; x_wconf 85' lang='lat' dir='ltr'><strong>ctt.</strong></span> <span class='ocrx_word' id='word_1_337' title='bbox 1593 3860 1626 3917; x_wconf 78' lang='lat'><strong>0:</strong></span> <span class='ocrx_word' id='word_1_338' title='bbox 1644 3865 1719 3924; x_wconf 73' lang='lat' dir='ltr'><strong>etque</strong></span> <span class='ocrx_word' id='word_1_339' title='bbox 1733 3861 1770 3912; x_wconf 82' lang='lat' dir='ltr'><strong>cd</strong></span> 
     </span>
     <span class='ocr_line' id='line_1_34' title="bbox 442 3932 1769 4004; baseline -0.003 -13"><span class='ocrx_word' id='word_1_340' title='bbox 442 3937 715 4003; x_wconf 79' lang='lat' dir='ltr'><strong>conl.1.emb.merg.</strong></span> <span class='ocrx_word' id='word_1_341' title='bbox 730 3936 801 3989; x_wconf 79' lang='grc'><strong>4404.</strong></span> <span class='ocrx_word' id='word_1_342' title='bbox 817 3966 844 3975; x_wconf 91' lang='grc'>-</span> <span class='ocrx_word' id='word_1_343' title='bbox 859 3940 893 3989; x_wconf 86' lang='lat' dir='ltr'><strong>od</strong></span> <span class='ocrx_word' id='word_1_344' title='bbox 910 3945 955 3989; x_wconf 84' lang='lat' dir='ltr'><strong>tue</strong></span> <span class='ocrx_word' id='word_1_345' title='bbox 970 3939 1070 4004; x_wconf 70' lang='lat' dir='ltr'><strong>popleta</strong></span> <span class='ocrx_word' id='word_1_346' title='bbox 1086 3951 1164 4000; x_wconf 80' lang='lat' dir='ltr'><strong>neque</strong></span> <span class='ocrx_word' id='word_1_347' title='bbox 1176 3936 1252 4001; x_wconf 84' lang='grc'><strong>4344,</strong></span> <span class='ocrx_word' id='word_1_348' title='bbox 1272 3934 1349 3986; x_wconf 90' lang='lat' dir='ltr'><strong>codd.</strong></span> <span class='ocrx_word' id='word_1_349' title='bbox 1363 3935 1425 3986; x_wconf 83' lang='lat' dir='ltr'><strong>th:</strong></span> <span class='ocrx_word' id='word_1_350' title='bbox 1444 3947 1497 3985; x_wconf 90' lang='lat' dir='ltr'><strong>om.</strong></span> <span class='ocrx_word' id='word_1_351' title='bbox 1511 3938 1557 3985; x_wconf 89' lang='lat' dir='ltr'><strong>ctt.</strong></span> <span class='ocrx_word' id='word_1_352' title='bbox 1572 3963 1600 3973; x_wconf 96' lang='lat'>-</span> <span class='ocrx_word' id='word_1_353' title='bbox 1618 3933 1643 3984; x_wconf 78' lang='lat'><strong>3.</strong></span> <span class='ocrx_word' id='word_1_354' title='bbox 1656 3932 1769 4000; x_wconf 69' lang='grc'><strong>444344</strong></span> 
     </span>
     <span class='ocr_line' id='line_1_35' title="bbox 441 4011 1770 4078; baseline -0.003 -14"><span class='ocrx_word' id='word_1_355' title='bbox 441 4015 476 4064; x_wconf 85' lang='lat' dir='ltr'><strong>N:</strong></span> <span class='ocrx_word' id='word_1_356' title='bbox 494 4025 548 4063; x_wconf 91' lang='lat' dir='ltr'><strong>om.</strong></span> <span class='ocrx_word' id='word_1_357' title='bbox 567 4014 612 4062; x_wconf 88' lang='lat' dir='ltr'><strong>ctt.</strong></span> <span class='ocrx_word' id='word_1_358' title='bbox 628 4041 656 4050; x_wconf 98' lang='lat'>-</span> <span class='ocrx_word' id='word_1_359' title='bbox 669 4019 693 4063; x_wconf 88' lang='lat' dir='ltr'><strong>et</strong></span> <span class='ocrx_word' id='word_1_360' title='bbox 709 4014 784 4076; x_wconf 85' lang='lat' dir='ltr'><strong>impr.</strong></span> <span class='ocrx_word' id='word_1_361' title='bbox 802 4019 825 4064; x_wconf 87' lang='lat' dir='ltr'><strong>et</strong></span> <span class='ocrx_word' id='word_1_362' title='bbox 842 4015 940 4077; x_wconf 87' lang='lat' dir='ltr'><strong>impuro</strong></span> <span class='ocrx_word' id='word_1_363' title='bbox 958 4012 1042 4078; x_wconf 75' lang='lat' dir='ltr'><strong>Lgtr:</strong></span> <span class='ocrx_word' id='word_1_364' title='bbox 1062 4018 1138 4075; x_wconf 80' lang='lat' dir='ltr'><strong>atque</strong></span> <span class='ocrx_word' id='word_1_365' title='bbox 1153 4012 1228 4074; x_wconf 79' lang='lat' dir='ltr'><strong>impr.</strong></span> <span class='ocrx_word' id='word_1_366' title='bbox 1247 4016 1270 4061; x_wconf 87' lang='lat' dir='ltr'><strong>et</strong></span> <span class='ocrx_word' id='word_1_367' title='bbox 1286 4012 1386 4073; x_wconf 81' lang='lat' dir='ltr'><strong>impuro</strong></span> <span class='ocrx_word' id='word_1_368' title='bbox 1402 4012 1424 4061; x_wconf 77' lang='lat' dir='ltr'>A</span> <span class='ocrx_word' id='word_1_369' title='bbox 1441 4012 1468 4061; x_wconf 85' lang='lat' dir='ltr'><strong>et</strong></span> <span class='ocrx_word' id='word_1_370' title='bbox 1478 4011 1563 4075; x_wconf 75' lang='grc' dir='ltr'><strong>4349ς</strong></span> <span class='ocrx_word' id='word_1_371' title='bbox 1580 4015 1655 4072; x_wconf 83' lang='lat' dir='ltr'><strong>atque</strong></span> <span class='ocrx_word' id='word_1_372' title='bbox 1670 4011 1770 4074; x_wconf 74' lang='lat' dir='ltr'><strong>mpure</strong></span> 
     </span>
     <span class='ocr_line' id='line_1_36' title="bbox 440 4083 1769 4152; baseline -0.003 -14"><span class='ocrx_word' id='word_1_373' title='bbox 440 4093 464 4138; x_wconf 87' lang='lat' dir='ltr'><strong>et</strong></span> <span class='ocrx_word' id='word_1_374' title='bbox 480 4089 556 4150; x_wconf 78' lang='lat' dir='ltr'><strong>mpr.</strong></span> <span class='ocrx_word' id='word_1_375' title='bbox 575 4090 620 4139; x_wconf 89' lang='lat' dir='ltr'><strong>ctt.</strong></span> <span class='ocrx_word' id='word_1_376' title='bbox 640 4088 669 4139; x_wconf 94' lang='grc'><strong>0.</strong></span> <span class='ocrx_word' id='word_1_377' title='bbox 685 4113 712 4127; x_wconf 96' lang='grc'><strong>-</strong></span> <span class='ocrx_word' id='word_1_378' title='bbox 726 4086 750 4139; x_wconf 83' lang='lat' dir='ltr'><strong>l.</strong></span> <span class='ocrx_word' id='word_1_379' title='bbox 765 4093 870 4152; x_wconf 77' lang='lat' dir='ltr'><strong>parenti</strong></span> <span class='ocrx_word' id='word_1_380' title='bbox 885 4095 960 4140; x_wconf 76' lang='lat' dir='ltr'><strong>norm</strong></span> <span class='ocrx_word' id='word_1_381' title='bbox 976 4093 998 4139; x_wconf 84' lang='lat' dir='ltr'><strong>et</strong></span> <span class='ocrx_word' id='word_1_382' title='bbox 1014 4088 1144 4150; x_wconf 74' lang='lat' dir='ltr'><strong>imperem</strong></span> <span class='ocrx_word' id='word_1_383' title='bbox 1158 4091 1183 4136; x_wconf 90' lang='lat' dir='ltr'><strong>et</strong></span> <span class='ocrx_word' id='word_1_384' title='bbox 1198 4085 1326 4148; x_wconf 79' lang='lat' dir='ltr'><strong>improbar</strong></span> <span class='ocrx_word' id='word_1_385' title='bbox 1336 4086 1356 4149; x_wconf 77' lang='lat' dir='ltr'><strong>s.</strong></span> <span class='ocrx_word' id='word_1_386' title='bbox 1375 4083 1453 4148; x_wconf 87' lang='grc'><strong>4344.</strong></span> <span class='ocrx_word' id='word_1_387' title='bbox 1469 4111 1496 4120; x_wconf 95' lang='grc'><strong>-</strong></span> <span class='ocrx_word' id='word_1_388' title='bbox 1509 4099 1549 4136; x_wconf 87' lang='lat' dir='ltr'><strong>rer</strong></span> <span class='ocrx_word' id='word_1_389' title='bbox 1556 4099 1585 4147; x_wconf 82' lang='lat' dir='ltr'><strong>p.</strong></span> <span class='ocrx_word' id='word_1_390' title='bbox 1598 4084 1642 4134; x_wconf 83' lang='lat' dir='ltr'><strong>aba</strong></span> <span class='ocrx_word' id='word_1_391' title='bbox 1653 4089 1676 4135; x_wconf 85' lang='lat' dir='ltr'><strong>te</strong></span> <span class='ocrx_word' id='word_1_392' title='bbox 1687 4083 1769 4149; x_wconf 77' lang='grc' dir='ltr'><strong>4344τ</strong></span> 
     </span>
     <span class='ocr_line' id='line_1_37' title="bbox 442 4156 1769 4227; baseline -0.002 -15"><span class='ocrx_word' id='word_1_393' title='bbox 442 4162 487 4212; x_wconf 80' lang='lat' dir='ltr'><strong>aba</strong></span> <span class='ocrx_word' id='word_1_394' title='bbox 502 4167 525 4212; x_wconf 90' lang='lat' dir='ltr'><strong>te</strong></span> <span class='ocrx_word' id='word_1_395' title='bbox 540 4176 564 4214; x_wconf 90' lang='lat' dir='ltr'><strong>r.</strong></span> <span class='ocrx_word' id='word_1_396' title='bbox 585 4177 613 4225; x_wconf 81' lang='lat' dir='ltr'><strong>p.</strong></span> <span class='ocrx_word' id='word_1_397' title='bbox 638 4165 684 4215; x_wconf 91' lang='lat' dir='ltr'><strong>ctt.</strong></span> <span class='ocrx_word' id='word_1_398' title='bbox 708 4164 737 4214; x_wconf 94' lang='grc'><strong>0.</strong></span> <span class='ocrx_word' id='word_1_399' title='bbox 758 4191 784 4200; x_wconf 92' lang='grc'><strong>-</strong></span> <span class='ocrx_word' id='word_1_400' title='bbox 804 4166 829 4215; x_wconf 82' lang='lat' dir='ltr'><strong>b.</strong></span> <span class='ocrx_word' id='word_1_401' title='bbox 853 4179 903 4214; x_wconf 79' lang='grc'><strong>444</strong></span> <span class='ocrx_word' id='word_1_402' title='bbox 921 4177 1001 4227; x_wconf 87' lang='lat' dir='ltr'><strong>prope</strong></span> <span class='ocrx_word' id='word_1_403' title='bbox 1027 4163 1127 4212; x_wconf 85' lang='lat' dir='ltr'><strong>Verrem</strong></span> <span class='ocrx_word' id='word_1_404' title='bbox 1151 4161 1193 4210; x_wconf 80' lang='lat' dir='ltr'><strong>red</strong></span> <span class='ocrx_word' id='word_1_405' title='bbox 1213 4160 1366 4211; x_wconf 76' lang='lat' dir='ltr'><strong>rubimtituts</strong></span> <span class='ocrx_word' id='word_1_406' title='bbox 1386 4160 1495 4210; x_wconf 69' lang='grc'><strong>44444444</strong></span> <span class='ocrx_word' id='word_1_407' title='bbox 1514 4160 1622 4210; x_wconf 64' lang='lat' dir='ltr'><strong>civitate</strong></span> <span class='ocrx_word' id='word_1_408' title='bbox 1643 4156 1720 4223; x_wconf 83' lang='grc'><strong>4344.</strong></span> <span class='ocrx_word' id='word_1_409' title='bbox 1739 4184 1769 4197; x_wconf 94' lang='grc'>-</span> 
     </span>
     <span class='ocr_line' id='line_1_38' title="bbox 441 4232 1773 4301; baseline -0.002 -13"><span class='ocrx_word' id='word_1_410' title='bbox 441 4239 466 4289; x_wconf 86' lang='grc'><strong>0.</strong></span> <span class='ocrx_word' id='word_1_411' title='bbox 483 4238 529 4288; x_wconf 82' lang='lat' dir='ltr'><strong>boc</strong></span> <span class='ocrx_word' id='word_1_412' title='bbox 543 4237 608 4301; x_wconf 77' lang='lat' dir='ltr'><strong>sorte</strong></span> <span class='ocrx_word' id='word_1_413' title='bbox 618 4239 639 4288; x_wconf 95' lang='lat'>0</span> <span class='ocrx_word' id='word_1_414' title='bbox 651 4241 742 4289; x_wconf 84' lang='lat' dir='ltr'><strong>contre</strong></span> <span class='ocrx_word' id='word_1_415' title='bbox 756 4238 834 4290; x_wconf 89' lang='lat' dir='ltr'><strong>codd.</strong></span> <span class='ocrx_word' id='word_1_416' title='bbox 849 4265 876 4275; x_wconf 93' lang='lat'><em>-</em></span> <span class='ocrx_word' id='word_1_417' title='bbox 890 4240 1035 4290; x_wconf 71' lang='lat' dir='ltr'><strong>deteriorem</strong></span> <span class='ocrx_word' id='word_1_418' title='bbox 1052 4235 1079 4289; x_wconf 82' lang='lat' dir='ltr'><strong>l:</strong></span> <span class='ocrx_word' id='word_1_419' title='bbox 1100 4236 1207 4286; x_wconf 86' lang='lat' dir='ltr'><strong>deterior</strong></span> <span class='ocrx_word' id='word_1_420' title='bbox 1222 4240 1257 4285; x_wconf 82' lang='lat' dir='ltr'><strong>ert</strong></span> <span class='ocrx_word' id='word_1_421' title='bbox 1273 4233 1330 4286; x_wconf 92' lang='lat' dir='ltr'><strong>rell.</strong></span> <span class='ocrx_word' id='word_1_422' title='bbox 1343 4235 1404 4286; x_wconf 93' lang='grc'><strong>0.-</strong></span> <span class='ocrx_word' id='word_1_423' title='bbox 1416 4235 1438 4285; x_wconf 78' lang='lat' dir='ltr'><strong>st</strong></span> <span class='ocrx_word' id='word_1_424' title='bbox 1454 4246 1507 4286; x_wconf 87' lang='lat' dir='ltr'><strong>om.</strong></span> <span class='ocrx_word' id='word_1_425' title='bbox 1525 4232 1604 4298; x_wconf 83' lang='grc'><strong>4344.</strong></span> <span class='ocrx_word' id='word_1_426' title='bbox 1619 4261 1646 4272; x_wconf 94' lang='grc'>-</span> <span class='ocrx_word' id='word_1_427' title='bbox 1659 4235 1684 4286; x_wconf 83' lang='grc'><strong>7.</strong></span> <span class='ocrx_word' id='word_1_428' title='bbox 1697 4239 1773 4299; x_wconf 74' lang='lat' dir='ltr'><strong>arpeo</strong></span> 
     </span>
     <span class='ocr_line' id='line_1_39' title="bbox 442 4309 1770 4378; baseline 0.001 -16"><span class='ocrx_word' id='word_1_429' title='bbox 442 4310 527 4375; x_wconf 77' lang='grc' dir='ltr'><strong>4344ε</strong></span> <span class='ocrx_word' id='word_1_430' title='bbox 546 4325 577 4362; x_wconf 82' lang='lat' dir='ltr'><strong>ac</strong></span> <span class='ocrx_word' id='word_1_431' title='bbox 594 4315 639 4363; x_wconf 91' lang='lat' dir='ltr'><strong>ctt.</strong></span> <span class='ocrx_word' id='word_1_432' title='bbox 658 4312 687 4362; x_wconf 93' lang='lat'><strong>0.</strong></span> <span class='ocrx_word' id='word_1_433' title='bbox 708 4339 736 4349; x_wconf 96' lang='lat'><em>-</em></span> <span class='ocrx_word' id='word_1_434' title='bbox 755 4314 779 4365; x_wconf 89' lang='lat'><strong>8.</strong></span> <span class='ocrx_word' id='word_1_435' title='bbox 796 4314 907 4378; x_wconf 74' lang='lat' dir='ltr'><strong>festivius</strong></span> <span class='ocrx_word' id='word_1_436' title='bbox 920 4315 975 4378; x_wconf 78' lang='lat' dir='ltr'><strong>sore</strong></span> <span class='ocrx_word' id='word_1_437' title='bbox 992 4314 1056 4364; x_wconf 88' lang='lat' dir='ltr'><strong>dett.</strong></span> <span class='ocrx_word' id='word_1_438' title='bbox 1075 4312 1104 4363; x_wconf 92' lang='lat'><strong>0.</strong></span> <span class='ocrx_word' id='word_1_439' title='bbox 1120 4338 1146 4348; x_wconf 96' lang='lat'>-</span> <span class='ocrx_word' id='word_1_440' title='bbox 1165 4312 1186 4361; x_wconf 76' lang='lat' dir='ltr'><strong>s·</strong></span> <span class='ocrx_word' id='word_1_441' title='bbox 1203 4310 1289 4375; x_wconf 77' lang='grc' dir='ltr'><strong>4344ε</strong></span> <span class='ocrx_word' id='word_1_442' title='bbox 1309 4311 1352 4374; x_wconf 84' lang='lat' dir='ltr'><strong>qui</strong></span> <span class='ocrx_word' id='word_1_443' title='bbox 1368 4313 1415 4361; x_wconf 86' lang='lat' dir='ltr'><strong>ctt.</strong></span> <span class='ocrx_word' id='word_1_444' title='bbox 1434 4310 1463 4360; x_wconf 94' lang='grc'><strong>0.</strong></span> <span class='ocrx_word' id='word_1_445' title='bbox 1478 4337 1506 4347; x_wconf 98' lang='grc'>-</span> <span class='ocrx_word' id='word_1_446' title='bbox 1520 4309 1561 4360; x_wconf 90' lang='grc'><strong>40.</strong></span> <span class='ocrx_word' id='word_1_447' title='bbox 1578 4310 1645 4361; x_wconf 77' lang='lat' dir='ltr'><strong>retro</strong></span> <span class='ocrx_word' id='word_1_448' title='bbox 1659 4322 1700 4362; x_wconf 85' lang='lat' dir='ltr'><strong>me</strong></span> <span class='ocrx_word' id='word_1_449' title='bbox 1715 4321 1770 4363; x_wconf 84' lang='lat' dir='ltr'><strong>om.</strong></span> 
     </span>
     <span class='ocr_line' id='line_1_40' title="bbox 441 4382 1769 4452; baseline 0 -14"><span class='ocrx_word' id='word_1_450' title='bbox 441 4387 520 4452; x_wconf 83' lang='grc'><strong>4349.</strong></span> <span class='ocrx_word' id='word_1_451' title='bbox 541 4413 568 4422; x_wconf 94' lang='grc'><strong>-</strong></span> <span class='ocrx_word' id='word_1_452' title='bbox 589 4387 629 4436; x_wconf 89' lang='grc'><strong>44.</strong></span> <span class='ocrx_word' id='word_1_453' title='bbox 646 4387 694 4450; x_wconf 75' lang='lat' dir='ltr'><strong>sut.</strong></span> <span class='ocrx_word' id='word_1_454' title='bbox 712 4388 761 4438; x_wconf 78' lang='lat' dir='ltr'><strong>rtet</strong></span> <span class='ocrx_word' id='word_1_455' title='bbox 777 4387 842 4439; x_wconf 88' lang='lat' dir='ltr'><strong>dett.</strong></span> <span class='ocrx_word' id='word_1_456' title='bbox 862 4390 891 4439; x_wconf 91' lang='lat'><strong>0.</strong></span> <span class='ocrx_word' id='word_1_457' title='bbox 912 4415 940 4428; x_wconf 92' lang='lat'><em>-</em></span> <span class='ocrx_word' id='word_1_458' title='bbox 960 4390 999 4440; x_wconf 82' lang='grc'><strong>43.</strong></span> <span class='ocrx_word' id='word_1_459' title='bbox 1021 4388 1104 4438; x_wconf 71' lang='lat' dir='ltr'><strong>Verris</strong></span> <span class='ocrx_word' id='word_1_460' title='bbox 1119 4385 1188 4450; x_wconf 87' lang='grc'><strong>4344</strong></span> <span class='ocrx_word' id='word_1_461' title='bbox 1205 4385 1238 4435; x_wconf 84' lang='grc'><strong>444</strong></span> <span class='ocrx_word' id='word_1_462' title='bbox 1254 4387 1320 4437; x_wconf 79' lang='lat' dir='ltr'><strong>AB:</strong></span> <span class='ocrx_word' id='word_1_463' title='bbox 1346 4386 1417 4436; x_wconf 80' lang='lat' dir='ltr'><strong>Verri</strong></span> <span class='ocrx_word' id='word_1_464' title='bbox 1434 4382 1512 4436; x_wconf 89' lang='lat' dir='ltr'><strong>codd.</strong></span> <span class='ocrx_word' id='word_1_465' title='bbox 1530 4383 1586 4436; x_wconf 89' lang='lat' dir='ltr'><strong>rell.</strong></span> <span class='ocrx_word' id='word_1_466' title='bbox 1605 4387 1674 4448; x_wconf 91' lang='lat' dir='ltr'><strong>noti,</strong></span> <span class='ocrx_word' id='word_1_467' title='bbox 1692 4387 1722 4438; x_wconf 91' lang='lat'><strong>0.</strong></span> <span class='ocrx_word' id='word_1_468' title='bbox 1742 4412 1769 4427; x_wconf 90' lang='lat'>-</span> 
     </span>
     <span class='ocr_line' id='line_1_41' title="bbox 442 4461 1773 4528; baseline 0.002 -18"><span class='ocrx_word' id='word_1_469' title='bbox 442 4463 482 4512; x_wconf 79' lang='lat' dir='ltr'><strong>lb.</strong></span> <span class='ocrx_word' id='word_1_470' title='bbox 500 4461 605 4511; x_wconf 70' lang='lat' dir='ltr'><strong>ueritate</strong></span> <span class='ocrx_word' id='word_1_471' title='bbox 621 4463 710 4513; x_wconf 83' lang='lat' dir='ltr'><strong>codd:</strong></span> <span class='ocrx_word' id='word_1_472' title='bbox 730 4465 860 4514; x_wconf 71' lang='grc'><strong>4444444444</strong></span> <span class='ocrx_word' id='word_1_473' title='bbox 877 4465 936 4517; x_wconf 92' lang='grc'><strong>40.</strong></span> <span class='ocrx_word' id='word_1_474' title='bbox 956 4464 995 4516; x_wconf 82' lang='lat' dir='ltr'><strong>cl.</strong></span> <span class='ocrx_word' id='word_1_475' title='bbox 1014 4463 1115 4515; x_wconf 75' lang='lat' dir='ltr'><strong>addet.</strong></span> <span class='ocrx_word' id='word_1_476' title='bbox 1129 4463 1148 4513; x_wconf 93' lang='lat' dir='ltr'><strong>l.</strong></span> <span class='ocrx_word' id='word_1_477' title='bbox 1168 4461 1192 4526; x_wconf 70' lang='grc'><strong>5.</strong></span> <span class='ocrx_word' id='word_1_478' title='bbox 1205 4461 1230 4512; x_wconf 84' lang='grc'><strong>3.</strong></span> <span class='ocrx_word' id='word_1_479' title='bbox 1243 4489 1271 4500; x_wconf 89' lang='grc'>-</span> <span class='ocrx_word' id='word_1_480' title='bbox 1289 4462 1386 4512; x_wconf 76' lang='lat' dir='ltr'><strong>nocertt</strong></span> <span class='ocrx_word' id='word_1_481' title='bbox 1402 4463 1482 4512; x_wconf 78' lang='lat' dir='ltr'><strong>deerre</strong></span> <span class='ocrx_word' id='word_1_482' title='bbox 1498 4461 1566 4524; x_wconf 77' lang='grc'><strong>4344</strong></span> <span class='ocrx_word' id='word_1_483' title='bbox 1576 4462 1618 4514; x_wconf 80' lang='grc'><strong>49.</strong></span> <span class='ocrx_word' id='word_1_484' title='bbox 1633 4490 1661 4500; x_wconf 98' lang='grc'>-</span> <span class='ocrx_word' id='word_1_485' title='bbox 1675 4462 1715 4513; x_wconf 84' lang='grc'><strong>47.</strong></span> <span class='ocrx_word' id='word_1_486' title='bbox 1727 4474 1773 4528; x_wconf 75' lang='lat' dir='ltr'><strong>equ</strong></span> 
     </span>
     <span class='ocr_line' id='line_1_42' title="bbox 442 4534 1774 4602; baseline 0.001 -15"><span class='ocrx_word' id='word_1_487' title='bbox 442 4539 468 4587; x_wconf 89' lang='lat' dir='ltr'><strong>et</strong></span> <span class='ocrx_word' id='word_1_488' title='bbox 487 4534 526 4586; x_wconf 83' lang='grc'><strong>40.</strong></span> <span class='ocrx_word' id='word_1_489' title='bbox 544 4536 586 4586; x_wconf 79' lang='lat' dir='ltr'><strong>tati</strong></span> <span class='ocrx_word' id='word_1_490' title='bbox 597 4549 651 4588; x_wconf 89' lang='lat' dir='ltr'><strong>om.</strong></span> <span class='ocrx_word' id='word_1_491' title='bbox 665 4539 742 4602; x_wconf 83' lang='grc'><strong>4340.</strong></span> <span class='ocrx_word' id='word_1_492' title='bbox 755 4566 783 4576; x_wconf 93' lang='grc'>-</span> <span class='ocrx_word' id='word_1_493' title='bbox 802 4540 842 4591; x_wconf 87' lang='grc'><strong>48.</strong></span> <span class='ocrx_word' id='word_1_494' title='bbox 858 4545 893 4589; x_wconf 83' lang='lat' dir='ltr'><strong>ert</strong></span> <span class='ocrx_word' id='word_1_495' title='bbox 905 4552 959 4590; x_wconf 92' lang='lat' dir='ltr'><strong>om.</strong></span> <span class='ocrx_word' id='word_1_496' title='bbox 973 4538 1050 4602; x_wconf 80' lang='grc'><strong>4344.</strong></span> <span class='ocrx_word' id='word_1_497' title='bbox 1063 4564 1091 4575; x_wconf 98' lang='grc'><strong>-</strong></span> <span class='ocrx_word' id='word_1_498' title='bbox 1110 4542 1138 4586; x_wconf 87' lang='lat' dir='ltr'><strong>ut</strong></span> <span class='ocrx_word' id='word_1_499' title='bbox 1154 4538 1176 4586; x_wconf 81' lang='lat' dir='ltr'><strong>rt</strong></span> <span class='ocrx_word' id='word_1_500' title='bbox 1192 4536 1416 4601; x_wconf 75' lang='lat' dir='ltr'><strong>uuoeLgt9AB3</strong></span> <span class='ocrx_word' id='word_1_501' title='bbox 1434 4536 1456 4586; x_wconf 79' lang='lat' dir='ltr'><strong>st</strong></span> <span class='ocrx_word' id='word_1_502' title='bbox 1471 4537 1513 4586; x_wconf 75' lang='lat' dir='ltr'><strong>md</strong></span> <span class='ocrx_word' id='word_1_503' title='bbox 1528 4536 1687 4602; x_wconf 74' lang='grc' dir='ltr'><strong>44444344ς</strong></span> <span class='ocrx_word' id='word_1_504' title='bbox 1704 4537 1774 4588; x_wconf 75' lang='lat' dir='ltr'><strong>am</strong></span> 
     </span>
     <span class='ocr_line' id='line_1_43' title="bbox 440 4608 1773 4678; baseline 0 -16"><span class='ocrx_word' id='word_1_505' title='bbox 440 4624 507 4662; x_wconf 85' lang='lat' dir='ltr'><strong>mmc</strong></span> <span class='ocrx_word' id='word_1_506' title='bbox 522 4608 614 4665; x_wconf 71' lang='lat' dir='ltr'><strong>Klete:</strong></span> <span class='ocrx_word' id='word_1_507' title='bbox 627 4612 663 4672; x_wconf 86' lang='lat' dir='ltr'><strong>rt,</strong></span> <span class='ocrx_word' id='word_1_508' title='bbox 682 4615 745 4663; x_wconf 81' lang='lat' dir='ltr'><strong>sicut</strong></span> <span class='ocrx_word' id='word_1_509' title='bbox 755 4628 821 4664; x_wconf 80' lang='lat' dir='ltr'><strong>rrum</strong></span> <span class='ocrx_word' id='word_1_510' title='bbox 833 4614 990 4665; x_wconf 72' lang='lat' dir='ltr'><strong>Halmius·</strong></span> <span class='ocrx_word' id='word_1_511' title='bbox 1005 4614 1046 4664; x_wconf 96' lang='grc'><strong>40.</strong></span> <span class='ocrx_word' id='word_1_512' title='bbox 1059 4613 1105 4663; x_wconf 82' lang='lat' dir='ltr'><strong>boc</strong></span> <span class='ocrx_word' id='word_1_513' title='bbox 1116 4612 1226 4677; x_wconf 81' lang='grc'><strong>4344-</strong></span> <span class='ocrx_word' id='word_1_514' title='bbox 1239 4613 1287 4677; x_wconf 65' lang='lat' dir='ltr'><strong>mit</strong></span> <span class='ocrx_word' id='word_1_515' title='bbox 1297 4625 1351 4664; x_wconf 90' lang='lat' dir='ltr'><strong>om.</strong></span> <span class='ocrx_word' id='word_1_516' title='bbox 1365 4610 1478 4664; x_wconf 85' lang='lat' dir='ltr'><strong>idem·</strong></span> <span class='ocrx_word' id='word_1_517' title='bbox 1487 4611 1530 4661; x_wconf 88' lang='grc'><strong>44.</strong></span> <span class='ocrx_word' id='word_1_518' title='bbox 1544 4611 1694 4662; x_wconf 71' lang='grc'><strong>1444444444</strong></span> <span class='ocrx_word' id='word_1_519' title='bbox 1704 4610 1773 4678; x_wconf 79' lang='grc'><strong>4344</strong></span> 
     </span>
     <span class='ocr_line' id='line_1_44' title="bbox 441 4685 1775 4754; baseline -0.001 -15"><span class='ocrx_word' id='word_1_520' title='bbox 441 4701 468 4754; x_wconf 85' lang='lat' dir='ltr'><strong>p.</strong></span> <span class='ocrx_word' id='word_1_521' title='bbox 480 4700 530 4739; x_wconf 85' lang='lat' dir='ltr'><strong>m.:</strong></span> <span class='ocrx_word' id='word_1_522' title='bbox 549 4688 712 4738; x_wconf 78' lang='lat' dir='ltr'><strong>Trmcrcbtdtr</strong></span> <span class='ocrx_word' id='word_1_523' title='bbox 721 4688 779 4740; x_wconf 88' lang='lat' dir='ltr'><strong>rell.</strong></span> <span class='ocrx_word' id='word_1_524' title='bbox 792 4691 822 4741; x_wconf 91' lang='lat'><strong>0.</strong></span> <span class='ocrx_word' id='word_1_525' title='bbox 837 4716 864 4727; x_wconf 92' lang='lat'>-</span> <span class='ocrx_word' id='word_1_526' title='bbox 878 4691 993 4754; x_wconf 81' lang='lat' dir='ltr'><strong>deprerm</strong></span> <span class='ocrx_word' id='word_1_527' title='bbox 1004 4688 1065 4739; x_wconf 90' lang='lat'><strong>0.-</strong></span> <span class='ocrx_word' id='word_1_528' title='bbox 1083 4687 1124 4739; x_wconf 85' lang='grc'><strong>44.</strong></span> <span class='ocrx_word' id='word_1_529' title='bbox 1137 4700 1177 4737; x_wconf 93' lang='lat' dir='ltr'><strong>me</strong></span> <span class='ocrx_word' id='word_1_530' title='bbox 1187 4701 1240 4739; x_wconf 91' lang='lat' dir='ltr'><strong>om.</strong></span> <span class='ocrx_word' id='word_1_531' title='bbox 1254 4687 1333 4752; x_wconf 89' lang='grc'><strong>4344.</strong></span> <span class='ocrx_word' id='word_1_532' title='bbox 1347 4714 1374 4725; x_wconf 97' lang='grc'><strong>-</strong></span> <span class='ocrx_word' id='word_1_533' title='bbox 1387 4685 1715 4739; x_wconf 67' lang='lat' dir='ltr'><strong>decummmolnmbmus:</strong></span> <span class='ocrx_word' id='word_1_534' title='bbox 1733 4687 1775 4738; x_wconf 84' lang='lat' dir='ltr'><strong>de-</strong></span> 
     </span>
     <span class='ocr_line' id='line_1_45' title="bbox 441 4761 1775 4829; baseline -0.001 -14"><span class='ocrx_word' id='word_1_535' title='bbox 441 4776 574 4815; x_wconf 76' lang='lat' dir='ltr'><strong>cumanum</strong></span> <span class='ocrx_word' id='word_1_536' title='bbox 590 4763 667 4815; x_wconf 89' lang='lat' dir='ltr'><strong>codd.</strong></span> <span class='ocrx_word' id='word_1_537' title='bbox 688 4767 721 4815; x_wconf 80' lang='grc'><strong>44</strong></span> <span class='ocrx_word' id='word_1_538' title='bbox 737 4765 771 4816; x_wconf 86' lang='lat' dir='ltr'><strong>cl.</strong></span> <span class='ocrx_word' id='word_1_539' title='bbox 790 4765 814 4829; x_wconf 67' lang='grc'><strong>4.</strong></span> <span class='ocrx_word' id='word_1_540' title='bbox 828 4764 884 4819; x_wconf 80' lang='lat' dir='ltr'><strong>tel.</strong></span> <span class='ocrx_word' id='word_1_541' title='bbox 904 4765 960 4816; x_wconf 78' lang='grc'><strong>448.</strong></span> <span class='ocrx_word' id='word_1_542' title='bbox 975 4791 1002 4802; x_wconf 93' lang='grc'>-</span> <span class='ocrx_word' id='word_1_543' title='bbox 1021 4763 1061 4814; x_wconf 81' lang='grc'><strong>43.</strong></span> <span class='ocrx_word' id='word_1_544' title='bbox 1079 4777 1127 4827; x_wconf 82' lang='lat' dir='ltr'><strong>per</strong></span> <span class='ocrx_word' id='word_1_545' title='bbox 1145 4764 1281 4814; x_wconf 70' lang='lat' dir='ltr'><strong>triennium</strong></span> <span class='ocrx_word' id='word_1_546' title='bbox 1296 4777 1350 4814; x_wconf 91' lang='lat' dir='ltr'><strong>om.</strong></span> <span class='ocrx_word' id='word_1_547' title='bbox 1363 4762 1441 4827; x_wconf 88' lang='grc'><strong>4344.</strong></span> <span class='ocrx_word' id='word_1_548' title='bbox 1460 4788 1489 4800; x_wconf 91' lang='grc'>-</span> <span class='ocrx_word' id='word_1_549' title='bbox 1508 4776 1550 4813; x_wconf 82' lang='lat' dir='ltr'><strong>ev.</strong></span> <span class='ocrx_word' id='word_1_550' title='bbox 1567 4762 1594 4811; x_wconf 83' lang='grc'><strong>44</strong></span> <span class='ocrx_word' id='word_1_551' title='bbox 1609 4762 1647 4812; x_wconf 89' lang='lat' dir='ltr'><strong>rei</strong></span> <span class='ocrx_word' id='word_1_552' title='bbox 1660 4761 1775 4825; x_wconf 70' lang='lat' dir='ltr'><strong>meane</strong></span> 
     </span>
     <span class='ocr_line' id='line_1_46' title="bbox 442 4836 1775 4903; baseline -0.002 -13"><span class='ocrx_word' id='word_1_553' title='bbox 442 4836 511 4903; x_wconf 78' lang='grc'><strong>4344</strong></span> <span class='ocrx_word' id='word_1_554' title='bbox 538 4836 603 4890; x_wconf 85' lang='lat' dir='ltr'><strong>lude</strong></span> <span class='ocrx_word' id='word_1_555' title='bbox 616 4836 743 4890; x_wconf 79' lang='lat' dir='ltr'><strong>Klotziua:</strong></span> <span class='ocrx_word' id='word_1_556' title='bbox 763 4852 878 4891; x_wconf 73' lang='lat' dir='ltr'><strong>comeum</strong></span> <span class='ocrx_word' id='word_1_557' title='bbox 895 4839 927 4890; x_wconf 79' lang='lat' dir='ltr'><strong>ab</strong></span> <span class='ocrx_word' id='word_1_558' title='bbox 942 4853 971 4890; x_wconf 85' lang='lat' dir='ltr'><strong>re</strong></span> <span class='ocrx_word' id='word_1_559' title='bbox 980 4853 1006 4902; x_wconf 82' lang='lat' dir='ltr'><strong>p.</strong></span> <span class='ocrx_word' id='word_1_560' title='bbox 1021 4862 1048 4876; x_wconf 93' lang='lat'><em>-</em></span> <span class='ocrx_word' id='word_1_561' title='bbox 1063 4844 1222 4902; x_wconf 79' lang='lat' dir='ltr'><strong>ereptumque</strong></span> <span class='ocrx_word' id='word_1_562' title='bbox 1238 4839 1307 4903; x_wconf 88' lang='grc'><strong>4344</strong></span> <span class='ocrx_word' id='word_1_563' title='bbox 1318 4840 1357 4889; x_wconf 85' lang='lat' dir='ltr'><strong>N:</strong></span> <span class='ocrx_word' id='word_1_564' title='bbox 1376 4838 1554 4900; x_wconf 78' lang='lat' dir='ltr'><strong>abreptumque</strong></span> <span class='ocrx_word' id='word_1_565' title='bbox 1569 4839 1615 4888; x_wconf 90' lang='lat' dir='ltr'><strong>ctt.</strong></span> <span class='ocrx_word' id='word_1_566' title='bbox 1630 4862 1657 4873; x_wconf 89' lang='lat'>-</span> <span class='ocrx_word' id='word_1_567' title='bbox 1670 4836 1712 4887; x_wconf 80' lang='grc'><strong>444.</strong></span> <span class='ocrx_word' id='word_1_568' title='bbox 1729 4849 1775 4888; x_wconf 75' lang='lat' dir='ltr'><strong>nee</strong></span> 
     </span>
     <span class='ocr_line' id='line_1_47' title="bbox 441 4910 1774 4979; baseline -0.002 -16"><span class='ocrx_word' id='word_1_569' title='bbox 441 4914 534 4963; x_wconf 81' lang='lat' dir='ltr'><strong>iudteer</strong></span> <span class='ocrx_word' id='word_1_570' title='bbox 547 4913 676 4963; x_wconf 67' lang='lat' dir='ltr'><strong>eldeum</strong></span> <span class='ocrx_word' id='word_1_571' title='bbox 693 4913 770 4979; x_wconf 82' lang='grc'><strong>4344.</strong></span> <span class='ocrx_word' id='word_1_572' title='bbox 790 4943 818 4954; x_wconf 88' lang='grc'><strong>-</strong></span> <span class='ocrx_word' id='word_1_573' title='bbox 836 4916 877 4966; x_wconf 81' lang='grc'><strong>44.</strong></span> <span class='ocrx_word' id='word_1_574' title='bbox 896 4915 1013 4965; x_wconf 75' lang='lat' dir='ltr'><strong>attendite</strong></span> <span class='ocrx_word' id='word_1_575' title='bbox 1028 4912 1098 4978; x_wconf 89' lang='grc'><strong>4344</strong></span> <span class='ocrx_word' id='word_1_576' title='bbox 1109 4916 1148 4964; x_wconf 77' lang='lat' dir='ltr'><strong>A:</strong></span> <span class='ocrx_word' id='word_1_577' title='bbox 1173 4915 1298 4965; x_wconf 73' lang='grc'><strong>4444444444.</strong></span> <span class='ocrx_word' id='word_1_578' title='bbox 1327 4915 1374 4965; x_wconf 74' lang='lat' dir='ltr'><strong>ba</strong></span> <span class='ocrx_word' id='word_1_579' title='bbox 1390 4912 1566 4965; x_wconf 69' lang='lat' dir='ltr'><strong>reburrum</strong></span> <span class='ocrx_word' id='word_1_580' title='bbox 1581 4910 1689 4962; x_wconf 71' lang='lat' dir='ltr'><strong>limo</strong></span> <span class='ocrx_word' id='word_1_581' title='bbox 1704 4910 1774 4976; x_wconf 76' lang='grc'><strong>4344</strong></span> 
     </span>
     <span class='ocr_line' id='line_1_48' title="bbox 441 4986 1775 5054; baseline 0.001 -17"><span class='ocrx_word' id='word_1_582' title='bbox 441 4989 471 5038; x_wconf 85' lang='grc' dir='ltr'><strong>Β.</strong></span> <span class='ocrx_word' id='word_1_583' title='bbox 490 4987 555 5039; x_wconf 87' lang='lat' dir='ltr'><strong>dett.</strong></span> <span class='ocrx_word' id='word_1_584' title='bbox 576 5014 603 5025; x_wconf 91' lang='lat'>-</span> <span class='ocrx_word' id='word_1_585' title='bbox 627 4988 655 5038; x_wconf 84' lang='grc'><strong>44</strong></span> <span class='ocrx_word' id='word_1_586' title='bbox 677 4989 765 5039; x_wconf 74' lang='lat' dir='ltr'><strong>Sicilia</strong></span> <span class='ocrx_word' id='word_1_587' title='bbox 785 5002 865 5041; x_wconf 76' lang='lat' dir='ltr'><strong>unere</strong></span> <span class='ocrx_word' id='word_1_588' title='bbox 884 4989 971 5054; x_wconf 73' lang='grc' dir='ltr'><strong>4344ε</strong></span> <span class='ocrx_word' id='word_1_589' title='bbox 997 5003 1077 5040; x_wconf 78' lang='lat' dir='ltr'><strong>emm</strong></span> <span class='ocrx_word' id='word_1_590' title='bbox 1098 4989 1126 5038; x_wconf 82' lang='grc'><strong>44</strong></span> <span class='ocrx_word' id='word_1_591' title='bbox 1146 4989 1196 5040; x_wconf 78' lang='lat' dir='ltr'><strong>Sic.</strong></span> <span class='ocrx_word' id='word_1_592' title='bbox 1220 4992 1265 5040; x_wconf 89' lang='lat' dir='ltr'><strong>ctt.</strong></span> <span class='ocrx_word' id='word_1_593' title='bbox 1289 4990 1319 5040; x_wconf 94' lang='grc'><strong>0.</strong></span> <span class='ocrx_word' id='word_1_594' title='bbox 1340 5016 1367 5027; x_wconf 96' lang='grc'><strong>-</strong></span> <span class='ocrx_word' id='word_1_595' title='bbox 1385 4989 1427 5040; x_wconf 84' lang='grc'><strong>48.</strong></span> <span class='ocrx_word' id='word_1_596' title='bbox 1447 4987 1543 5039; x_wconf 71' lang='lat' dir='ltr'><strong>mendi</strong></span> <span class='ocrx_word' id='word_1_597' title='bbox 1564 4986 1649 5051; x_wconf 73' lang='lat' dir='ltr'><strong>egle:</strong></span> <span class='ocrx_word' id='word_1_598' title='bbox 1675 4988 1775 5039; x_wconf 69' lang='lat' dir='ltr'><strong>emmdt</strong></span> 
     </span>
     <span class='ocr_line' id='line_1_49' title="bbox 443 5060 1773 5129; baseline 0.002 -17"><span class='ocrx_word' id='word_1_599' title='bbox 443 5064 487 5113; x_wconf 90' lang='lat' dir='ltr'><strong>ctt.</strong></span> <span class='ocrx_word' id='word_1_600' title='bbox 506 5063 536 5113; x_wconf 90' lang='lat'><strong>0.</strong></span> <span class='ocrx_word' id='word_1_601' title='bbox 556 5090 584 5101; x_wconf 89' lang='lat'><em>-</em></span> <span class='ocrx_word' id='word_1_602' title='bbox 603 5063 645 5113; x_wconf 81' lang='grc'><strong>44.</strong></span> <span class='ocrx_word' id='word_1_603' title='bbox 663 5065 825 5116; x_wconf 69' lang='lat' dir='ltr'><strong>muneram</strong></span> <span class='ocrx_word' id='word_1_604' title='bbox 848 5065 916 5129; x_wconf 85' lang='grc'><strong>4344</strong></span> <span class='ocrx_word' id='word_1_605' title='bbox 928 5066 967 5116; x_wconf 81' lang='lat' dir='ltr'><strong>N:</strong></span> <span class='ocrx_word' id='word_1_606' title='bbox 994 5065 1134 5115; x_wconf 71' lang='lat' dir='ltr'><strong>aderam</strong></span> <span class='ocrx_word' id='word_1_607' title='bbox 1154 5065 1205 5115; x_wconf 79' lang='lat' dir='ltr'><strong>der.</strong></span> <span class='ocrx_word' id='word_1_608' title='bbox 1232 5064 1292 5116; x_wconf 89' lang='lat' dir='ltr'><strong>cod.</strong></span> <span class='ocrx_word' id='word_1_609' title='bbox 1311 5064 1387 5127; x_wconf 81' lang='lat' dir='ltr'><strong>liet,</strong></span> <span class='ocrx_word' id='word_1_610' title='bbox 1411 5062 1464 5114; x_wconf 89' lang='lat' dir='ltr'><strong>duo</strong></span> <span class='ocrx_word' id='word_1_611' title='bbox 1481 5060 1559 5112; x_wconf 90' lang='lat' dir='ltr'><strong>codd.</strong></span> <span class='ocrx_word' id='word_1_612' title='bbox 1579 5060 1626 5112; x_wconf 87' lang='lat' dir='ltr'><strong>Lbl</strong></span> <span class='ocrx_word' id='word_1_613' title='bbox 1648 5063 1710 5126; x_wconf 80' lang='lat' dir='ltr'><strong>(uon</strong></span> <span class='ocrx_word' id='word_1_614' title='bbox 1726 5061 1773 5126; x_wconf 64' lang='lat' dir='ltr'><strong>a),</strong></span> 
     </span>
     <span class='ocr_line' id='line_1_50' title="bbox 443 5135 1825 5205; baseline 0.001 -17"><span class='ocrx_word' id='word_1_615' title='bbox 443 5136 496 5188; x_wconf 88' lang='lat' dir='ltr'><strong>duo</strong></span> <span class='ocrx_word' id='word_1_616' title='bbox 513 5138 592 5191; x_wconf 88' lang='lat' dir='ltr'><strong>codd.</strong></span> <span class='ocrx_word' id='word_1_617' title='bbox 611 5136 673 5190; x_wconf 78' lang='lat' dir='ltr'><strong>tall.</strong></span> <span class='ocrx_word' id='word_1_618' title='bbox 693 5140 722 5202; x_wconf 74' lang='grc'><strong>(44</strong></span> <span class='ocrx_word' id='word_1_619' title='bbox 741 5141 772 5201; x_wconf 87' lang='grc'><strong>0;</strong></span> <span class='ocrx_word' id='word_1_620' title='bbox 791 5146 933 5191; x_wconf 72' lang='lat' dir='ltr'><strong>veteranam</strong></span> <span class='ocrx_word' id='word_1_621' title='bbox 949 5142 1000 5191; x_wconf 88' lang='lat' dir='ltr'><strong>dec.</strong></span> <span class='ocrx_word' id='word_1_622' title='bbox 1019 5139 1139 5205; x_wconf 84' lang='lat' dir='ltr'><strong>plerique</strong></span> <span class='ocrx_word' id='word_1_623' title='bbox 1152 5139 1175 5201; x_wconf 78' lang='lat'><strong>(7</strong></span> <span class='ocrx_word' id='word_1_624' title='bbox 1187 5139 1286 5204; x_wconf 71' lang='lat' dir='ltr'><strong>Leggl,</strong></span> <span class='ocrx_word' id='word_1_625' title='bbox 1304 5144 1431 5190; x_wconf 77' lang='lat' dir='ltr'><strong>certarum</strong></span> <span class='ocrx_word' id='word_1_626' title='bbox 1442 5139 1493 5189; x_wconf 85' lang='lat' dir='ltr'><strong>dec.</strong></span> <span class='ocrx_word' id='word_1_627' title='bbox 1507 5137 1593 5202; x_wconf 83' lang='lat' dir='ltr'><strong>perci.</strong></span> <span class='ocrx_word' id='word_1_628' title='bbox 1608 5163 1636 5173; x_wconf 98' lang='lat'>-</span> <span class='ocrx_word' id='word_1_629' title='bbox 1649 5135 1689 5187; x_wconf 82' lang='grc'><strong>34.</strong></span> <span class='ocrx_word' id='word_1_630' title='bbox 1702 5136 1776 5189; x_wconf 66' lang='lat' dir='ltr'><strong>butu</strong></span> <span class='ocrx_word' id='word_1_631' title='bbox 1821 5145 1825 5155; x_wconf 91' lang='lat'>&#39;</span> 
     </span>
     <span class='ocr_line' id='line_1_51' title="bbox 441 5210 1775 5280; baseline -0.002 -16"><span class='ocrx_word' id='word_1_632' title='bbox 441 5215 558 5278; x_wconf 78' lang='lat' dir='ltr'><strong>imperati</strong></span> <span class='ocrx_word' id='word_1_633' title='bbox 574 5214 661 5265; x_wconf 80' lang='lat' dir='ltr'><strong>ARN</strong></span> <span class='ocrx_word' id='word_1_634' title='bbox 678 5215 747 5279; x_wconf 81' lang='grc'><strong>4349</strong></span> <span class='ocrx_word' id='word_1_635' title='bbox 765 5217 820 5279; x_wconf 80' lang='lat' dir='ltr'><strong>[sed</strong></span> <span class='ocrx_word' id='word_1_636' title='bbox 837 5217 881 5268; x_wconf 88' lang='lat' dir='ltr'><strong>bic</strong></span> <span class='ocrx_word' id='word_1_637' title='bbox 897 5215 1048 5280; x_wconf 75' lang='lat' dir='ltr'><strong>imperatulz</strong></span> <span class='ocrx_word' id='word_1_638' title='bbox 1068 5228 1121 5266; x_wconf 91' lang='lat' dir='ltr'><strong>om.</strong></span> <span class='ocrx_word' id='word_1_639' title='bbox 1140 5212 1198 5268; x_wconf 89' lang='lat' dir='ltr'><strong>rell.</strong></span> <span class='ocrx_word' id='word_1_640' title='bbox 1217 5215 1297 5264; x_wconf 84' lang='lat' dir='ltr'><strong>etiem</strong></span> <span class='ocrx_word' id='word_1_641' title='bbox 1307 5211 1385 5278; x_wconf 83' lang='grc'><strong>4344.</strong></span> <span class='ocrx_word' id='word_1_642' title='bbox 1402 5237 1429 5251; x_wconf 91' lang='grc'>-</span> <span class='ocrx_word' id='word_1_643' title='bbox 1443 5213 1470 5262; x_wconf 86' lang='grc'><strong>44</strong></span> <span class='ocrx_word' id='word_1_644' title='bbox 1485 5224 1566 5262; x_wconf 76' lang='lat' dir='ltr'><strong>eonor</strong></span> <span class='ocrx_word' id='word_1_645' title='bbox 1581 5211 1690 5277; x_wconf 76' lang='lat' dir='ltr'><strong>rtrrprslm</strong></span> <span class='ocrx_word' id='word_1_646' title='bbox 1705 5210 1775 5279; x_wconf 73' lang='grc'><strong>4344</strong></span> 
     </span>
     <span class='ocr_line' id='line_1_52' title="bbox 442 5289 1316 5361; baseline -0.002 -19"><span class='ocrx_word' id='word_1_647' title='bbox 442 5291 546 5354; x_wconf 72' lang='lat' dir='ltr'><strong>reo:</strong></span> <span class='ocrx_word' id='word_1_648' title='bbox 564 5291 591 5342; x_wconf 85' lang='grc'><strong>44</strong></span> <span class='ocrx_word' id='word_1_649' title='bbox 605 5303 653 5342; x_wconf 83' lang='lat' dir='ltr'><strong>eor</strong></span> <span class='ocrx_word' id='word_1_650' title='bbox 667 5291 731 5357; x_wconf 77' lang='lat' dir='ltr'><strong>step.</strong></span> <span class='ocrx_word' id='word_1_651' title='bbox 750 5292 815 5360; x_wconf 86' lang='grc'><strong>434;</strong></span> <span class='ocrx_word' id='word_1_652' title='bbox 835 5305 889 5345; x_wconf 92' lang='lat' dir='ltr'><strong>om.</strong></span> <span class='ocrx_word' id='word_1_653' title='bbox 908 5290 963 5346; x_wconf 87' lang='lat' dir='ltr'><strong>rell.</strong></span> <span class='ocrx_word' id='word_1_654' title='bbox 983 5292 1012 5343; x_wconf 90' lang='lat'><strong>0.</strong></span> <span class='ocrx_word' id='word_1_655' title='bbox 1032 5290 1139 5361; x_wconf 77' lang='lat' dir='ltr'><strong>[Recte3</strong></span> <span class='ocrx_word' id='word_1_656' title='bbox 1156 5304 1184 5343; x_wconf 81' lang='lat' dir='ltr'><strong>v.</strong></span> <span class='ocrx_word' id='word_1_657' title='bbox 1201 5289 1316 5358; x_wconf 83' lang='lat' dir='ltr'><strong>Zumpt]</strong></span> 
     </span>
    </p>
   </div>
   <div class='ocr_carea' id='block_1_4' title="bbox 0 0 2188 6102">
    <p class='ocr_par' dir='ltr' id='par_1_5' title="bbox 0 0 2188 6102">
     <span class='ocr_line' id='line_1_53' title="bbox 0 0 2188 6102; baseline 0 0"><span class='ocrx_word' id='word_1_658' title='bbox 0 0 2188 6102; x_wconf 95' lang='lat' dir='ltr'><strong> </strong></span> 
     </span>
    </p>
   </div>
  </div>
 </body>
</html>
