4367 6109
453 574 517 644 200
823 581 866 647 ΙΝ
886 580 1053 648 mansu
1073 580 1197 648 uculo
1219 582 1404 648 SECUNBA

455 773 518 835 quo
540 751 643 815 minus
665 749 695 813 ei
716 750 852 833 pecunia
880 750 935 813 illa
962 759 1190 817 numeraretur.
1232 748 1284 815 94.
1307 728 1358 817 'Ea
1379 759 1587 839 posteaquam
1612 764 1775 821 numerata

454 855 516 922 est,
545 851 710 910 contentus
731 844 790 910 bac
811 845 979 930 iniquitate
1002 846 1063 910 iste
1083 867 1150 909 non
1170 845 1246 910 fuit:
1275 848 1380 929 palam
1401 848 1441 911 de
1464 849 1542 913 sella
1568 869 1605 914 ao
1625 851 1775 914 tribunali

453 939 659 1023 pronuntiat,
703 956 733 1003 sr
762 958 832 1013 ovis
861 959 1026 1003 sessurum
1059 941 1225 1004 Sunnmvu
1257 961 1310 1004 ner
1343 957 1505 1006 enarrante
1534 964 1621 1007 reru
1653 964 1775 1008 rucene

452 1052 594 1108 vannus,
618 1053 692 1097 sese
714 1050 785 1098 urus
806 1052 915 1097 uoueri
936 1054 1160 1098 nucsrrvnvu:
1183 1042 1215 1098 et
1236 1034 1350 1110 simul,
1365 1045 1401 1100 04
1415 1038 1454 1099 ad
1473 1056 1599 1101 0000000
1613 1038 1776 1103 accederet

429 1144 634 1212 suomenque
656 1127 806 1203 deferret,
834 1128 1042 1210 Agathinum,
1069 1149 1187 1192 novum
1209 1130 1336 1193 affinem
1357 1138 1453 1215 atque
1474 1131 1647 1216 hospitem,
1670 1134 1776 1217 coepit

452 1222 580 1287 hortari.
623 1224 704 1285 'l'um
726 1221 779 1285 ille
802 1221 902 1297 clare,
925 1223 1070 1286 omnibus
1093 1223 1308 1298 audientibus,
1332 1245 1366 1287 se
1387 1225 1420 1287 id
1442 1246 1506 1290 uon
1528 1247 1598 1291 esse
1619 1227 1774 1291 iacturum

451 1338 558 1402 neque
581 1336 615 1381 se
636 1336 739 1399 usque
762 1336 800 1378 eo
822 1316 954 1380 Sthenio
977 1338 1047 1379 esse
1069 1318 1244 1392 inimicum,
1265 1327 1301 1381 ut
1323 1339 1395 1381 eum
1417 1321 1462 1381 rei
1485 1321 1627 1403 capitalis
1649 1323 1775 1385 affinem

453 1433 523 1476 esse
544 1411 674 1475 diceret
718 1410 777 1473 llic
799 1417 865 1473 tum
888 1418 1018 1494 repente
1040 1412 1177 1475 Pacilius
1205 1412 1351 1496 quidam,
1378 1414 1474 1476 homo
1502 1434 1598 1497 egens
1627 1424 1658 1478 et
1685 1416 1775 1489 levis,

452 1506 590 1571 accedit:
621 1507 680 1579 ait,
711 1505 737 1568 si
764 1505 886 1579 liceret,
914 1525 1030 1568 nomen
1059 1506 1198 1569 absentis
1227 1506 1348 1570 deierre
1376 1528 1410 1570 se
1431 1508 1524 1573 velle.
1568 1510 1630 1572 lste
1651 1530 1726 1573 vero
1745 1518 1777 1572 04

414 1602 548 1667 tolicere
570 1609 601 1664 et
621 1599 689 1662 fieri
717 1598 818 1662 solere
845 1606 877 1661 et
903 1618 937 1661 se
958 1606 1169 1681 recepturum.
1211 1601 1322 1685 ltaque
1344 1600 1493 1665 defertur.
1535 1603 1639 1667 Edicit
1661 1607 1775 1677 rtatim,

451 1703 488 1761 ut
508 1694 659 1758 Kalendis
680 1692 908 1756 Decembribus
930 1692 1012 1755 adsit
1026 1693 1176 1757 Sthenius
1198 1695 1370 1779 Syracusis.
1407 1691 1458 1758 95.
1480 1697 1548 1772 llic,
1573 1698 1628 1781 qui
1644 1699 1776 1760 Romam

450 1790 648 1873 pervenisset
687 1786 826 1869 satisque
864 1785 1001 1850 feliciter
1032 1788 1107 1850 anni
1143 1788 1206 1850 iam
1244 1788 1378 1852 adverso
1417 1796 1560 1873 tempore
1598 1793 1776 1874 navigasset

452 1884 620 1966 omniaque
641 1878 804 1943 habuisset
825 1881 976 1963 aequiora
997 1888 1029 1944 et
1053 1882 1257 1964 placabiliora
1278 1902 1372 1966 quam
1393 1884 1532 1948 animum
1553 1888 1706 1969 praetoris
1728 1894 1775 1948 at-

451 1998 513 2061 que
534 1975 686 2058 hospitis,
718 1993 785 2036 rem
814 1973 853 2037 ad
876 1976 993 2038 amicos
1015 1995 1088 2039 suos
1111 1973 1239 2050 detulit,
1269 1996 1366 2059 quae,
1396 1985 1432 2039 ut
1452 1986 1519 2041 erat
1539 1980 1651 2043 acerba
1672 1986 1704 2041 et
1725 1979 1774 2040 in-

414 2071 561 2155 44444300,
590 2071 635 2133 sic
661 2068 827 2131 videbatur
854 2070 1009 2132 omnibus.
1052 2069 1202 2131 XXXIX.
1224 2070 1333 2153 ltaque
1354 2072 1388 2134 iu
1410 2080 1522 2136 senatu
1544 2075 1694 2137 continuo
1717 2071 1773 2134 Cn.

450 2165 602 2230 Lentulus
624 2170 658 2228 et
677 2165 712 2227 4.
735 2162 855 2228 Gellius
878 2165 1024 2229 consules
1045 2166 1164 2229 faciunt
1184 2167 1376 2229 mentionem
1397 2167 1523 2248 placere
1545 2168 1655 2241 statui,
1677 2168 1702 2230 si
1719 2184 1773 2249 pa-

449 2260 549 2325 tribus
571 2260 757 2342 conscriptis
777 2258 954 2334 videretur,
977 2280 1017 2323 un
1039 2280 1195 2324 sessurus
1217 2279 1357 2323 nouruns
1379 2280 1609 2325 memoriosus
1631 2279 1685 2325 ner
1707 2281 1774 2324 rru-

449 2374 532 2420 asnr
553 2373 660 2417 nnnvsr
683 2372 883 2418 0000000000.
922 2354 1053 2418 Causam
1076 2354 1200 2418 Sthenii
1221 2360 1319 2417 totam
1340 2361 1373 2417 et
1393 2355 1484 2419 istius
1505 2357 1719 2421 cnrdelitatem
1742 2364 1775 2419 et

449 2448 649 2533 iniquitatem
671 2456 815 2512 senatum
836 2448 961 2512 docent.
1004 2448 1123 2512 Aderat
1144 2450 1177 2513 in
1199 2456 1312 2512 senatu
1332 2449 1464 2525 Verres,
1492 2459 1583 2533 pater
1603 2451 1712 2523 istius,
1743 2457 1774 2512 et

412 2545 530 2609 toflens
549 2563 648 2606 unum
663 2562 820 2626 quemque
842 2550 1020 2606 senatorem
1041 2543 1186 2625 rogabat,
1210 2549 1247 2606 ut
1268 2540 1332 2608 lilio
1348 2564 1405 2607 suo
1426 2553 1586 2627 parceret;
1608 2564 1713 2628 neque
1728 2552 1774 2607 ta·

449 2659 522 2705 men
544 2637 675 2700 multum
696 2633 897 2721 proficiebat:
920 2637 1091 2702 eratenim
1115 2655 1236 2700 summa
1249 2635 1393 2700 voluntas
1415 2644 1552 2700 senatus.
1574 2639 1685 2722 ltaque
1701 2658 1774 2701 sen-

448 2734 567 2797 tentiae
589 2730 790 2805 dicebantur,
813 2750 876 2794 cru
891 2731 1046 2794 Srnsarvs
1068 2751 1184 2793 sessus
1205 2751 1283 2793 aava
1305 2732 1427 2794 000000
1441 2751 1553 2807 esser,
1574 2751 1616 2796 oe
1633 2753 1772 2797 ansanus

449 2845 592 2893 00000000
614 2844 739 2888 0000000
766 2844 851 2888 rrnnr
873 2814 1035 2888 rnacunn':
1065 2846 1124 2900 su,
1158 2846 1186 2888 sr
1215 2844 1299 2899 ovon
1326 2845 1422 2889 asser
1443 2845 1580 2900 0000000,
1611 2844 1645 2889 40
1667 2848 1773 2891 narvrr

448 2939 523 2985 ussa
544 2937 606 2983 000
626 2937 779 2982 0000000.
816 2914 867 2979 96.
888 2919 935 2982 lio
957 2918 1009 2983 die
1031 2921 1161 3002 transigi
1183 2919 1263 2982 nihil
1283 2921 1403 3003 potuit,
1430 2919 1513 3004 quod
1530 2927 1562 2982 et
1575 2919 1608 2982 id
1623 2923 1772 3003 temporis

411 3022 517 3081 tuerat
539 3022 572 3079 et
591 3013 662 3088 ille,
683 3020 775 3095 pater
795 3013 904 3087 istius,
927 3014 1092 3077 invenerat
1112 3014 1274 3088 homines,
1297 3015 1351 3097 qui
1374 3014 1508 3077 dicendo
1521 3019 1645 3096 tempus
1660 3034 1773 3077 consu-

449 3117 580 3174 merent.
622 3109 735 3171 Postea
763 3127 863 3171 senex
892 3108 1005 3171 Verres
1026 3107 1210 3172 defensores
1237 3115 1331 3190 atque
1353 3108 1495 3189 hospites
1517 3127 1626 3171 omnes
1648 3107 1772 3170 Sthenii

449 3204 614 3269 convenit:
642 3210 731 3285 rogat
751 3222 806 3265 eos
828 3207 923 3285 atque
945 3211 1029 3277 orat,
1062 3221 1103 3265 ne
1125 3210 1308 3285 oppugnent
1328 3198 1427 3264 lilium
1449 3222 1556 3276 suum,
1578 3201 1618 3264 de
1641 3201 1772 3265 Sthenio

448 3317 489 3363 ne
511 3298 673 3361 laborent:
695 3292 857 3359 coufirmat
877 3296 917 3360 iis
939 3303 1118 3360 curaturum
1140 3315 1175 3358 se
1195 3315 1282 3370 esse,
1304 3315 1346 3359 ne
1361 3295 1437 3378 quid
1452 3297 1482 3360 ei
1497 3292 1666 3378 partilium
1681 3316 1771 3359 suum

447 3398 634 3457 noceretur:
657 3409 691 3454 se
713 3388 858 3453 homines
881 3397 982 3453 certos
1005 3392 1074 3455 eius
1097 3392 1144 3454 rei
1166 3410 1260 3455 causa
1280 3392 1314 3454 in
1337 3390 1475 3454 Siciliam
1498 3398 1530 3453 et
1550 3399 1634 3455 terra
1648 3402 1680 3457 et
1694 3394 1772 3456 mari

410 3497 520 3551 coesse
541 3486 719 3549 missuum.
751 3483 792 3546 Et
813 3491 881 3554 erat
902 3483 1038 3568 spatium
1060 3484 1184 3548 dierum
1204 3483 1270 3546 lere
1292 3484 1421 3565 triginta
1443 3490 1516 3546 ante
1531 3484 1690 3549 Kalendas
1711 3487 1773 3549 De-

448 3580 604 3654 cembres,
627 3598 690 3661 quo
707 3576 759 3640 die
773 3577 851 3652 iste,
873 3583 908 3640 ut
923 3577 1085 3660 Syracusis
1101 3577 1250 3642 Sthenius
1264 3577 1408 3651 adesset,
1429 3575 1583 3641 edixerat.
1613 3575 1665 3640 97.
1682 3578 1773 3642 Com-

447 3684 613 3743 moventur
633 3674 724 3739 amici
747 3673 888 3748 Sthenii3
916 3680 1045 3757 sperant
1064 3672 1148 3747 iore,
1169 3679 1205 3736 ut
1225 3673 1326 3756 patris
1347 3670 1462 3734 litteris
1483 3671 1667 3755 nuntiisque
1689 3669 1772 3735 iilius

447 3771 486 3835 ab
515 3770 570 3833 illo
598 3767 704 3831 lurore
732 3774 905 3831 revocetur.
939 3768 984 3830 'ln
1011 3774 1123 3830 senatu
1146 3773 1258 3848 postea
1279 3782 1373 3827 causa
1392 3783 1457 3827 non
1477 3763 1589 3845 agitur.
1632 3765 1774 3829 Veniunt

446 3864 486 3928 ad
508 3865 603 3929 istum
624 3861 789 3926 domestici
810 3862 914 3925 nuntii
934 3861 1119 3943 litterasque
1141 3879 1160 3922 a
1181 3866 1270 3941 patre
1291 3858 1427 3921 afferunt
1448 3865 1521 3922 ante
1536 3857 1696 3922 Kalendas
1710 3861 1772 3923 lie-

409 3960 600 4033 90004000,
622 3954 760 4020 cumisti
775 3954 950 4018 etiamtum
965 3953 1005 4017 de
1022 3952 1153 4016 Sthenio
1166 3952 1202 4014 in
1216 3952 1340 4035 integro
1361 3959 1427 4015 tota
1448 3971 1499 4015 res
1521 3961 1621 4027 esset,
1643 3954 1771 4018 eodem·

447 4075 510 4137 que
533 4048 587 4137 [ei]
611 4060 752 4132 tempore
774 4048 815 4111 de
837 4046 948 4110 eadem
970 4067 1004 4109 re
1025 4046 1150 4110 litterae
1172 4045 1347 4129 complures
1369 4046 1512 4109 amultis
1528 4046 1596 4108 eius
1611 4048 1720 4111 amicis
1734 4068 1770 4124 ac

446 4146 633 4211 necessariis
660 4143 841 4206 afferuntur.
884 4141 951 4203 XL.
979 4141 1039 4203 llic
1067 4141 1145 4213 iste,
1172 4140 1228 4222 qui
1257 4159 1333 4222 prae
1356 4139 1526 4224 cupiditate
1547 4159 1652 4223 neque
1674 4138 1770 4205 officii

446 4241 496 4304 sui
516 4259 620 4324 neque
641 4236 774 4322 periculi
800 4255 905 4318 neque
933 4234 1060 4319 pietatis
1081 4253 1187 4316 neque
1207 4231 1411 4297 humanitatis
1433 4234 1588 4298 rationem
1608 4234 1770 4299 habuisset

494 4462 520 4513 4.
532 4462 577 4512 4040
588 4459 723 4525 4344440
741 4459 792 4509 teto
802 4456 880 4522 4349;
893 4470 946 4508 om.
957 4458 1003 4507 044.
1013 4457 1075 4506 0.-
1086 4456 1110 4507 6.
1123 4456 1186 4506 0044
1196 4456 1264 4520 4347
1273 4455 1305 4508 44
1316 4470 1322 4505 z
1334 4469 1384 4507 0000
1394 4457 1420 4506 td
1432 4458 1477 4508 044.
1488 4458 1523 4517 0;
1536 4469 1590 4508 om.
1601 4459 1667 4510 44.-
1680 4459 1705 4509 4.
1718 4464 1771 4509 taen

444 4550 499 4589 orn.
518 4535 595 4600 4344.
615 4534 654 4586 ct.
672 4534 696 4599 4.
714 4534 756 4585 97.
775 4534 851 4585 lland
862 4534 937 4584 Ture.
950 4532 992 4582 111.
1010 4545 1037 4597 p.
1050 4532 1091 4583 49.
1106 4558 1136 4570 -
1154 4531 1179 4581 9.
1198 4531 1305 4582 04000440
1319 4546 1408 4583 nomen
1424 4532 1531 4596 43494.
1551 4532 1590 4584 ct.
1603 4533 1628 4596 5.
1641 4533 1698 4583 404.
1712 4535 1768 4585 494.

444 4612 502 4664 494.
523 4638 551 4649 -
571 4611 609 4661 44.
625 4610 775 4672 pameneae
790 4607 863 4671 4,φο
881 4608 984 4658 00040004
1000 4606 1047 4658 444.
1066 4607 1096 4657 0.
1113 4634 1140 4643 -
1160 4606 1199 4658 44.
1217 4606 1460 4656 0004--044040400
1476 4606 1631 4670 43494440
1648 4614 1770 4658 eraut--

443 4686 592 4739 0440400400·
608 4686 654 4736 044.
673 4684 702 4734 0.
721 4709 750 4720 -
768 4688 792 4734 04
807 4684 859 4733 tud.
877 4681 962 4746 43440
981 4688 1057 4746 atque
1070 4682 1123 4732 404.
1143 4684 1189 4732 044.
1208 4681 1238 4732 0.
1258 4707 1285 4717 -
1304 4682 1345 4732 46.
1363 4682 1392 4731 l..
1406 4681 1497 4732 904400
1514 4681 1664 4745 434444φο
1682 4684 1771 4734 40004·

443 4764 483 4815 lusa
498 4764 544 4814 044.
564 4784 592 4798 -
611 4760 652 4811 40.
668 4763 801 4823 parcerent
817 4757 865 4809 444.
886 4781 913 4794 -
933 4757 974 4810 44.
993 4763 1016 4809 et
1031 4757 1065 4823 44]
1083 4758 1111 4806 44
1126 4755 1195 4820 4344
1211 4770 1239 4821 p.
1251 4768 1288 4806 m.
1305 4759 1333 4806 et
1348 4756 1373 4806 4.
1393 4781 1422 4791 -
1439 4757 1482 4807 44.
1499 4770 1583 4808 mmet
1598 4770 1652 4808 om.
1670 4756 1719 4808 444.
1740 4785 1768 4795 -

443 4837 485 4890 44.
503 4848 576 4887 uara
591 4846 645 4885 om.
663 4832 732 4897 4344
748 4845 776 4898 p.
795 4845 831 4883 m.
859 4829 954 4891 «llale;
981 4846 1044 4884 nam
1065 4833 1118 4883 hac
1137 4832 1302 4897 pronominis
1324 4832 1480 4897 repetitione
1499 4831 1541 4895 (04.
1559 4831 1584 4896 s.
1602 4831 1654 4895 94.)
1671 4831 1770 4883 Tullius

443 4910 628 4977 repraesentat
643 4901 725 4974 patris
742 4908 888 4957 orationem
899 4908 927 4956 et
942 4907 1073 4969 imitatur,
1091 4910 1121 4959 ut
1136 4905 1209 4958 illum
1226 4907 1276 4971 ipsi
1288 4908 1363 4971 quasi
1380 4905 1471 4958 audire
1488 4906 1654 4958 videamur.»
1671 4907 1768 4958 440000.

443 4999 471 5053 p.
489 4986 531 5037 44.
550 5010 579 5023 -·
597 4984 638 5035 44.
655 4982 696 5049 er]
712 4982 750 5032 440
765 4980 844 5045 volgo
861 4981 890 5032 0.
915 4982 950 5031 At
964 4981 1102 5046 praecedit
1117 4995 1165 5033 eos.
1185 4981 1219 5032 el.
1232 4982 1275 5032 444.
1288 4980 1313 5045 4.
1326 4980 1367 5031 49.
1381 5006 1410 5018 -
1428 4981 1470 5031 49.
1487 4985 1608 5032 nocem
1624 4980 1692 5030 coni.
1705 4981 1767 5031 Ern.

445 5058 513 5111 «sed
530 5058 631 5111 dictum
647 5059 734 5109 estut
750 5057 774 5122 S.
792 5055 833 5108 ot.
851 5061 880 5106 ut
895 5059 1110 5109 0400--4400004,
1128 5059 1200 5109 10004
1215 5056 1296 5108 404004
1316 5055 1497 5120 significatio.»
1515 5057 1560 5107 00.
1572 5057 1593 5107 Ι.
1613 5082 1641 5093 -
1660 5055 1701 5107 90.
1719 5069 1770 5107 ease

443 5132 477 5185 40
496 5146 549 5185 om.
562 5136 608 5185 ott.
620 5133 682 5184 0.-
699 5132 760 5199 lere]
776 5130 900 5196 40040444.
917 5160 945 5170 -
964 5131 1005 5183 44.
1018 5133 1057 5184 440
1068 5132 1137 5197 4344
1146 5134 1180 5195 Ι,
1198 5130 1258 5183 cod.
1271 5130 1336 5182 Lbl:
1355 5143 1409 5182 om.
1422 5134 1468 5182 044.
1483 5156 1511 5168 -
1529 5130 1570 5181 43.
1582 5120 1766 5183 444οἈ44Ιο

442 5206 541 5272 eope
554 5207 612 5261 000.
629 5209 660 5259 0.
679 5233 708 5245 -
730 5206 771 5260 04.
789 5206 885 5258 tm
899 5205 976 5270 4340.
997 5232 1026 5244 -
1047 5208 1088 5259 as.
1106 5209 1134 5258 a
1148 5209 1246 5273 sepo
1260 5206 1330 5271 4340
1346 5220 1373 5272 ρ.
1391 5219 1429 5259 m.
1446 5208 1475 5258 r.
1493 5205 1528 5258 04.
1545 5205 1571 5270 s.
1589 5208 1646 5259 aa:
1668 5208 1769 5273 aem

444 5284 490 5336 044.
503 5283 565 5336 0.-
578 5282 620 5337 44.
632 5281 655 5339 et
665 5294 720 5337 om.
732 5280 801 5349 4344
811 5291 839 5350 p.
852 5293 890 5336 m.
903 5280 1114 5349 [aestumetur
1125 5280 1281 5349 000441-
1294 5282 1336 5336 34.
1347 5294 1427 5347 mooe
1435 5281 1538 5335 440000.
1550 5292 1605 5334 om.
1614 5278 1685 5347 4344
1691 5294 1719 5348 p.
1728 5293 1766 5333 m.
