<?xml version="1.0" encoding="UTF-8"?>
<!DOCTYPE html PUBLIC "-//W3C//DTD XHTML 1.0 Transitional//EN"
    "http://www.w3.org/TR/xhtml1/DTD/xhtml1-transitional.dtd">
<html xmlns="http://www.w3.org/1999/xhtml" xml:lang="en" lang="en">
 <head>
  <title>
</title>
<meta http-equiv="Content-Type" content="text/html;charset=utf-8" />
  <meta name='ocr-system' content='tesseract 3.04.00' />
  <meta name='ocr-capabilities' content='ocr_page ocr_carea ocr_par ocr_line ocrx_word'/>
</head>
<body>
  <div class='ocr_page' id='page_1' title='image "./operaquaesupers02halmgoog_0105.png"; bbox 0 0 4367 6109; ppageno 0'>
   <div class='ocr_carea' id='block_1_1' title="bbox 963 603 1724 696">
    <p class='ocr_par' dir='ltr' id='par_1_1' title="bbox 963 603 1724 696">
     <span class='ocr_line' id='line_1_1' title="bbox 963 603 1724 696; baseline -0.004 -21"><span class='ocrx_word' id='word_1_1' title='bbox 963 607 1166 696; x_wconf 68' lang='lat' dir='ltr'>§ps-ta.</span> <span class='ocrx_word' id='word_1_2' title='bbox 1687 603 1724 672; x_wconf 86' lang='grc'>44</span> 
     </span>
    </p>
   </div>
   <div class='ocr_carea' id='block_1_2' title="bbox 412 779 1817 2641">
    <p class='ocr_par' dir='ltr' id='par_1_2' title="bbox 412 779 1817 2641">
     <span class='ocr_line' id='line_1_2' title="bbox 415 779 1730 865; baseline -0.001 -21"><span class='ocrx_word' id='word_1_3' title='bbox 415 780 521 844; x_wconf 90' lang='lat' dir='ltr'>dinem</span> <span class='ocrx_word' id='word_1_4' title='bbox 543 780 737 865; x_wconf 92' lang='lat' dir='ltr'>nimiamque</span> <span class='ocrx_word' id='word_1_5' title='bbox 756 780 919 844; x_wconf 76' lang='lat' dir='ltr'>licentiam</span> <span class='ocrx_word' id='word_1_6' title='bbox 940 781 1147 846; x_wconf 90' lang='lat' dir='ltr'>constitutum</span> <span class='ocrx_word' id='word_1_7' title='bbox 1168 787 1226 846; x_wconf 92' lang='lat' dir='ltr'>est.</span> <span class='ocrx_word' id='word_1_8' title='bbox 1260 783 1339 846; x_wconf 87' lang='lat' dir='ltr'>Nam</span> <span class='ocrx_word' id='word_1_9' title='bbox 1361 801 1433 845; x_wconf 91' lang='lat' dir='ltr'>cum</span> <span class='ocrx_word' id='word_1_10' title='bbox 1453 779 1570 844; x_wconf 88' lang='lat' dir='ltr'>multae</span> <span class='ocrx_word' id='word_1_11' title='bbox 1590 779 1730 847; x_wconf 85' lang='lat' dir='ltr'>familiae</span> 
     </span>
     <span class='ocr_line' id='line_1_3' title="bbox 415 874 1731 960; baseline -0.003 -20"><span class='ocrx_word' id='word_1_12' title='bbox 415 876 598 940; x_wconf 76' lang='lat' dir='ltr'>dicerentur</span> <span class='ocrx_word' id='word_1_13' title='bbox 617 877 650 940; x_wconf 96' lang='lat' dir='ltr'>in</span> <span class='ocrx_word' id='word_1_14' title='bbox 672 877 754 960; x_wconf 75' lang='lat' dir='ltr'>agris</span> <span class='ocrx_word' id='word_1_15' title='bbox 774 876 956 960; x_wconf 75' lang='lat' dir='ltr'>longinquis</span> <span class='ocrx_word' id='word_1_16' title='bbox 978 884 1011 941; x_wconf 91' lang='lat' dir='ltr'>et</span> <span class='ocrx_word' id='word_1_17' title='bbox 1030 877 1157 960; x_wconf 83' lang='lat' dir='ltr'>pascuis</span> <span class='ocrx_word' id='word_1_18' title='bbox 1179 884 1315 940; x_wconf 89' lang='lat' dir='ltr'>armatae</span> <span class='ocrx_word' id='word_1_19' title='bbox 1337 895 1407 939; x_wconf 91' lang='lat' dir='ltr'>esse</span> <span class='ocrx_word' id='word_1_20' title='bbox 1424 877 1600 959; x_wconf 77' lang='lat' dir='ltr'>caedesque</span> <span class='ocrx_word' id='word_1_21' title='bbox 1614 874 1731 950; x_wconf 84' lang='lat' dir='ltr'>iacere,</span> 
     </span>
     <span class='ocr_line' id='line_1_4' title="bbox 415 970 1730 1055; baseline -0.002 -21"><span class='ocrx_word' id='word_1_22' title='bbox 415 990 552 1055; x_wconf 93' lang='lat' dir='ltr'>cumque</span> <span class='ocrx_word' id='word_1_23' title='bbox 577 990 616 1034; x_wconf 88' lang='grc'>44</span> <span class='ocrx_word' id='word_1_24' title='bbox 636 972 832 1035; x_wconf 85' lang='grc'>4444444444</span> <span class='ocrx_word' id='word_1_25' title='bbox 853 990 920 1034; x_wconf 88' lang='grc'>444</span> <span class='ocrx_word' id='word_1_26' title='bbox 941 971 1043 1034; x_wconf 92' lang='lat' dir='ltr'>solum</span> <span class='ocrx_word' id='word_1_27' title='bbox 1064 972 1105 1035; x_wconf 91' lang='lat' dir='ltr'>ad</span> <span class='ocrx_word' id='word_1_28' title='bbox 1126 991 1176 1035; x_wconf 91' lang='lat' dir='ltr'>res</span> <span class='ocrx_word' id='word_1_29' title='bbox 1197 971 1409 1053; x_wconf 88' lang='lat' dir='ltr'>privatorum,</span> <span class='ocrx_word' id='word_1_30' title='bbox 1437 970 1493 1034; x_wconf 88' lang='lat' dir='ltr'>sed</span> <span class='ocrx_word' id='word_1_31' title='bbox 1515 971 1555 1035; x_wconf 89' lang='lat' dir='ltr'>ad</span> <span class='ocrx_word' id='word_1_32' title='bbox 1576 989 1730 1034; x_wconf 90' lang='lat' dir='ltr'>summam</span> 
     </span>
     <span class='ocr_line' id='line_1_5' title="bbox 415 1063 1817 1148; baseline -0.001 -19"><span class='ocrx_word' id='word_1_33' title='bbox 415 1063 666 1147; x_wconf 77' lang='lat' dir='ltr'>rempublicam</span> <span class='ocrx_word' id='word_1_34' title='bbox 692 1065 852 1148; x_wconf 91' lang='lat' dir='ltr'>pertinere</span> <span class='ocrx_word' id='word_1_35' title='bbox 884 1063 1060 1138; x_wconf 84' lang='lat' dir='ltr'>videretur,</span> <span class='ocrx_word' id='word_1_36' title='bbox 1092 1066 1135 1127; x_wconf 88' lang='lat' dir='ltr'>M.</span> <span class='ocrx_word' id='word_1_37' title='bbox 1157 1064 1322 1138; x_wconf 77' lang='lat' dir='ltr'>Lucullus,</span> <span class='ocrx_word' id='word_1_38' title='bbox 1351 1066 1406 1148; x_wconf 96' lang='lat' dir='ltr'>qui</span> <span class='ocrx_word' id='word_1_39' title='bbox 1427 1085 1549 1129; x_wconf 87' lang='lat' dir='ltr'>summa</span> <span class='ocrx_word' id='word_1_40' title='bbox 1569 1065 1731 1148; x_wconf 84' lang='lat' dir='ltr'>aequitate</span> <span class='ocrx_word' id='word_1_41' title='bbox 1810 1114 1817 1128; x_wconf 85' lang='lat'><strong>.</strong></span> 
     </span>
     <span class='ocr_line' id='line_1_6' title="bbox 415 1157 1769 1242; baseline -0.001 -20"><span class='ocrx_word' id='word_1_42' title='bbox 415 1164 447 1222; x_wconf 91' lang='lat' dir='ltr'>et</span> <span class='ocrx_word' id='word_1_43' title='bbox 467 1157 624 1241; x_wconf 88' lang='lat' dir='ltr'>sapientia</span> <span class='ocrx_word' id='word_1_44' title='bbox 645 1158 695 1220; x_wconf 92' lang='lat' dir='ltr'>ius</span> <span class='ocrx_word' id='word_1_45' title='bbox 717 1158 813 1233; x_wconf 77' lang='lat' dir='ltr'>dixit,</span> <span class='ocrx_word' id='word_1_46' title='bbox 844 1158 963 1242; x_wconf 89' lang='lat' dir='ltr'>primus</span> <span class='ocrx_word' id='word_1_47' title='bbox 984 1157 1046 1221; x_wconf 93' lang='lat' dir='ltr'>hoc</span> <span class='ocrx_word' id='word_1_48' title='bbox 1067 1158 1221 1223; x_wconf 90' lang='lat' dir='ltr'>iudicium</span> <span class='ocrx_word' id='word_1_49' title='bbox 1243 1160 1421 1241; x_wconf 91' lang='lat' dir='ltr'>composuit</span> <span class='ocrx_word' id='word_1_50' title='bbox 1451 1166 1483 1222; x_wconf 91' lang='lat' dir='ltr'>et</span> <span class='ocrx_word' id='word_1_51' title='bbox 1507 1159 1540 1221; x_wconf 96' lang='lat' dir='ltr'>id</span> <span class='ocrx_word' id='word_1_52' title='bbox 1566 1159 1731 1241; x_wconf 84' lang='lat' dir='ltr'>spectavit,</span> <span class='ocrx_word' id='word_1_53' title='bbox 1753 1171 1769 1221; x_wconf 82' lang='lat' dir='ltr'>t</span> 
     </span>
     <span class='ocr_line' id='line_1_7' title="bbox 414 1250 1732 1327; baseline -0.001 -11"><span class='ocrx_word' id='word_1_54' title='bbox 414 1259 451 1316; x_wconf 91' lang='lat' dir='ltr'>ut</span> <span class='ocrx_word' id='word_1_55' title='bbox 469 1250 615 1315; x_wconf 90' lang='lat' dir='ltr'>homines</span> <span class='ocrx_word' id='word_1_56' title='bbox 637 1253 681 1316; x_wconf 89' lang='lat' dir='ltr'>ita</span> <span class='ocrx_word' id='word_1_57' title='bbox 701 1251 836 1316; x_wconf 78' lang='lat' dir='ltr'>familias</span> <span class='ocrx_word' id='word_1_58' title='bbox 858 1272 931 1316; x_wconf 86' lang='lat' dir='ltr'>suas</span> <span class='ocrx_word' id='word_1_59' title='bbox 953 1252 1169 1327; x_wconf 84' lang='lat' dir='ltr'>continerent,</span> <span class='ocrx_word' id='word_1_60' title='bbox 1191 1261 1312 1316; x_wconf 92' lang='lat' dir='ltr'>utnon</span> <span class='ocrx_word' id='word_1_61' title='bbox 1333 1253 1428 1316; x_wconf 94' lang='lat' dir='ltr'>modo</span> <span class='ocrx_word' id='word_1_62' title='bbox 1450 1251 1559 1317; x_wconf 90' lang='lat' dir='ltr'>armati</span> <span class='ocrx_word' id='word_1_63' title='bbox 1582 1254 1732 1316; x_wconf 91' lang='lat' dir='ltr'>damnum</span> 
     </span>
     <span class='ocr_line' id='line_1_8' title="bbox 416 1345 1733 1431; baseline 0 -22"><span class='ocrx_word' id='word_1_64' title='bbox 416 1345 534 1409; x_wconf 88' lang='lat' dir='ltr'>nemini</span> <span class='ocrx_word' id='word_1_65' title='bbox 556 1345 684 1420; x_wconf 77' lang='lat' dir='ltr'>darem,</span> <span class='ocrx_word' id='word_1_66' title='bbox 705 1366 814 1409; x_wconf 86' lang='lat' dir='ltr'>verum</span> <span class='ocrx_word' id='word_1_67' title='bbox 835 1346 930 1412; x_wconf 91' lang='lat' dir='ltr'>etiam</span> <span class='ocrx_word' id='word_1_68' title='bbox 952 1346 1089 1411; x_wconf 87' lang='lat' dir='ltr'>lacessiti</span> <span class='ocrx_word' id='word_1_69' title='bbox 1112 1347 1180 1410; x_wconf 90' lang='lat' dir='ltr'>iure</span> <span class='ocrx_word' id='word_1_70' title='bbox 1202 1367 1236 1409; x_wconf 91' lang='lat' dir='ltr'>se</span> <span class='ocrx_word' id='word_1_71' title='bbox 1261 1347 1368 1428; x_wconf 92' lang='lat' dir='ltr'>potius</span> <span class='ocrx_word' id='word_1_72' title='bbox 1390 1366 1484 1431; x_wconf 88' lang='lat' dir='ltr'>quam</span> <span class='ocrx_word' id='word_1_73' title='bbox 1506 1347 1600 1410; x_wconf 92' lang='lat' dir='ltr'>armis</span> <span class='ocrx_word' id='word_1_74' title='bbox 1624 1346 1733 1410; x_wconf 83' lang='lat' dir='ltr'>deien-</span> 
     </span>
     <span class='ocr_line' id='line_1_9' title="bbox 414 1437 1733 1524; baseline -0.001 -22"><span class='ocrx_word' id='word_1_75' title='bbox 414 1439 544 1515; x_wconf 82' lang='lat' dir='ltr'>derent3</span> <span class='ocrx_word' id='word_1_76' title='bbox 567 1437 597 1502; x_wconf 87' lang='lat'>9.</span> <span class='ocrx_word' id='word_1_77' title='bbox 619 1447 744 1504; x_wconf 89' lang='lat' dir='ltr'>etcum</span> <span class='ocrx_word' id='word_1_78' title='bbox 766 1441 861 1504; x_wconf 92' lang='lat' dir='ltr'>sciret</span> <span class='ocrx_word' id='word_1_79' title='bbox 883 1441 921 1504; x_wconf 92' lang='lat' dir='ltr'>de</span> <span class='ocrx_word' id='word_1_80' title='bbox 944 1443 1059 1504; x_wconf 87' lang='lat' dir='ltr'>damno</span> <span class='ocrx_word' id='word_1_81' title='bbox 1082 1441 1184 1524; x_wconf 78' lang='lat' dir='ltr'>legem</span> <span class='ocrx_word' id='word_1_82' title='bbox 1206 1460 1276 1503; x_wconf 89' lang='lat' dir='ltr'>esse</span> <span class='ocrx_word' id='word_1_83' title='bbox 1290 1440 1466 1523; x_wconf 79' lang='lat' dir='ltr'>Aquiliam,</span> <span class='ocrx_word' id='word_1_84' title='bbox 1488 1447 1593 1505; x_wconf 88' lang='lat' dir='ltr'>tamen</span> <span class='ocrx_word' id='word_1_85' title='bbox 1611 1440 1673 1503; x_wconf 94' lang='lat' dir='ltr'>hoc</span> <span class='ocrx_word' id='word_1_86' title='bbox 1688 1441 1733 1502; x_wconf 83' lang='lat' dir='ltr'>ita</span> 
     </span>
     <span class='ocr_line' id='line_1_10' title="bbox 414 1533 1732 1618; baseline 0.002 -23"><span class='ocrx_word' id='word_1_87' title='bbox 414 1533 624 1608; x_wconf 80' lang='lat' dir='ltr'>existimavit,</span> <span class='ocrx_word' id='word_1_88' title='bbox 657 1534 742 1616; x_wconf 91' lang='lat' dir='ltr'>apud</span> <span class='ocrx_word' id='word_1_89' title='bbox 770 1536 905 1598; x_wconf 90' lang='lat' dir='ltr'>maiores</span> <span class='ocrx_word' id='word_1_90' title='bbox 935 1543 1078 1610; x_wconf 91' lang='lat' dir='ltr'>nostros,</span> <span class='ocrx_word' id='word_1_91' title='bbox 1112 1556 1183 1598; x_wconf 92' lang='lat' dir='ltr'>cum</span> <span class='ocrx_word' id='word_1_92' title='bbox 1204 1542 1237 1598; x_wconf 91' lang='lat' dir='ltr'>et</span> <span class='ocrx_word' id='word_1_93' title='bbox 1257 1556 1308 1599; x_wconf 91' lang='lat' dir='ltr'>res</span> <span class='ocrx_word' id='word_1_94' title='bbox 1330 1542 1362 1600; x_wconf 90' lang='grc'>44</span> <span class='ocrx_word' id='word_1_95' title='bbox 1382 1535 1572 1618; x_wconf 90' lang='lat' dir='ltr'>cupiditates</span> <span class='ocrx_word' id='word_1_96' title='bbox 1593 1533 1732 1597; x_wconf 90' lang='lat' dir='ltr'>minores</span> 
     </span>
     <span class='ocr_line' id='line_1_11' title="bbox 414 1627 1770 1712; baseline 0.001 -22"><span class='ocrx_word' id='word_1_97' title='bbox 414 1634 522 1691; x_wconf 88' lang='lat' dir='ltr'>essent</span> <span class='ocrx_word' id='word_1_98' title='bbox 550 1635 582 1690; x_wconf 91' lang='lat' dir='ltr'>et</span> <span class='ocrx_word' id='word_1_99' title='bbox 608 1627 746 1691; x_wconf 80' lang='lat' dir='ltr'>familiae</span> <span class='ocrx_word' id='word_1_100' title='bbox 773 1649 837 1691; x_wconf 93' lang='lat' dir='ltr'>non</span> <span class='ocrx_word' id='word_1_101' title='bbox 865 1649 996 1712; x_wconf 75' lang='lat' dir='ltr'>magnae</span> <span class='ocrx_word' id='word_1_102' title='bbox 1018 1647 1132 1710; x_wconf 76' lang='lat' dir='ltr'>magno</span> <span class='ocrx_word' id='word_1_103' title='bbox 1155 1634 1241 1692; x_wconf 91' lang='lat' dir='ltr'>metu</span> <span class='ocrx_word' id='word_1_104' title='bbox 1263 1630 1516 1703; x_wconf 88' lang='lat' dir='ltr'>continerentur,</span> <span class='ocrx_word' id='word_1_105' title='bbox 1546 1636 1582 1691; x_wconf 92' lang='lat' dir='ltr'>ut</span> <span class='ocrx_word' id='word_1_106' title='bbox 1603 1647 1731 1711; x_wconf 88' lang='lat' dir='ltr'>perraro</span> <span class='ocrx_word' id='word_1_107' title='bbox 1741 1643 1770 1691; x_wconf 84' lang='lat' dir='ltr'>tc</span> 
     </span>
     <span class='ocr_line' id='line_1_12' title="bbox 413 1716 1733 1806; baseline 0.002 -24"><span class='ocrx_word' id='word_1_108' title='bbox 413 1716 517 1796; x_wconf 87' lang='lat' dir='ltr'>lieret,</span> <span class='ocrx_word' id='word_1_109' title='bbox 544 1728 581 1783; x_wconf 90' lang='grc'>44</span> <span class='ocrx_word' id='word_1_110' title='bbox 600 1721 696 1784; x_wconf 94' lang='lat' dir='ltr'>homo</span> <span class='ocrx_word' id='word_1_111' title='bbox 720 1723 931 1796; x_wconf 84' lang='lat' dir='ltr'>occideretur,</span> <span class='ocrx_word' id='word_1_112' title='bbox 961 1722 1058 1804; x_wconf 90' lang='lat' dir='ltr'>idque</span> <span class='ocrx_word' id='word_1_113' title='bbox 1080 1721 1235 1785; x_wconf 82' lang='lat' dir='ltr'>nefarium</span> <span class='ocrx_word' id='word_1_114' title='bbox 1257 1742 1293 1784; x_wconf 91' lang='lat' dir='ltr'>ac</span> <span class='ocrx_word' id='word_1_115' title='bbox 1316 1722 1475 1804; x_wconf 80' lang='lat' dir='ltr'>singulare</span> <span class='ocrx_word' id='word_1_116' title='bbox 1497 1721 1620 1786; x_wconf 84' lang='lat' dir='ltr'>facinus</span> <span class='ocrx_word' id='word_1_117' title='bbox 1640 1729 1733 1806; x_wconf 89' lang='lat' dir='ltr'>puta·</span> 
     </span>
     <span class='ocr_line' id='line_1_13' title="bbox 413 1814 1733 1904; baseline 0.005 -27"><span class='ocrx_word' id='word_1_118' title='bbox 413 1822 517 1889; x_wconf 91' lang='lat' dir='ltr'>retur,</span> <span class='ocrx_word' id='word_1_119' title='bbox 539 1814 619 1878; x_wconf 89' lang='lat' dir='ltr'>nihil</span> <span class='ocrx_word' id='word_1_120' title='bbox 642 1835 723 1898; x_wconf 92' lang='lat' dir='ltr'>opus</span> <span class='ocrx_word' id='word_1_121' title='bbox 744 1815 843 1879; x_wconf 81' lang='lat' dir='ltr'>fuisse</span> <span class='ocrx_word' id='word_1_122' title='bbox 864 1815 983 1878; x_wconf 91' lang='lat' dir='ltr'>iudicio</span> <span class='ocrx_word' id='word_1_123' title='bbox 999 1815 1037 1878; x_wconf 90' lang='lat' dir='ltr'>de</span> <span class='ocrx_word' id='word_1_124' title='bbox 1052 1816 1084 1879; x_wconf 86' lang='lat' dir='ltr'>vi</span> <span class='ocrx_word' id='word_1_125' title='bbox 1100 1817 1218 1879; x_wconf 88' lang='lat' dir='ltr'>coactis</span> <span class='ocrx_word' id='word_1_126' title='bbox 1233 1817 1424 1900; x_wconf 76' lang='lat' dir='ltr'>mmatisque</span> <span class='ocrx_word' id='word_1_127' title='bbox 1437 1816 1620 1881; x_wconf 88' lang='lat' dir='ltr'>hominibus</span> <span class='ocrx_word' id='word_1_128' title='bbox 1635 1817 1733 1904; x_wconf 76' lang='lat' dir='ltr'>(quod</span> 
     </span>
     <span class='ocr_line' id='line_1_14' title="bbox 413 1908 1733 1994; baseline 0.003 -24"><span class='ocrx_word' id='word_1_129' title='bbox 413 1908 499 1971; x_wconf 92' lang='lat' dir='ltr'>enim</span> <span class='ocrx_word' id='word_1_130' title='bbox 520 1928 581 1971; x_wconf 93' lang='lat' dir='ltr'>usu</span> <span class='ocrx_word' id='word_1_131' title='bbox 603 1927 668 1973; x_wconf 95' lang='lat' dir='ltr'>non</span> <span class='ocrx_word' id='word_1_132' title='bbox 690 1909 853 1982; x_wconf 81' lang='lat' dir='ltr'>veniebat,</span> <span class='ocrx_word' id='word_1_133' title='bbox 875 1908 915 1971; x_wconf 93' lang='lat' dir='ltr'>de</span> <span class='ocrx_word' id='word_1_134' title='bbox 937 1929 975 1972; x_wconf 94' lang='lat' dir='ltr'>eo</span> <span class='ocrx_word' id='word_1_135' title='bbox 999 1910 1026 1971; x_wconf 90' lang='lat' dir='ltr'>si</span> <span class='ocrx_word' id='word_1_136' title='bbox 1048 1910 1121 1994; x_wconf 92' lang='lat' dir='ltr'>quis</span> <span class='ocrx_word' id='word_1_137' title='bbox 1143 1911 1245 1993; x_wconf 73' lang='lat' dir='ltr'>legem</span> <span class='ocrx_word' id='word_1_138' title='bbox 1267 1919 1322 1974; x_wconf 88' lang='lat' dir='ltr'>aut</span> <span class='ocrx_word' id='word_1_139' title='bbox 1343 1910 1497 1973; x_wconf 90' lang='lat' dir='ltr'>iudicium</span> <span class='ocrx_word' id='word_1_140' title='bbox 1516 1912 1733 1988; x_wconf 85' lang='lat' dir='ltr'>constitueret,</span> 
     </span>
     <span class='ocr_line' id='line_1_15' title="bbox 412 2000 1733 2088; baseline 0.002 -24"><span class='ocrx_word' id='word_1_141' title='bbox 412 2021 479 2065; x_wconf 92' lang='lat' dir='ltr'>non</span> <span class='ocrx_word' id='word_1_142' title='bbox 499 2008 565 2064; x_wconf 91' lang='lat' dir='ltr'>tam</span> <span class='ocrx_word' id='word_1_143' title='bbox 586 2002 754 2085; x_wconf 78' lang='lat' dir='ltr'>prohibere</span> <span class='ocrx_word' id='word_1_144' title='bbox 768 2003 928 2066; x_wconf 87' lang='lat' dir='ltr'>videretur</span> <span class='ocrx_word' id='word_1_145' title='bbox 949 2023 1045 2086; x_wconf 92' lang='lat' dir='ltr'>quam</span> <span class='ocrx_word' id='word_1_146' title='bbox 1065 2002 1262 2086; x_wconf 87' lang='lat' dir='ltr'>admonere);</span> <span class='ocrx_word' id='word_1_147' title='bbox 1285 2000 1335 2067; x_wconf 88' lang='lat' dir='ltr'>t0.</span> <span class='ocrx_word' id='word_1_148' title='bbox 1356 2005 1407 2068; x_wconf 90' lang='lat' dir='ltr'>his</span> <span class='ocrx_word' id='word_1_149' title='bbox 1428 2006 1638 2088; x_wconf 88' lang='lat' dir='ltr'>temporibus,</span> <span class='ocrx_word' id='word_1_150' title='bbox 1661 2025 1733 2070; x_wconf 92' lang='lat' dir='ltr'>cum</span> 
     </span>
     <span class='ocr_line' id='line_1_16' title="bbox 414 2095 1787 2181; baseline 0.001 -22"><span class='ocrx_word' id='word_1_151' title='bbox 414 2115 455 2159; x_wconf 81' lang='lat' dir='ltr'>ex</span> <span class='ocrx_word' id='word_1_152' title='bbox 482 2095 567 2159; x_wconf 90' lang='lat' dir='ltr'>bello</span> <span class='ocrx_word' id='word_1_153' title='bbox 590 2096 739 2160; x_wconf 90' lang='lat' dir='ltr'>diuturno</span> <span class='ocrx_word' id='word_1_154' title='bbox 761 2105 856 2181; x_wconf 91' lang='lat' dir='ltr'>atque</span> <span class='ocrx_word' id='word_1_155' title='bbox 879 2097 1053 2159; x_wconf 91' lang='lat' dir='ltr'>domestico</span> <span class='ocrx_word' id='word_1_156' title='bbox 1076 2117 1127 2161; x_wconf 89' lang='lat' dir='ltr'>res</span> <span class='ocrx_word' id='word_1_157' title='bbox 1155 2099 1187 2159; x_wconf 91' lang='lat' dir='ltr'>in</span> <span class='ocrx_word' id='word_1_158' title='bbox 1210 2118 1279 2160; x_wconf 90' lang='lat' dir='ltr'>eam</span> <span class='ocrx_word' id='word_1_159' title='bbox 1302 2101 1564 2164; x_wconf 91' lang='lat' dir='ltr'>cousuetudinem</span> <span class='ocrx_word' id='word_1_160' title='bbox 1585 2097 1787 2174; x_wconf 68' lang='lat' dir='ltr'>venissetis</span> 
     </span>
     <span class='ocr_line' id='line_1_17' title="bbox 413 2191 1734 2276; baseline 0.002 -24"><span class='ocrx_word' id='word_1_161' title='bbox 413 2198 450 2253; x_wconf 96' lang='lat' dir='ltr'>ut</span> <span class='ocrx_word' id='word_1_162' title='bbox 469 2191 616 2255; x_wconf 88' lang='lat' dir='ltr'>homines</span> <span class='ocrx_word' id='word_1_163' title='bbox 637 2192 760 2254; x_wconf 91' lang='lat' dir='ltr'>minore</span> <span class='ocrx_word' id='word_1_164' title='bbox 781 2191 935 2273; x_wconf 75' lang='lat' dir='ltr'>religione</span> <span class='ocrx_word' id='word_1_165' title='bbox 957 2191 1051 2252; x_wconf 90' lang='lat' dir='ltr'>armis</span> <span class='ocrx_word' id='word_1_166' title='bbox 1073 2198 1254 2265; x_wconf 90' lang='lat' dir='ltr'>uterentur,</span> <span class='ocrx_word' id='word_1_167' title='bbox 1276 2212 1405 2255; x_wconf 91' lang='lat' dir='ltr'>necesse</span> <span class='ocrx_word' id='word_1_168' title='bbox 1427 2194 1549 2276; x_wconf 84' lang='lat' dir='ltr'>putavit</span> <span class='ocrx_word' id='word_1_169' title='bbox 1564 2212 1632 2257; x_wconf 89' lang='lat' dir='ltr'>esse</span> <span class='ocrx_word' id='word_1_170' title='bbox 1647 2200 1679 2255; x_wconf 91' lang='grc'>44</span> <span class='ocrx_word' id='word_1_171' title='bbox 1700 2192 1734 2255; x_wconf 93' lang='lat' dir='ltr'>in</span> 
     </span>
     <span class='ocr_line' id='line_1_18' title="bbox 413 2283 1734 2367; baseline 0.004 -20"><span class='ocrx_word' id='word_1_172' title='bbox 413 2284 595 2348; x_wconf 79' lang='lat' dir='ltr'>universam</span> <span class='ocrx_word' id='word_1_173' title='bbox 614 2283 766 2348; x_wconf 82' lang='lat' dir='ltr'>familiam</span> <span class='ocrx_word' id='word_1_174' title='bbox 787 2283 940 2346; x_wconf 92' lang='lat' dir='ltr'>iudicium</span> <span class='ocrx_word' id='word_1_175' title='bbox 964 2283 1054 2358; x_wconf 88' lang='lat' dir='ltr'>dare,</span> <span class='ocrx_word' id='word_1_176' title='bbox 1078 2285 1165 2367; x_wconf 92' lang='lat' dir='ltr'>quod</span> <span class='ocrx_word' id='word_1_177' title='bbox 1187 2304 1206 2347; x_wconf 89' lang='lat' dir='ltr'>a</span> <span class='ocrx_word' id='word_1_178' title='bbox 1226 2284 1346 2349; x_wconf 82' lang='lat' dir='ltr'>familia</span> <span class='ocrx_word' id='word_1_179' title='bbox 1368 2285 1486 2351; x_wconf 84' lang='lat' dir='ltr'>iactum</span> <span class='ocrx_word' id='word_1_180' title='bbox 1509 2286 1680 2361; x_wconf 89' lang='lat' dir='ltr'>diceretur,</span> <span class='ocrx_word' id='word_1_181' title='bbox 1702 2292 1734 2352; x_wconf 86' lang='grc'>44</span> 
     </span>
     <span class='ocr_line' id='line_1_19' title="bbox 413 2377 1735 2463; baseline 0.002 -23"><span class='ocrx_word' id='word_1_182' title='bbox 413 2378 640 2460; x_wconf 83' lang='lat' dir='ltr'>reciperatores</span> <span class='ocrx_word' id='word_1_183' title='bbox 669 2378 761 2452; x_wconf 88' lang='lat' dir='ltr'>dare,</span> <span class='ocrx_word' id='word_1_184' title='bbox 788 2384 825 2440; x_wconf 93' lang='lat' dir='ltr'>ut</span> <span class='ocrx_word' id='word_1_185' title='bbox 852 2396 948 2461; x_wconf 89' lang='lat' dir='ltr'>quam</span> <span class='ocrx_word' id='word_1_186' title='bbox 974 2377 1111 2459; x_wconf 91' lang='lat' dir='ltr'>primum</span> <span class='ocrx_word' id='word_1_187' title='bbox 1138 2398 1189 2441; x_wconf 92' lang='lat' dir='ltr'>res</span> <span class='ocrx_word' id='word_1_188' title='bbox 1211 2379 1420 2455; x_wconf 89' lang='lat' dir='ltr'>iudicaretur,</span> <span class='ocrx_word' id='word_1_189' title='bbox 1454 2387 1486 2443; x_wconf 90' lang='grc'>44</span> <span class='ocrx_word' id='word_1_190' title='bbox 1506 2400 1643 2462; x_wconf 88' lang='lat' dir='ltr'>poenam</span> <span class='ocrx_word' id='word_1_191' title='bbox 1665 2399 1735 2463; x_wconf 77' lang='lat' dir='ltr'>gra·</span> 
     </span>
     <span class='ocr_line' id='line_1_20' title="bbox 414 2471 1734 2555; baseline 0.003 -22"><span class='ocrx_word' id='word_1_192' title='bbox 414 2471 534 2533; x_wconf 85' lang='lat' dir='ltr'>viorem</span> <span class='ocrx_word' id='word_1_193' title='bbox 563 2472 770 2546; x_wconf 90' lang='lat' dir='ltr'>constituere,</span> <span class='ocrx_word' id='word_1_194' title='bbox 798 2477 834 2532; x_wconf 89' lang='lat' dir='ltr'>ut</span> <span class='ocrx_word' id='word_1_195' title='bbox 855 2478 942 2533; x_wconf 88' lang='lat' dir='ltr'>metu</span> <span class='ocrx_word' id='word_1_196' title='bbox 964 2474 1224 2555; x_wconf 88' lang='lat' dir='ltr'>comprimeretur</span> <span class='ocrx_word' id='word_1_197' title='bbox 1244 2475 1393 2550; x_wconf 91' lang='lat' dir='ltr'>audacia,</span> <span class='ocrx_word' id='word_1_198' title='bbox 1421 2481 1453 2538; x_wconf 91' lang='lat' dir='ltr'>et</span> <span class='ocrx_word' id='word_1_199' title='bbox 1474 2475 1561 2538; x_wconf 89' lang='lat' dir='ltr'>illam</span> <span class='ocrx_word' id='word_1_200' title='bbox 1583 2474 1734 2538; x_wconf 89' lang='lat' dir='ltr'>latebram</span> 
     </span>
     <span class='ocr_line' id='line_1_21' title="bbox 415 2559 1772 2641; baseline 0.004 -13"><span class='ocrx_word' id='word_1_201' title='bbox 415 2565 526 2629; x_wconf 91' lang='lat' dir='ltr'>tollere</span> <span class='ocrx_word' id='word_1_202' title='bbox 555 2585 685 2629; x_wconf 86' lang='grc'>44444444</span> <span class='ocrx_word' id='word_1_203' title='bbox 707 2583 838 2629; x_wconf 79' lang='lat' dir='ltr'>inavara,</span> <span class='ocrx_word' id='word_1_204' title='bbox 884 2559 934 2626; x_wconf 82' lang='lat' dir='ltr'>ll.</span> <span class='ocrx_word' id='word_1_205' title='bbox 958 2565 1052 2641; x_wconf 90' lang='lat' dir='ltr'>Quod</span> <span class='ocrx_word' id='word_1_206' title='bbox 1079 2567 1113 2629; x_wconf 91' lang='lat' dir='ltr'>in</span> <span class='ocrx_word' id='word_1_207' title='bbox 1140 2566 1210 2630; x_wconf 89' lang='lat' dir='ltr'>aliis</span> <span class='ocrx_word' id='word_1_208' title='bbox 1233 2570 1336 2633; x_wconf 89' lang='lat' dir='ltr'>causis</span> <span class='ocrx_word' id='word_1_209' title='bbox 1358 2569 1453 2634; x_wconf 89' lang='lat' dir='ltr'>debet</span> <span class='ocrx_word' id='word_1_210' title='bbox 1472 2569 1578 2633; x_wconf 78' lang='lat' dir='ltr'>valere</span> <span class='ocrx_word' id='word_1_211' title='bbox 1600 2577 1632 2632; x_wconf 90' lang='lat' dir='ltr'>et</span> <span class='ocrx_word' id='word_1_212' title='bbox 1652 2569 1772 2635; x_wconf 82' lang='grc'>4414444</span> 
     </span>
    </p>
   </div>
   <div class='ocr_carea' id='block_1_3' title="bbox 414 2660 1736 2813">
    <p class='ocr_par' dir='ltr' id='par_1_3' title="bbox 414 2660 1736 2813">
     <span class='ocr_line' id='line_1_22' title="bbox 414 2660 1736 2811; baseline 0.001 -85"><span class='ocrx_word' id='word_1_213' title='bbox 414 2664 483 2811; x_wconf 52' lang='lat' dir='ltr'>{ege</span> <span class='ocrx_word' id='word_1_214' title='bbox 505 2662 650 2809; x_wconf 54' lang='lat' dir='ltr'>Aquitlia,</span> <span class='ocrx_word' id='word_1_215' title='bbox 672 2662 705 2725; x_wconf 92' lang='lat' dir='ltr'>id</span> <span class='ocrx_word' id='word_1_216' title='bbox 728 2682 769 2725; x_wconf 87' lang='lat' dir='ltr'>ex</span> <span class='ocrx_word' id='word_1_217' title='bbox 789 2660 972 2723; x_wconf 88' lang='lat' dir='ltr'>huiusmodi</span> <span class='ocrx_word' id='word_1_218' title='bbox 996 2660 1128 2735; x_wconf 88' lang='lat' dir='ltr'>damno,</span> <span class='ocrx_word' id='word_1_219' title='bbox 1153 2661 1239 2745; x_wconf 91' lang='lat' dir='ltr'>quod</span> <span class='ocrx_word' id='word_1_220' title='bbox 1261 2664 1292 2725; x_wconf 82' lang='lat' dir='ltr'>vi</span> <span class='ocrx_word' id='word_1_221' title='bbox 1314 2684 1372 2746; x_wconf 87' lang='lat' dir='ltr'>per</span> <span class='ocrx_word' id='word_1_222' title='bbox 1393 2683 1502 2726; x_wconf 81' lang='lat' dir='ltr'>servos</span> <span class='ocrx_word' id='word_1_223' title='bbox 1522 2669 1658 2727; x_wconf 85' lang='lat' dir='ltr'>armatos</span> <span class='ocrx_word' id='word_1_224' title='bbox 1681 2664 1736 2727; x_wconf 91' lang='lat' dir='ltr'>dn·</span> 
     </span>
     <span class='ocr_line' id='line_1_23' title="bbox 428 2767 1733 2813; baseline 0.002 -3"><span class='ocrx_word' id='word_1_225' title='bbox 428 2768 480 2811; x_wconf 93' lang='lat' dir='ltr'>um</span> <span class='ocrx_word' id='word_1_226' title='bbox 508 2767 577 2810; x_wconf 87' lang='lat' dir='ltr'>esse</span> <span class='ocrx_word' id='word_1_227' title='bbox 616 2790 1733 2813; x_wconf 82' lang='grc'><strong>..............................................</strong></span> 
     </span>
    </p>
   </div>
   <div class='ocr_carea' id='block_1_4' title="bbox 413 2838 1842 3397">
    <p class='ocr_par' dir='ltr' id='par_1_4' title="bbox 413 2838 1842 3397">
     <span class='ocr_line' id='line_1_24' title="bbox 415 2838 1735 2925; baseline 0.002 -22"><span class='ocrx_word' id='word_1_228' title='bbox 415 2885 1352 2905; x_wconf 87' lang='grc'><strong>.......................................</strong></span> <span class='ocrx_word' id='word_1_229' title='bbox 1393 2838 1443 2906; x_wconf 64' lang='lat' dir='ltr'>ld.</span> <span class='ocrx_word' id='word_1_230' title='bbox 1466 2842 1528 2925; x_wconf 69' lang='lat' dir='ltr'>ipsi</span> <span class='ocrx_word' id='word_1_231' title='bbox 1550 2849 1735 2916; x_wconf 89' lang='lat' dir='ltr'>statuerent,</span> 
     </span>
     <span class='ocr_line' id='line_1_25' title="bbox 415 2935 1736 3022; baseline 0 -24"><span class='ocrx_word' id='word_1_232' title='bbox 415 2954 478 3019; x_wconf 93' lang='lat' dir='ltr'>quo</span> <span class='ocrx_word' id='word_1_233' title='bbox 509 2942 651 3018; x_wconf 89' lang='lat' dir='ltr'>tempore</span> <span class='ocrx_word' id='word_1_234' title='bbox 679 2942 809 3022; x_wconf 82' lang='lat' dir='ltr'>possent</span> <span class='ocrx_word' id='word_1_235' title='bbox 837 2954 895 2997; x_wconf 92' lang='lat' dir='ltr'>suo</span> <span class='ocrx_word' id='word_1_236' title='bbox 919 2935 986 2997; x_wconf 92' lang='lat' dir='ltr'>iure</span> <span class='ocrx_word' id='word_1_237' title='bbox 1009 2955 1097 2998; x_wconf 87' lang='lat' dir='ltr'>arma</span> <span class='ocrx_word' id='word_1_238' title='bbox 1118 2956 1248 3018; x_wconf 89' lang='lat' dir='ltr'>capere,</span> <span class='ocrx_word' id='word_1_239' title='bbox 1281 2957 1409 3001; x_wconf 89' lang='lat' dir='ltr'>manum</span> <span class='ocrx_word' id='word_1_240' title='bbox 1431 2956 1559 3020; x_wconf 79' lang='lat' dir='ltr'>cogere,</span> <span class='ocrx_word' id='word_1_241' title='bbox 1589 2937 1736 3001; x_wconf 90' lang='lat' dir='ltr'>homines</span> 
     </span>
     <span class='ocr_line' id='line_1_26' title="bbox 415 3028 1773 3106; baseline 0.001 -15"><span class='ocrx_word' id='word_1_242' title='bbox 415 3028 571 3092; x_wconf 85' lang='lat' dir='ltr'>occidere.</span> <span class='ocrx_word' id='word_1_243' title='bbox 612 3029 689 3093; x_wconf 89' lang='lat' dir='ltr'>Cum</span> <span class='ocrx_word' id='word_1_244' title='bbox 718 3029 870 3092; x_wconf 91' lang='lat' dir='ltr'>iudicium</span> <span class='ocrx_word' id='word_1_245' title='bbox 899 3029 942 3092; x_wconf 91' lang='lat' dir='ltr'>ita</span> <span class='ocrx_word' id='word_1_246' title='bbox 971 3029 1075 3104; x_wconf 90' lang='lat' dir='ltr'>daret,</span> <span class='ocrx_word' id='word_1_247' title='bbox 1109 3040 1145 3095; x_wconf 92' lang='lat' dir='ltr'>ut</span> <span class='ocrx_word' id='word_1_248' title='bbox 1164 3032 1226 3096; x_wconf 90' lang='lat' dir='ltr'>hoc</span> <span class='ocrx_word' id='word_1_249' title='bbox 1247 3032 1351 3096; x_wconf 91' lang='lat' dir='ltr'>solum</span> <span class='ocrx_word' id='word_1_250' title='bbox 1372 3034 1406 3095; x_wconf 91' lang='lat' dir='ltr'>in</span> <span class='ocrx_word' id='word_1_251' title='bbox 1428 3034 1581 3097; x_wconf 91' lang='lat' dir='ltr'>iudicium</span> <span class='ocrx_word' id='word_1_252' title='bbox 1603 3031 1773 3106; x_wconf 57' lang='lat' dir='ltr'>veniret„</span> 
     </span>
     <span class='ocr_line' id='line_1_27' title="bbox 413 3122 1735 3189; baseline 0 -3"><span class='ocrx_word' id='word_1_253' title='bbox 413 3122 617 3187; x_wconf 80' lang='lat' dir='ltr'>videreturne</span> <span class='ocrx_word' id='word_1_254' title='bbox 639 3124 669 3186; x_wconf 83' lang='lat' dir='ltr'>vi</span> <span class='ocrx_word' id='word_1_255' title='bbox 691 3123 872 3187; x_wconf 90' lang='lat' dir='ltr'>hominihus</span> <span class='ocrx_word' id='word_1_256' title='bbox 895 3125 1013 3186; x_wconf 86' lang='lat' dir='ltr'>coactis</span> <span class='ocrx_word' id='word_1_257' title='bbox 1034 3126 1203 3188; x_wconf 87' lang='lat' dir='ltr'>armatisve</span> <span class='ocrx_word' id='word_1_258' title='bbox 1224 3127 1372 3189; x_wconf 88' lang='lat' dir='ltr'>damnum</span> <span class='ocrx_word' id='word_1_259' title='bbox 1395 3127 1470 3189; x_wconf 94' lang='lat' dir='ltr'>dolo</span> <span class='ocrx_word' id='word_1_260' title='bbox 1492 3126 1575 3189; x_wconf 90' lang='lat' dir='ltr'>malo</span> <span class='ocrx_word' id='word_1_261' title='bbox 1596 3124 1735 3187; x_wconf 82' lang='lat' dir='ltr'>familiae</span> 
     </span>
     <span class='ocr_line' id='line_1_28' title="bbox 414 3217 1842 3301; baseline 0.001 -21"><span class='ocrx_word' id='word_1_262' title='bbox 414 3218 537 3291; x_wconf 89' lang='lat' dir='ltr'>datum,</span> <span class='ocrx_word' id='word_1_263' title='bbox 570 3237 674 3300; x_wconf 90' lang='lat' dir='ltr'>neque</span> <span class='ocrx_word' id='word_1_264' title='bbox 702 3217 782 3279; x_wconf 91' lang='lat' dir='ltr'>illud</span> <span class='ocrx_word' id='word_1_265' title='bbox 810 3218 941 3280; x_wconf 85' lang='lat' dir='ltr'>adderet</span> <span class='ocrx_word' id='word_1_266' title='bbox 963 3236 1100 3292; x_wconf 84' lang='grc'>4444444,</span> <span class='ocrx_word' id='word_1_267' title='bbox 1129 3220 1252 3301; x_wconf 85' lang='lat' dir='ltr'>putavit</span> <span class='ocrx_word' id='word_1_268' title='bbox 1280 3239 1314 3281; x_wconf 92' lang='lat' dir='ltr'>se</span> <span class='ocrx_word' id='word_1_269' title='bbox 1335 3217 1499 3282; x_wconf 86' lang='lat' dir='ltr'>audaciam</span> <span class='ocrx_word' id='word_1_270' title='bbox 1520 3217 1737 3301; x_wconf 83' lang='lat' dir='ltr'>improborum</span> <span class='ocrx_word' id='word_1_271' title='bbox 1840 3247 1842 3250; x_wconf 49' lang='lat'>&gt;</span> 
     </span>
     <span class='ocr_line' id='line_1_29' title="bbox 413 3311 1372 3397; baseline -0.001 -20"><span class='ocrx_word' id='word_1_272' title='bbox 413 3313 597 3385; x_wconf 89' lang='lat' dir='ltr'>sustulisse,</span> <span class='ocrx_word' id='word_1_273' title='bbox 620 3331 690 3374; x_wconf 92' lang='lat' dir='ltr'>cum</span> <span class='ocrx_word' id='word_1_274' title='bbox 712 3331 801 3393; x_wconf 94' lang='lat' dir='ltr'>spem</span> <span class='ocrx_word' id='word_1_275' title='bbox 823 3311 1017 3374; x_wconf 82' lang='lat' dir='ltr'>defensionis</span> <span class='ocrx_word' id='word_1_276' title='bbox 1040 3313 1159 3375; x_wconf 89' lang='lat' dir='ltr'>nullam</span> <span class='ocrx_word' id='word_1_277' title='bbox 1181 3313 1372 3397; x_wconf 86' lang='lat' dir='ltr'>reliquisset</span> 
     </span>
    </p>
   </div>
   <div class='ocr_carea' id='block_1_5' title="bbox 410 3440 1738 5385">
    <p class='ocr_par' dir='ltr' id='par_1_5' title="bbox 410 3440 1738 5385">
     <span class='ocr_line' id='line_1_30' title="bbox 478 3440 1736 3508; baseline 0.002 -17"><span class='ocrx_word' id='word_1_278' title='bbox 478 3442 502 3491; x_wconf 92' lang='grc'>4.</span> <span class='ocrx_word' id='word_1_279' title='bbox 522 3452 599 3492; x_wconf 85' lang='grc'>44444</span> <span class='ocrx_word' id='word_1_280' title='bbox 613 3444 618 3498; x_wconf 79' lang='lat' dir='ltr'>t</span> <span class='ocrx_word' id='word_1_281' title='bbox 632 3453 737 3490; x_wconf 82' lang='grc'>44444444</span> <span class='ocrx_word' id='word_1_282' title='bbox 753 3440 856 3491; x_wconf 81' lang='grc'>44441444</span> <span class='ocrx_word' id='word_1_283' title='bbox 874 3443 941 3492; x_wconf 86' lang='lat' dir='ltr'>teste</span> <span class='ocrx_word' id='word_1_284' title='bbox 958 3444 1021 3492; x_wconf 93' lang='lat' dir='ltr'>A.-</span> <span class='ocrx_word' id='word_1_285' title='bbox 1039 3441 1082 3506; x_wconf 80' lang='lat' dir='ltr'>ert]</span> <span class='ocrx_word' id='word_1_286' title='bbox 1102 3443 1179 3492; x_wconf 74' lang='lat' dir='ltr'>«Post</span> <span class='ocrx_word' id='word_1_287' title='bbox 1195 3442 1247 3492; x_wconf 85' lang='lat' dir='ltr'>hoc</span> <span class='ocrx_word' id='word_1_288' title='bbox 1264 3440 1424 3493; x_wconf 83' lang='lat' dir='ltr'>vocabulum</span> <span class='ocrx_word' id='word_1_289' title='bbox 1440 3446 1504 3508; x_wconf 89' lang='lat' dir='ltr'>puto</span> <span class='ocrx_word' id='word_1_290' title='bbox 1519 3443 1545 3492; x_wconf 91' lang='lat' dir='ltr'>in</span> <span class='ocrx_word' id='word_1_291' title='bbox 1562 3443 1736 3493; x_wconf 87' lang='lat' dir='ltr'>Ambrosiano</span> 
     </span>
     <span class='ocr_line' id='line_1_31' title="bbox 414 3514 1738 3581; baseline 0.001 -13"><span class='ocrx_word' id='word_1_292' title='bbox 414 3517 542 3581; x_wconf 89' lang='lat' dir='ltr'>scriptum</span> <span class='ocrx_word' id='word_1_293' title='bbox 560 3514 640 3566; x_wconf 86' lang='lat' dir='ltr'>luisse</span> <span class='ocrx_word' id='word_1_294' title='bbox 655 3529 701 3576; x_wconf 82' lang='lat' dir='ltr'>ns,</span> <span class='ocrx_word' id='word_1_295' title='bbox 719 3515 736 3565; x_wconf 95' lang='lat' dir='ltr'>i.</span> <span class='ocrx_word' id='word_1_296' title='bbox 750 3529 775 3566; x_wconf 88' lang='lat' dir='ltr'>e.</span> <span class='ocrx_word' id='word_1_297' title='bbox 788 3529 854 3576; x_wconf 80' lang='grc'>444,</span> <span class='ocrx_word' id='word_1_298' title='bbox 872 3517 929 3566; x_wconf 93' lang='lat' dir='ltr'>tum</span> <span class='ocrx_word' id='word_1_299' title='bbox 947 3517 972 3566; x_wconf 91' lang='lat' dir='ltr'>in</span> <span class='ocrx_word' id='word_1_300' title='bbox 990 3517 1112 3579; x_wconf 91' lang='lat' dir='ltr'>sequenti</span> <span class='ocrx_word' id='word_1_301' title='bbox 1128 3529 1205 3567; x_wconf 78' lang='lat' dir='ltr'>versu</span> <span class='ocrx_word' id='word_1_302' title='bbox 1218 3518 1386 3581; x_wconf 78' lang='lat' dir='ltr'>repetitum.»</span> <span class='ocrx_word' id='word_1_303' title='bbox 1403 3517 1479 3567; x_wconf 81' lang='grc'>44444.</span> <span class='ocrx_word' id='word_1_304' title='bbox 1495 3545 1522 3554; x_wconf 93' lang='grc'>-</span> <span class='ocrx_word' id='word_1_305' title='bbox 1541 3518 1566 3567; x_wconf 88' lang='grc'>4.</span> <span class='ocrx_word' id='word_1_306' title='bbox 1579 3530 1738 3577; x_wconf 73' lang='grc'>4444444444</span> 
     </span>
     <span class='ocr_line' id='line_1_32' title="bbox 413 3588 1732 3655; baseline -0.001 -12"><span class='ocrx_word' id='word_1_307' title='bbox 413 3592 442 3643; x_wconf 93' lang='lat' dir='ltr'>T.</span> <span class='ocrx_word' id='word_1_308' title='bbox 462 3617 489 3626; x_wconf 94' lang='lat'>—</span> <span class='ocrx_word' id='word_1_309' title='bbox 509 3589 533 3640; x_wconf 81' lang='grc'>3.</span> <span class='ocrx_word' id='word_1_310' title='bbox 552 3589 591 3652; x_wconf 84' lang='grc'>44]</span> <span class='ocrx_word' id='word_1_311' title='bbox 607 3588 648 3640; x_wconf 91' lang='lat' dir='ltr'>Ab</span> <span class='ocrx_word' id='word_1_312' title='bbox 665 3590 716 3640; x_wconf 87' lang='lat' dir='ltr'>bac</span> <span class='ocrx_word' id='word_1_313' title='bbox 732 3602 800 3641; x_wconf 87' lang='lat' dir='ltr'>voce</span> <span class='ocrx_word' id='word_1_314' title='bbox 817 3591 909 3655; x_wconf 88' lang='lat' dir='ltr'>incipit</span> <span class='ocrx_word' id='word_1_315' title='bbox 926 3590 1015 3642; x_wconf 89' lang='lat' dir='ltr'>lolium</span> <span class='ocrx_word' id='word_1_316' title='bbox 1032 3591 1238 3642; x_wconf 90' lang='lat' dir='ltr'>Ambrosianum</span> <span class='ocrx_word' id='word_1_317' title='bbox 1256 3591 1418 3643; x_wconf 85' lang='grc'>41444444.-</span> <span class='ocrx_word' id='word_1_318' title='bbox 1438 3592 1572 3643; x_wconf 77' lang='lat' dir='ltr'>sedetiam</span> <span class='ocrx_word' id='word_1_319' title='bbox 1587 3593 1622 3641; x_wconf 89' lang='grc'>44</span> <span class='ocrx_word' id='word_1_320' title='bbox 1636 3594 1692 3643; x_wconf 84' lang='lat' dir='ltr'>AP.</span> <span class='ocrx_word' id='word_1_321' title='bbox 1707 3618 1732 3629; x_wconf 88' lang='lat'><em>-</em></span> 
     </span>
     <span class='ocr_line' id='line_1_33' title="bbox 413 3665 1738 3732; baseline 0.002 -16"><span class='ocrx_word' id='word_1_322' title='bbox 413 3667 447 3716; x_wconf 87' lang='grc'>44</span> <span class='ocrx_word' id='word_1_323' title='bbox 457 3677 582 3714; x_wconf 81' lang='grc'>44444444</span> <span class='ocrx_word' id='word_1_324' title='bbox 591 3678 614 3714; x_wconf 87' lang='lat' dir='ltr'>r.</span> <span class='ocrx_word' id='word_1_325' title='bbox 625 3678 652 3726; x_wconf 87' lang='lat' dir='ltr'>p.</span> <span class='ocrx_word' id='word_1_326' title='bbox 663 3666 787 3728; x_wconf 80' lang='lat' dir='ltr'>pertinere</span> <span class='ocrx_word' id='word_1_327' title='bbox 798 3665 861 3716; x_wconf 89' lang='lat' dir='ltr'>hinc</span> <span class='ocrx_word' id='word_1_328' title='bbox 872 3666 1019 3717; x_wconf 87' lang='lat' dir='ltr'>Victorinus</span> <span class='ocrx_word' id='word_1_329' title='bbox 1030 3681 1057 3732; x_wconf 91' lang='lat' dir='ltr'>p.</span> <span class='ocrx_word' id='word_1_330' title='bbox 1070 3669 1111 3717; x_wconf 85' lang='grc'>444.</span> <span class='ocrx_word' id='word_1_331' title='bbox 1125 3681 1150 3717; x_wconf 85' lang='lat' dir='ltr'>v.</span> <span class='ocrx_word' id='word_1_332' title='bbox 1164 3666 1204 3718; x_wconf 76' lang='grc'>45.</span> <span class='ocrx_word' id='word_1_333' title='bbox 1218 3667 1260 3718; x_wconf 90' lang='grc'>44.</span> <span class='ocrx_word' id='word_1_334' title='bbox 1275 3681 1301 3717; x_wconf 94' lang='lat' dir='ltr'>n.</span> <span class='ocrx_word' id='word_1_335' title='bbox 1315 3693 1344 3705; x_wconf 90' lang='lat'>-</span> <span class='ocrx_word' id='word_1_336' title='bbox 1358 3670 1383 3718; x_wconf 83' lang='lat' dir='ltr'>o.</span> <span class='ocrx_word' id='word_1_337' title='bbox 1396 3673 1419 3719; x_wconf 83' lang='lat' dir='ltr'>ct</span> <span class='ocrx_word' id='word_1_338' title='bbox 1430 3666 1562 3732; x_wconf 75' lang='grc'>4444444444]</span> <span class='ocrx_word' id='word_1_339' title='bbox 1573 3680 1738 3720; x_wconf 69' lang='grc'>4444444444</span> 
     </span>
     <span class='ocr_line' id='line_1_34' title="bbox 413 3738 1735 3806; baseline 0.002 -14"><span class='ocrx_word' id='word_1_340' title='bbox 413 3741 507 3803; x_wconf 83' lang='lat' dir='ltr'>(littera</span> <span class='ocrx_word' id='word_1_341' title='bbox 524 3740 544 3789; x_wconf 90' lang='grc'>44</span> <span class='ocrx_word' id='word_1_342' title='bbox 561 3751 676 3803; x_wconf 90' lang='lat' dir='ltr'>superne</span> <span class='ocrx_word' id='word_1_343' title='bbox 693 3742 792 3805; x_wconf 92' lang='lat' dir='ltr'>puncto</span> <span class='ocrx_word' id='word_1_344' title='bbox 809 3738 908 3800; x_wconf 82' lang='lat' dir='ltr'>deleta,</span> <span class='ocrx_word' id='word_1_345' title='bbox 933 3738 1055 3792; x_wconf 79' lang='lat' dir='ltr'>litteras</span> <span class='ocrx_word' id='word_1_346' title='bbox 1071 3741 1182 3804; x_wconf 83' lang='lat' dir='ltr'>adiecta)</span> <span class='ocrx_word' id='word_1_347' title='bbox 1199 3744 1236 3806; x_wconf 89' lang='lat' dir='ltr'>A,</span> <span class='ocrx_word' id='word_1_348' title='bbox 1257 3748 1332 3806; x_wconf 78' lang='lat' dir='ltr'>atque</span> <span class='ocrx_word' id='word_1_349' title='bbox 1346 3744 1470 3806; x_wconf 69' lang='grc'>4444444444</span> <span class='ocrx_word' id='word_1_350' title='bbox 1481 3745 1509 3794; x_wconf 83' lang='grc' dir='ltr'>Ρ.</span> <span class='ocrx_word' id='word_1_351' title='bbox 1524 3770 1551 3780; x_wconf 97' lang='grc'>-</span> <span class='ocrx_word' id='word_1_352' title='bbox 1569 3756 1656 3794; x_wconf 84' lang='grc'>4444444</span> <span class='ocrx_word' id='word_1_353' title='bbox 1666 3744 1695 3794; x_wconf 91' lang='grc' dir='ltr'>Τ.</span> <span class='ocrx_word' id='word_1_354' title='bbox 1707 3771 1735 3784; x_wconf 94' lang='lat'><em>-</em></span> 
     </span>
     <span class='ocr_line' id='line_1_35' title="bbox 414 3813 1735 3883; baseline 0.002 -17"><span class='ocrx_word' id='word_1_355' title='bbox 414 3817 438 3866; x_wconf 89' lang='grc'>6.</span> <span class='ocrx_word' id='word_1_356' title='bbox 449 3813 566 3879; x_wconf 79' lang='lat' dir='ltr'>Aemines]</span> <span class='ocrx_word' id='word_1_357' title='bbox 577 3827 653 3865; x_wconf 83' lang='grc'>44444</span> <span class='ocrx_word' id='word_1_358' title='bbox 665 3818 695 3874; x_wconf 90' lang='lat' dir='ltr'>A,</span> <span class='ocrx_word' id='word_1_359' title='bbox 707 3828 790 3865; x_wconf 82' lang='grc'>444444</span> <span class='ocrx_word' id='word_1_360' title='bbox 801 3829 864 3867; x_wconf 93' lang='lat' dir='ltr'>cum</span> <span class='ocrx_word' id='word_1_361' title='bbox 875 3816 942 3867; x_wconf 80' lang='lat' dir='ltr'>Maio</span> <span class='ocrx_word' id='word_1_362' title='bbox 954 3816 983 3866; x_wconf 90' lang='lat'>0.</span> <span class='ocrx_word' id='word_1_363' title='bbox 999 3840 1026 3851; x_wconf 97' lang='lat'>-</span> <span class='ocrx_word' id='word_1_364' title='bbox 1040 3816 1064 3866; x_wconf 90' lang='lat'>8.</span> <span class='ocrx_word' id='word_1_365' title='bbox 1075 3828 1182 3867; x_wconf 82' lang='grc'>4444444</span> <span class='ocrx_word' id='word_1_366' title='bbox 1192 3820 1223 3868; x_wconf 87' lang='lat' dir='ltr'>A.</span> <span class='ocrx_word' id='word_1_367' title='bbox 1239 3845 1266 3854; x_wconf 96' lang='lat'><em>-</em></span> <span class='ocrx_word' id='word_1_368' title='bbox 1278 3831 1329 3868; x_wconf 83' lang='grc'>4444</span> <span class='ocrx_word' id='word_1_369' title='bbox 1345 3819 1422 3882; x_wconf 67' lang='lat' dir='ltr'>epac</span> <span class='ocrx_word' id='word_1_370' title='bbox 1433 3831 1524 3869; x_wconf 84' lang='lat' dir='ltr'>errore</span> <span class='ocrx_word' id='word_1_371' title='bbox 1534 3817 1652 3883; x_wconf 86' lang='lat' dir='ltr'>quodam</span> <span class='ocrx_word' id='word_1_372' title='bbox 1663 3819 1694 3870; x_wconf 91' lang='lat' dir='ltr'>ll.</span> <span class='ocrx_word' id='word_1_373' title='bbox 1707 3844 1735 3859; x_wconf 85' lang='lat'>-</span> 
     </span>
     <span class='ocr_line' id='line_1_36' title="bbox 414 3890 1736 3956; baseline 0.002 -14"><span class='ocrx_word' id='word_1_374' title='bbox 414 3892 438 3942; x_wconf 82' lang='grc'>9.</span> <span class='ocrx_word' id='word_1_375' title='bbox 456 3890 617 3941; x_wconf 59' lang='lat' dir='ltr'>manacta</span> <span class='ocrx_word' id='word_1_376' title='bbox 631 3890 741 3941; x_wconf 81' lang='lat' dir='ltr'>TPBH.</span> <span class='ocrx_word' id='word_1_377' title='bbox 756 3918 783 3927; x_wconf 91' lang='lat'>-</span> <span class='ocrx_word' id='word_1_378' title='bbox 802 3903 865 3940; x_wconf 79' lang='grc'>4444</span> <span class='ocrx_word' id='word_1_379' title='bbox 878 3894 909 3941; x_wconf 92' lang='lat' dir='ltr'>A.</span> <span class='ocrx_word' id='word_1_380' title='bbox 925 3915 951 3926; x_wconf 90' lang='lat'>-</span> <span class='ocrx_word' id='word_1_381' title='bbox 973 3891 1012 3940; x_wconf 89' lang='grc'>40.</span> <span class='ocrx_word' id='word_1_382' title='bbox 1025 3895 1053 3940; x_wconf 85' lang='lat' dir='ltr'>ct</span> <span class='ocrx_word' id='word_1_383' title='bbox 1064 3892 1124 3940; x_wconf 91' lang='lat' dir='ltr'>ante</span> <span class='ocrx_word' id='word_1_384' title='bbox 1137 3904 1162 3940; x_wconf 88' lang='lat' dir='ltr'>v.</span> <span class='ocrx_word' id='word_1_385' title='bbox 1172 3905 1280 3954; x_wconf 86' lang='lat' dir='ltr'>perraro</span> <span class='ocrx_word' id='word_1_386' title='bbox 1292 3905 1346 3943; x_wconf 92' lang='lat' dir='ltr'>om.</span> <span class='ocrx_word' id='word_1_387' title='bbox 1359 3894 1388 3953; x_wconf 87' lang='lat' dir='ltr'>T,</span> <span class='ocrx_word' id='word_1_388' title='bbox 1400 3897 1423 3942; x_wconf 83' lang='lat' dir='ltr'>st</span> <span class='ocrx_word' id='word_1_389' title='bbox 1434 3893 1503 3943; x_wconf 90' lang='lat' dir='ltr'>coni.</span> <span class='ocrx_word' id='word_1_390' title='bbox 1515 3893 1600 3944; x_wconf 89' lang='lat' dir='ltr'>Beieri</span> <span class='ocrx_word' id='word_1_391' title='bbox 1611 3892 1736 3956; x_wconf 70' lang='grc'>84444444.</span> 
     </span>
     <span class='ocr_line' id='line_1_37' title="bbox 414 3964 1735 4032; baseline 0.002 -16"><span class='ocrx_word' id='word_1_392' title='bbox 414 3966 485 4017; x_wconf 79' lang='grc'>4844.</span> <span class='ocrx_word' id='word_1_393' title='bbox 503 3978 531 4031; x_wconf 92' lang='lat' dir='ltr'>p.</span> <span class='ocrx_word' id='word_1_394' title='bbox 550 3966 590 4016; x_wconf 74' lang='lat' dir='ltr'>oi.</span> <span class='ocrx_word' id='word_1_395' title='bbox 611 3989 638 4000; x_wconf 97' lang='lat'>-</span> <span class='ocrx_word' id='word_1_396' title='bbox 658 3966 697 4016; x_wconf 89' lang='lat' dir='ltr'>tt.</span> <span class='ocrx_word' id='word_1_397' title='bbox 715 3978 806 4016; x_wconf 85' lang='grc'>444444</span> <span class='ocrx_word' id='word_1_398' title='bbox 820 3970 826 4024; x_wconf 86' lang='grc' dir='ltr'>ι</span> <span class='ocrx_word' id='word_1_399' title='bbox 838 3979 985 4026; x_wconf 69' lang='lat' dir='ltr'>sarracino.</span> <span class='ocrx_word' id='word_1_400' title='bbox 1004 3964 1088 4016; x_wconf 89' lang='lat' dir='ltr'>littera</span> <span class='ocrx_word' id='word_1_401' title='bbox 1100 3966 1120 4015; x_wconf 83' lang='lat' dir='ltr'>A</span> <span class='ocrx_word' id='word_1_402' title='bbox 1137 3978 1253 4030; x_wconf 88' lang='lat' dir='ltr'>superne</span> <span class='ocrx_word' id='word_1_403' title='bbox 1271 3970 1370 4032; x_wconf 88' lang='lat' dir='ltr'>puncto</span> <span class='ocrx_word' id='word_1_404' title='bbox 1382 3966 1468 4018; x_wconf 88' lang='lat' dir='ltr'>deleta</span> <span class='ocrx_word' id='word_1_405' title='bbox 1480 3970 1510 4018; x_wconf 89' lang='lat' dir='ltr'>A.</span> <span class='ocrx_word' id='word_1_406' title='bbox 1526 3996 1553 4005; x_wconf 91' lang='lat'><em>-</em></span> <span class='ocrx_word' id='word_1_407' title='bbox 1572 3967 1610 4032; x_wconf 89' lang='grc'>44]</span> <span class='ocrx_word' id='word_1_408' title='bbox 1622 3981 1655 4018; x_wconf 88' lang='grc'>44</span> <span class='ocrx_word' id='word_1_409' title='bbox 1665 3972 1695 4019; x_wconf 93' lang='lat' dir='ltr'>A.</span> <span class='ocrx_word' id='word_1_410' title='bbox 1708 3996 1735 4008; x_wconf 93' lang='lat'><em>-</em></span> 
     </span>
     <span class='ocr_line' id='line_1_38' title="bbox 414 4039 1735 4108; baseline 0.002 -17"><span class='ocrx_word' id='word_1_411' title='bbox 414 4040 453 4092; x_wconf 93' lang='grc'>44.</span> <span class='ocrx_word' id='word_1_412' title='bbox 466 4055 517 4091; x_wconf 79' lang='lat' dir='ltr'>non</span> <span class='ocrx_word' id='word_1_413' title='bbox 527 4045 580 4090; x_wconf 83' lang='grc'>4444</span> <span class='ocrx_word' id='word_1_414' title='bbox 591 4042 643 4091; x_wconf 88' lang='grc'>444.</span> <span class='ocrx_word' id='word_1_415' title='bbox 662 4039 700 4090; x_wconf 84' lang='lat' dir='ltr'>Ci.</span> <span class='ocrx_word' id='word_1_416' title='bbox 713 4053 740 4105; x_wconf 92' lang='lat' dir='ltr'>p.</span> <span class='ocrx_word' id='word_1_417' title='bbox 751 4042 828 4091; x_wconf 84' lang='grc'>44444.</span> <span class='ocrx_word' id='word_1_418' title='bbox 841 4044 899 4092; x_wconf 94' lang='lat' dir='ltr'>Am.</span> <span class='ocrx_word' id='word_1_419' title='bbox 912 4041 936 4105; x_wconf 72' lang='grc'>5.</span> <span class='ocrx_word' id='word_1_420' title='bbox 947 4041 987 4091; x_wconf 74' lang='lat' dir='ltr'>io.</span> <span class='ocrx_word' id='word_1_421' title='bbox 1000 4069 1027 4078; x_wconf 90' lang='lat'><em>-</em></span> <span class='ocrx_word' id='word_1_422' title='bbox 1040 4053 1198 4091; x_wconf 82' lang='grc'>4444444444</span> <span class='ocrx_word' id='word_1_423' title='bbox 1209 4040 1293 4092; x_wconf 88' lang='lat' dir='ltr'>littera</span> <span class='ocrx_word' id='word_1_424' title='bbox 1306 4056 1447 4108; x_wconf 88' lang='lat' dir='ltr'>rsuperne</span> <span class='ocrx_word' id='word_1_425' title='bbox 1459 4045 1559 4107; x_wconf 85' lang='lat' dir='ltr'>puncto</span> <span class='ocrx_word' id='word_1_426' title='bbox 1570 4040 1655 4093; x_wconf 88' lang='lat' dir='ltr'>deleta</span> <span class='ocrx_word' id='word_1_427' title='bbox 1667 4042 1695 4093; x_wconf 89' lang='grc' dir='ltr'>Τ.</span> <span class='ocrx_word' id='word_1_428' title='bbox 1710 4070 1735 4080; x_wconf 90' lang='grc'>-</span> 
     </span>
     <span class='ocr_line' id='line_1_39' title="bbox 415 4116 1738 4180; baseline 0.002 -15"><span class='ocrx_word' id='word_1_429' title='bbox 415 4127 519 4165; x_wconf 80' lang='grc'>4444444</span> <span class='ocrx_word' id='word_1_430' title='bbox 529 4117 560 4165; x_wconf 89' lang='lat' dir='ltr'>A.</span> <span class='ocrx_word' id='word_1_431' title='bbox 576 4141 602 4150; x_wconf 95' lang='lat'>-</span> <span class='ocrx_word' id='word_1_432' title='bbox 622 4127 779 4166; x_wconf 82' lang='grc'>4444444444</span> <span class='ocrx_word' id='word_1_433' title='bbox 791 4118 818 4167; x_wconf 91' lang='lat' dir='ltr'>T.</span> <span class='ocrx_word' id='word_1_434' title='bbox 833 4143 862 4154; x_wconf 93' lang='lat'>-</span> <span class='ocrx_word' id='word_1_435' title='bbox 882 4116 921 4167; x_wconf 88' lang='grc'>46,</span> <span class='ocrx_word' id='word_1_436' title='bbox 939 4118 976 4179; x_wconf 80' lang='lat' dir='ltr'>ct]</span> <span class='ocrx_word' id='word_1_437' title='bbox 993 4130 1021 4167; x_wconf 86' lang='grc'>44</span> <span class='ocrx_word' id='word_1_438' title='bbox 1032 4117 1059 4167; x_wconf 92' lang='lat' dir='ltr'>T.</span> <span class='ocrx_word' id='word_1_439' title='bbox 1076 4144 1103 4154; x_wconf 95' lang='lat'><em>-</em></span> <span class='ocrx_word' id='word_1_440' title='bbox 1121 4122 1145 4167; x_wconf 88' lang='lat' dir='ltr'>et</span> <span class='ocrx_word' id='word_1_441' title='bbox 1156 4129 1209 4167; x_wconf 93' lang='lat' dir='ltr'>om.</span> <span class='ocrx_word' id='word_1_442' title='bbox 1223 4118 1253 4167; x_wconf 93' lang='lat' dir='ltr'>A.</span> <span class='ocrx_word' id='word_1_443' title='bbox 1268 4144 1295 4153; x_wconf 93' lang='lat'><em>-</em></span> <span class='ocrx_word' id='word_1_444' title='bbox 1315 4119 1355 4168; x_wconf 83' lang='grc'>47.</span> <span class='ocrx_word' id='word_1_445' title='bbox 1368 4131 1467 4178; x_wconf 75' lang='lat' dir='ltr'>orons.</span> <span class='ocrx_word' id='word_1_446' title='bbox 1483 4131 1571 4168; x_wconf 79' lang='lat' dir='ltr'>,aurs</span> <span class='ocrx_word' id='word_1_447' title='bbox 1582 4121 1617 4177; x_wconf 91' lang='lat' dir='ltr'>A,</span> <span class='ocrx_word' id='word_1_448' title='bbox 1634 4119 1656 4167; x_wconf 81' lang='lat' dir='ltr'>at</span> <span class='ocrx_word' id='word_1_449' title='bbox 1672 4118 1738 4180; x_wconf 81' lang='lat' dir='ltr'>qnod</span> 
     </span>
     <span class='ocr_line' id='line_1_40' title="bbox 414 4190 1736 4257; baseline 0.001 -18"><span class='ocrx_word' id='word_1_450' title='bbox 414 4203 432 4239; x_wconf 92' lang='grc'>4</span> <span class='ocrx_word' id='word_1_451' title='bbox 449 4190 550 4254; x_wconf 74' lang='lat' dir='ltr'>(omitto</span> <span class='ocrx_word' id='word_1_452' title='bbox 565 4191 660 4252; x_wconf 75' lang='lat' dir='ltr'>Maius,</span> <span class='ocrx_word' id='word_1_453' title='bbox 685 4192 707 4241; x_wconf 84' lang='grc'>44</span> <span class='ocrx_word' id='word_1_454' title='bbox 727 4192 787 4253; x_wconf 80' lang='lat' dir='ltr'>qnid</span> <span class='ocrx_word' id='word_1_455' title='bbox 803 4205 821 4241; x_wconf 88' lang='lat' dir='ltr'>c</span> <span class='ocrx_word' id='word_1_456' title='bbox 836 4192 935 4256; x_wconf 70' lang='grc'>[4444444</span> <span class='ocrx_word' id='word_1_457' title='bbox 945 4192 1120 4243; x_wconf 89' lang='lat' dir='ltr'>Heinrichius.</span> <span class='ocrx_word' id='word_1_458' title='bbox 1140 4195 1217 4243; x_wconf 77' lang='lat' dir='ltr'>«Post</span> <span class='ocrx_word' id='word_1_459' title='bbox 1233 4192 1359 4243; x_wconf 90' lang='lat' dir='ltr'>iudicium</span> <span class='ocrx_word' id='word_1_460' title='bbox 1371 4192 1521 4257; x_wconf 81' lang='lat' dir='ltr'>intelligitur</span> <span class='ocrx_word' id='word_1_461' title='bbox 1531 4194 1607 4242; x_wconf 83' lang='grc'>4444.</span> <span class='ocrx_word' id='word_1_462' title='bbox 1627 4192 1665 4243; x_wconf 85' lang='lat' dir='ltr'>Ci.</span> <span class='ocrx_word' id='word_1_463' title='bbox 1678 4193 1736 4243; x_wconf 77' lang='lat'>53.»</span> 
     </span>
     <span class='ocr_line' id='line_1_41' title="bbox 414 4266 1736 4330; baseline 0.003 -14"><span class='ocrx_word' id='word_1_464' title='bbox 414 4266 500 4316; x_wconf 85' lang='grc'>444444.</span> <span class='ocrx_word' id='word_1_465' title='bbox 513 4293 541 4303; x_wconf 85' lang='grc'><strong>-</strong></span> <span class='ocrx_word' id='word_1_466' title='bbox 554 4266 595 4316; x_wconf 88' lang='grc' dir='ltr'>4ο.</span> <span class='ocrx_word' id='word_1_467' title='bbox 607 4279 709 4317; x_wconf 78' lang='grc'>4444444.</span> <span class='ocrx_word' id='word_1_468' title='bbox 728 4266 799 4327; x_wconf 83' lang='lat' dir='ltr'>Quod</span> <span class='ocrx_word' id='word_1_469' title='bbox 812 4267 871 4317; x_wconf 83' lang='lat' dir='ltr'>Bo:</span> <span class='ocrx_word' id='word_1_470' title='bbox 890 4279 998 4329; x_wconf 77' lang='grc'>4444444,</span> <span class='ocrx_word' id='word_1_471' title='bbox 1011 4269 1077 4329; x_wconf 81' lang='lat' dir='ltr'>qood</span> <span class='ocrx_word' id='word_1_472' title='bbox 1088 4269 1177 4327; x_wconf 81' lang='lat' dir='ltr'>Pitii,</span> <span class='ocrx_word' id='word_1_473' title='bbox 1194 4281 1302 4329; x_wconf 80' lang='grc'>4444444,</span> <span class='ocrx_word' id='word_1_474' title='bbox 1314 4273 1343 4318; x_wconf 85' lang='lat' dir='ltr'>ut</span> <span class='ocrx_word' id='word_1_475' title='bbox 1353 4270 1420 4330; x_wconf 80' lang='lat' dir='ltr'>quod</span> <span class='ocrx_word' id='word_1_476' title='bbox 1430 4270 1452 4320; x_wconf 86' lang='grc'>44</span> <span class='ocrx_word' id='word_1_477' title='bbox 1464 4270 1490 4319; x_wconf 92' lang='lat' dir='ltr'>in</span> <span class='ocrx_word' id='word_1_478' title='bbox 1501 4268 1677 4319; x_wconf 87' lang='lat' dir='ltr'>adnotatione.</span> <span class='ocrx_word' id='word_1_479' title='bbox 1697 4268 1736 4320; x_wconf 87' lang='lat' dir='ltr'>ct.</span> 
     </span>
     <span class='ocr_line' id='line_1_42' title="bbox 415 4338 1737 4408; baseline 0.002 -16"><span class='ocrx_word' id='word_1_480' title='bbox 415 4338 599 4406; x_wconf 86' lang='lat' dir='ltr'>supplementa</span> <span class='ocrx_word' id='word_1_481' title='bbox 615 4353 641 4391; x_wconf 85' lang='grc'>4.</span> <span class='ocrx_word' id='word_1_482' title='bbox 659 4341 700 4392; x_wconf 85' lang='grc'>44.</span> <span class='ocrx_word' id='word_1_483' title='bbox 715 4367 742 4377; x_wconf 91' lang='grc'><strong>-</strong></span> <span class='ocrx_word' id='word_1_484' title='bbox 758 4341 823 4406; x_wconf 70' lang='lat' dir='ltr'>otio]</span> <span class='ocrx_word' id='word_1_485' title='bbox 838 4355 902 4394; x_wconf 84' lang='grc'>44444</span> <span class='ocrx_word' id='word_1_486' title='bbox 913 4344 942 4391; x_wconf 88' lang='lat' dir='ltr'>A.</span> <span class='ocrx_word' id='word_1_487' title='bbox 958 4369 985 4378; x_wconf 92' lang='lat'><em>-</em></span> <span class='ocrx_word' id='word_1_488' title='bbox 1002 4342 1042 4393; x_wconf 88' lang='grc'>44.</span> <span class='ocrx_word' id='word_1_489' title='bbox 1056 4343 1231 4406; x_wconf 73' lang='grc'>4444444444,</span> <span class='ocrx_word' id='word_1_490' title='bbox 1250 4343 1283 4408; x_wconf 87' lang='grc'>44]</span> <span class='ocrx_word' id='word_1_491' title='bbox 1297 4345 1379 4395; x_wconf 86' lang='lat' dir='ltr'>liuius</span> <span class='ocrx_word' id='word_1_492' title='bbox 1390 4342 1514 4394; x_wconf 84' lang='lat' dir='ltr'>versiculi</span> <span class='ocrx_word' id='word_1_493' title='bbox 1527 4347 1651 4408; x_wconf 87' lang='lat' dir='ltr'>quattuor</span> <span class='ocrx_word' id='word_1_494' title='bbox 1662 4342 1737 4395; x_wconf 91' lang='lat' dir='ltr'>dum·</span> 
     </span>
     <span class='ocr_line' id='line_1_43' title="bbox 414 4415 1736 4483; baseline 0.002 -17"><span class='ocrx_word' id='word_1_495' title='bbox 414 4419 484 4467; x_wconf 81' lang='lat' dir='ltr'>taxat</span> <span class='ocrx_word' id='word_1_496' title='bbox 503 4415 604 4468; x_wconf 89' lang='lat' dir='ltr'>litteras</span> <span class='ocrx_word' id='word_1_497' title='bbox 621 4416 647 4466; x_wconf 93' lang='lat' dir='ltr'>in</span> <span class='ocrx_word' id='word_1_498' title='bbox 663 4417 684 4467; x_wconf 95' lang='lat' dir='ltr'><strong>A</strong></span> <span class='ocrx_word' id='word_1_499' title='bbox 701 4417 857 4480; x_wconf 79' lang='lat' dir='ltr'>investigere</span> <span class='ocrx_word' id='word_1_500' title='bbox 874 4417 957 4481; x_wconf 92' lang='lat' dir='ltr'>potuit</span> <span class='ocrx_word' id='word_1_501' title='bbox 973 4419 1090 4479; x_wconf 80' lang='lat' dir='ltr'>Peyron,</span> <span class='ocrx_word' id='word_1_502' title='bbox 1117 4431 1157 4469; x_wconf 90' lang='lat' dir='ltr'>sc.</span> <span class='ocrx_word' id='word_1_503' title='bbox 1173 4430 1272 4475; x_wconf 77' lang='grc'>44444,</span> <span class='ocrx_word' id='word_1_504' title='bbox 1298 4418 1326 4468; x_wconf 94' lang='lat' dir='ltr'>in</span> <span class='ocrx_word' id='word_1_505' title='bbox 1343 4430 1456 4480; x_wconf 89' lang='lat' dir='ltr'>quarum</span> <span class='ocrx_word' id='word_1_506' title='bbox 1476 4421 1610 4483; x_wconf 90' lang='lat' dir='ltr'>postrema</span> <span class='ocrx_word' id='word_1_507' title='bbox 1632 4431 1736 4470; x_wconf 86' lang='lat' dir='ltr'>errasse</span> 
     </span>
     <span class='ocr_line' id='line_1_44' title="bbox 414 4491 1737 4556; baseline 0.002 -14"><span class='ocrx_word' id='word_1_508' title='bbox 414 4491 534 4551; x_wconf 64' lang='lat' dir='ltr'>videtum</span> <span class='ocrx_word' id='word_1_509' title='bbox 561 4504 595 4541; x_wconf 91' lang='lat' dir='ltr'>ne</span> <span class='ocrx_word' id='word_1_510' title='bbox 617 4502 697 4542; x_wconf 90' lang='lat' dir='ltr'>unam</span> <span class='ocrx_word' id='word_1_511' title='bbox 720 4491 828 4555; x_wconf 90' lang='lat' dir='ltr'>quidem</span> <span class='ocrx_word' id='word_1_512' title='bbox 846 4493 994 4556; x_wconf 85' lang='lat' dir='ltr'>expiscatus</span> <span class='ocrx_word' id='word_1_513' title='bbox 1012 4496 1054 4543; x_wconf 89' lang='lat' dir='ltr'>est</span> <span class='ocrx_word' id='word_1_514' title='bbox 1069 4494 1161 4544; x_wconf 80' lang='lat' dir='ltr'>Maius.</span> <span class='ocrx_word' id='word_1_515' title='bbox 1184 4521 1212 4531; x_wconf 91' lang='lat'><em>-</em></span> <span class='ocrx_word' id='word_1_516' title='bbox 1237 4495 1263 4542; x_wconf 86' lang='grc'>44</span> <span class='ocrx_word' id='word_1_517' title='bbox 1276 4506 1324 4555; x_wconf 83' lang='lat' dir='ltr'>per</span> <span class='ocrx_word' id='word_1_518' title='bbox 1339 4507 1422 4545; x_wconf 76' lang='lat' dir='ltr'>cereos</span> <span class='ocrx_word' id='word_1_519' title='bbox 1437 4500 1549 4544; x_wconf 77' lang='grc'>44444444</span> <span class='ocrx_word' id='word_1_520' title='bbox 1565 4491 1628 4556; x_wconf 83' lang='lat' dir='ltr'>cet]</span> <span class='ocrx_word' id='word_1_521' title='bbox 1651 4505 1737 4545; x_wconf 82' lang='lat' dir='ltr'>ucsrs</span> 
     </span>
     <span class='ocr_line' id='line_1_45' title="bbox 416 4567 1735 4633; baseline 0.002 -17"><span class='ocrx_word' id='word_1_522' title='bbox 416 4603 505 4616; x_wconf 91' lang='grc'>.....</span> <span class='ocrx_word' id='word_1_523' title='bbox 523 4579 554 4616; x_wconf 80' lang='lat' dir='ltr'>aa</span> <span class='ocrx_word' id='word_1_524' title='bbox 568 4570 573 4624; x_wconf 92' lang='grc'>1</span> <span class='ocrx_word' id='word_1_525' title='bbox 587 4578 683 4618; x_wconf 77' lang='lat' dir='ltr'>sarran</span> <span class='ocrx_word' id='word_1_526' title='bbox 696 4605 702 4617; x_wconf 95' lang='lat'><strong><em>.</em></strong></span> <span class='ocrx_word' id='word_1_527' title='bbox 717 4605 723 4618; x_wconf 91' lang='lat'><strong>.</strong></span> <span class='ocrx_word' id='word_1_528' title='bbox 738 4605 744 4617; x_wconf 93' lang='lat'>.</span> <span class='ocrx_word' id='word_1_529' title='bbox 759 4606 786 4619; x_wconf 86' lang='lat'>..</span> <span class='ocrx_word' id='word_1_530' title='bbox 805 4571 834 4618; x_wconf 90' lang='lat' dir='ltr'>A.</span> <span class='ocrx_word' id='word_1_531' title='bbox 859 4595 887 4603; x_wconf 94' lang='lat'>—</span> <span class='ocrx_word' id='word_1_532' title='bbox 913 4568 1000 4616; x_wconf 83' lang='lat' dir='ltr'>dotum</span> <span class='ocrx_word' id='word_1_533' title='bbox 1021 4568 1088 4633; x_wconf 77' lang='lat' dir='ltr'>essct]</span> <span class='ocrx_word' id='word_1_534' title='bbox 1112 4571 1141 4620; x_wconf 93' lang='lat' dir='ltr'>ln</span> <span class='ocrx_word' id='word_1_535' title='bbox 1164 4570 1204 4619; x_wconf 86' lang='lat' dir='ltr'>his</span> <span class='ocrx_word' id='word_1_536' title='bbox 1221 4567 1333 4620; x_wconf 88' lang='lat' dir='ltr'>vocibus</span> <span class='ocrx_word' id='word_1_537' title='bbox 1350 4569 1446 4620; x_wconf 90' lang='lat' dir='ltr'>desinit</span> <span class='ocrx_word' id='word_1_538' title='bbox 1468 4568 1559 4620; x_wconf 87' lang='lat' dir='ltr'>lolium</span> <span class='ocrx_word' id='word_1_539' title='bbox 1575 4569 1735 4620; x_wconf 88' lang='lat' dir='ltr'>Taurinense</span> 
     </span>
     <span class='ocr_line' id='line_1_46' title="bbox 414 4642 1735 4707; baseline 0.002 -15"><span class='ocrx_word' id='word_1_540' title='bbox 414 4642 535 4694; x_wconf 87' lang='lat' dir='ltr'>altarum.</span> <span class='ocrx_word' id='word_1_541' title='bbox 570 4643 625 4693; x_wconf 87' lang='lat' dir='ltr'>ilae</span> <span class='ocrx_word' id='word_1_542' title='bbox 650 4643 723 4707; x_wconf 87' lang='lat' dir='ltr'>ipsae</span> <span class='ocrx_word' id='word_1_543' title='bbox 744 4644 771 4693; x_wconf 90' lang='grc'>44</span> <span class='ocrx_word' id='word_1_544' title='bbox 792 4642 918 4707; x_wconf 89' lang='lat' dir='ltr'>deinceps</span> <span class='ocrx_word' id='word_1_545' title='bbox 938 4645 1042 4706; x_wconf 89' lang='lat' dir='ltr'>septem</span> <span class='ocrx_word' id='word_1_546' title='bbox 1064 4642 1187 4695; x_wconf 87' lang='lat' dir='ltr'>versiculi</span> <span class='ocrx_word' id='word_1_547' title='bbox 1208 4646 1345 4694; x_wconf 90' lang='lat' dir='ltr'>ternarum</span> <span class='ocrx_word' id='word_1_548' title='bbox 1367 4644 1497 4696; x_wconf 90' lang='lat' dir='ltr'>denarum</span> <span class='ocrx_word' id='word_1_549' title='bbox 1517 4644 1571 4696; x_wconf 89' lang='lat' dir='ltr'>lere</span> <span class='ocrx_word' id='word_1_550' title='bbox 1588 4643 1735 4695; x_wconf 88' lang='lat' dir='ltr'>litterarum</span> 
     </span>
     <span class='ocr_line' id='line_1_47' title="bbox 413 4712 1735 4784; baseline 0.002 -17"><span class='ocrx_word' id='word_1_551' title='bbox 413 4718 520 4782; x_wconf 88' lang='lat' dir='ltr'>praeter</span> <span class='ocrx_word' id='word_1_552' title='bbox 542 4729 641 4781; x_wconf 86' lang='lat' dir='ltr'>pancas</span> <span class='ocrx_word' id='word_1_553' title='bbox 662 4730 694 4767; x_wconf 92' lang='lat' dir='ltr'>ac</span> <span class='ocrx_word' id='word_1_554' title='bbox 717 4712 844 4768; x_wconf 83' lang='grc'>4444444444</span> <span class='ocrx_word' id='word_1_555' title='bbox 861 4718 930 4767; x_wconf 93' lang='lat' dir='ltr'>inter</span> <span class='ocrx_word' id='word_1_556' title='bbox 946 4729 976 4767; x_wconf 90' lang='lat' dir='ltr'>se</span> <span class='ocrx_word' id='word_1_557' title='bbox 993 4717 1093 4770; x_wconf 86' lang='lat' dir='ltr'>litteras</span> <span class='ocrx_word' id='word_1_558' title='bbox 1110 4721 1137 4769; x_wconf 94' lang='lat' dir='ltr'>in</span> <span class='ocrx_word' id='word_1_559' title='bbox 1153 4722 1173 4769; x_wconf 92' lang='lat' dir='ltr'>A</span> <span class='ocrx_word' id='word_1_560' title='bbox 1191 4717 1241 4783; x_wconf 77' lang='lat' dir='ltr'>legi</span> <span class='ocrx_word' id='word_1_561' title='bbox 1259 4722 1404 4784; x_wconf 90' lang='lat' dir='ltr'>nequeunt.</span> <span class='ocrx_word' id='word_1_562' title='bbox 1432 4722 1519 4771; x_wconf 80' lang='grc'>444444</span> <span class='ocrx_word' id='word_1_563' title='bbox 1534 4726 1594 4771; x_wconf 77' lang='lat' dir='ltr'>ercet</span> <span class='ocrx_word' id='word_1_564' title='bbox 1609 4719 1678 4753; x_wconf 65' lang='lat'>*³*</span> <span class='ocrx_word' id='word_1_565' title='bbox 1695 4715 1735 4779; x_wconf 85' lang='grc'>[44</span> 
     </span>
     <span class='ocr_line' id='line_1_48' title="bbox 410 4791 1735 4859; baseline 0.003 -19"><span class='ocrx_word' id='word_1_566' title='bbox 410 4791 515 4856; x_wconf 81' lang='lat' dir='ltr'>privati]</span> <span class='ocrx_word' id='word_1_567' title='bbox 524 4791 582 4852; x_wconf 77' lang='grc'>,4444</span> <span class='ocrx_word' id='word_1_568' title='bbox 597 4796 731 4842; x_wconf 81' lang='lat' dir='ltr'>statuerent</span> <span class='ocrx_word' id='word_1_569' title='bbox 747 4795 782 4852; x_wconf 88' lang='lat' dir='ltr'>P,</span> <span class='ocrx_word' id='word_1_570' title='bbox 801 4794 887 4842; x_wconf 84' lang='grc'>444444</span> <span class='ocrx_word' id='word_1_571' title='bbox 903 4798 963 4844; x_wconf 80' lang='lat' dir='ltr'>essct</span> <span class='ocrx_word' id='word_1_572' title='bbox 978 4795 1118 4857; x_wconf 72' lang='lat' dir='ltr'>[manifesto</span> <span class='ocrx_word' id='word_1_573' title='bbox 1134 4796 1309 4858; x_wconf 70' lang='lat' dir='ltr'>deprehensum</span> <span class='ocrx_word' id='word_1_574' title='bbox 1325 4809 1450 4858; x_wconf 76' lang='lat' dir='ltr'>apparere</span> <span class='ocrx_word' id='word_1_575' title='bbox 1464 4797 1584 4847; x_wconf 81' lang='lat' dir='ltr'>iudicavit</span> <span class='ocrx_word' id='word_1_576' title='bbox 1594 4802 1668 4859; x_wconf 84' lang='lat' dir='ltr'>atquc</span> <span class='ocrx_word' id='word_1_577' title='bbox 1680 4796 1735 4844; x_wconf 86' lang='grc'>4444</span> 
     </span>
     <span class='ocr_line' id='line_1_49' title="bbox 413 4869 1735 4935; baseline 0.002 -18"><span class='ocrx_word' id='word_1_578' title='bbox 413 4869 442 4917; x_wconf 86' lang='lat' dir='ltr'>ds</span> <span class='ocrx_word' id='word_1_579' title='bbox 456 4880 553 4919; x_wconf 79' lang='grc'>4444444</span> <span class='ocrx_word' id='word_1_580' title='bbox 568 4880 619 4916; x_wconf 80' lang='lat' dir='ltr'>nec</span> <span class='ocrx_word' id='word_1_581' title='bbox 635 4869 742 4928; x_wconf 83' lang='grc'>4444444,</span> <span class='ocrx_word' id='word_1_582' title='bbox 767 4882 811 4930; x_wconf 83' lang='lat' dir='ltr'>nc,</span> <span class='ocrx_word' id='word_1_583' title='bbox 838 4870 881 4932; x_wconf 82' lang='lat' dir='ltr'>qut</span> <span class='ocrx_word' id='word_1_584' title='bbox 896 4869 1012 4920; x_wconf 82' lang='grc'>44444444</span> <span class='ocrx_word' id='word_1_585' title='bbox 1028 4869 1244 4935; x_wconf 62' lang='lat' dir='ltr'>controversiam]</span> <span class='ocrx_word' id='word_1_586' title='bbox 1270 4871 1318 4934; x_wconf 79' lang='lat' dir='ltr'>ipsi</span> <span class='ocrx_word' id='word_1_587' title='bbox 1333 4876 1469 4922; x_wconf 78' lang='lat' dir='ltr'>statuerent</span> <span class='ocrx_word' id='word_1_588' title='bbox 1485 4873 1547 4931; x_wconf 87' lang='grc'>440,</span> <span class='ocrx_word' id='word_1_589' title='bbox 1572 4872 1659 4920; x_wconf 81' lang='lat' dir='ltr'>dotum</span> <span class='ocrx_word' id='word_1_590' title='bbox 1675 4874 1735 4919; x_wconf 81' lang='lat' dir='ltr'>esset</span> 
     </span>
     <span class='ocr_line' id='line_1_50' title="bbox 414 4942 1735 5008; baseline 0.001 -15"><span class='ocrx_word' id='word_1_591' title='bbox 414 4942 536 5007; x_wconf 77' lang='lat' dir='ltr'>[qnodque</span> <span class='ocrx_word' id='word_1_592' title='bbox 551 4944 736 5006; x_wconf 71' lang='lat' dir='ltr'>toreumatum</span> <span class='ocrx_word' id='word_1_593' title='bbox 747 4944 804 4994; x_wconf 82' lang='lat' dir='ltr'>dari</span> <span class='ocrx_word' id='word_1_594' title='bbox 817 4958 888 5008; x_wconf 80' lang='lat' dir='ltr'>posse</span> <span class='ocrx_word' id='word_1_595' title='bbox 898 4959 929 4995; x_wconf 84' lang='lat' dir='ltr'>ne</span> <span class='ocrx_word' id='word_1_596' title='bbox 943 4946 1031 5007; x_wconf 79' lang='lat' dir='ltr'>potest</span> <span class='ocrx_word' id='word_1_597' title='bbox 1042 4946 1140 5008; x_wconf 78' lang='grc'>4444444</span> <span class='ocrx_word' id='word_1_598' title='bbox 1151 4945 1259 5008; x_wconf 75' lang='grc'>4444444,</span> <span class='ocrx_word' id='word_1_599' title='bbox 1277 4947 1368 4997; x_wconf 81' lang='lat' dir='ltr'>iudicio</span> <span class='ocrx_word' id='word_1_600' title='bbox 1378 4948 1542 5006; x_wconf 75' lang='grc'>4444444444,</span> <span class='ocrx_word' id='word_1_601' title='bbox 1559 4959 1590 4996; x_wconf 82' lang='lat' dir='ltr'>ns</span> <span class='ocrx_word' id='word_1_602' title='bbox 1598 4944 1735 5008; x_wconf 73' lang='grc'>4444444444</span> 
     </span>
     <span class='ocr_line' id='line_1_51' title="bbox 413 5016 1734 5083; baseline 0.002 -16"><span class='ocrx_word' id='word_1_603' title='bbox 413 5016 529 5083; x_wconf 68' lang='lat' dir='ltr'>minsa]</span> <span class='ocrx_word' id='word_1_604' title='bbox 546 5018 594 5082; x_wconf 76' lang='lat' dir='ltr'>ipsi</span> <span class='ocrx_word' id='word_1_605' title='bbox 609 5023 744 5069; x_wconf 80' lang='grc'>4444444444</span> <span class='ocrx_word' id='word_1_606' title='bbox 759 5019 780 5070; x_wconf 87' lang='grc' dir='ltr'><strong><em>Η</em></strong></span> <span class='ocrx_word' id='word_1_607' title='bbox 798 5020 824 5070; x_wconf 92' lang='lat' dir='ltr'>in</span> <span class='ocrx_word' id='word_1_608' title='bbox 835 5019 1012 5071; x_wconf 87' lang='lat' dir='ltr'>adnotatione.</span> <span class='ocrx_word' id='word_1_609' title='bbox 1035 5020 1073 5072; x_wconf 85' lang='lat' dir='ltr'>Ct.</span> <span class='ocrx_word' id='word_1_610' title='bbox 1093 5033 1148 5071; x_wconf 85' lang='lat' dir='ltr'>var.</span> <span class='ocrx_word' id='word_1_611' title='bbox 1164 5020 1227 5072; x_wconf 90' lang='lat' dir='ltr'>lect.</span> <span class='ocrx_word' id='word_1_612' title='bbox 1241 5021 1276 5072; x_wconf 89' lang='lat' dir='ltr'>ad</span> <span class='ocrx_word' id='word_1_613' title='bbox 1292 5035 1318 5073; x_wconf 84' lang='lat' dir='ltr'>v.</span> <span class='ocrx_word' id='word_1_614' title='bbox 1331 5023 1372 5072; x_wconf 87' lang='grc'>40.</span> <span class='ocrx_word' id='word_1_615' title='bbox 1387 5048 1415 5058; x_wconf 87' lang='grc'><strong>-</strong></span> <span class='ocrx_word' id='word_1_616' title='bbox 1433 5022 1474 5072; x_wconf 81' lang='grc'>444.</span> <span class='ocrx_word' id='word_1_617' title='bbox 1491 5021 1563 5071; x_wconf 82' lang='lat' dir='ltr'>daret</span> <span class='ocrx_word' id='word_1_618' title='bbox 1577 5026 1605 5070; x_wconf 83' lang='lat' dir='ltr'>ut</span> <span class='ocrx_word' id='word_1_619' title='bbox 1622 5019 1656 5070; x_wconf 91' lang='grc'>44</span> <span class='ocrx_word' id='word_1_620' title='bbox 1668 5021 1734 5083; x_wconf 81' lang='lat' dir='ltr'>Pey-</span> 
     </span>
     <span class='ocr_line' id='line_1_52' title="bbox 414 5093 1733 5157; baseline 0.002 -13"><span class='ocrx_word' id='word_1_621' title='bbox 414 5095 472 5144; x_wconf 93' lang='lat' dir='ltr'>roni</span> <span class='ocrx_word' id='word_1_622' title='bbox 489 5093 641 5145; x_wconf 88' lang='lat' dir='ltr'>coniectura</span> <span class='ocrx_word' id='word_1_623' title='bbox 658 5093 756 5143; x_wconf 79' lang='lat' dir='ltr'>Bllll:</span> <span class='ocrx_word' id='word_1_624' title='bbox 774 5095 878 5144; x_wconf 84' lang='grc'>4444444</span> <span class='ocrx_word' id='word_1_625' title='bbox 893 5098 921 5144; x_wconf 89' lang='grc'>44</span> <span class='ocrx_word' id='word_1_626' title='bbox 931 5096 1018 5146; x_wconf 87' lang='lat' dir='ltr'>APO.</span> <span class='ocrx_word' id='word_1_627' title='bbox 1041 5094 1079 5146; x_wconf 88' lang='lat' dir='ltr'>Ci.</span> <span class='ocrx_word' id='word_1_628' title='bbox 1097 5108 1153 5146; x_wconf 87' lang='lat' dir='ltr'>var.</span> <span class='ocrx_word' id='word_1_629' title='bbox 1170 5094 1231 5146; x_wconf 89' lang='lat' dir='ltr'>lect.</span> <span class='ocrx_word' id='word_1_630' title='bbox 1249 5096 1284 5147; x_wconf 93' lang='lat' dir='ltr'>ad</span> <span class='ocrx_word' id='word_1_631' title='bbox 1301 5111 1326 5147; x_wconf 85' lang='lat' dir='ltr'>v.</span> <span class='ocrx_word' id='word_1_632' title='bbox 1341 5096 1391 5157; x_wconf 79' lang='lat' dir='ltr'>to..</span> <span class='ocrx_word' id='word_1_633' title='bbox 1409 5095 1455 5146; x_wconf 89' lang='lat' dir='ltr'>uhi</span> <span class='ocrx_word' id='word_1_634' title='bbox 1470 5095 1554 5146; x_wconf 90' lang='lat' dir='ltr'>habes</span> <span class='ocrx_word' id='word_1_635' title='bbox 1571 5095 1733 5147; x_wconf 84' lang='lat' dir='ltr'>contrarium</span> 
     </span>
     <span class='ocr_line' id='line_1_53' title="bbox 415 5169 1732 5234; baseline 0.001 -14"><span class='ocrx_word' id='word_1_636' title='bbox 415 5169 544 5220; x_wconf 89' lang='lat' dir='ltr'>mendum</span> <span class='ocrx_word' id='word_1_637' title='bbox 560 5169 587 5219; x_wconf 94' lang='lat' dir='ltr'>in</span> <span class='ocrx_word' id='word_1_638' title='bbox 603 5170 631 5219; x_wconf 91' lang='lat' dir='ltr'>T.</span> <span class='ocrx_word' id='word_1_639' title='bbox 653 5195 679 5205; x_wconf 92' lang='lat'><em>-</em></span> <span class='ocrx_word' id='word_1_640' title='bbox 697 5169 801 5230; x_wconf 80' lang='grc'>4444444,</span> <span class='ocrx_word' id='word_1_641' title='bbox 819 5171 975 5221; x_wconf 72' lang='grc'>4444444444</span> <span class='ocrx_word' id='word_1_642' title='bbox 991 5171 1116 5222; x_wconf 86' lang='lat' dir='ltr'>BOilK:</span> <span class='ocrx_word' id='word_1_643' title='bbox 1137 5184 1255 5223; x_wconf 85' lang='grc'>44444444</span> <span class='ocrx_word' id='word_1_644' title='bbox 1267 5178 1272 5232; x_wconf 85' lang='grc' dir='ltr'>Ι</span> <span class='ocrx_word' id='word_1_645' title='bbox 1285 5184 1433 5223; x_wconf 86' lang='grc'>444444444</span> <span class='ocrx_word' id='word_1_646' title='bbox 1447 5174 1482 5233; x_wconf 87' lang='lat' dir='ltr'>A,</span> <span class='ocrx_word' id='word_1_647' title='bbox 1499 5171 1584 5221; x_wconf 83' lang='grc'>444444</span> <span class='ocrx_word' id='word_1_648' title='bbox 1598 5171 1732 5234; x_wconf 69' lang='grc'>4444444444,</span> 
     </span>
     <span class='ocr_line' id='line_1_54' title="bbox 414 5242 1732 5318; baseline 0.005 -24"><span class='ocrx_word' id='word_1_649' title='bbox 414 5257 446 5294; x_wconf 85' lang='lat' dir='ltr'>ns</span> <span class='ocrx_word' id='word_1_650' title='bbox 461 5243 552 5294; x_wconf 91' lang='lat' dir='ltr'>addito</span> <span class='ocrx_word' id='word_1_651' title='bbox 568 5242 651 5294; x_wconf 80' lang='lat' dir='ltr'>verbo</span> <span class='ocrx_word' id='word_1_652' title='bbox 667 5249 727 5294; x_wconf 84' lang='grc'>44444</span> <span class='ocrx_word' id='word_1_653' title='bbox 741 5247 802 5309; x_wconf 91' lang='lat' dir='ltr'>post</span> <span class='ocrx_word' id='word_1_654' title='bbox 817 5259 842 5296; x_wconf 87' lang='grc'>4.</span> <span class='ocrx_word' id='word_1_655' title='bbox 859 5246 947 5295; x_wconf 81' lang='lat' dir='ltr'>dotum</span> <span class='ocrx_word' id='word_1_656' title='bbox 963 5248 990 5297; x_wconf 86' lang='lat' dir='ltr'>P.</span> <span class='ocrx_word' id='word_1_657' title='bbox 1014 5244 1051 5296; x_wconf 89' lang='lat' dir='ltr'>Cl.</span> <span class='ocrx_word' id='word_1_658' title='bbox 1063 5257 1089 5295; x_wconf 81' lang='grc'>4.</span> <span class='ocrx_word' id='word_1_659' title='bbox 1104 5243 1144 5296; x_wconf 82' lang='grc'>44.</span> <span class='ocrx_word' id='word_1_660' title='bbox 1157 5245 1198 5311; x_wconf 69' lang='lat' dir='ltr'>gs.</span> <span class='ocrx_word' id='word_1_661' title='bbox 1212 5246 1252 5298; x_wconf 80' lang='lat'>39.</span> <span class='ocrx_word' id='word_1_662' title='bbox 1264 5246 1306 5301; x_wconf 77' lang='lat'>53.</span> <span class='ocrx_word' id='word_1_663' title='bbox 1325 5245 1491 5318; x_wconf 70' lang='lat' dir='ltr'>wesenberg</span> <span class='ocrx_word' id='word_1_664' title='bbox 1507 5245 1541 5296; x_wconf 92' lang='lat' dir='ltr'>ad</span> <span class='ocrx_word' id='word_1_665' title='bbox 1557 5258 1596 5303; x_wconf 85' lang='lat' dir='ltr'>or.</span> <span class='ocrx_word' id='word_1_666' title='bbox 1608 5259 1635 5313; x_wconf 80' lang='lat' dir='ltr'>p.</span> <span class='ocrx_word' id='word_1_667' title='bbox 1647 5247 1732 5300; x_wconf 85' lang='lat' dir='ltr'>Sestio</span> 
     </span>
     <span class='ocr_line' id='line_1_55' title="bbox 415 5318 1155 5385; baseline 0.005 -14"><span class='ocrx_word' id='word_1_668' title='bbox 415 5331 443 5384; x_wconf 88' lang='lat' dir='ltr'>p.</span> <span class='ocrx_word' id='word_1_669' title='bbox 454 5319 480 5371; x_wconf 86' lang='grc'>4.</span> <span class='ocrx_word' id='word_1_670' title='bbox 500 5344 528 5355; x_wconf 98' lang='grc'>-</span> <span class='ocrx_word' id='word_1_671' title='bbox 545 5318 587 5371; x_wconf 74' lang='lat' dir='ltr'>Yt-</span> <span class='ocrx_word' id='word_1_672' title='bbox 603 5329 702 5373; x_wconf 79' lang='grc'>444444</span> <span class='ocrx_word' id='word_1_673' title='bbox 716 5319 747 5370; x_wconf 84' lang='lat' dir='ltr'>A.</span> <span class='ocrx_word' id='word_1_674' title='bbox 766 5344 795 5357; x_wconf 91' lang='lat'>-</span> <span class='ocrx_word' id='word_1_675' title='bbox 812 5319 854 5372; x_wconf 85' lang='grc'>48.</span> <span class='ocrx_word' id='word_1_676' title='bbox 870 5319 1155 5385; x_wconf 72' lang='grc'>44444444444441444.</span> 
     </span>
    </p>
   </div>
   <div class='ocr_carea' id='block_1_6' title="bbox 0 0 2188 6101">
    <p class='ocr_par' dir='ltr' id='par_1_6' title="bbox 0 0 2188 6101">
     <span class='ocr_line' id='line_1_56' title="bbox 0 0 2188 6101; baseline 0 0"><span class='ocrx_word' id='word_1_677' title='bbox 0 0 2188 6101; x_wconf 95' lang='lat' dir='ltr'> </span> 
     </span>
    </p>
   </div>
  </div>
 </body>
</html>
