4367 6109
852 619 925 686 cn.
948 620 1072 687 1-1n.
1098 617 1155 705 33.
1177 617 1284 686 a-s.
1660 615 1723 681 cos

412 789 528 851 idcirco
557 787 635 851 baec
664 788 776 852 aerarii
799 808 892 853 eausa
913 809 978 853 non
998 790 1201 855 vendiderint
1220 790 1261 865 ii,
1291 791 1346 874 qui
1367 790 1462 854 armis
1485 797 1517 854 et
1537 789 1652 853 virtute
1674 808 1730 872 pc-

412 889 579 965 pererunt,
601 889 637 944 ut
658 891 756 956 esset,
778 883 866 967 quod
889 904 946 947 nos
969 884 1143 967 largitionis
1169 904 1263 948 causa
1283 883 1507 949 venderemusl

498 972 528 1036 5.
550 975 663 1039 Videte
691 997 794 1050 nunc,
824 977 911 1060 quod
939 975 1086 1042 allectent
1120 979 1180 1042 iter
1218 978 1356 1061 apertius
1384 998 1479 1062 quam
1507 983 1610 1040 antea.
1654 977 1732 1038 Nam

413 1067 576 1152 superiore
603 1078 691 1153 parte
721 1069 800 1152 legis
829 1072 984 1155 quemad
1014 1072 1143 1134 modum
1164 1072 1348 1154 Pompeium
1371 1079 1609 1156 oppugnarent,
1636 1090 1656 1132 a
1682 1088 1733 1131 me

412 1160 542 1228 indicati
571 1170 662 1226 sunt:
693 1184 777 1226 nunc
806 1164 869 1227 iam
890 1184 924 1228 se
947 1166 1008 1248 ipsi
1031 1165 1227 1228 indicabunt.
1270 1166 1383 1228 lubent
1404 1166 1512 1229 venire
1533 1184 1626 1248 agros
1646 1165 1759 1225 Atta-s

413 1257 550 1322 lensium
571 1263 667 1341 atque
690 1255 954 1341 Olympenorum:
976 1258 1035 1323 hos
1056 1257 1176 1343 populo
1191 1260 1332 1323 Romano
1354 1261 1386 1322 P.
1408 1259 1549 1332 Servilii,
1570 1252 1732 1320 fortissimi

411 1351 487 1425 viri,
516 1349 649 1414 victoria
677 1350 839 1426 adiunxit3
870 1352 985 1416 deinde
1015 1372 1108 1437 agros
1130 1354 1163 1415 in
1185 1353 1372 1417 blacedonia
1392 1353 1516 1436 regios,
1544 1351 1600 1435 qui
1621 1349 1734 1434 partim

412 1448 447 1509 T.
470 1444 657 1519 Flaminini,
690 1445 804 1528 partim
832 1446 866 1507 l..
889 1446 1007 1522 Paulli,
1042 1447 1098 1531 qui
1127 1448 1242 1510 Persen
1271 1446 1364 1521 vicit,
1396 1448 1512 1510 virtute
1540 1444 1621 1528 parti
1644 1449 1733 1518 sunt3

413 1539 527 1604 deindo
550 1558 659 1620 agrum
682 1540 835 1621 optimum
857 1545 889 1603 et
909 1538 1195 1605 fructuosissimum
1218 1540 1431 1615 Corinthium,
1460 1540 1513 1625 qui
1535 1540 1571 1602 L.
1592 1533 1734 1603 Mummii

413 1632 548 1717 imperio
577 1652 613 1696 ac
646 1631 797 1696 felicitate
825 1633 865 1697 ad
893 1634 1058 1717 vectigalia
1088 1633 1199 1718 populi
1221 1635 1355 1697 Romani
1377 1634 1546 1698 adiunctus
1567 1640 1633 1708 est3
1662 1637 1736 1715 post
1745 1646 1773 1693 to

412 1734 518 1792 autem
547 1744 639 1808 agros
667 1724 700 1788 in
730 1726 883 1809 Hispania
904 1728 988 1810 apud
1010 1727 1235 1810 Karthaginem
1257 1748 1371 1792 novam
1393 1729 1528 1791 duorum
1551 1723 1741 1810 Scipionum

414 1821 531 1885 eximia
552 1819 668 1883 virtute
691 1839 872 1903 possessos;
896 1828 962 1884 tum
978 1835 1052 1886 vero
1074 1822 1175 1905 ipsam
1190 1829 1329 1886 veterem
1346 1821 1571 1902 Karthaginem
1586 1817 1736 1892 venduut,

414 1935 507 1999 quam
538 1915 570 1976 P.
592 1911 758 1977 Africanus
787 1915 936 1980 nudatam
965 1917 1057 1980 tectis
1085 1924 1181 2000 atque
1204 1915 1370 1979 moenibus
1398 1915 1465 1978 sive
1497 1914 1537 1976 ad
1565 1911 1736 1975 notandam

413 2008 727 2090 Karthaginiensium
758 2009 967 2074 calamitatem
998 2010 1064 2074 sive
1091 2009 1130 2073 ad
1157 2005 1385 2073 testificandam
1414 2015 1551 2071 nostram
1574 2002 1735 2069 victoriam

413 2105 479 2167 sive
508 2101 548 2162 ob
571 2100 707 2164 oblatam
734 2101 872 2185 aliquam
897 2104 1084 2187 religionem
1114 2101 1154 2167 ad
1181 2113 1341 2167 aeternam
1369 2102 1533 2165 hominum
1554 2097 1775 2162 memoriamas

414 2197 620 2260 consecravit.
663 2192 693 2257 6.
721 2194 778 2259 llis
811 2196 989 2279 insignibus
1018 2205 1115 2281 atque
1144 2196 1254 2259 insulis
1284 2196 1409 2279 imperii
1438 2193 1590 2267 venditis,
1621 2189 1737 2274 quibus

415 2296 557 2353 ornatam
579 2287 672 2352 nobis
694 2289 830 2352 maiores
845 2291 946 2354 nostri
961 2310 1027 2354 rem
1042 2291 1201 2374 publicam
1217 2289 1430 2364 tradiderunt,
1451 2289 1562 2352 iubent
1576 2305 1630 2349 eos
1645 2302 1737 2367 agros

414 2383 540 2458 venire,
564 2403 646 2466 quos
669 2403 727 2446 rex
748 2381 945 2448 Mithridates
967 2384 1000 2447 in
1014 2383 1247 2468 Paphlagonia,
1269 2384 1370 2447 Ponto
1386 2380 1650 2466 Cappadociaque
1664 2396 1739 2460 pos-

414 2477 543 2541 sederit.
572 2478 656 2540 Num
679 2476 812 2540 obscure
833 2478 981 2540 videntur
1000 2497 1101 2562 prope
1122 2477 1212 2542 basta
1234 2478 1399 2561 praeconis
1414 2475 1562 2540 insectari
1577 2473 1632 2537 Cn.
1647 2474 1739 2535 Pom-

415 2573 478 2655 peii
502 2571 691 2644 exercitum,
713 2570 769 2653 qui
790 2571 898 2634 venire
920 2572 1050 2635 iubeant
1071 2590 1127 2635 eos
1149 2573 1235 2657 ipsos
1257 2593 1365 2656 agros,
1387 2570 1553 2656 inquibus
1575 2568 1628 2632 ille
1644 2569 1775 2632 etiamn

415 2685 499 2729 nune
522 2664 639 2727 bellum
661 2671 750 2746 gerat
770 2672 865 2749 atque
886 2668 1051 2729 versetur?

498 2759 552 2821 Ill.
574 2755 605 2820 7.
627 2757 697 2820 lloc
725 2778 801 2821 vero
830 2759 1028 2823 cuiusmodi
1051 2768 1116 2836 est,
1145 2760 1231 2846 quod
1253 2761 1323 2825 eius
1345 2758 1518 2834 auctionis,
1547 2778 1642 2843 quam
1663 2777 1739 2822 cou-

416 2856 565 2927 stituunt,
587 2851 692 2915 locum
714 2851 774 2915 sibi
797 2852 918 2916 nullum
940 2850 1121 2932 deliniunt?
1154 2856 1233 2918 llam
1255 2853 1459 2928 decemviris,
1481 2853 1597 2936 quibus
1612 2850 1646 2914 in
1659 2851 1738 2914 locis

415 2947 492 3032 ipsis
513 2946 675 3019 videatur,
697 2945 856 3009 vendendi
878 2954 1018 3031 potestas
1039 2948 1110 3033 lege
1131 2949 1332 3032 permittitur.
1364 2946 1554 3012 censoribus
1575 2942 1739 3026 vectigalia

415 3041 520 3104 locare
548 3038 611 3102 nisi
639 3041 672 3103 in
701 3047 873 3122 conspectu
902 3041 1013 3124 populi
1039 3042 1172 3107 Romani
1194 3062 1259 3106 non
1281 3041 1374 3106 licet:
1401 3041 1453 3105 bis
1474 3037 1613 3105 vendere
1633 3036 1684 3102 vel
1706 3037 1777 3100 inat

414 3134 533 3198 ultimis
555 3133 647 3197 terris
669 3132 804 3197 licebit?
835 3136 875 3197 llt
896 3135 957 3198 boc
978 3135 1073 3200 etiam
1095 3134 1282 3220 nequissimi
1304 3135 1448 3200 homines
1467 3133 1663 3221 consumptis
1684 3151 1740 3215 pa-

415 3227 572 3293 trimoniis
594 3225 732 3302 faciunt,
761 3228 850 3291 utin
873 3225 961 3292 atriis
983 3229 1187 3293 auctionariis
1208 3229 1315 3313 potius
1337 3249 1433 3314 quam
1454 3229 1488 3292 in
1508 3227 1611 3291 triviis
1632 3227 1739 3290 autin

414 3321 558 3403 compitis
580 3320 810 3385 auctionentur.
853 3320 913 3385 llic
934 3320 1087 3405 permittit
1108 3343 1166 3387 sua
1187 3323 1257 3406 lage
1280 3322 1490 3397 decemviris,
1513 3329 1548 3385 ut
1569 3320 1602 3384 in
1624 3319 1740 3404 quibus

414 3413 617 3478 commodum
640 3414 680 3476 sit
700 3416 854 3489 tenebris,
875 3422 911 3479 ut
932 3416 965 3478 in
987 3436 1050 3501 qua
1064 3416 1165 3480 velint
1186 3418 1358 3481 solitudine
1379 3418 1463 3480 bona
1481 3415 1592 3502 populi
1606 3411 1738 3478 Romani

414 3507 538 3591 possint
559 3507 740 3572 divendere.
783 3506 813 3570 8.
835 3508 901 3572 lam
924 3508 979 3572 illa
994 3511 1141 3574 omnibus
1163 3512 1195 3574 in
1214 3510 1401 3597 provinciis,
1422 3510 1540 3594 regnis,
1561 3507 1668 3571 liberis
1682 3520 1777 3591 po·ao

414 3602 501 3686 pulis
530 3621 626 3684 quam
655 3602 784 3677 acerba,
813 3621 910 3687 quam
937 3601 1161 3679 formidolosa,
1190 3624 1286 3689 quam
1315 3611 1509 3688 quaestuosa
1538 3600 1739 3666 concursatio

415 3695 633 3759 decemviralis
656 3694 761 3760 sartura
779 3696 838 3771 sit,
861 3717 923 3760 non
939 3695 1076 3760 videtur
1099 3697 1317 3768 Hereditatum
1331 3695 1548 3760 obeundarum
1561 3713 1655 3758 eausa
1670 3692 1741 3777 qui·

412 3791 472 3853 bus
493 3809 550 3853 vos
571 3789 746 3872 legationes
768 3790 919 3865 dedistis,
944 3791 998 3874 qui
1021 3798 1052 3854 et
1073 3791 1186 3876 privati
1202 3798 1233 3854 et
1253 3790 1410 3873 privatum
1424 3789 1464 3853 ad
1478 3789 1638 3872 negotium
1654 3789 1741 3852 exie-

413 3889 488 3946 runt
515 3903 579 3946 non
606 3884 751 3947 maximis
774 3884 886 3968 opibus
908 3904 1014 3970 neque
1037 3905 1159 3948 summa
1180 3883 1366 3948 auctoritate
1388 3883 1537 3966 praediti,
1558 3891 1663 3946 tamen
1684 3901 1740 3944 an-

414 3978 487 4041 ditis
515 3976 656 4061 prolecto
687 3996 782 4062 quam
811 3998 920 4062 graves
950 3998 1060 4042 eorum
1082 3978 1235 4042 adventus
1258 3976 1353 4040 sociis
1375 3976 1493 4040 uostris
1515 3995 1585 4040 esse
1607 3975 1777 4040 soleaotat

415 4069 445 4134 9.
468 4071 571 4147 Quam
593 4071 633 4133 ob
655 4068 820 4156 remtquid
843 4073 958 4156 putatis
979 4069 1161 4156 impendere
1181 4070 1242 4133 hac
1263 4069 1334 4153 lege
1356 4069 1500 4134 omnibns
1516 4070 1662 4153 gentibus
1677 4078 1739 4134 ter-

479 4334 504 4384 3.
525 4335 592 4397 qaod
614 4334 737 4397 adfectant
761 4335 853 4398 Ussing
876 4333 968 4399 (Orau.
987 4340 1037 4385 tres
1059 4335 1089 4384 dc
1114 4333 1166 4397 lcqe
1188 4333 1297 4396 amaria
1318 4332 1346 4382 ln
1364 4345 1438 4382 eamn
1457 4331 1598 4382 scholam
1618 4334 1740 4384 recensuit

414 4412 434 4460 1.
453 4411 480 4460 l..
501 4410 596 4474 llsslnp.
624 4410 742 4460 llanniae
760 4410 857 4470 astos:
885 4411 968 4472 quoad
982 4410 1068 4474 secute
1088 4408 1135 4459 ΕΑ
1146 4406 1208 4468 20;
1234 4421 1284 4470 qao
1299 4409 1409 4471 affecerit
1426 4408 1457 4467 ἲς
1483 4412 1512 4458 at
1526 4408 1613 4471 locant
1629 4411 1664 4468 G;
1690 4422 1739 4471 qao

415 4486 538 4549 affectam
555 4486 588 4544 1.;
616 4498 666 4548 qao
690 4486 813 4549 adlocm
828 4483 952 4535 Klotaius.
979 4484 1018 4536 Gt.
1036 4497 1063 4549 p.
1081 4483 1177 4534 hasdo
1194 4484 1253 4533 Am.
1275 4482 1299 4548 ἕ.
1314 4481 1388 4534 llo:
1413 4496 1481 4532 nanc
1499 4496 1559 4534 ocra
1578 4497 1655 4546 qaam
1670 4485 1740 4534 atam

415 4560 531 4618 monitat,
550 4560 617 4621 quod
632 4560 680 4609 lter
696 4561 806 4623 affectet,
823 4559 919 4609 oldetls.
933 4585 960 4596 -·
979 4557 1003 4610 l.
1017 4559 1188 4624 obpugnarent
1204 4558 1233 4608 E.
1248 4584 1276 4592 —
1295 4557 1319 4607 6.
1336 4556 1388 4622 lton]
1405 4571 1466 4620 qnos
1480 4570 1535 4622 mg.
1548 4557 1575 4613 2.
1590 4585 1617 4596 -
1635 4560 1662 4608 P.
1674 4559 1740 4608 Lau·

415 4634 544 4685 redanns:
564 4646 617 4684 om.
636 4633 776 4689 EFaLt.
796 4633 835 4685 ct.
848 4633 882 4685 da
900 4633 959 4698 lege
971 4646 1026 4699 agr.
1039 4635 1069 4684 11.
1087 4632 1112 4697 5.
1125 4633 1166 4682 50.
1182 4659 1209 4669 -
1228 4632 1253 4683 8.
1271 4632 1405 4683 Flarnlnlnl
1422 4633 1605 4684 Lauredauus:
1624 4633 1741 4682 Flamtntn'

415 4708 556 4762 EPALP.
578 4709 797 4771 -pmaart
817 4735 844 4745 -
861 4723 960 4772 persam
977 4711 1004 4761 P.
1023 4735 1050 4745 -
1069 4709 1093 4759 9.
1112 4709 1267 4770 optmannl..
1290 4707 1329 4758 Cl.
1347 4706 1382 4759 de
1399 4706 1457 4772 lege
1476 4720 1530 4773 agr.
1549 4709 1591 4758 lll.
1610 4707 1634 4772 ἕ.
1653 4706 1692 4759 tl.
1710 4733 1737 4743 -

414 4786 519 4835 mimmii
536 4786 569 4844 E;
586 4786 692 4834 natnlnll
708 4786 735 4836 F.
755 4811 782 4821 -
803 4787 843 4836 lt.
862 4786 1027 4849 Kartaginem
1043 4784 1099 4835 KP.
1120 4810 1148 4819 -
1168 4785 1209 4834 lb.
1226 4796 1286 4834 aero
1303 4796 1356 4834 om.
1375 4784 1460 4834 Phi..
1481 4811 1508 4821 -
1526 4789 1632 4834 adoran
1647 4782 1738 4833 om.l·'.

417 4887 443 4896 -
462 4861 627 4925 Kartaplnem
643 4862 669 4911 F.
685 4888 712 4896 -
732 4862 772 4912 ta.
791 4863 930 4926 affricanas
947 4860 1003 4911 EF.
1017 4884 1044 4894 -
1063 4863 1140 4920 uque
1155 4858 1192 4908 E:
1211 4871 1242 4907 oc
1258 4856 1399 4912 FALKO.
1415 4884 1442 4894 -
1461 4856 1501 4909 ll.
1519 4859 1740 4921 Kartaginensttan

416 4939 446 4995 Ἐς
466 4937 679 5001 cartaginenstarn
695 4936 731 4996 K;
755 4935 987 5000 cantaptnenstam
1002 4935 1032 4984 Α.
1050 4959 1084 4970 -
1108 4933 1149 4983 ld.
1167 4931 1198 4982 ob
1214 4933 1304 4983 nescio
1321 4932 1381 4999 qnis
1397 4945 1440 4996 ap.
1458 4930 1597 4983 Orellinm:
1615 4933 1650 4982 ad
1665 4932 1740 4982 ΕΗ,

417 5011 476 5072 90;
496 5024 549 5063 om.
563 5014 593 5062 A.
614 5038 641 5049 -
660 5011 701 5062 46.
719 5010 833 5075 insipntt's
849 5012 878 5062 E.
895 5036 920 5046 -
941 5010 980 5059 l'l.
998 5007 1068 5058 nabis
1082 5021 1118 5058 m.
1135 5009 1214 5060 nostri
1230 5007 1346 5060 KPPT:
1363 5007 1431 5058 vobis
1445 5007 1567 5056 monstrt
1582 5003 1695 5057 ΑΗΘ.
1710 5032 1738 5041 -

417 5086 482 5137 iubet
498 5087 613 5137 EFPA.
642 5085 798 5136 Emendavit
813 5085 959 5149 Naugerius
975 5085 1002 5134 in
1019 5083 1062 5134 ed.
1080 5082 1182 5134 Aldlna.
1197 5110 1225 5121 -
1243 5083 1284 5134 lt.
1301 5083 1440 5132 marsnam
1455 5082 1510 5132 EF.
1527 5108 1553 5117 -
1568 5081 1741 5144 ptaplaqonla

417 5163 503 5213 EFP.
523 5188 550 5198 -
569 5161 611 5212 20.
629 5161 704 5210 etiam
720 5160 760 5210 tlte
777 5161 805 5211 K.
825 5185 852 5195 -
874 5160 916 5210 28.
935 5159 1114 5210 auctionanttav
1129 5159 1159 5212 E.
1178 5184 1205 5195 —
1228 5159 1270 5209 29.
1288 5164 1316 5209 tat
1337 5159 1440 5221 tanqua]
1460 5157 1547 5206 auin
1563 5170 1614 5218 qua
1630 5168 1692 5206 cum
1710 5158 1738 5207 P.

418 5236 534 5286 Manubo
551 5237 579 5286 L.
592 5262 619 5272 -
638 5236 678 5286 30.
695 5237 789 5299 possint
805 5234 943 5301 domena]
960 5236 1067 5287 omnent
1078 5237 1108 5287 Ε.
1127 5236 1166 5288 ct.
1179 5232 1315 5286 Gebhardt
1330 5231 1347 5285 l.
1361 5232 1378 5283 l.
1391 5233 1411 5282 1.
1424 5245 1451 5296 p.
1464 5231 1479 5280 9
1490 5243 1532 5298 sq.
1543 5255 1570 5268 -
1590 5231 1630 5284 35.
1648 5231 1740 5284 maleta

418 5311 506 5362 FPT:
523 5309 771 5365 conmutata.
