4367 6109
455 567 517 635 loo
746 580 749 585 ’
841 571 883 635 ΙΝ
904 570 1072 637 VERREM
1090 571 1213 636 ACTlO
1237 572 1421 638 SECUNDA
1532 513 1538 525 ·

455 743 533 806 ordo
566 743 605 805 ad
633 741 757 805 Pisonis
786 741 896 803 sellam
924 741 985 805 isto
1011 748 1157 824 praetore
1179 741 1293 805 solitus
1316 741 1357 804 sit
1378 740 1564 815 convenire,
1598 760 1692 824 quem
1714 742 1775 805 iste

337 916 341 923 Ι
455 837 609 919 collegam
629 836 690 898 nisi
712 835 890 909 habuisset,
920 836 1076 917 lapidibus
1099 843 1268 918 coopertus
1291 841 1374 899 esset
1403 835 1437 897 in
1457 834 1538 897 foro.
1582 833 1644 897 Sed
1667 854 1707 897 eo
1729 835 1776 897 le·

454 933 559 994 viores
584 930 675 994 istius
703 929 838 992 iniuriae
868 929 1070 1003 videbantur,
1102 930 1190 1012 quod
1219 937 1287 993 erat
1307 930 1341 992 in
1362 929 1522 1013 aequitate
1543 927 1776 1013 prudentiaque

454 1026 578 1088 Pisonis
604 1023 839 1108 paratissimum
865 1023 1060 1106 perfugium,
1091 1044 1156 1106 quo
1178 1023 1248 1086 sine
1269 1023 1394 1098 labore,
1423 1023 1491 1085 sine
1513 1022 1678 1097 molestia,
1706 1023 1775 1087 sine

431 1120 614 1201 timpensa,
647 1117 743 1181 etiam
774 1118 843 1180 sine
871 1124 1005 1199 patrono
1032 1116 1178 1179 homines
1199 1122 1372 1179 uterentur.
1416 1112 1487 1178 ΗΟ.
1515 1118 1610 1191 Nam,
1643 1136 1774 1201 quaeso,

454 1212 556 1276 redite
577 1213 611 1274 in
632 1211 834 1284 memoriam,
865 1209 1000 1283 iudices,
1024 1228 1108 1295 quae
1129 1209 1228 1272 libido
1250 1210 1342 1272 istius
1363 1211 1396 1272 in
1418 1211 1487 1273 iure
1510 1210 1647 1273 dicundo
1669 1210 1775 1285 fuerit,

456 1325 539 1391 quae
558 1305 695 1369 varietas
718 1305 931 1379 decretorum,
954 1323 1036 1386 quae
1058 1304 1263 1377 nundinatio,
1286 1324 1380 1387 quam
1401 1304 1511 1367 inanes
1534 1303 1647 1368 domus
1665 1324 1776 1367 eorum

456 1400 615 1474 omnium,
639 1399 694 1483 qui
718 1398 757 1461 de
780 1399 847 1461 iure
870 1397 955 1461 civili
977 1398 1102 1461 consuli
1124 1397 1244 1472 solent,
1267 1418 1362 1482 quam
1384 1399 1478 1482 plena
1500 1418 1536 1461 ac
1557 1398 1673 1462 relerta
1695 1399 1776 1462 Che-

454 1494 586 1558 lidonis:
614 1514 634 1557 a
663 1513 727 1577 qua
755 1493 888 1555 muliere
910 1513 981 1555 cum
1004 1500 1071 1554 erat
1091 1492 1132 1554 ad
1153 1512 1225 1554 eum
1247 1500 1376 1556 rentum
1398 1498 1430 1556 et
1451 1493 1484 1554 in
1505 1511 1614 1556 aurem
1637 1493 1705 1556 eius
1726 1494 1776 1556 in-

416 1594 668 1661 resumi-ratum,
690 1586 768 1648 alias
789 1585 958 1648 revocabat
978 1604 1050 1660 eos,
1077 1585 1161 1648 inter
1183 1606 1265 1669 quos
1286 1586 1349 1651 iam
1371 1585 1568 1659 decreverat,
1601 1586 1776 1650 decretum-

456 1702 520 1766 que
535 1681 692 1758 mutabat:
708 1680 786 1743 alias
801 1681 884 1743 inter
897 1679 1023 1762 aliquos
1038 1679 1230 1741 contrarium
1244 1681 1313 1742 sine
1327 1680 1393 1743 ulla
1406 1680 1560 1762 religione
1576 1678 1775 1755 decernebat,

454 1797 491 1841 aa
514 1776 667 1859 proximis
695 1773 790 1859 paulo
817 1780 890 1838 ante
914 1772 1106 1835 decreverat.
1150 1768 1221 1836 lbi.
1244 1774 1325 1836 Hinc
1347 1774 1394 1836 illi
1415 1772 1561 1836 homines
1584 1780 1691 1848 erant,
1718 1775 1775 1857 qui

455 1870 550 1933 etiam
570 1870 697 1932 ridiculi
719 1869 961 1932 inveniebantur
982 1886 1024 1928 ex
1044 1865 1170 1930 dolore:
1194 1886 1331 1950 quorum
1352 1867 1423 1942 alii,
1445 1866 1478 1931 id
1492 1864 1580 1950 quod
1602 1885 1697 1949 saepe
1719 1886 1776 1930 au·

456 1964 561 2039 distis,
589 1964 751 2046 negabant
778 1961 956 2025 mirandum
983 1979 1052 2023 esse
1082 1960 1131 2023 ius
1160 1968 1223 2023 tam
1252 1979 1389 2043 nequam
1420 1980 1490 2023 esse
1511 1959 1687 2023 verrinum:
1720 1960 1776 2022 alii

418 2059 550 2122 uetiam
572 2056 752 2140 frigidiores
774 2063 881 2130 erant,
911 2055 983 2128 sed,
1012 2053 1088 2137 quia
1116 2054 1409 2128 stomachabantur,
1439 2054 1563 2118 ridiculi
1586 2054 1777 2118 videbantur

355 2204 361 2215 .
456 2172 540 2227 esee,
561 2171 632 2214 cum
656 2149 858 2213 Sacerdotem
880 2147 1140 2222 exsecrabantur,
1163 2149 1218 2232 qui
1240 2169 1363 2213 verrem
1384 2155 1448 2212 tam
1469 2169 1607 2233 nequam
1628 2150 1776 2233 reliquis-

456 2253 513 2308 set.
557 2244 647 2320 Quae
670 2263 728 2325 ego
749 2262 814 2304 non
836 2261 1114 2304 commemorarem
1142 2238 1363 2326 (nequeenim
1385 2243 1543 2325 perfacete
1565 2243 1649 2306 dicta
1670 2261 1776 2327 neque

455 2358 551 2422 porro
572 2337 631 2400 hac
653 2335 818 2399 severitate
840 2335 935 2417 digne
956 2334 1054 2418 sunt),
1076 2336 1138 2398 nisi
1161 2356 1219 2399 vos
1240 2337 1319 2400 illud
1341 2338 1455 2401 vellem
1476 2336 1650 2412 recordari,
1682 2337 1776 2400 istius

456 2431 631 2516 nequitiam
661 2438 728 2493 tum
755 2430 788 2492 in
819 2449 873 2492 ore
894 2429 981 2511 vulgi
1003 2437 1099 2512 atque
1121 2430 1154 2492 in
1176 2432 1396 2495 communibus
1418 2431 1593 2515 proverbiis
1615 2451 1686 2495 esse
1706 2449 1776 2494 ver·

418 2534 566 2591 tosamm.

519 2619 643 2682 XLVII.
666 2613 737 2680 ⁴22.
758 2617 796 2681 ln
816 2617 941 2700 plebem
962 2638 1038 2680 vero
1060 2619 1235 2682 Romanam
1256 2627 1360 2697 utmm
1380 2621 1559 2704 superbiam
1580 2620 1669 2704 prius
1691 2640 1777 2685 com·

456 2732 628 2777 memorem
654 2732 696 2774 an
721 2712 965 2775 crudelitatem?
1016 2713 1090 2775 Sine
1121 2713 1219 2775 dubio
1253 2713 1422 2778 crudelitas
1449 2715 1576 2796 gravior
1602 2723 1651 2777 est
1679 2721 1776 2797 atquo

457 2806 603 2871 atrocior.
640 2804 804 2868 Oblitosne
826 2806 922 2886 igitur
942 2805 1002 2868 bos
1023 2806 1141 2889 putatis
1157 2826 1244 2881 esse,
1267 2806 1560 2891 quemadmodum
1581 2807 1623 2870 sit
1643 2807 1704 2870 iste
1725 2825 1776 2868 so·

456 2903 532 2965 litus
560 2899 657 2982 virgis
686 2899 812 2981 plebem
841 2901 1014 2963 Romanam
1044 2901 1236 2964 concidere?
1285 2901 1387 2975 Quam
1415 2921 1481 2964 rem
1510 2900 1604 2964 etiam
1633 2899 1776 2963 tribunus
1870 2904 1873 2909 '

419 2996 558 3080 replebis
580 2994 613 3056 in
635 2993 783 3056 contione
804 2994 884 3075 egit,
913 3013 984 3057 cum
1006 3016 1096 3069 eum,
1129 3016 1224 3079 quem
1245 2995 1305 3058 iste
1327 2995 1424 3077 virgis
1447 2995 1617 3068 ceciderat,
1644 2993 1679 3055 in
1701 3012 1777 3059 con-

457 3096 599 3173 spectum
627 3087 738 3169 populi
767 3088 900 3151 Romani
926 3087 1148 3171 produxisset3
1181 3090 1272 3152 euius
1293 3090 1339 3152 rei
1364 3088 1638 3171 recognoscendae
1662 3088 1776 3154 faciam

456 3183 547 3246 vobis
573 3201 632 3244 suo
659 3188 799 3262 tempore
830 3188 1027 3263 potestatem.
1074 3178 1145 3244 ta3.
1175 3182 1329 3265 Superbia
1357 3202 1432 3246 vero
1461 3202 1544 3267 quae
1570 3181 1679 3257 luerit,
1703 3182 1776 3265 quis

456 3277 601 3361 ignoratl
624 3274 889 3359 quemadmodum
910 3276 970 3338 iste
991 3277 1212 3339 tenuissimum
1227 3296 1388 3360 quemque
1405 3277 1642 3358 contempserit,
1664 3275 1778 3358 despe-

456 3371 555 3444 xerit,
577 3369 711 3432 liberum
734 3389 803 3433 esse
824 3390 998 3454 numquam
1019 3369 1166 3433 duxerit?
1194 3373 1227 3433 P.
1249 3367 1424 3435 Trebonius
1446 3371 1531 3433 viros
1550 3370 1652 3435 bonos
1674 3377 1706 3433 ct
1719 3371 1776 3435 ho-

420 3473 565 3527 nouenos
587 3464 765 3545 complures
787 3463 862 3526 feeit
883 3463 1033 3526 heredes:
1063 3464 1096 3526 in
1118 3465 1158 3527 iis
1179 3465 1254 3528 fecit
1276 3485 1368 3527 suum
1389 3465 1546 3528 libertum.
1590 3466 1620 3527 ls
1641 3466 1678 3528 A.
1701 3467 1778 3528 Tre-

457 3558 588 3621 bonium
610 3556 737 3619 fratrem
759 3556 912 3619 habuerat
932 3558 1153 3640 proscriptum.
1195 3559 1233 3621 Ei
1257 3579 1328 3621 cum
1351 3565 1479 3622 cautum
1500 3559 1611 3634 vellet,
1641 3559 1777 3642 scripsit,

457 3660 493 3715 ut
519 3650 653 3714 heredes
682 3651 822 3714 iurarent
847 3672 881 3712 se
907 3659 1089 3725 curaturos,
1122 3659 1159 3715 ut
1180 3673 1220 3714 ex
1242 3672 1299 3715 sua
1321 3652 1477 3735 cuiusque
1500 3660 1587 3734 parte
1609 3671 1650 3715 ne
1671 3652 1777 3718 miuus

458 3743 623 3807 dimidium
652 3745 698 3810 ad
719 3742 913 3807 Trebonium
948 3745 1038 3809 illurn
1068 3747 1279 3828 proscriptum
1312 3748 1499 3828 perveniret.
1548 3747 1694 3811 Libertus
1728 3746 1778 3809 iu·

458 3845 521 3901 rat:
544 3838 639 3900 ceteri
662 3836 796 3902 heredes
818 3838 936 3901 adeunt
956 3840 996 3902 ad
1019 3840 1169 3903 Verrem:
1192 3840 1308 3905 docent
1328 3861 1393 3904 non
1415 3848 1560 3924 oportere
1575 3861 1609 3904 se
1623 3839 1656 3903 id
1672 3840 1777 3907 iurare

524 4147 546 4193 t.
570 4157 619 4193 asse
640 4143 725 4193 solttras
743 4145 775 4193 stt
797 4143 874 4193 codd.
901 4146 955 4194 noti
973 4148 999 4194 et
1015 4145 1076 4196 edd.
1096 4159 1182 4210 usque
1199 4146 1233 4195 ad
1250 4149 1362 4210 Nauger.
1383 4175 1409 4184 -
1433 4149 1458 4198 t.
1475 4149 1578 4210 inpensa
1595 4148 1626 4197 V.
1646 4171 1674 4183 -
1693 4147 1718 4195 6.
1736 4146 1777 4195 dt-

456 4221 535 4272 cerdo
545 4219 576 4278 V,
596 4219 675 4270 Prisc.
689 4217 705 4269 l.
719 4217 747 4271 l.:
766 4220 866 4271 annea
879 4220 946 4283 egea
959 4219 991 4270 al.
1006 4247 1031 4255 —
1047 4223 1071 4273 8.
1084 4236 1116 4271 ac
1127 4227 1157 4281 Α,
1170 4223 1231 4284 ng.
1245 4222 1410 4285 (praeterit)
1424 4226 1450 4273 et
1461 4221 1571 4285 Sangall.
1585 4237 1628 4288 ap.
1642 4224 1777 4278 unitarum

457 4295 491 4349 ed
507 4299 567 4347 Asc.
586 4306 612 4358 p.
632 4294 695 4342 ⁴92:
714 4298 789 4356 atque
805 4295 852 4353 eV,
871 4294 919 4345 dtt.
939 4296 967 4344 0.
983 4321 1010 4330 -
1030 4297 1069 4346 t0.
1089 4296 1162 4361 otios]
1180 4297 1242 4346 otios
1254 4298 1283 4346 V.
1299 4324 1326 4333 -
1346 4298 1385 4347 tl.
1404 4298 1501 4359 aliquos
1518 4299 1551 4347 V:
1570 4299 1633 4348 altos
1650 4301 1695 4348 ctt.
1708 4300 1737 4350 0.
1748 4324 1774 4333 -

457 4369 496 4421 ⁴3.
520 4370 546 4419 id
568 4368 633 4430 qood
648 4381 721 4430 saepe
737 4370 796 4418 aad.
816 4369 1080 4434 vegetandum:
1105 4377 1133 4420 nt
1155 4372 1259 4421 audetis
1274 4371 1322 4421 dit.
1341 4372 1371 4422 0.
1393 4399 1419 4407 -
1439 4373 1479 4422 lo.
1497 4373 1680 4424 execrabantur
1696 4373 1726 4423 V.
1747 4399 1774 4408 -

454 4458 552 4495 oerrnn
565 4449 618 4492 tom
628 4456 683 4503 neq
697 4444 786 4504 codd,
805 4447 896 4495 Prisc:
915 4448 968 4493 tarn
979 4459 1033 4507 neq.
1045 4460 1112 4496 verr.
1126 4446 1210 4496 Rufio.
1224 4448 1242 4496 l.
1253 4445 1276 4497 l.
1288 4473 1314 4483 —
1334 4448 1373 4496 tl.
1391 4447 1514 4510 pascens
1525 4449 1640 4512 nglt:
1656 4449 1777 4513 perfacile

455 4519 549 4587 pleriq.
573 4518 649 4568 codd.
676 4547 702 4554 -
729 4520 768 4570 t8.
786 4522 813 4569 ns'
829 4520 859 4569 V.
887 4523 942 4583 (nist
967 4524 1056 4570 tuetur
1072 4523 1151 4570 etiam
1170 4522 1260 4581 Prisc.)
1280 4549 1306 4557 -
1328 4523 1367 4571 tt.
1385 4524 1522 4584 nequitiam
1539 4524 1574 4572 V:
1601 4525 1737 4585 nequitiam
1754 4527 1778 4572 st

455 4597 610 4658 tntqnttalern
627 4596 671 4643 ctt.
685 4595 714 4645 0.
727 4622 755 4630 -
773 4603 825 4646 arm
843 4609 895 4645 om.
909 4597 956 4647 eV.
971 4621 997 4632 —
1016 4596 1082 4658 volgi
1099 4597 1162 4645 V.-
1181 4596 1221 4647 it.
1240 4598 1536 4660 emmennenvugsa
1554 4598 1610 4659 (sed
1627 4599 1669 4649 hio
1681 4611 1722 4662 pr.
1738 4611 1774 4647 m.

455 4670 698 4731 commemorem:
716 4683 848 4720 manerem
865 4671 912 4721 dtt.
932 4673 961 4722 0.
984 4699 1006 4711 -
1029 4672 1068 4721 Ἠ.
1088 4677 1162 4732 atquc
1178 4673 1301 4722 audacter
1317 4673 1384 4734 egra
1401 4687 1427 4737 p.
1446 4686 1482 4722 m.
1504 4700 1531 4710 -
1549 4672 1590 4722 23.
1609 4673 1777 4725 uernans--

455 4745 605 4796 concidere?
626 4745 707 4795 Prisc.
727 4771 754 4779 —
777 4748 993 4808 qaenammodurn
1008 4746 1038 4796 V.
1065 4747 1115 4809 [Sic
1132 4748 1211 4797 etiam
1228 4747 1312 4810 intre.)
1339 4775 1365 4784 -
1390 4748 1430 4798 tl.
1450 4754 1482 4798 tr.
1498 4749 1533 4809 pt.
1553 4749 1668 4808 Oatattm
1683 4750 1713 4799 V.
1741 4749 1774 4803 ol.

455 4822 540 4874 lladv.
554 4823 574 4872 l.
593 4835 619 4885 p.
632 4820 688 4871 327.
707 4847 734 4856 -
753 4823 793 4871 tt.
812 4823 856 4872 teta
870 4824 950 4887 ctrgis
961 4823 1073 4885 vigae:
1090 4824 1169 4885 ntrps's
1185 4825 1229 4873 isra
1245 4822 1292 4873 dtt.
1307 4824 1335 4873 0.
1351 4850 1378 4858 —
1397 4831 1552 4886 cmspectarn
1563 4825 1631 4887 igue
1647 4826 1774 4877 Iannoct:

454 4901 585 4958 conmecta
600 4896 631 4955 V,
650 4902 807 4958 maspetum
824 4897 871 4948 dtt.
886 4899 914 4947 0.
937 4925 963 4934 -
982 4898 1022 4948 26.
1038 4897 1230 4958 prodwnsetv
1247 4895 1323 4961 prob.
1342 4897 1468 4948 Wesenb.
1487 4896 1504 4949 l.
1523 4897 1539 4947 l.
1559 4912 1584 4963 p.
1597 4897 1638 4950 l.:
1654 4900 1776 4961 mnan:

455 4975 501 5023 ett.
514 4974 544 5023 0.
559 4998 586 5008 -
605 4974 812 5036 recognoscendae
823 4974 857 5022 V:
876 4974 1056 5036 cognoscendas
1067 4971 1123 5022 rell.
1137 4974 1165 5020 0.
1181 4997 1207 5006 -
1226 4971 1266 5020 tl.
1279 4984 1345 5033 qaae
1356 4972 1379 5020 V
1390 4974 1459 5035 agro
1476 4972 1509 5023 al.
1528 4974 1608 5025 Prisc.
1623 4975 1653 5024 ll.
1671 4987 1697 5038 p.
1711 4975 1773 5024 tue:

454 5062 505 5112 poa
522 5047 591 5111 ugia
600 5045 632 5098 le
642 5048 670 5097 0.
683 5074 709 5084 ·-
727 5048 768 5099 28.
786 5049 831 5099 istc
848 5050 928 5099 Prisc.
948 5049 1031 5098 Madv.
1047 5049 1065 5096 l.
1085 5061 1111 5110 p.
1122 5046 1190 5096 aaa:
1208 5051 1243 5095 sta
1261 5046 1284 5107 (i.
1299 5060 1323 5096 e.
1341 5047 1394 5107 irtel
1412 5048 1447 5105 V;
1465 5049 1487 5098 ts
1503 5047 1566 5104 dtt.;
1586 5050 1651 5100 Non.
1672 5062 1697 5113 p.
1715 5048 1773 5101 288.

456 5121 521 5185 (coll.
541 5137 567 5187 p.
587 5122 654 5185 las.)
672 5135 723 5173 om.
743 5124 772 5174 s's.
794 5150 821 5159 -
840 5123 879 5173 30.
898 5123 1027 5185 coaptares
1044 5123 1082 5181 V,
1102 5123 1186 5184 plnres
1203 5121 1279 5184 egea.
1301 5149 1327 5157 -
1347 5124 1373 5170 tn
1389 5123 1419 5171 r's's
1435 5125 1470 5172 V:
1488 5125 1515 5174 tn
1530 5125 1567 5175 bis
1584 5127 1629 5174 ctt.
1647 5124 1676 5174 0.
1697 5149 1725 5160 -
1742 5121 1775 5186 lsl

453 5199 485 5248 its
499 5197 530 5246 V.
551 5223 578 5232 ·-
598 5196 638 5247 33.
659 5197 803 5248 Trebonium
819 5200 858 5248 V:
883 5199 912 5249 A.
933 5199 1077 5248 Treboniam
1096 5198 1203 5260 fratrent
1226 5200 1270 5246 ctt.
1289 5198 1317 5246 0.
1338 5198 1394 5258 (sed
1411 5199 1480 5262 egea
1497 5200 1554 5255 sine
1570 5200 1610 5262 A.)
1635 5225 1662 5237 -
1689 5196 1731 5252 dl.
1749 5199 1776 5251 ld

453 5273 541 5323 tarara
556 5271 625 5322 cont.
644 5269 732 5325 Kbts:
752 5275 873 5325 atteram
889 5274 925 5334 V:
943 5273 1031 5325 iurare
1046 5274 1072 5324 u
1088 5273 1172 5339 egam
1190 5273 1278 5327 tarars
1294 5274 1340 5325 ctt.
1359 5274 1389 5326 0.
