4367 6109
783 567 1144 637 cmxxx-xxx:
1171 563 1396 652 spec-so.
1690 561 1752 628 soe

435 743 519 806 enim
549 741 752 824 intelligitur:
784 760 866 804 runs
895 759 1065 815 nerrcrsrr,
1096 741 1163 804 sive
1192 759 1233 803 ex
1261 758 1327 823 quo
1353 737 1423 801 loco
1451 736 1517 800 sive
1539 754 1558 799 a
1577 753 1642 818 quo
1664 734 1752 810 loco,

435 857 477 901 eo
498 857 675 900 nssrrrvss.
716 836 785 899 lloc
806 835 868 899 iam
891 834 1029 918 simplex
1050 843 1114 910 est,
1147 835 1181 897 in
1203 852 1276 896 eum
1297 832 1403 895 locum
1424 830 1591 894 restituas:
1624 829 1690 893 sive
1712 850 1752 893 ex

434 932 496 995 hoc
517 931 588 995 loco
611 930 763 1005 deiecisti,
783 930 914 992 restitue
935 929 968 991 in
989 928 1074 992 hunc
1095 928 1217 1002 locum:
1239 926 1306 989 sive
1328 925 1367 988 ab
1388 925 1450 987 boc
1471 923 1553 997 loco,
1574 923 1705 987 restitue
1719 925 1753 986 in

436 1045 508 1088 enm
529 1024 652 1097 locum,
682 1043 747 1086 non
773 1043 813 1086 ex
842 1042 922 1106 quo,
952 1022 1008 1084 sed
1030 1041 1134 1105 aquo
1156 1020 1296 1084 deiectus
1317 1023 1375 1080 est.
1418 1016 1458 1080 Ut
1478 1017 1506 1081 si
1528 1017 1599 1101 qui,
1628 1037 1668 1080 ex
1690 1016 1754 1082 alto

385 1126 394 1145 '
436 1139 506 1181 oum
527 1117 567 1181 ad
588 1117 722 1200 patriam
744 1116 946 1190 accessisset,
976 1122 1161 1198 tempestate
1183 1113 1286 1176 subito
1308 1110 1445 1174 reiectus
1467 1117 1588 1193 optaret
1608 1118 1660 1186 ut,
1682 1124 1777 1174 cumb

436 1232 454 1275 a
476 1212 576 1295 patria
597 1212 738 1275 deiectus
759 1216 851 1284 esset,
874 1230 912 1273 eo
934 1208 1161 1282 restitueretur,
1182 1207 1252 1280 boc,
1275 1204 1399 1286 opinor,
1421 1210 1554 1287 optaret,
1575 1210 1626 1280 ut,
1647 1225 1666 1269 a
1688 1226 1753 1290 quo

435 1304 507 1368 loco
529 1304 681 1388 depulsus
704 1311 803 1378 esset,
831 1304 865 1367 iu
887 1323 959 1365 eum
981 1321 1016 1364 se
1037 1299 1163 1363 fortuna
1184 1299 1380 1373 restitueret,
1408 1317 1472 1359 non
1494 1298 1528 1360 in
1548 1299 1667 1375 salum,
1697 1300 1755 1364 sed
1841 1304 1844 1316 '

435 1399 468 1461 in
491 1399 590 1481 ipsam
613 1397 738 1472 urbem,
760 1415 854 1480 quam
876 1395 1017 1480 petebat:
1043 1395 1107 1468 sic,
1129 1393 1278 1476 quoniam
1300 1393 1469 1455 verborum
1490 1391 1554 1455 rim
1575 1394 1754 1458 necessario

435 1491 641 1554 similitudine
663 1510 769 1554 rerum
791 1509 994 1572 aucupamur,
1016 1489 1069 1572 qui
1093 1487 1234 1571 postulat
1253 1496 1299 1560 ut,
1320 1505 1339 1549 a
1361 1505 1425 1570 quo
1448 1485 1517 1548 loco
1539 1487 1681 1551 deiectus
1696 1493 1754 1561 est,

434 1585 496 1648 boo
518 1591 576 1660 est,
597 1584 682 1647 unde
704 1584 845 1647 deiectus
868 1591 925 1658 est,
946 1602 985 1643 eo
1004 1581 1198 1654 restituatur,
1218 1580 1281 1642 boc
1294 1579 1443 1661 postulat,
1464 1586 1499 1642 nt
1514 1580 1546 1641 in
1561 1599 1633 1643 eum
1648 1582 1753 1664 ipsum
1763 1592 1791 1641 44

435 1679 539 1741 locum
560 1677 753 1741 restituatur.
796 1676 915 1739 xxxi.
937 1673 989 1737 89.
1012 1675 1088 1738 Cum
1111 1674 1207 1737 verba
1228 1692 1287 1736 nos
1310 1693 1349 1736 eo
1371 1673 1504 1746 ducunt,
1526 1679 1592 1736 tum
1614 1694 1664 1737 res
1685 1675 1755 1757 ipsa

434 1774 496 1836 hoc
517 1772 633 1836 sentire
657 1778 753 1855 atque
774 1770 950 1852 intelligere
972 1769 1065 1852 cogit.
1101 1767 1236 1841 Etenim,
1258 1766 1343 1841 Piso,
1358 1765 1510 1828 -redeo
1532 1786 1617 1829 nunc
1638 1767 1678 1829 ad
1699 1768 1755 1831 illa

435 1867 590 1950 principia
612 1864 805 1929 detensionis
828 1882 916 1926 meae
938 1863 1027 1925 -si
1050 1862 1123 1945 quis
1144 1870 1175 1925 te
1197 1880 1238 1924 ex
1268 1859 1400 1922 aedibus
1427 1859 1489 1922 tuis
1515 1860 1547 1921 vi
1576 1860 1756 1924 bominibus

437 1960 564 2022 armatis
586 1958 745 2031 deiecerit,
768 1957 845 2040 quid
859 1959 955 2039 ages?
990 1955 1122 2038 Opinor,
1143 1954 1205 2018 boc
1219 1952 1399 2027 interdicto,
1420 1971 1484 2035 quo
1499 1970 1559 2015 nos
1573 1953 1622 2015 usi
1638 1972 1756 2028 sumus,

436 2070 639 2134 persequere.
683 2050 791 2126 Quidt
820 2050 925 2134 siqui
953 2050 1015 2113 iam
1044 2049 1084 2112 de
1112 2048 1182 2112 toro
1210 2045 1395 2110 redeuntem
1422 2045 1550 2109 armatis
1575 2045 1794 2110 bominibustt

438 2145 566 2225 domupr
588 2153 673 2208 tuam
695 2151 727 2207 te
747 2143 878 2207 introire
893 2143 1101 2226 prohibuerit,
1123 2141 1201 2225 quid
1216 2141 1312 2222 apest
1345 2138 1437 2203 Utere
1453 2137 1566 2203 eodem
1580 2137 1757 2203 interdicto.

439 2239 515 2303 Cum
537 2239 636 2321 igitur
655 2245 782 2321 praetor
802 2237 1016 2311 interdixerit,
1045 2234 1131 2300 unde
1153 2234 1293 2298 deiectus
1315 2252 1366 2309 ee,
1386 2238 1424 2296 ut
1443 2251 1483 2296 eo
1505 2231 1695 2308 restituaris,
1722 2238 1757 2296 tu

436 2333 497 2396 boc
518 2334 618 2406 idem,
640 2332 727 2416 quod
749 2350 808 2414 epo
830 2331 901 2394 dico
924 2340 955 2395 et
976 2331 1064 2415 quod
1083 2329 1286 2413 perspicuum
1308 2333 1373 2400 est,
1394 2325 1655 2409 interpretabere:
1686 2346 1759 2390 cnm

436 2426 516 2490 illud
537 2427 668 2490 verbnm
689 2444 771 2488 rann
793 2425 826 2487 in
849 2433 1015 2509 utramque
1033 2443 1100 2488 rem
1121 2423 1240 2498 valeat,
1262 2443 1369 2507 noque
1390 2430 1423 2486 tu
1441 2423 1565 2486 restitui
1583 2423 1627 2486 sis
1640 2422 1757 2498 iussus,

438 2527 501 2583 tam
522 2528 553 2583 te
571 2521 603 2584 in
617 2519 713 2584 aedes
727 2525 798 2582 tuas
812 2519 936 2582 restitui
950 2525 1108 2601 oportere,
1129 2517 1156 2581 si
1171 2536 1190 2581 e
1205 2516 1374 2591 vestibulo,
1396 2537 1491 2600 quam
1507 2517 1534 2581 si
1549 2535 1591 2582 ex
1606 2516 1795 2581 interiorott

438 2614 564 2677 aedium
586 2619 675 2696 parte
698 2611 840 2676 deiectus
861 2613 915 2675 sis.

521 2705 573 2769 90.
602 2706 642 2769 Ut
663 2724 738 2769 vero
760 2706 839 2780 iam,
870 2712 1124 2788 recuperatores,
1146 2704 1232 2767 nulla
1253 2703 1408 2769 dubitatio
1430 2704 1487 2779 sit,
1515 2704 1582 2768 sire
1602 2724 1668 2768 rem
1690 2706 1757 2769 sivo

438 2803 533 2866 verba
552 2807 694 2884 spectare
715 2798 822 2872 vultis,
843 2799 922 2882 quin
943 2799 1117 2861 secundum
1138 2818 1196 2862 nos
1217 2797 1375 2873 iudicetis,
1398 2798 1540 2863 exoritur
1559 2799 1611 2862 bic
1625 2799 1689 2863 iam
1702 2800 1759 2864 ob·

438 2895 517 2958 rutis
539 2893 632 2956 rebus
654 2892 800 2955 omnibus
822 2899 855 2954 et
874 2891 1006 2975 perditis
1027 2890 1081 2953 illa
1104 2890 1257 2966 defensio,
1279 2911 1351 2954 eum
1373 2891 1467 2955 deiici
1489 2910 1593 2974 posse,
1615 2893 1758 2976 quitum

438 2987 609 3073 possideat,
632 2987 686 3068 qui
708 3005 772 3049 non
789 2985 961 3068 possideat,
981 2983 1068 3048 nullo
1087 2983 1183 3046 modo
1197 3004 1311 3067 posse:
1334 2985 1451 3068 itaque,
1474 2985 1500 3048 si
1515 3004 1575 3068 ego
1588 2987 1649 3049 sim
1663 3006 1682 3051 a
1695 2987 1797 3052 tuisw

439 3081 568 3144 aedibus
590 3078 744 3154 deiectus,
772 3078 895 3142 restitui
917 3098 982 3140 non
1003 3084 1164 3160 oportere,
1190 3078 1217 3140 si
1239 3079 1308 3161 ipse
1331 3078 1390 3153 sis,
1412 3086 1569 3160 oportere.
1611 3082 1758 3155 Numera,

439 3194 532 3258 quam
554 3173 652 3236 multa
673 3173 706 3235 in
727 3174 788 3235 ista
809 3169 994 3234 defensione
1014 3171 1093 3235 falsa
1108 3172 1179 3246 sint,
1200 3172 1283 3235 Piso.
1316 3173 1361 3235 Ac
1377 3171 1514 3254 primum
1528 3171 1605 3236 illud
1620 3174 1758 3252 attende,

439 3269 552 3332 teiam
575 3288 615 3331 ex
636 3266 691 3329 illa
711 3265 835 3329 ratione
857 3284 927 3328 esse
949 3265 1144 3346 depulsum,
1167 3264 1254 3348 quod
1282 3265 1421 3347 negabas
1449 3270 1642 3350 quemquam
1663 3269 1757 3333 deiiei

438 3381 543 3443 posse,
564 3360 626 3424 nisi
647 3357 739 3436 inde,
761 3358 816 3421 ubi
831 3367 931 3422 esset:
952 3358 1015 3421 iam
1031 3376 1126 3440 posse
1140 3356 1305 3433 concedis:
1327 3378 1410 3434 eum,
1433 3358 1488 3442 qui
1510 3379 1574 3423 non
1588 3361 1758 3443 possideat,

502 3621 527 3671 4.
544 3620 608 3670 unda
632 3618 738 3671 4444444444
758 3616 796 3671 u:
821 3619 886 3670 44444
910 3618 995 3670 44444444
1010 3621 1046 3679 4;
1069 3619 1135 3670 uode
1158 3623 1187 3670 44
1210 3619 1317 3670 4444444444
1341 3616 1424 3673 420.
1444 3644 1471 3656 -
1499 3620 1525 3671 2.
1542 3622 1759 3676 restituas-we-

435 3694 508 3744 4444444
528 3695 555 3744 tn
575 3707 632 3744 4444
651 3693 731 3744 444444
750 3707 803 3745 om.
825 3695 854 3744 T.
877 3719 904 3731 -
931 3692 955 3744 l.
978 3698 1014 3745 cst
1033 3691 1148 3756 ETlro,
1176 3693 1219 3745 ed.
1238 3692 1353 3755 luntina‚
1379 3690 1470 3747 cao:
1497 3705 1550 3746 om.
1569 3693 1627 3747 tte.
1647 3723 1674 3733 —
1697 3695 1722 3748 d.
1740 3712 1759 3750 4

434 3770 522 3830 pots-tc
545 3768 650 3818 (44444444
671 3774 731 3819 44444
754 3768 774 3818 Τ
799 3766 889 3832 (quam
911 3765 1052 3819 lectionem
1075 3769 1164 3820 omisit
1185 3768 1338 3831 lordanuslz
1361 3774 1421 3820 44444
1438 3782 1456 3818 4
1478 3767 1522 3834 (aa
1537 3770 1570 3834 V)
1585 3773 1676 3834 puoto
1691 3773 1758 3824 dete·

436 3848 490 3894 44444
511 3844 530 3894 lt
553 3841 614 3906 (sed
635 3844 818 3895 4441444444
839 3842 1033 3908 superteneat
1053 3840 1400 3906 amanueeo.)tto.—
1423 3847 1534 3906 optaret,
1559 3847 1588 3894 44
1611 3846 1676 3896 uode
1699 3851 1759 3898 44444

437 3920 554 3979 docetes,
572 3931 600 3968 44
615 3918 786 3970 restitueretur
801 3931 863 3970 cum
879 3920 1028 3969 Hotomano
1044 3919 1073 3968 L.
1098 3916 1137 3969 cl.
1155 3916 1202 3969 lul.
1220 3919 1309 3969 Victor
1325 3931 1349 3969 c.
1368 3918 1392 3969 6.
1412 3917 1437 3983 5.
1456 3917 1480 3970 4.
1498 3931 1525 3984 p.
1544 3919 1602 3970 222.
1620 3932 1646 3970 v.
1664 3922 1680 3971 44
1696 3934 1775 3987 sqq.-

440 4022 467 4031 —
486 3994 511 4045 8.
529 3995 655 4059 44444444]
677 4008 753 4058 uuam
769 3995 798 4046 T.
827 3995 867 4046 ct.
886 3993 911 4058 8.
929 3994 954 4046 Τ.
981 4019 1009 4030 -
1034 3992 1167 4044 verbotuo
1185 3993 1237 4043 4444
1259 3993 1323 4044 ET:
1346 3993 1399 4044 4444
1416 3992 1549 4044 corbonen
1564 3992 1707 4049 4441420.
1726 4023 1755 4034 -

439 4070 463 4119 9.
478 4069 588 4132 postulet
604 4075 648 4119 444
664 4082 703 4120 ao
722 4071 798 4132 (corr.
816 4068 875 4120 tort.
894 4080 909 4118 a
927 4081 966 4133 pr.
985 4068 1031 4131 m.)
1050 4065 1163 4145 metm
1188 4068 1294 4131 postulet
1308 4072 1355 4118 out
1369 4072 1400 4118 Α.
1419 4093 1446 4104 -
1466 4067 1507 4119 lt.
1524 4070 1590 4120 ratde
1604 4071 1694 4122 4444444
1709 4071 1759 4124 ΕΤ

439 4147 530 4208 (quam
546 4143 687 4195 lectionem
704 4146 792 4196 omisit
807 4144 953 4207 londanus).
980 4142 1019 4195 ct.
1037 4141 1061 4207 3.
1071 4143 1116 4194 td.
1136 4169 1163 4180 -
1181 4142 1227 4193 boc
1240 4143 1396 4206 postuletn
1406 4142 1554 4193 restituatur
1568 4156 1621 4194 om.
1635 4142 1659 4198 u
1675 4148 1760 4211 (prae-

440 4222 481 4269 ter
497 4219 553 4282 ET)
570 4218 626 4273 At.
648 4219 786 4271 Deiectum
804 4221 838 4269 ita
854 4217 1025 4283 suppleverat
1038 4219 1074 4269 1.:
1093 4218 1137 4280 pet
1149 4219 1260 4282 postulet
1270 4217 1488 4269 utmdedeloctut
1497 4223 1545 4281 444,
1562 4218 1757 4283 commatum,

439 4295 483 4345 boc
497 4297 618 4359 postulet,
636 4298 664 4344 ut
679 4307 697 4343 4
713 4307 762 4356 quc
778 4293 831 4343 tooo
847 4292 953 4342 44444444
967 4298 1015 4352 att,
1033 4303 1062 4341 44
1077 4293 1232 4343 restituatur.
1246 4318 1274 4328 -
1294 4293 1335 4343 44.
1352 4297 1406 4343 two
1421 4291 1688 4348 cnmlldinabsso:
1705 4296 1759 4347 4444

439 4367 499 4422 el.
520 4397 548 4407 -
566 4370 606 4420 43.
624 4369 673 4419 tuis
688 4368 789 4419 4444444
799 4368 827 4418 Τ.
846 4368 944 4418 Deerat
959 4366 1027 4416 baec
1043 4363 1122 4416 lectio
1139 4367 1166 4417 ln
1182 4368 1348 4419 blommsenii
1364 4366 1479 4419 schedis.
1494 4394 1521 4404 -
1542 4365 1582 4419 44.
1600 4382 1688 4434 epm
1703 4370 1759 4422 ult

440 4442 643 4509 nempqtad
659 4444 687 4492 et
702 4440 760 4496 At.
775 4469 801 4478 —
821 4444 861 4492 te.
877 4437 1080 4504 postumii:
1095 4454 1287 4505 peraquorea:
1301 4441 1643 4508 perupuoecretibemqt
1659 4448 1685 4496 et
1701 4443 1756 4500 At.

441 4547 468 4554 —
487 4519 579 4581 444444
596 4531 613 4582 q
637 4520 700 4581 (sec.
718 4518 767 4578 m.)
787 4519 815 4567 et
834 4514 861 4571 tl.
889 4543 916 4553 -
944 4516 984 4567 46.
1003 4516 1175 4578 prcbtbuertnt
1190 4521 1220 4569 Α.
1241 4546 1269 4556 -
1293 4517 1402 4583 operm?
1425 4524 1522 4570 4444444
1537 4532 1599 4570 cnm
1616 4522 1718 4572 luntina
1729 4518 1756 4574 t.

439 4594 536 4659 (operer
551 4595 630 4644 etiarn
647 4607 676 4654 α,
693 4598 790 4643 uterus
806 4592 894 4654 equ.)
915 4617 942 4627 -
963 4591 1002 4640 tr.
1018 4593 1132 4659 praetor]
1149 4608 1183 4657 .p.
1201 4595 1230 4644 lt.
1248 4593 1467 4659 Eblnbepqt;
1490 4595 1597 4657 populus
1612 4610 1635 4645 r.
1654 4608 1696 4656 ru:
1713 4599 1755 4650 Po.

438 4671 482 4720 Ro.
495 4684 516 4718 α
533 4670 600 4719 etit.
620 4669 665 4730 tlte
683 4666 864 4718 THarlessius
880 4663 958 4727 silet.)
975 4665 1132 4717 Emendavit
1147 4668 1292 4732 Naugerius
1309 4669 1335 4717 in
1351 4665 1452 4718 Aldina.
1471 4667 1510 4718 ci.
1529 4666 1554 4732 Β.
1566 4668 1607 4720 23.
1625 4693 1653 4706 -
1672 4669 1713 4720 49.
1729 4676 1759 4722 te

440 4757 493 4794 om.
512 4744 540 4793 Τ.
559 4769 587 4779 -
605 4743 645 4792 20.
663 4743 716 4792 4444
731 4754 744 4792 4
759 4739 878 4792 monuo
895 4739 1281 4807 Gblarnpqt(pr.m.)ad;
1299 4741 1352 4793 4444
1367 4755 1400 4792 ee
1414 4742 1534 4793 4444444444
1551 4756 1580 4802 4;
1597 4743 1620 4793 44
1635 4744 1674 4794 444
1688 4755 1702 4795 4
1716 4758 1758 4796 44-

439 4818 526 4869 444444
543 4820 572 4869 Α.
590 4815 706 4882 (uestibulo
722 4826 855 4880 superem.
874 4813 960 4864 littera
976 4815 1043 4878 4Ε.)
1057 4841 1084 4852 -
1104 4828 1137 4866 sn
1152 4815 1266 4868 44444444
1279 4817 1308 4867 L.
1322 4843 1350 4853 -
1368 4816 1409 4868 23.
1421 4816 1539 4868 4444444.
1552 4817 1581 4867 T.
1596 4843 1623 4853 —
1641 4817 1683 4869 et.
1696 4819 1758 4870 dotet

440 4893 469 4942 T.
489 4918 517 4930 -
535 4893 577 4944 49.
594 4892 642 4943 otti
657 4891 725 4952 tude,
743 4890 785 4939 ubi
799 4894 875 4942 eust:
894 4889 947 4939 4444
960 4900 1032 4950 poste
1049 4887 1161 4941 Klotzio:
1178 4891 1229 4953 [ed.
1247 4889 1318 4955 pel:
1335 4890 1384 4940 4444
1399 4891 1469 4951 todo,
1485 4892 1528 4941 444
1543 4896 1596 4941 taen
1611 4898 1688 4943 met:
1704 4894 1758 4945 4444

438 4979 510 5030 porse
526 4964 635 5018 Orelllus
652 4966 744 5032 (Orctt.
761 4965 812 5016 4444.
830 4964 908 5030 XV.);
934 4965 982 5013 4444
1005 4964 1134 5015 4444444444
1157 4978 1208 5017 4444
1222 4965 1299 5015 444444
1312 4978 1383 5029 pom
1399 4964 1469 5019 tlt:
1494 4967 1543 5016 4444
1558 4967 1602 5028 ota
1617 4967 1644 5017 44
1659 4981 1688 5018 oo
1704 4968 1758 5020 4444

441 5043 525 5105 fuerit.
550 5042 635 5102 Nunc,
662 5041 705 5102 444
716 5040 855 5103 4444444444,
880 5051 949 5099 eum,
971 5039 1149 5089 etiamsinon
1163 5039 1240 5102 {aab
1254 5039 1282 5089 44
1296 5053 1325 5091 eo
1340 5040 1410 5102 loco,
1434 5040 1506 5091 astu
1516 5051 1590 5102 poste
1605 5038 1689 5093 1280.
1715 5043 1756 5097 ct.

444 5116 468 5179 s.
486 5117 542 5166 aa:
558 5130 609 5166 444
622 5114 810 5178 posseprobctt
826 5125 976 5176 4444444444
991 5113 1183 5175 montem,
1199 5113 1249 5163 4444
1263 5127 1297 5164 ec
1312 5126 1341 5164 44
1356 5114 1421 5175 4444,
1439 5115 1466 5165 to
1479 5114 1630 5177 4444444444.
1644 5139 1672 5153 ·-
1690 5130 1756 5181 m,

444 5190 533 5251 potu
544 5190 615 5240 ‹tettct
627 5201 699 5252 44444
714 5200 776 5240 eum
792 5189 954 5253 llervagtana
971 5201 995 5239 a.
1014 5185 1087 5239 teat.
1106 5198 1159 5240 om.
1171 5186 1198 5243 8.
1218 5213 1247 5226 ·-
1263 5187 1329 5255 4444]
1345 5189 1389 5241 Sic
1404 5189 1516 5243 :tami-2
1532 5188 1662 5244 Trenndio
1677 5194 1755 5256 toste,

443 5278 497 5317 non
513 5265 587 5330 0444,
604 5265 634 5316 ut
649 5263 801 5317 Wunderus
816 5260 923 5316 rettulit.
