4367 6109
730 582 797 648 m.
817 582 872 647 ur.
903 580 976 646 cn.
998 581 1192 648 vn-vm
1218 578 1274 665 ss.
1298 577 1446 646 u-at.
1676 579 1733 648 au

416 754 612 821 ohsenares.
655 745 706 814 l'l.
728 750 942 827 Quamobrem
963 772 1078 816 novam
1107 752 1208 834 legem
1231 757 1262 815 te
1284 751 1318 814 in
1340 751 1480 815 decumis
1504 752 1651 817 statuisse
1672 774 1738 818 non

415 850 529 925 miror,
550 845 712 909 hominem
733 845 768 909 in
789 845 903 909 edictis
924 846 1109 928 praetoriis,
1139 849 1171 910 io
1193 846 1347 910 censoriis
1369 846 1493 929 legibus
1516 856 1579 913 mm
1600 850 1739 932 pruden-

416 950 497 1018 1ου,
517 950 581 1005 um
603 939 828 1004 exercitatum:
858 959 939 1015 non,
960 940 1108 1021 iuquam,
1131 941 1229 1004 miror
1250 949 1281 1004 te
1302 940 1424 1022 aliquid
1447 942 1659 1025 excogitasse,
1682 942 1738 1007 sod

416 1034 503 1121 quod
524 1039 580 1097 tua
600 1041 714 1116 sponte
736 1031 860 1097 iniussu
883 1032 995 1116 populi
1017 1034 1085 1097 sine
1109 1042 1237 1098 senatus
1260 1035 1445 1099 auctoritato
1466 1037 1536 1100 iura
1556 1037 1739 1119 provinciae

416 1127 544 1195 Siciliae
557 1126 737 1200 mutaveris,
759 1126 791 1190 id
806 1126 1015 1210 reprehendo,
1038 1126 1070 1189 id
1085 1147 1212 1191 accuso.
1256 1122 1307 1190 t8.
1330 1128 1365 1190 L.
1382 1129 1514 1194 Octavio
1530 1139 1561 1193 et
1577 1131 1610 1194 C.
1629 1131 1763 1194 Cottaeo

416 1218 600 1285 oonsulibus
613 1225 742 1283 sanstus
756 1221 910 1302 permisit,
931 1226 967 1283 ut
981 1221 1046 1283 vini
1062 1229 1094 1285 et
1109 1222 1172 1285 olei
1188 1223 1336 1285 decumas
1351 1230 1382 1285 et
1396 1222 1522 1306 frugum
1538 1226 1739 1300 minutarum,

415 1332 496 1399 quas
526 1322 599 1378 ante
621 1321 806 1397 quaestores
829 1314 862 1376 in
885 1314 995 1379 Sicilia
1014 1315 1152 1378 vendere
1175 1325 1400 1392 consuessent,
1427 1318 1546 1382 Romae
1568 1319 1740 1382 venderent

415 1407 583 1493 legemque
607 1407 658 1471 his
680 1407 775 1471 rebus
798 1428 893 1493 quam
916 1409 995 1491 ipsis
1017 1409 1178 1474 videretur
1200 1409 1351 1473 dicerent.
1397 1411 1475 1474 Cum
1504 1413 1619 1477 locatio
1641 1412 1739 1489 heret,

413 1502 577 1587 publicani
597 1501 817 1585 postularunt,
843 1502 998 1587 quasdam
1019 1524 1071 1567 res
1093 1512 1129 1567 ut
1149 1503 1189 1566 ad
1212 1504 1313 1587 legem
1335 1504 1489 1570 adderent
1509 1528 1614 1593 neque
1634 1517 1740 1573 tamen

414 1597 567 1661 acetaris
596 1597 748 1660 censoriis
777 1597 900 1680 legihus
925 1598 1119 1662 recederent
1166 1599 1283 1661 Contra
1310 1598 1391 1662 dixit
1418 1600 1462 1676 is,
1491 1604 1546 1686 qui
1575 1624 1650 1667 casu
1672 1609 1779 1666 tumtt

414 1691 534 1754 Romae
555 1688 631 1765 tuit,
661 1697 733 1753 tuus
754 1689 890 1774 hospes,
918 1691 1049 1766 Verres,
1077 1690 1213 1775 hospes,
1240 1693 1391 1774 inquam,
1418 1694 1633 1761 etfamiliaris
1655 1705 1740 1771 tuus,

414 1783 565 1849 Sthenius
599 1785 653 1849 hic
689 1782 921 1848 Thermitanus.
975 1786 1130 1849 Consules
1166 1805 1294 1849 causam
1323 1798 1517 1871 cognorunt,
1557 1810 1629 1852 cum
1654 1791 1740 1854 viros

412 1878 581 1963 primarios
610 1885 706 1961 atque
738 1878 950 1961 amplissimos
981 1881 1115 1943 civitatis
1138 1881 1256 1943 multos
1277 1880 1310 1944 in
1333 1881 1500 1945 consilium
1522 1883 1740 1956 advocassent,

413 1972 453 2038 de
475 1973 601 2039 consilii
630 1973 786 2036 sententia
814 1973 1060 2055 pronuntiarunt
1087 1994 1121 2036 se
1144 1973 1213 2057 lege
1234 1974 1405 2038 flieronica
1426 1976 1622 2040 vendituros.
1656 1976 1740 2038 Vlli.

413 2065 464 2133 19.
487 2071 576 2133 itane
597 2068 699 2133 vorot
730 2067 970 2150 prudentissimi
992 2068 1067 2143 viri,
1090 2087 1213 2130 summa
1234 2069 1421 2132 auctoritate
1442 2070 1594 2152 praediti,
1624 2071 1779 2155 quinceu

413 2171 543 2228 senatus
556 2162 663 2246 legum
679 2160 886 2225 dicendarum
899 2162 934 2224 in
946 2161 1090 2226 locandis
1105 2161 1310 2245 vectigalibus
1327 2183 1452 2227 omnem
1465 2170 1653 2246 potestatem
1669 2185 1742 2247 par-

413 2260 544 2324 miserat
565 2255 769 2341 populusque
790 2255 951 2320 Romanus
973 2255 1057 2318 idem
1080 2257 1231 2330 iusserat,
1254 2257 1362 2320 Siculo
1385 2276 1449 2319 uno
1470 2265 1647 2333 recusante,
1669 2280 1741 2323 cum

412 2349 659 2438 amplificatione
682 2349 883 2432 vectigalium
906 2370 1022 2413 nomen
1044 2350 1236 2414 Hieronicae
1254 2350 1333 2434 legis
1348 2358 1471 2414 mutare
1485 2353 1673 2416 noluerunt:
1696 2362 1741 2429 tu,

411 2447 509 2512 homo
538 2444 660 2508 minimi
689 2443 835 2518 consilii,
864 2444 983 2508 nullius
1011 2445 1225 2519 auctoritatis,
1258 2445 1381 2508 iniussu
1409 2444 1520 2528 populi
1542 2466 1579 2509 ac
1602 2455 1741 2522 senatus,

413 2549 481 2606 tota
503 2538 613 2603 Sicilia
634 2544 819 2613 recusante,
843 2558 914 2600 cum
937 2539 1076 2602 maximo
1099 2539 1288 2602 detrimento
1310 2546 1407 2623 atque
1428 2539 1509 2604 adeo
1532 2540 1630 2603 exitio
1644 2541 1781 2604 vecti-¹⁰

412 2635 532 2719 galium
554 2641 652 2698 totam
673 2631 877 2710 Hieronicam
899 2631 1001 2715 legem
1022 2632 1202 2695 sustulisti?
1233 2629 1285 2694 20.
1306 2634 1348 2695 nt
1369 2653 1465 2716 quom
1486 2633 1588 2716 legem
1603 2636 1742 2719 corrigit,

414 2729 556 2804 iudices,
578 2736 675 2813 etque
697 2727 777 2790 adeo
800 2733 898 2789 totam
919 2726 1027 2790 tollit?
1051 2727 1240 2790 Acutissime
1261 2746 1298 2790 ao
1320 2727 1561 2810 diligentissime
1582 2731 1741 2814 scriptam,

414 2842 498 2907 quae
528 2822 581 2886 lex
612 2820 761 2885 omnihus
784 2820 936 2885 custodiis
958 2821 1135 2884 subiectum
1156 2829 1312 2885 aratorem
1334 2822 1510 2886 decumano
1534 2824 1676 2900 tradidit,
1705 2835 1742 2889 ut

413 2937 520 3002 neque
540 2917 576 2980 in
598 2914 758 2999 segetibus
781 2934 886 2999 neque
907 2915 941 2977 in
963 2915 1046 2977 areis
1068 2935 1173 2998 neque
1195 2916 1228 2978 in
1250 2916 1374 2979 horreis
1396 2936 1500 3000 neque
1515 2917 1550 2980 in
1563 2919 1740 2981 amovendo

413 3031 520 3095 neque
552 3011 586 3074 in
613 3009 812 3094 exportando
840 3009 1000 3073 frumento
1028 3029 1126 3092 grano
1155 3030 1220 3074 uno
1248 3017 1358 3094 posset
1386 3020 1491 3074 arator
1512 3012 1581 3074 sine
1603 3014 1780 3076 maxima¹⁵

412 3125 519 3190 poena
539 3105 687 3170 fraudare
710 3104 930 3168 decumanum.
968 3103 1091 3186 Scripta
1113 3104 1166 3167 lex
1187 3104 1232 3167 ita
1253 3104 1422 3187 diligenter
1442 3113 1506 3181 est,
1527 3114 1562 3170 ut
1577 3127 1649 3169 eum
1665 3110 1741 3172 scri·

413 3201 516 3283 puisse
538 3207 706 3283 appareat,
730 3199 787 3282 qui
808 3198 872 3261 alia
892 3198 1060 3280 vectigalia
1081 3218 1146 3260 non
1167 3197 1315 3274 haberet,
1336 3200 1380 3263 ita
1402 3208 1508 3277 acute,
1530 3209 1566 3264 ut
1588 3203 1740 3279 Siculum,

412 3294 457 3357 ita
478 3314 606 3370 serere,
627 3302 665 3357 ut
684 3302 871 3379 tyrannum:
896 3312 959 3377 qua
981 3293 1051 3375 lege
1074 3292 1189 3356 Siculis
1212 3300 1319 3357 tamen
1339 3312 1431 3357 arare
1454 3295 1629 3378 expediret
1660 3298 1741 3360 Nam

412 3386 458 3450 ita
478 3387 647 3471 diligenter
668 3389 839 3453 constituta
860 3395 935 3450 suot
956 3387 1026 3450 iura
1047 3388 1240 3462 decumano,
1262 3392 1299 3449 ut
1320 3393 1426 3450 tamen
1447 3388 1487 3451 ah
1501 3388 1602 3453 invito
1616 3398 1740 3453 aratore

412 3481 485 3564 plus
507 3482 641 3546 decuma
663 3501 728 3546 non
750 3482 854 3566 possit
875 3481 1003 3546 auferri.
1750 3492 1780 3540 ao

497 3572 549 3640 Sl.
572 3575 650 3640 Cum
679 3575 759 3640 haec
788 3578 832 3640 ita
860 3583 966 3639 essent
995 3577 1184 3652 constituta,
1213 3576 1328 3639 Verres
1355 3583 1402 3639 tot
1427 3579 1518 3640 annis
1540 3586 1636 3663 atque
1659 3578 1740 3642 adeo

413 3671 548 3736 saeculis
569 3677 616 3736 tot
636 3671 785 3734 inventus
807 3670 925 3754 estqui
946 3670 1026 3733 haec
1041 3690 1106 3733 non
1121 3677 1343 3745 commutaret,
1366 3670 1422 3733 sed
1437 3678 1605 3746 erederet,
1627 3691 1740 3756 eaque,

413 3784 495 3850 quae
517 3765 581 3828 iam
603 3763 658 3826 diu
680 3763 721 3826 sd
744 3764 876 3827 salutem
899 3763 1058 3827 sociorum
1082 3764 1315 3847 utilitatemque
1336 3764 1382 3826 rei
1405 3765 1549 3847 publicae
1564 3768 1741 3849 composita

412 3864 658 3942 comparataque
679 3866 802 3933 essent,
833 3857 874 3920 ad
897 3877 972 3923 suos
993 3857 1245 3940 improbissimos
1269 3864 1422 3941 quaestus
1444 3867 1656 3923 converteret:
1685 3863 1740 3944 qui

412 3953 550 4036 primum
579 3959 683 4016 certos
710 3952 884 4016 instituerit
903 3952 1032 4015 nomine
1055 3950 1266 4026 decumanos,
1298 3970 1429 4014 resera
1448 3953 1610 4017 ministros
1632 3972 1669 4016 ac
1691 3965 1778 4017 sa-ae

477 4170 503 4222 2.
521 4168 607 4221 suem
623 4179 666 4231 pr.
686 4167 740 4232 (sic)
757 4166 835 4231 1312.
862 4191 890 4204 —·
917 4168 941 4218 1.
965 4167 1103 4217 mutaveris
1118 4164 1187 4230 1312
1205 4178 1232 4230 p.
1251 4178 1304 4217 m:
1329 4167 1438 4216 mutaris
1454 4164 1510 4218 relt.
1529 4167 1560 4218 0.
1585 4192 1613 4206 -
1639 4167 1663 4218 7.
1682 4174 1741 4218 enta

412 4244 482 4309 1312
498 4256 526 4311 p.
538 4257 575 4296 m.
595 4243 637 4308 (ct.
655 4241 759 4309 5.13.);
786 4248 845 4292 cote
861 4248 884 4292 tc
903 4239 959 4292 rell.
978 4243 1008 4293 0.
1037 4268 1064 4277 -
1091 4243 1116 4293 8.
1139 4254 1217 4303 quam
1232 4242 1295 4305 133.
1319 4254 1414 4293 omues
1429 4242 1552 4299 auctu
1576 4255 1643 4304 quac
1659 4244 1689 4293 N.
1710 4268 1738 4281 -

413 4321 522 4372 mc
536 4316 606 4383 1312
622 4331 649 4383 p.
668 4331 705 4368 m.
725 4319 759 4368 F:
777 4317 900 4367 coicerent
915 4314 972 4367 rell.
992 4343 1019 4352 -
1039 4317 1080 4366 ⁴0.
1099 4318 1186 4367 ceteris
1201 4330 1265 4366 cens.
1283 4316 1315 4368 t:
1334 4329 1399 4366 cens.
1417 4321 1473 4366 cett.
1491 4316 1540 4367 111.
1553 4316 1582 4367 0.
1601 4343 1626 4352 -
1646 4317 1668 4365 is
1684 4329 1737 4368 om.

411 4393 461 4459 131
482 4397 511 4445 et
526 4393 558 4446 12
574 4407 601 4459 p.
621 4406 657 4444 m.
677 4419 705 4428 —
725 4394 765 4443 tt.
788 4393 869 4443 Verris
884 4390 954 4456 1312
971 4404 997 4456 p.
1010 4404 1047 4442 m.
1069 4420 1096 4429 -
1116 4392 1156 4442 12.
1176 4393 1216 4442 istc
1232 4405 1285 4443 om.
1299 4391 1368 4455 1312
1379 4405 1406 4457 p.
1420 4406 1456 4443 m.
1471 4419 1499 4428 —
1517 4398 1655 4457 cupierunt
1670 4392 1741 4456 1312

411 4469 518 4521 franc:
534 4473 703 4533 coercuerunt
713 4469 759 4518 ctt.
771 4468 838 4518 0.-
851 4468 893 4517 ts.
904 4467 955 4517 ciri
971 4479 1025 4516 orn.
1038 4466 1107 4530 1312
1119 4479 1145 4531 p.
1159 4480 1195 4518 m.
1211 4496 1238 4504 -
1258 4468 1298 4518 tt.
1316 4469 1382 4518 idom
1393 4482 1447 4519 om.
1460 4467 1528 4531 1312
1540 4481 1567 4532 p.
1580 4481 1617 4518 m.
1636 4469 1739 4530 [ttectm

413 4542 447 4595 ct.
464 4542 569 4607 Zumpt.
587 4542 622 4594 ad
639 4541 707 4608 111.]
727 4570 754 4580 -
772 4556 830 4593 cum
846 4542 1001 4608 amplificare
1017 4542 1152 4606 1111131111
1167 4541 1237 4606 1312
1254 4556 1281 4607 p.
1300 4556 1336 4593 m.
1358 4570 1381 4581 -
1403 4542 1444 4593 21.
1463 4548 1516 4594 tum
1531 4549 1610 4594 totam
1627 4542 1695 4606 1312
1713 4556 1739 4607 p.

412 4629 465 4678 m.;
482 4621 561 4667 111111
576 4622 655 4668 totum
672 4619 705 4669 11.
726 4644 754 4653 -
772 4617 813 4668 23.
832 4617 874 4668 less
890 4616 1009 4681 1312φ;
1029 4629 1082 4667 om.
1103 4615 1158 4666 rell.
1177 4619 1206 4667 0.
1227 4644 1253 4653 —
1273 4618 1379 4667 tradidit
1394 4618 1464 4680 1329
1474 4616 1521 4668 ta:
1539 4619 1618 4667 uadit
1634 4616 1690 4667 rell.
1709 4618 1738 4668 0.

414 4718 443 4731 -
458 4696 489 4743 ut
504 4705 630 4756 sequen
640 4707 690 4743 non
706 4693 786 4744 solum
803 4693 827 4757 5.
839 4693 880 4744 23.
899 4707 925 4744 v.
940 4693 979 4743 16.
998 4690 1081 4742 hahet
1090 4693 1121 4741 V.
1138 4686 1169 4727 -'
1184 4690 1225 4743 21.
1244 4693 1398 4742 commendo
1408 4693 1440 4742 V.
1460 4692 1558 4756 [hecto.
1576 4695 1606 4742 ot
1621 4691 1739 4750 videtum

413 4766 446 4818 ct.
466 4765 502 4818 ed
516 4768 560 4818 111.
579 4766 604 4831 S.
624 4768 680 4819 191.
699 4767 792 4833 tinum]
812 4794 839 4803 -
861 4768 903 4817 25.
922 4768 1078 4830 mercando
1097 4767 1312 4839 132911111φί
1327 4769 1480 4830 usportondo
1502 4765 1558 4818 rell.
1577 4767 1606 4817 0.
1627 4780 1742 4829 -posse

412 4840 450 4901 V;
474 4844 552 4906 possit
573 4842 607 4894 de
624 4843 694 4894 cont.
714 4845 775 4894 Ern.
794 4843 822 4892 0.
847 4867 875 4877 -
902 4842 943 4893 28.
962 4842 1040 4893 Siculi
1056 4841 1136 4905 1312.
1157 4868 1184 4877 -
1203 4843 1394 4906 1131111111312
1407 4857 1433 4907 p.
1447 4856 1482 4893 m.
1498 4869 1525 4878 -
1544 4842 1586 4892 29.
1604 4842 1741 4891 decimano

413 4915 629 4981 131211119φε
648 4918 779 4968 decumam
795 4915 852 4967 rell.
873 4941 900 4953 -
924 4919 965 4968 31.
980 4923 1062 4979 posset
1078 4915 1147 4979 1312
1165 4929 1191 4980 p.
1205 4930 1241 4966 m.
1262 4942 1290 4952 -
1319 4917 1359 4967 31.
1378 4919 1416 4967 ito
1432 4922 1509 4968 essent
1525 4917 1590 4966 Vh:
1608 4921 1687 4966 cuent
1703 4917 1740 4965 tta

412 4990 471 5043 rell.
489 4992 520 5044 0.
531 5019 560 5030 -
578 4998 653 5057 utque
669 5006 723 5045 om.
736 4993 770 5044 11.
786 5020 813 5029 -
832 4992 873 5043 32.
892 4993 997 5043 succulis
1007 4997 1043 5042 tot
1059 4991 1084 5052 1,
1103 4992 1128 5040 ht
1139 4992 1174 5039 V:
1193 4992 1298 5042 taxatis
1314 4993 1362 5042 dtt.
1381 4993 1410 5044 0.
1427 5019 1454 5030 -
1472 4996 1636 5043 commutaret
1647 5003 1740 5040 -eusr-

412 5071 475 5117 teret
490 5064 520 5129 1,
544 5070 583 5120 N:
604 5069 917 5122 cucumam-merere
933 5068 996 5127 dtt.;
1019 5069 1319 5116 conmutaret-uerteret
1339 5069 1370 5116 V.
1397 5067 1515 5131 [Recepit
1534 5070 1639 5115 verteret
1655 5065 1739 5115 Maius

413 5143 552 5208 magisque
563 5146 696 5197 contrario
706 5149 870 5196 commutaret
879 5143 985 5195 uidetur
996 5141 1170 5206 respondere.
1184 5143 1276 5208 Hecu]
1291 5169 1319 5180 -
1332 5156 1413 5206 eumq.
1427 5143 1493 5193 9.-
1508 5143 1741 5204 assumamque

414 5216 483 5281 1312
492 5217 532 5269 V:
548 5218 925 5285 commiscueritis&
940 5245 967 5256 -
981 5216 1021 5268 31.
1035 5230 1148 5279 compar.
1162 5218 1224 5281 (non
1235 5218 1350 5281 conpar.)
1363 5220 1443 5269 etism
1455 5219 1519 5269 V.-
1537 5218 1571 5267 od
1586 5229 1632 5266 uos
1643 5217 1739 5279 mpro-

413 5289 525 5343 ltsaimos
540 5295 622 5358 adque
639 5300 756 5360 quamtus
768 5294 796 5345 V.
810 5319 835 5333 ·-
855 5292 896 5344 31.
914 5293 1052 5346 institueret
1067 5293 1136 5356 1329
1146 5294 1175 5344 B.
1188 5293 1345 5358 (instituerit,
1364 5306 1418 5346 non
1428 5292 1591 5355 amiects,
1604 5292 1686 5343 etiam
1696 5291 1738 5355 V.)

457 5384 628 5438 omonn
867 5446 870 5451 ,
1506 5383 1548 5452 16
