4367 6109
450 558 513 625 6l0
843 559 897 624 Dll
918 558 1025 625 LEGE
1045 558 1226 624 AGRARIA
1248 560 1367 625 LIBER
1388 559 1428 624 ΙΙ.

451 731 495 797 ita
516 729 652 805 fecistis,
675 747 740 812 quo
761 727 856 791 modo
879 731 971 811 pauci
993 729 1116 794 nobiles
1136 730 1171 793 iu
1192 729 1252 794 bac
1273 729 1399 794 civitate
1423 725 1585 792 consules
1612 719 1697 786 facti
1719 726 1798 797 sunt,

452 846 553 890 novus
575 831 648 887 ante
668 840 719 885 me
740 842 844 885 nemo.
887 824 927 885 11.
949 825 1029 886 Nam
1051 823 1194 907 prolecto
1216 823 1244 887 si
1265 822 1422 887 recordari
1437 819 1622 886 volueritis
1644 816 1692 882 de
1714 818 1799 882 noris

450 919 646 991 hominibus,
668 917 832 999 reperietis
854 936 920 993 eos,
942 918 1088 1002 quisine
1110 919 1237 1001 repulsa
1254 917 1401 981 consules
1424 917 1502 981 laeti
1517 922 1624 990 suut,
1648 912 1800 977 diuturno

451 1011 560 1075 labore
581 1017 677 1094 atque
699 1010 806 1094 aliqua
827 1011 995 1074 occasione
1017 1033 1087 1075 esse
1109 1011 1225 1087 factos,
1254 1033 1325 1075 cum
1347 1011 1452 1075 multis
1475 1009 1578 1074 annis
1601 1014 1686 1093 post
1708 1004 1801 1088 petis·

429 1111 538 1181 lsent,
568 1123 663 1188 quam
692 1110 851 1187 praetores
876 1103 1027 1181 luissent,
1057 1105 1220 1190 aliquanto
1243 1105 1359 1179 serius,
1387 1125 1484 1189 quam
1507 1125 1574 1187 per
1597 1106 1748 1166 aetatem
1767 1118 1800 1162 ac

450 1201 615 1284 perleges
637 1197 762 1261 liceret:
785 1199 842 1281 qui
865 1194 993 1282 [autem]
1018 1219 1101 1262 anno
1124 1219 1182 1262 suo
1204 1198 1371 1282 petierint,
1393 1200 1462 1262 sine
1484 1196 1718 1283 repulsanon
1735 1212 1800 1256 esse

451 1294 568 1358 laotos:
597 1313 647 1356 me
677 1312 747 1355 esse
775 1312 873 1354 uuum
896 1313 937 1356 ex
959 1293 1105 1356 omnibus
1127 1292 1218 1355 novis
1238 1292 1438 1368 bominibus,
1469 1293 1509 1355 de
1534 1291 1669 1374 quibus
1694 1287 1800 1350 memi-

450 1388 538 1451 nisse
560 1386 735 1470 possimus,
759 1386 815 1469 qui
837 1387 1034 1453 consulatum
1056 1387 1218 1470 petierim,
1241 1386 1469 1469 cumprimum
1492 1386 1627 1450 licitum
1644 1383 1707 1457 sit,
1730 1401 1800 1444 cou-

451 1482 501 1546 sul
522 1481 624 1546 lactus
648 1480 723 1554 sim,
746 1500 816 1542 eum
838 1482 974 1564 primum
995 1481 1154 1564 petierim,
1176 1488 1213 1542 ut
1234 1490 1338 1546 vester
1357 1480 1461 1544 honos
1483 1481 1524 1544 ad
1551 1481 1621 1544 mei
1646 1476 1799 1560 temporis

414 1584 441 1630 ⁴⁰
451 1576 534 1638 diem
556 1575 693 1659 petitus,
715 1593 779 1636 non
801 1574 840 1635 ad
863 1573 984 1636 alienae
1008 1574 1171 1657 petitionis
1193 1575 1390 1638 occasionem
1411 1574 1618 1656 interceptus
1644 1591 1713 1635 nec
1734 1569 1799 1632 diu·

450 1670 551 1732 turnis
574 1667 721 1751 precibus
743 1666 947 1750 efflagitatus,
969 1667 1025 1730 sed
1041 1667 1192 1749 dignitate
1207 1669 1392 1750 impetratus
1407 1688 1478 1731 esse
1492 1668 1665 1732 videatur.
1698 1660 1731 1726 A.
1744 1663 1799 1725 Est

449 1762 529 1827 illud
551 1761 796 1846 amplissimum,
824 1762 910 1845 quod
932 1761 1028 1844 paulo
1050 1768 1123 1825 aute
1144 1762 1401 1837 commemoravi,
1424 1762 1591 1839 Quirites,
1616 1757 1716 1845 quod
1737 1757 1795 1820 boc

449 1857 572 1922 bonore
595 1875 636 1918 ex
657 1855 749 1917 novis
769 1853 952 1917 bominibus
974 1854 1112 1937 primum
1126 1875 1176 1917 me
1191 1854 1298 1918 multis
1310 1863 1381 1939 post
1395 1856 1487 1920 annis
1502 1856 1688 1929 affecistis,
1712 1850 1796 1938 quod

450 1952 552 2034 prima
573 1948 744 2032 petitione,
765 1948 852 2031 quod
874 1969 958 2011 auno
981 1969 1070 2024 meo,
1093 1950 1150 2013 sed
1172 1957 1277 2012 tamen
1299 1946 1555 2031 magnificentius
1578 1956 1690 2034 atque
1706 1966 1796 2011 orne·

413 2054 442 2099 tt
452 2046 516 2108 tius
545 2063 615 2107 esse
642 2041 698 2105 illo
726 2040 807 2104 nibil
834 2050 956 2124 potest,
986 2043 1073 2126 quod
1104 2043 1184 2106 meis
1207 2042 1341 2105 comitiis
1362 2061 1429 2105 non
1449 2043 1607 2106 tabellam
1630 2041 1796 2105 vindicem

452 2138 565 2202 tacitae
594 2135 765 2211 libertatis,
795 2136 850 2199 sed
878 2157 990 2200 rocem
1011 2138 1115 2201 vivam
1141 2157 1217 2220 prae
1239 2135 1327 2199 vobis
1350 2135 1488 2200 iudicem
1509 2143 1703 2201 vestrarum
1724 2154 1797 2217 erga

451 2252 502 2297 me
531 2231 730 2294 voluntatum
760 2249 797 2292 ac
826 2230 1001 2293 studiorum
1030 2230 1157 2294 tulistis.
1201 2231 1312 2313 ltaque
1342 2250 1392 2293 me
1420 2250 1485 2294 uon
1516 2237 1672 2294 extrema
1695 2229 1796 2294 tribua

451 2318 689 2409 suffragiorum,
712 2323 769 2387 sed
790 2324 883 2406 primi
905 2324 952 2387 illi
971 2325 1068 2387 vestri
1085 2344 1277 2398 concursus,
1299 2343 1403 2407 neque
1419 2324 1565 2406 singulae
1579 2343 1687 2389 voces
1702 2341 1796 2406 prae·

451 2440 584 2494 conum,
618 2417 760 2483 seduna
781 2438 859 2482 voce
880 2418 1046 2482 universus
1068 2419 1207 2502 populus
1229 2419 1389 2481 Romanus
1411 2419 1577 2481 consulem
1600 2416 1795 2481 declararit.

411 2513 481 2576 ns.
504 2515 572 2577 Hoc
601 2533 659 2595 ego
691 2519 756 2576 tam
785 2512 927 2595 insigne,
956 2519 1020 2574 tam
1042 2513 1203 2596 singulare
1225 2519 1365 2575 vestrum
1385 2508 1595 2586 beneficium,
1630 2510 1795 2587 Quirites,

451 2628 524 2672 cum
545 2605 585 2670 ad
608 2604 703 2669 animi
726 2605 788 2668 mei
808 2605 945 2670 fructum
968 2613 1064 2690 atque
1086 2607 1236 2670 laetitiam
1260 2606 1342 2670 duco
1364 2626 1434 2669 esse
1461 2624 1697 2690 permagnum,
1727 2610 1795 2666 tum

450 2702 492 2766 ad
513 2720 621 2764 curam
642 2697 955 2783 sollicitudinemque
978 2700 1077 2764 multo
1100 2701 1212 2764 maius.
1248 2700 1422 2763 Versantur
1443 2700 1543 2774 euim,
1567 2697 1740 2775 Quirites,
1762 2696 1795 2758 in

451 2796 557 2859 animo
579 2813 650 2859 meo
673 2792 791 2855 multae
814 2799 845 2856 et
869 2813 978 2876 graves
1000 2795 1226 2877 cogitationes,
1249 2813 1331 2877 quae
1354 2793 1430 2856 mihi
1452 2792 1573 2855 nullam
1588 2788 1724 2876 partem
1738 2809 1794 2854 ne·

451 2909 515 2974 que
538 2889 669 2952 diurnae
690 2905 796 2970 neque
818 2895 989 2951 nocturnae
1012 2888 1128 2971 quietis
1150 2887 1349 2971 impertiunt:
1373 2887 1509 2970 primum
1531 2884 1648 2949 tuendi
1672 2904 1793 2949 eonsu-

413 2982 550 3058 etlatus,
580 3000 662 3066 quae
692 2999 764 3042 cum
793 2980 939 3045 omnibus
969 2989 1017 3045 est
1039 2980 1177 3046 difficilis
1199 2992 1230 3045 et
1251 3003 1364 3067 magna
1385 2985 1481 3060 ratio,
1511 2990 1579 3047 tum
1604 3003 1688 3048 roro
1712 2981 1792 3045 mibi

450 3085 577 3161 praeter
597 3081 737 3149 ceteros,
759 3073 850 3137 cuius
873 3083 975 3139 errato
997 3075 1084 3138 nulla
1105 3078 1216 3151 venia,
1245 3085 1329 3141 recte
1352 3078 1434 3142 laeto
1457 3079 1572 3161 exigua
1595 3077 1671 3141 laus
1697 3083 1733 3140 et
1753 3075 1791 3139 ab

450 3173 556 3236 inritis
578 3187 728 3255 espressa
750 3171 952 3252 proponitur,
975 3190 1040 3232 non
1055 3170 1209 3233 dubitanti
1224 3167 1317 3235 fidele
1332 3171 1518 3246 consilium,
1541 3191 1609 3234 non
1626 3169 1789 3234 laboranti

451 3273 572 3330 certum
594 3263 779 3334 subsidium,
794 3264 968 3328 nobilitatis
991 3265 1176 3328 ostenditur.
1219 3265 1274 3327 Ill.
1295 3263 1326 3327 6.
1349 3265 1442 3341 Quod
1465 3266 1491 3327 si
1514 3264 1602 3328 solus
1624 3265 1660 3328 in
1677 3263 1791 3327 discri-

450 3381 524 3423 men
545 3356 675 3445 aliquod
696 3356 889 3434 adducerer,
910 3358 1041 3433 ferrem,
1065 3358 1222 3435 Quirites,
1244 3360 1349 3422 animo
1371 3358 1541 3442 aequiore,
1563 3356 1623 3420 sed
1643 3357 1730 3421 mibi
1743 3357 1790 3420 ri·

412 3455 567 3518 aodentur
588 3451 665 3516 certi
686 3451 850 3527 homines,
873 3453 900 3516 si
922 3473 985 3536 qua
1007 3454 1039 3515 in
1063 3473 1097 3516 re
1119 3472 1169 3516 me
1191 3474 1254 3516 nou
1271 3453 1366 3516 modo
1382 3451 1533 3526 consilio,
1556 3450 1787 3514 verumetiam

450 3568 524 3612 casu
546 3546 671 3629 lapsum
692 3566 763 3610 esse
785 3547 1036 3622 arbitrabuntur,
1057 3567 1115 3610 ros
1137 3548 1317 3621 universos,
1340 3546 1395 3630 qui
1418 3565 1468 3608 me
1487 3542 1709 3607 antetuleritis
1731 3563 1788 3606 no-

449 3639 576 3716 bilitati,
599 3639 817 3723 vituperaturi.
860 3640 939 3703 blibi
962 3647 1086 3714 autem,
1116 3639 1275 3715 Quirites,
1306 3639 1412 3703 omnia
1439 3639 1547 3722 potius
1568 3635 1786 3721 perpetienda

450 3756 520 3800 esse
549 3733 647 3808 duco,
680 3753 775 3818 quam
803 3754 868 3797 non
896 3735 940 3798 ita
967 3735 1139 3817 gerendum
1167 3732 1381 3809 consulatum,
1414 3733 1504 3796 utin
1526 3731 1681 3795 omnibus
1703 3729 1785 3794 meis

448 3828 537 3892 factis
559 3836 655 3911 atque
678 3827 819 3891 consiliis
841 3836 982 3891 restrum
1003 3828 1042 3890 de
1060 3847 1111 3890 me
1125 3825 1243 3890 factum
1256 3827 1488 3911 consiliumque
1503 3826 1661 3889 laudetur.
1684 3825 1786 3890 Acce-

412 3923 496 3986 aedit
518 3923 612 3984 etiam
633 3919 687 3983 ille
709 3921 785 3984 mibi
807 3942 949 3985 summus
971 3921 1061 3987 labor
1082 3943 1119 3985 ac
1140 3920 1325 3984 difficillima
1340 3921 1420 3984 ratio
1436 3919 1619 3983 consulatus
1634 3919 1785 4003 gerendi,

449 4015 535 4100 quod
565 4033 632 4077 non
660 4013 770 4077 eadem
798 4015 876 4078 mihi
907 4037 970 4100 qua
999 4014 1215 4100 superioribus
1238 4014 1419 4078 consulibus
1440 4012 1510 4096 lege
1533 4020 1565 4077 et
1585 4011 1784 4077 condicione

448 4107 601 4172 utendum
631 4127 700 4170 esse
728 4110 872 4183 decrevi,
902 4111 957 4192 qui
985 4109 1104 4172 aditum
1131 4107 1226 4171 buius
1253 4108 1316 4172 loci
1345 4113 1613 4192 conspectumque
1634 4112 1784 4171 restrum

447 4201 562 4287 partim
583 4221 698 4285 magno
720 4221 816 4285 opere
837 4201 1003 4285 sugerunt,
1024 4202 1138 4287 partim
1160 4222 1224 4264 non
1245 4200 1449 4266 vehementer
1471 4200 1570 4264 secuti
1591 4209 1680 4266 sunt.
1712 4200 1783 4284 Ego

447 4303 554 4361 autam
576 4315 642 4359 non
664 4296 767 4359 solum
789 4294 906 4359 hocin
928 4295 997 4360 loco
1020 4296 1138 4372 dicam,
1160 4296 1216 4359 ubi
1238 4303 1285 4359 est
1308 4291 1364 4379 [id]
1388 4294 1472 4358 dictu
1493 4293 1702 4373 facillimum,
1724 4294 1784 4360 sed

512 4519 538 4569 2.
555 4531 595 4568 rrre
610 4530 664 4568 om.
683 4518 710 4568 F.
726 4544 753 4552 -
771 4518 802 4580 et]
818 4517 840 4567 εἰ
856 4531 895 4567 mc
912 4519 938 4568 F.
953 4545 979 4552 -
999 4518 1024 4568 3.
1042 4520 1091 4569 rint
1108 4531 1169 4570 cum
1181 4520 1302 4570 Ernestio
1319 4520 1348 4569 0.
1363 4546 1390 4554 -
1409 4520 1434 4569 6.
1453 4518 1492 4583 ao]
1510 4522 1584 4581 aqam
1601 4521 1630 4572 1².
1644 4549 1676 4559 -
1697 4521 1723 4572 6.
1736 4535 1786 4572 au·

446 4597 495 4643 tem
511 4605 564 4643 om.
578 4593 607 4642 E.
629 4618 656 4628 -
670 4591 796 4656 petierint]
809 4593 927 4655 petissent
943 4593 972 4643 E.
988 4620 1015 4629 -
1034 4594 1059 4643 8.
1074 4607 1205 4655 poscumus
1217 4591 1301 4645 Ant.
1316 4620 1343 4629 -
1364 4594 1404 4643 tt.
1423 4593 1468 4641 boc
1480 4605 1534 4642 om.
1548 4593 1574 4643 Ρ.
1589 4620 1617 4629 -
1637 4595 1682 4646 43.
1696 4597 1787 4647 mauis

443 4673 500 4732 port
515 4667 589 4718 mnis
604 4666 668 4726 EP3
685 4672 741 4728 post
756 4667 840 4717 modis
856 4669 929 4718 anab
940 4670 971 4729 l‘3
989 4668 1073 4718 mattis
1085 4669 1232 4732 posthabitis
1243 4667 1358 4722 ortt.
1373 4695 1400 4702 -
1421 4665 1460 4717 44.
1475 4668 1562 4730 prima
1577 4669 1736 4730 appresto„
1751 4671 1784 4722 E.

448 4769 475 4779 -
495 4744 536 4794 45.
553 4742 659 4793 todicem
675 4743 723 4792 ΡΑ
740 4746 767 4792 et
784 4756 876 4794 errore
893 4745 996 4806 typogr.
1016 4744 1043 4793 t.
1059 4770 1085 4778 -
1106 4744 1146 4794 46.
1163 4745 1257 4810 or‘oam]
1273 4757 1352 4794 unam
1369 4744 1481 4793 EFPT.
1496 4769 1523 4779 -
1541 4741 1666 4792 uindicem
1685 4756 1785 4795 errore

446 4817 551 4882 typogr.
568 4817 597 4868 l..
623 4843 650 4853 -
672 4823 781 4868 vostrum
797 4819 830 4879 E;
852 4824 965 4869 nostrum
981 4819 1007 4868 F.
1032 4845 1059 4854 -
1085 4819 1125 4869 47.
1148 4826 1274 4870 extremae
1290 4819 1430 4870 Ferratius.
1456 4844 1483 4853 -
1511 4817 1552 4867 49.
1569 4818 1687 4869 mitteret
1703 4820 1733 4870 P.
1751 4819 1784 4870 n.

445 4889 531 4942 ΕΗ).
550 4917 578 4927 -
602 4891 644 4942 22.
663 4892 778 4956 Qor'rr'tcs]
796 4907 811 4955 q
829 4894 855 4943 F.
880 4921 908 4931 -
932 4894 973 4944 25.
991 4895 1057 4957 cum]
1074 4907 1132 4945 eom
1148 4896 1214 4959 quod
1230 4896 1313 4947 Ell’.
1338 4923 1371 4933 -
1392 4894 1453 4944 mtlrt
1470 4904 1524 4943 om.
1543 4891 1572 4942 E.
1592 4918 1621 4928 -
1645 4892 1692 4944 26.
1710 4894 1788 4944 cutus

445 4965 564 5017 EFPl':
582 4979 640 5017 non
654 4969 691 5028 A;
709 4967 750 5016 cut
766 4966 879 5021 otte.
896 4994 921 5005 -
943 4973 1010 5019 recto
1027 4971 1112 5022 EFP.
1132 4997 1159 5006 -
1178 4971 1219 5021 27.
1235 4970 1401 5033 praeponitur
1417 4969 1474 5019 EF.
1490 4993 1517 5002 -
1535 4965 1576 5016 33.
1593 4967 1743 5031 amedu»
1754 4969 1785 5021 F.

447 5066 475 5077 -
494 5038 535 5091 34.
552 5040 737 5106 consiliumque]
761 5046 837 5104 atque
857 5042 987 5093 conditum
1003 5044 1032 5094 E.
1057 5070 1084 5079 -
1107 5043 1148 5095 36.
1166 5045 1252 5095 eadem
1272 5043 1332 5094 mur
1348 5057 1400 5106 qua
1415 5040 1584 5106 repertoribus
1599 5040 1748 5092 consrdtbtrs
1763 5041 1788 5094 E

446 5114 506 5164 FP:
525 5116 1101 5182 ecumqucmperroreomonsctrncnta3
1120 5116 1604 5182 sudorquosupertorescorsulerl'o.
1618 5141 1648 5154 -
1662 5116 1788 5182 38464*-

446 5187 538 5251 tiaeque
553 5191 582 5241 F.
596 5217 624 5228 -
642 5205 793 5258 rrrcprwprro
807 5192 949 5247 EFALtl.
969 5220 996 5231 -
1020 5194 1060 5245 39.
1078 5195 1124 5246 boc
1139 5195 1167 5245 to
1182 5193 1243 5260 loco]
1259 5194 1287 5245 tn
1302 5194 1347 5244 boc
1362 5193 1416 5244 loco
1432 5195 1464 5256 F,
1480 5192 1526 5244 boc
1542 5190 1607 5256 (om.
1623 5191 1653 5243 trs
1669 5190 1785 5262 locolb.

449 5289 475 5302 -
494 5263 522 5316 tc
537 5265 613 5330 dicto]
630 5267 698 5321 dicto
712 5267 739 5318 ta
754 5267 788 5330 E3
806 5267 834 5320 r'd
848 5269 970 5332 spurium
986 5268 1100 5322 videtur.
