4367 6109
444 558 508 632 tta
837 562 987 628 ORATIO
1008 563 1086 629 PRO
1107 564 1146 627 A.
1168 561 1367 630 CLOENTIO

446 757 530 803 mam
552 743 600 801 est
619 733 786 818 proiectus.
814 735 882 797 llos
903 734 1044 818 vestigiis
1061 734 1254 818 Oppianicus
1276 741 1464 800 consecutus
1486 742 1544 799 est.
1573 735 1643 798 Iam
1659 737 1698 796 ut
1711 732 1776 794 lto-

447 852 516 896 mae
536 829 688 903 vixerint,
710 828 826 910 quibus
848 828 1016 904 conviviis,
1046 829 1160 914 quibus
1182 830 1322 913 flagitiis,
1353 828 1480 913 quantis
1508 838 1540 893 et
1567 849 1668 914 quarn
1699 846 1777 912 pro-

446 926 526 990 fusis
547 922 743 1005 sumptibus,
764 940 829 983 non
851 919 945 985 modo
968 922 1112 998 conscio,
1134 922 1190 986 sed
1213 924 1306 986 etiam
1328 922 1461 987 conviva
1482 930 1514 986 et
1533 923 1684 987 adiutore
1707 921 1777 1004 Op·

447 1018 589 1102 piauico,
611 1016 740 1098 longum
763 1021 812 1078 est
833 1015 938 1079 dicere
960 1016 1054 1090 mibi,
1075 1017 1260 1098 praesertim
1281 1016 1320 1079 ad
1343 1017 1406 1080 alia
1426 1018 1617 1102 properanti.
1641 1018 1775 1080 Exitum

425 1111 541 1175 abuius
568 1108 770 1173 assimulatae
795 1108 1012 1173 familiaritatis
1039 1110 1231 1192 cognoscite.
1281 1107 1332 1172 37.
1362 1110 1440 1174 Cum
1470 1120 1554 1175 esset
1581 1110 1777 1174 adolescens

448 1202 532 1289 apud
552 1201 769 1266 mulierculam
791 1202 948 1287 quandam
969 1212 1083 1287 atque,
1115 1204 1169 1266 ubi
1191 1210 1404 1286 pernoctaret,
1432 1203 1476 1266 ibi
1498 1205 1581 1267 diem
1603 1211 1775 1288 posterum

448 1303 707 1370 commoraretur,
728 1296 878 1370 Avillius,
900 1305 935 1359 ut
955 1305 1023 1361 erat
1043 1298 1264 1371 constitutum,
1287 1297 1414 1361 simulat
1434 1318 1468 1361 se
1490 1307 1654 1381 aegrotare
1668 1306 1704 1361 et
1728 1303 1778 1359 te·

448 1395 649 1455 stamentum,
662 1387 765 1452 iacere
793 1390 884 1453 velle.
928 1390 1123 1474 Oppianicus
1153 1390 1369 1472 obsignatores
1401 1389 1442 1453 ad
1463 1410 1553 1466 eum,
1584 1392 1641 1474 qui
1663 1410 1777 1473 neque

448 1484 599 1547 Asuvium
631 1501 736 1567 neque
761 1477 915 1546 'Avillium
945 1492 1092 1558 nossent,
1126 1482 1255 1547 adducit
1281 1491 1313 1546 et
1341 1484 1433 1546 illum
1453 1486 1607 1549 Asuvium
1628 1483 1778 1568 appellat

415 1578 535 1659 tuipse:
558 1581 744 1639 testamento
765 1576 875 1640 Asurii
897 1578 1023 1642 nomine
1046 1578 1210 1661 obsignato
1226 1575 1410 1641 disceditur.
1439 1579 1572 1643 Avillius
1594 1578 1671 1642 ilico
1694 1597 1778 1642 con·

446 1669 586 1734 valescit.
626 1669 762 1734 Asuvius
784 1677 889 1733 autem
909 1671 997 1735 breri
1017 1673 1073 1735 illo
1096 1679 1253 1755 tempore,
1281 1672 1373 1755 quasi
1402 1672 1607 1750 inbcrtulos
1628 1675 1710 1746 iret,
1741 1671 1776 1735 in

447 1763 606 1827 arenariae
629 1761 783 1847 quasdam
798 1771 886 1827 extra
907 1772 1029 1846 portam
1043 1765 1240 1849 Esquilinam
1254 1763 1424 1848 perductus
1440 1764 1601 1829 occiditur.
1622 1763 1685 1828 38.
1707 1765 1776 1842 Qui

448 1879 519 1922 curn
547 1877 644 1921 unum
674 1857 737 1920 iam
765 1867 797 1921 et
822 1857 954 1923 altemm
984 1857 1068 1922 diem
1094 1858 1326 1921 desideraretur
1347 1879 1452 1942 neque
1474 1859 1508 1920 in
1530 1859 1569 1922 iis
1591 1860 1685 1934 locis,
1717 1859 1776 1922 ubi

449 1971 489 2014 ex
511 1950 737 2014 cousuetudine
759 1952 983 2035 quaerebatur,
1005 1953 1199 2015 inveniretur
1221 1960 1252 2014 et
1273 1952 1468 2035 Oppianicus
1490 1953 1524 2014 in
1546 1952 1616 2016 soro
1638 1954 1776 2016 Larina-

413 2046 526 2108 attium
556 2044 730 2119 dictitaret,
760 2065 862 2127 nuper
891 2064 925 2108 se
948 2054 979 2109 et
1000 2067 1072 2109 suos
1095 2045 1212 2108 amicos
1234 2054 1456 2110 testamentum
1479 2047 1548 2108 eius
1571 2047 1775 2129 obsignasse,

448 2137 551 2201 liberti
572 2137 682 2200 Asuvii
704 2145 736 2200 et
756 2157 820 2200 nou
842 2136 920 2200 nulli
942 2140 1049 2214 amici,
1072 2140 1157 2224 qued
1179 2139 1310 2228 codic,
1333 2159 1397 2223 quo
1419 2148 1611 2222 postremum
1629 2141 1775 2204 Asuvius

448 2235 535 2298 risus
556 2240 639 2309 erat,
660 2234 809 2299 Avillium
828 2255 901 2298 oum
923 2255 961 2300 eo
983 2234 1080 2296 baisse
1103 2240 1134 2296 et
1155 2253 1173 2295 a
1194 2233 1300 2296 multis
1315 2234 1417 2297 visum
1440 2254 1510 2297 essa
1531 2235 1717 2309 constabat,
1739 2235 1776 2297 in

449 2349 522 2391 aum
543 2329 696 2392 invadunt
716 2336 748 2392 et
770 2329 928 2392 hominem
950 2335 1022 2392 ante
1044 2325 1142 2409 pedes
1165 2325 1203 2401 O.
1219 2327 1346 2402 Manlii,
1369 2329 1425 2411 qui
1447 2337 1512 2391 tum
1529 2336 1597 2392 erat
1612 2329 1774 2403 triumvir,

449 2423 660 2498 constituunt;
688 2431 782 2506 atque
803 2422 870 2484 illic
891 2422 1039 2485 continuo
1061 2419 1149 2482 nullo
1170 2428 1269 2496 teste,
1291 2422 1380 2485 nullo
1402 2422 1523 2496 indice,
1544 2423 1682 2487 recentis
1705 2443 1774 2487 444-

412 2513 542 2580 aolelicii
574 2515 764 2580 conscientia
792 2515 974 2597 perterritus
1007 2514 1126 2588 omnia,
1154 2522 1189 2577 ut
1219 2534 1237 2577 a
1264 2534 1314 2577 me
1345 2515 1439 2598 paulo
1471 2524 1544 2579 ante
1573 2516 1773 2592 dictasunt,

448 2610 579 2694 exponit
591 2609 806 2692 Asuviumque
820 2629 839 2673 a
854 2628 923 2672 sese
939 2608 1069 2672 consilio
1084 2606 1253 2690 Oppianici
1272 2609 1470 2671 interfectum
1482 2609 1608 2673 latetur.
1638 2606 1691 2672 39.
1706 2611 1774 2673 Ex·

447 2705 579 2769 trahitur
606 2702 698 2767 domo
727 2703 851 2767 latitans
882 2702 1075 2786 Oppianicus
1101 2721 1121 2763 a
1149 2701 1287 2764 Manlio:
1320 2702 1415 2765 index
1442 2703 1576 2765 Avillius
1605 2722 1647 2766 ex
1667 2703 1774 2766 altera

447 2806 536 2881 parte
558 2816 662 2861 coram
684 2804 816 2861 tenetur.
847 2798 907 2860 Hic
929 2796 1006 2881 quid
1026 2797 1089 2859 iam
1104 2793 1226 2877 reliqua
1241 2796 1418 2879 quaeritis?
1451 2795 1603 2859 ldanlium
1618 2798 1772 2882 plerique

447 2891 577 2955 noratis.
618 2892 690 2953 Nou
716 2891 771 2954 ille
798 2890 950 2953 bonorem
980 2909 1000 2954 a
1021 2887 1172 2972 pueritia,
1202 2907 1266 2950 non
1288 2889 1392 2952 studia
1412 2890 1557 2965 virtutis,
1579 2909 1644 2953 non
1665 2892 1772 2955 ullum

412 2983 690 3049 sexisumationis
725 2983 827 3047 bonae
860 2982 995 3047 fructum
1026 2999 1175 3064 umquam
1210 2982 1377 3063 cogitarat:
1410 3001 1450 3045 ex
1482 2983 1637 3067 petulanti
1669 2993 1771 3069 atque

447 3076 592 3161 improbo
614 3096 720 3140 scurra
741 3077 774 3139 in
797 3076 960 3141 discordiis
982 3075 1117 3139 civitatis
1139 3073 1179 3137 ad
1201 3094 1270 3138 eam
1293 3076 1487 3151 columnam,
1509 3076 1549 3139 ad
1571 3098 1666 3162 quam
1687 3081 1773 3143 mul·

447 3180 551 3235 torum
573 3189 667 3254 saepe
690 3170 839 3234 conviciis
859 3169 1029 3254 perductus
1052 3176 1134 3243 erat,
1163 3173 1229 3231 tum
1258 3170 1413 3252 suffragiis
1435 3170 1547 3253 populi
1568 3180 1770 3254 pervenerat.

447 3265 558 3348 Itaque
579 3284 646 3328 rem
667 3284 736 3327 eum
752 3263 927 3347 Oppianico
948 3263 1107 3345 transigit,
1130 3263 1295 3344 pecuniam
1317 3263 1356 3326 ab
1379 3283 1417 3326 eo
1440 3264 1573 3345 accipit,
1595 3284 1722 3329 causam
1738 3275 1773 3329 et

448 3367 624 3442 susceptam
642 3364 674 3421 et
691 3357 883 3421 manifestam
898 3357 1058 3440 relinquit.
1079 3357 1124 3419 dc
1145 3363 1211 3417 tum
1233 3357 1265 3418 in
1280 3357 1446 3440 Oppianici
1461 3377 1556 3420 causa
1570 3359 1690 3422 crimen
1705 3360 1770 3424 boc

411 3453 641 3516 aodsuvianum
661 3471 734 3514 cum
754 3451 886 3514 testibus
908 3449 1032 3523 multis,
1055 3457 1119 3512 tum
1138 3469 1211 3512 vero
1233 3448 1350 3512 indicio
1365 3450 1472 3513 Avillii
1487 3452 1770 3536 comprobabatur:

448 3547 482 3609 in
503 3567 566 3630 quo
586 3545 747 3628 alligatum
768 3545 933 3628 Oppianici
957 3563 1072 3606 nomen
1093 3542 1228 3625 primurn
1250 3562 1319 3606 esse
1344 3545 1523 3619 constabat,
1555 3545 1639 3620 eius,
1670 3566 1771 3629 quem

449 3659 505 3703 vos
532 3639 680 3702 miserum
701 3645 798 3722 atque
825 3640 1022 3700 innocentem
1043 3636 1123 3700 salso
1145 3635 1262 3699 iudicio
1285 3636 1531 3701 circumventum
1554 3660 1625 3703 esse
1647 3639 1769 3705 dicitis.

514 3845 538 3894 4.
556 3847 651 3892 mutos
666 3842 719 3891 ST.
740 3867 767 3877 —
785 3842 810 3891 4.
828 3840 915 3903 quibus
931 3842 1048 3891 cocototts
1064 3854 1117 3892 om.
1137 3842 1220 3891 STA.
1241 3867 1267 3876 ·-
1294 3839 1318 3890 t.
1336 3840 1417 3890 444444
1432 3842 1492 3891 444444
1508 3843 1631 3895 PSTM:
1648 3845 1711 3895 44444
1728 3845 1772 3895 44-

448 3929 503 3968 eere
519 3915 657 3967 Facto.
676 3941 704 3950 -
728 3915 752 3966 4.
771 3915 985 3978 ubs'perrtoetoret
1000 3915 1034 3965 444
1051 3918 1085 3966 Ρ;
1109 3916 1142 3965 tbi
1160 3921 1316 3978 peruoetoret
1331 3916 1365 3965 tot
1381 3917 1442 3976 ST;
1465 3918 1499 3967 4444
1519 3925 1680 3981 moereret
1695 3926 1719 3971 44
1735 3921 1773 3970 ibt

449 3988 570 4051 lilla&
592 3991 627 4041 ibi
645 3994 802 4053 pemoctoret
823 3996 847 4041 st
865 3990 955 4041 4040444
971 3991 1027 4041 LO.
1048 4019 1075 4027 —
1099 3990 1123 4040 8.
1141 3991 1306 4054 4444444444
1323 3992 1376 4040 ST.
1404 4017 1434 4029 ·-
1461 3993 1484 4043 9.
1502 3994 1617 4057 4444444,
1638 3996 1688 4047 sed
1704 4009 1772 4047 mox

447 4065 579 4127 44444444,
598 4067 626 4115 Ρ.
646 4092 674 4101 -
691 4064 799 4115 ,44444444
814 4065 841 4115 b.
857 4062 875 4114 Ι.
893 4066 920 4114 P.
935 4090 962 4100 -
985 4066 1093 4128 oppettot
1108 4067 1169 4128 ipse.
1195 4067 1344 4117 Testomecto
1361 4069 1394 4117 P:
1412 4068 1537 4130 44444444·
1553 4072 1604 4133 ipse
1622 4074 1772 4122 testamento

447 4137 559 4193 4440.
579 4165 607 4177 -
625 4140 666 4190 40.
682 4139 742 4190 Asai
758 4140 785 4189 P.
801 4166 828 4176 -
846 4140 979 4189 disceditur
994 4142 1086 4192 PFM:
1105 4140 1206 4190 discedit
1221 4137 1387 4191 struto.
1402 4169 1430 4179 -
1448 4142 1505 4193 44444
1521 4145 1550 4194 S:
1569 4143 1767 4196 4444444440.

451 4243 478 4254 ·-
492 4217 532 4267 44.
544 4214 633 4265 444444
647 4216 711 4265 Ρ.-
731 4219 815 4265 cutem
830 4214 862 4264 40
877 4214 965 4265 deluto
981 4229 1009 4266 44
1025 4220 1133 4278 tempore
1149 4212 1265 4264 Halmius
1284 4213 1342 4265 coti.
1356 4229 1381 4265 v.
1395 4217 1434 4266 u.
1449 4242 1477 4252 -
1495 4218 1542 4268 4444
1558 4217 1644 4282 glossa
1661 4219 1772 4271 videtur

449 4291 631 4342 Mommsenio.
645 4316 672 4327 -
693 4291 732 4341 44.
750 4291 900 4341 4444444444
916 4290 1003 4340 STM.
1024 4317 1051 4327 -
1069 4289 1232 4350 4444404444
1249 4290 1277 4339 T.
1302 4317 1329 4325 —
1351 4291 1394 4351 444
1410 4304 1467 4340 casu
1481 4305 1535 4341 444
1549 4307 1577 4344 re
1601 4296 1689 4356 (44444
1704 4294 1769 4346 cod.

450 4366 587 4428 Garatonii)
605 4371 628 4417 et
643 4366 749 4416 ottercm
764 4367 829 4416 44444
845 4367 1025 4416 maceraretur
1034 4365 1177 4416 Arusianus
1188 4364 1300 4415 Messius
1310 4379 1335 4415 v.
1349 4367 1479 4428 4444444444
1493 4367 1555 4416 titud
1565 4373 1659 4430 4444444
1669 4381 1696 4433 p.
1706 4369 1768 4420 438.

450 4441 493 4493 ed.
512 4440 629 4492 Lindem.
653 4442 767 4506 (saptior
783 4445 840 4492 erat
857 4443 880 4493 ei
897 4441 1068 4505 grammatico
1084 4439 1158 4489 locus
1175 4439 1241 4489 iutra
1252 4453 1276 4490 c.
1290 4438 1338 4490 Si:
1355 4454 1446 4502 44444,
1465 4443 1583 4501 attenua.
1601 4444 1702 4492 44444444
1716 4457 1771 4493 44-

449 4528 510 4566 uum
526 4515 612 4565 Sassia
627 4515 789 4577 4444444444.»
807 4518 866 4567 Gau.
879 4517 914 4579 4.)
928 4544 955 4552 -
974 4516 1014 4567 43.
1032 4514 1070 4580 tis]
1087 4514 1125 4563 444
1141 4513 1279 4565 STTAL.
1294 4541 1322 4551 -
1340 4515 1390 4578 obs]
1407 4517 1531 4580 44444444
1546 4519 1605 4569 Fu.
1620 4543 1647 4553 -
1668 4516 1708 4568 44.
1725 4518 1771 4581 so-

448 4603 508 4640 rum
524 4589 620 4639 ST.-
639 4590 679 4639 40.
697 4590 905 4641 drueth—‘eo
922 4591 968 4653 dte]
986 4590 1110 4647 eodeml';
1129 4589 1211 4638 codem
1228 4588 1316 4637 (44444.
1334 4590 1471 4640 -444444
1488 4593 1556 4642 4).-
1576 4591 1771 4643 tuoruum

450 4667 526 4730 Tpr.
545 4677 581 4715 m.
599 4690 626 4700 -
652 4663 692 4713 48.
712 4666 741 4725 0.
760 4677 813 4715 om.
834 4666 887 4716 ST.
903 4693 929 4702 -
947 4662 1256 4726 Μα4444),·44444445’4;
1275 4664 1605 4718 auctionante·
1625 4667 1664 4717 ts.
1682 4668 1770 4717 44444-

449 4745 516 4792 44444
532 4740 588 4790 TA.
603 4766 630 4776 -
648 4739 699 4788 44444
715 4740 774 4789 ST:
796 4740 837 4790 4444
853 4738 995 4793 144400.
1010 4768 1036 4778 -
1054 4741 1158 4791 44444444
1174 4752 1228 4790 om.
1241 4739 1267 4788 S.
1286 4738 1325 4789 Ci.
1338 4740 1450 4804 Spengel
1467 4739 1483 4791 l.
1500 4740 1517 4792 l.
1536 4757 1562 4807 p.
1576 4741 1631 4794 468.
1646 4769 1675 4778 -
1693 4743 1736 4793 44.
1750 4756 1770 4793 4

448 4826 500 4866 4444
515 4814 572 4864 ST:
590 4812 623 4864 40
638 4827 663 4864 se
678 4813 848 4865 414440.
861 4843 888 4851 -
901 4817 942 4865 44.
955 4817 1118 4867 MoultoST:
1136 4810 1429 4871 accumulabam
1448 4817 1597 4868 itemv.23.
1613 4817 1692 4867 -43,
1705 4817 1770 4880 qutd

450 4892 503 4940 tom
518 4888 577 4940 ST:
594 4890 648 4940 tom
665 4890 723 4952 quid
739 4889 880 4941 444400.
900 4917 927 4926 -
952 4893 993 4942 43.
1011 4905 1044 4941 ec
1060 4892 1118 4940 ST:
1137 4891 1179 4939 sed
1194 4884 1385 4938 abacto.
1406 4914 1433 4924 ·-
1451 4891 1493 4940 47.
1511 4891 1714 4958 tum1eaeuST.
1736 4918 1766 4928 -

449 4967 491 5017 48.
508 4965 570 5031 rem]
586 4971 639 5016 tum
654 4965 708 5015 ST.
726 4963 812 5015 ltaliru
829 4967 971 5030 utrumque
988 4965 1092 5017 abesse.
1118 4964 1156 5016 ct.
1175 4964 1199 5027 g.
1217 4963 1258 5014 40.
1277 4989 1304 4998 -
1323 4964 1364 5014 49.
1383 4968 1474 5015 ettam
1489 4969 1645 5031 Mnifestum
1661 4969 1715 5018 ST.
1736 4993 1764 5003 —

449 5041 550 5102 44444444
566 5042 619 5093 ST.
640 5068 668 5078 -
686 5040 726 5091 30.
743 5040 894 5091 4444444444
909 5042 962 5091 ST.
981 5067 1007 5076 —
1034 5053 1092 5090 vero
1110 5052 1163 5089 orn.
1182 5039 1239 5088 Fa.
1260 5065 1286 5074 -
1303 5037 1403 5102 4404444]
1420 5038 1514 5090 auos
1530 5042 1547 5091 S
1563 5056 1617 5094 sec.
1637 5055 1672 5093 m.
1693 5042 1768 5107 (qnid

450 5115 535 5178 prima
551 5114 674 5167 habuerit
690 5128 742 5166 non
758 5114 862 5179 liquet),
879 5115 945 5164 444444
961 5116 989 5166 T.
1009 5142 1036 5151 —
1055 5114 1262 5178 44444444404444
1277 5115 1349 5165 MA:
1372 5115 1547 5176 occurrence
1563 5117 1646 5177 sTF;
1667 5117 1769 5180 probo-

451 5187 526 5238 botur
542 5185 623 5241 LOO.
638 5216 666 5226 -
684 5189 725 5241 at.
742 5190 770 5240 44
786 5202 834 5253 quo
850 5190 981 5254 alligatam
996 5190 1054 5240 ST:
1073 5191 1101 5239 44
1116 5189 1580 5254 metamaucensium
1597 5205 1645 5256 quo
1662 5190 1767 5257 (deletis

452 5261 540 5315 verbis
555 5264 620 5315 44444
635 5264 761 5332 44444444)
779 5266 807 5317 L.
827 5288 854 5304 -
872 5263 913 5317 34.
929 5277 974 5316 444
989 5277 1043 5318 om.
1061 5266 1081 5316 T
1096 5277 1138 5335 pr.
1156 5277 1193 5318 m.
