4367 6109
443 546 506 612 oso
635 545 785 613 omno
807 545 885 612 rao
910 546 943 611 c.
965 546 1129 612 memo
1159 546 1233 612 m».
1255 549 1326 613 xm
1352 547 1408 633 ss.
1429 546 1587 615 ae-eo.

444 721 490 782 rei
516 719 649 800 publicae
680 736 768 798 spem
798 715 968 791 libertatis,
998 737 1082 798 apem
1112 716 1237 792 salutis,
1272 739 1361 802 spem
1389 720 1561 802 dipuitatis.
1618 716 1676 781 35.
1712 720 1795 797 Quid

442 814 597 895 sorerem,
626 811 654 873 si
684 812 720 872 T.
742 811 897 874 Labienus
925 812 1052 875 caedem
1080 812 1196 875 civium
1221 813 1358 892 fecisset,
1389 822 1425 875 ut
1453 814 1489 875 L.
1512 814 1732 886 Saturninus,
1765 813 1792 875 si

446 926 603 968 carcerem
624 905 818 985 retrepisset,
845 906 872 968 si
896 905 1081 988 Capitolium
1107 926 1174 968 cum
1200 908 1328 969 ermetis
1349 909 1583 988 occupavisset?
1631 908 1789 969 Facerem

446 1001 538 1070 idem,
562 998 643 1080 quod
665 998 698 1061 C.
721 1001 839 1063 Marius
861 1000 951 1063 iecit:
972 1001 1012 1062 ud
1035 1005 1177 1062 senatum
1199 1001 1365 1079 referrem,
1386 1020 1443 1062 vos
1465 1000 1504 1062 ad
1529 1000 1787 1083 rempublicam

424 1092 670 1176 edesendundam
693 1094 885 1170 cohortarer,
907 1101 1043 1157 armatus
1065 1094 1128 1173 ipse
1149 1093 1311 1156 vobiscum
1326 1102 1441 1155 umato
1456 1093 1660 1156 obsisterem.
1695 1094 1787 1155 Nemo

446 1187 598 1272 quoniam
619 1206 776 1249 armorum
804 1188 941 1270 suspicio
970 1185 1057 1249 nulla
1087 1192 1151 1261 est,
1185 1186 1248 1249 tela
1275 1206 1338 1249 non
1370 1187 1482 1261 rideo,
1515 1205 1582 1249 non
1615 1186 1686 1260 vis,
1722 1206 1786 1248 non

447 1279 576 1354 caedes,
598 1300 661 1342 non
685 1280 829 1363 Capitolii
853 1288 947 1364 atque
969 1280 1047 1344 arcis
1069 1280 1213 1344 obsessio
1236 1290 1300 1355 est,
1327 1280 1382 1344 sed
1404 1282 1562 1344 accusatio
1585 1281 1785 1362 perniciosa,

447 1374 596 1437 iudicium
618 1375 783 1447 acerbum,
806 1395 856 1437 res
879 1383 942 1438 tota
965 1396 983 1438 a
1005 1374 1131 1437 tribuno
1153 1374 1197 1456 pi.
1219 1382 1366 1457 suscepta
1387 1383 1496 1437 contra
1516 1394 1582 1436 rem
1608 1374 1784 1457 publicam,

448 1489 512 1531 non
533 1490 590 1532 vos
611 1468 652 1531 ad
674 1488 760 1530 arma
781 1470 935 1531 vocandos
957 1490 1034 1541 esse,
1068 1487 1172 1530 oerum
1193 1468 1232 1531 ad
1259 1469 1407 1551 suffragia
1428 1467 1645 1531 cohortandos
1669 1477 1784 1531 eontra

409 1572 438 1621 to
448 1562 714 1645 oppugnationem
738 1570 858 1625 vestrae
880 1561 1052 1626 maiestatis
1079 1565 1198 1644 putavi.
1241 1564 1352 1645 itaque
1382 1582 1466 1624 nunc
1492 1582 1549 1624 vos
1578 1582 1696 1625 omnes
1727 1582 1784 1625 oro

447 1665 541 1739 atque
564 1657 706 1719 obtestor
726 1656 913 1739 hortorque:
939 1678 1003 1720 non
1024 1656 1069 1719 ita
1091 1677 1159 1719 mos
1181 1664 1246 1732 est,
1268 1657 1445 1729 consulem,
1475 1674 1547 1719 eum
1567 1676 1604 1719 es
1629 1653 1684 1690 *ἥ
1699 1653 1717 1688 ³*
1734 1655 1751 1689 '³‘
1769 1658 1783 1685 ·“

530 1748 581 1813 36.
606 1749 623 1783 ³*
641 1749 658 1782 *
680 1750 783 1811 timet:
815 1752 869 1833 qui
891 1751 985 1812 hasce
1015 1770 1070 1812 ore
1098 1750 1229 1813 adverso
1259 1771 1316 1832 pro
1343 1771 1378 1813 re
1400 1749 1524 1833 publica
1546 1749 1720 1812 cicatrices
1749 1771 1786 1814 ac

448 1852 538 1908 notas
560 1844 684 1907 vimutis
706 1844 844 1925 accepit,
867 1844 894 1906 is
917 1864 956 1906 ne
979 1842 1065 1926 quod
1087 1844 1221 1925 accipiat
1241 1843 1344 1907 famae
1359 1843 1474 1907 vuinus
1497 1845 1519 1923 †
1542 1844 1785 1928 perhorrescit:

448 1959 543 2021 quem
565 1956 736 2019 numquam
766 1938 963 2000 incursiones
990 1938 1129 2000 hostium
1159 1938 1230 2000 ioco
1260 1958 1385 2001 movere
1413 1945 1609 2022 potuerunt,
1638 1939 1668 2001 is
1698 1960 1787 2001 nunc

413 2032 597 2115 reimpetum
621 2031 752 2103 civium,
774 2031 824 2093 cui
846 2032 1022 2095 necessario
1043 2030 1219 2095 cedendum
1242 2039 1305 2107 est,
1328 2030 1551 2114 perhorrescit.
1589 2030 1645 2095 37.
1666 2036 1786 2118 Neque

447 2124 576 2188 avobis
598 2123 660 2186 iam
682 2124 764 2187 bene
784 2125 923 2200 vivendi,
947 2124 1002 2188 sed
1025 2125 1157 2188 honeste
1179 2125 1333 2189 moriendi
1354 2124 1534 2189 facultatem
1548 2127 1650 2209 petit:
1672 2149 1787 2212 neque

446 2226 510 2279 tam
531 2225 565 2280 ut
586 2219 680 2281 domo
703 2239 760 2280 sua
781 2218 918 2294 fruatur,
948 2239 1042 2303 quam
1065 2239 1105 2282 ne
1128 2220 1229 2302 patrio
1258 2219 1426 2303 sepulchro
1454 2218 1614 2302 privetur,
1645 2222 1787 2290 laborat.

447 2311 533 2374 Nihil
555 2311 639 2375 aliud
659 2312 719 2374 iam
742 2331 797 2375 vos
827 2320 895 2377 orat
925 2321 1021 2396 atque
1048 2314 1199 2387 obsecrat,
1230 2312 1291 2375 nisi
1321 2312 1366 2375 uti
1390 2333 1426 2374 nc
1446 2331 1476 2374 se
1497 2312 1647 2394 legitimo
1672 2315 1788 2380 funere

447 2414 474 2466 et
495 2404 668 2468 domestica
689 2415 784 2469 morte
811 2407 960 2489 privetis:
990 2416 1025 2469 ut
1054 2427 1146 2479 eum,
1176 2407 1228 2487 qui
1256 2426 1314 2488 pro
1342 2406 1443 2488 patria
1472 2406 1592 2468 nauum
1625 2430 1789 2496 umquam

411 2500 556 2561 tomortis
571 2498 744 2579 periculum
766 2499 862 2583 fugit,
885 2503 918 2562 im
938 2501 1041 2584 patria
1062 2500 1142 2562 mori
1164 2500 1334 2583 patiemim'.

532 2590 583 2653 38.
612 2592 685 2654 Dixi
707 2594 746 2656 ad
768 2592 800 2655 id
823 2601 964 2677 tempus,
995 2595 1074 2678 quod
1104 2594 1181 2656 mihi
1203 2613 1223 2656 a
1245 2594 1370 2657 tribuno
1399 2594 1441 2677 pi.
1463 2596 1689 2676 praestitutum
1723 2608 1789 2663 est:

448 2686 579 2749 avobis
595 2694 664 2766 peto
686 2706 886 2772 quaesoque,
918 2696 953 2751 ut
974 2687 1052 2751 hamc
1080 2708 1177 2751 meam
1208 2686 1419 2750 defensionem
1439 2708 1497 2770 pro
1520 2690 1618 2752 amici
1642 2692 1791 2774 periculo

444 2778 588 2859 fidelem,
610 2800 668 2862 pro
690 2780 736 2842 rei
758 2782 903 2863 publicae
926 2782 1022 2845 sainte
1044 2781 1243 2845 consularem
1265 2781 1388 2863 putetis.

410 2987 438 3033 m
532 2958 654 3020 Seroiata
675 2958 714 3019 od
740 2958 823 3039 Verp.
847 2959 921 3020 Aen.
941 2960 976 3032 1,
1010 2956 1065 3022 m.-
1097 2960 1199 3023 Cicero
1215 2978 1276 3040 pro
1297 2960 1438 3022 Rabirio:
1471 2967 1598 3023 etcum
1630 2964 1791 3030 universo

447 3051 565 3135 populo
587 3052 747 3124 Romano,
769 3060 836 3114 tum
858 3073 933 3116 vero
957 3054 1095 3135 equestri
1117 3052 1221 3116 ordini
1243 3053 1337 3136 longe
1360 3053 1551 3118 carissimus.

512 3320 535 3372 i.
555 3323 621 3371 idem
637 3322 743 3384 scripsi:
762 3321 788 3370 id
805 3320 879 3371 Nieb.
899 3325 925 3371 et
942 3323 970 3370 0.
1001 3320 1065 3371 titud
1087 3335 1148 3372 cum
1169 3336 1197 3372 re
1221 3323 1291 3387 ipsa,
1315 3326 1371 3372 tum
1394 3324 1477 3387 spatio
1494 3336 1581 3373 vacuo
1598 3330 1693 3390 magis
1712 3344 1790 3383 com-

447 3398 597 3447 mendatur.
617 3424 643 3431 -
662 3397 719 3459 fecit
735 3395 826 3447 Nieb:
855 3409 904 3459 ego
922 3395 1010 3446 malim
1029 3397 1130 3459 fecerat.
1152 3425 1177 3431 -
1198 3399 1222 3447 5.
1241 3398 1422 3460 &fundendum
1438 3400 1469 3447 P:
1496 3398 1684 3460 defendendum
1701 3404 1735 3453 ο,
1758 3434 1786 3442 -

447 3473 471 3522 o.
490 3473 581 3521 suhart
599 3474 624 3521 P.
646 3498 673 3506 -
693 3472 716 3519 7.
736 3470 860 3521 obsessiost
876 3474 904 3521 P.
925 3497 951 3505 -
971 3472 995 3520 8.
1014 3472 1059 3520 Pi..
1080 3473 1111 3520 P:
1134 3471 1211 3533 plebis
1227 3473 1260 3531 0,
1283 3476 1310 3522 et
1331 3476 1370 3523 sic
1393 3473 1455 3523 item
1476 3486 1502 3523 v.
1521 3475 1563 3523 ht.
1582 3501 1612 3510 —
1639 3487 1789 3542 susceptam

447 3548 474 3598 P.
490 3576 516 3585 —-
531 3548 554 3598 9.
572 3547 696 3597 vocandos
713 3561 775 3606 csse,
793 3561 880 3597 verum
891 3547 997 3611 scripsi:
1015 3548 1140 3595 vocandos
1149 3548 1209 3596 mihi
1220 3560 1270 3597 esse
1282 3549 1324 3597 sed
1335 3549 1355 3598 0
1368 3561 1429 3598 cum
1441 3547 1595 3599 Niebuhrio.
1612 3580 1644 3589 —
1659 3555 1703 3605 tt.
1716 3557 1788 3608 Cos.

447 3622 474 3673 P.
494 3622 603 3673 Beierus
615 3619 703 3671 iocum
715 3621 748 3671 ita
761 3622 909 3672 constituit:
928 3623 1014 3683 itaque
1025 3635 1091 3669 rrum
1101 3634 1145 3670 vos
1157 3634 1239 3671 ommes
1250 3636 1309 3682 oro,
1328 3622 1445 3682 obtestor,
1462 3623 1561 3685 hortor,
1581 3627 1612 3686 (i.
1635 3626 1788 3695 (Quirites),

446 3696 520 3746 notite
536 3710 581 3745 nos
596 3701 620 3745 et
636 3709 696 3745 coss.
716 3710 798 3745 omnes
812 3697 915 3758 privare
929 3697 1071 3760 firmissimo
1084 3698 1211 3759 pracsidio
1228 3699 1264 3747 rei
1278 3712 1305 3759 p.
1318 3698 1490 3759 defendatque.
1505 3725 1532 3734 -
1547 3699 1588 3749 ⁴3.
1601 3704 1703 3767 occipit
1714 3707 1746 3757 Ρ,
1759 3734 1788 3743 -

446 3771 527 3819 uotiua
542 3784 590 3834 pro
608 3771 696 3820 uolnus
713 3773 740 3820 P.
756 3798 782 3807 -
793 3771 957 3832 perhorrescit
975 3809 980 3822 .
997 3809 1021 3822 ..
1040 3775 1174 3823 cedendum
1189 3779 1225 3824 est
1237 3774 1410 3839 perhorrescit]
1429 3775 1482 3823 «lta
1493 3773 1565 3834 cod..
1586 3774 1613 3825 id
1627 3779 1706 3841 quod
1719 3794 1789 3834 saue

447 3841 534 3895 iocum
552 3858 605 3895 non
623 3844 712 3895 habet.
732 3844 890 3895 Niebuhrius
908 3847 985 3909 igitur
996 3850 1123 3898 currerit:
1142 3849 1229 3898 ocinus
1237 3849 1387 3911 pertimescit
1400 3886 1406 3899 .
1421 3886 1427 3898 .
1443 3850 1512 3898 .ced.
1530 3854 1581 3912 est,
1596 3855 1788 3913 perham-ercis.

447 3918 498 3967 Sed
516 3931 541 3968 v.
557 3920 707 3981 pertimescit
723 3921 784 3983 post
799 3934 824 3969 v.
843 3920 910 3969 timet
927 3921 1034 3971 minime
1055 3922 1156 3986 placet,
1180 3937 1230 3975 nee
1251 3937 1316 3973 vero
1339 3922 1500 3988 probabilior
1523 3927 1565 3974 est
1586 3925 1680 3977 Beieri
1701 3932 1787 3981 ratio:

445 4007 470 4042 o.
485 3993 651 4054 perhorrescit
669 4034 674 4045 .
691 4032 696 4044 .
712 4032 717 4043 .
736 3995 787 4045 ced.
806 4001 853 4055 cst,
870 3995 1027 4055 pertimescit.
1047 3999 1101 4060 Ego
1118 4000 1190 4063 prius
1205 3999 1370 4061 perhorrescit
1385 4012 1435 4062 pro
1451 3995 1530 4061 gloss.
1549 3999 1642 4053 habeo
1655 4004 1789 4071 adeoque

447 4068 605 4118 eiiciendum
627 4074 704 4134 puto;
731 4084 762 4119 ae
788 4083 852 4119 sane
874 4068 994 4120 taciiiime
1020 4075 1153 4135 posterius
1175 4074 1341 4136 perhorrescit
1357 4073 1391 4122 ad
1411 4074 1483 4137 prius
1504 4073 1667 4128 membrum
1689 4081 1790 4132 reterri

447 4145 559 4206 potest.»
583 4145 627 4193 Or.
646 4145 671 4193 ἰ.
694 4170 721 4179 -
743 4142 781 4193 ts.
804 4145 898 4205 NVth
921 4145 938 4192 P
961 4157 1023 4194 cum
1046 4144 1113 4196 linea
1137 4148 1203 4197 intra
1227 4148 1260 4209 ος
1285 4162 1415 4210 nunquam
1431 4149 1460 4197 0.
1481 4174 1507 4183 -
1535 4150 1687 4204 ι”ιανείοιιο
1703 4156 1734 4205 P.
1757 4183 1787 4192 -

447 4218 487 4266 tr.
506 4222 558 4267 tum
574 4217 746 4268 Niebubrius:
764 4218 817 4267 iam
834 4221 861 4268 P.
883 4241 909 4253 -
930 4219 970 4268 to.
985 4219 1100 4280 putrium
1116 4223 1143 4270 P.
1156 4248 1182 4256 -
1202 4235 1314 4283 umquam
1330 4223 1358 4271 0.
1375 4248 1402 4257 -
1416 4223 1456 4271 20.
1474 4223 1540 4271 mori
1558 4225 1617 4288 (pro
1635 4231 1744 4292 mortis)
1761 4237 1790 4283 et

447 4290 545 4416 qeinqte¹
557 4293 660 4416 poqp,
680 4295 822 4416 pprumque
840 4291 991 4343 emendavit
1007 4291 1175 4345 Niebuhrius.
1188 4323 1215 4332 -
1229 4297 1269 4346 25.
1288 4298 1474 4360 Fragmentum
1492 4310 1525 4347 ex
1542 4300 1640 4352 Servio
1659 4305 1789 4358 additum

466 4379 511 4417 ees
540 4382 565 4417 m
583 4380 597 4417 e
618 4380 690 4416 riom
712 4380 751 4417 us.
