4367 6109
457 566 519 637 rea
638 570 682 636 m
702 568 870 635 mensu
889 567 1014 635 serio
1034 566 1160 635 nanas
1190 567 1264 634 cu.
1277 567 1392 635 xuu.
1413 564 1471 653 ss.
1486 562 1624 633 oe-ec.

541 741 654 805 XVIII.
675 738 727 804 53.
748 739 827 804 Mihi
850 746 970 804 certum
992 746 1041 803 est
1062 760 1127 804 uon
1145 739 1356 814 committere,
1377 745 1415 802 ut
1434 737 1469 802 in
1490 736 1553 803 hac
1575 756 1674 802 causa
1693 757 1780 822 prae·

456 843 508 900 tor
527 835 620 899 nobis
641 835 876 919 consiliumque
897 842 1045 898 mutetur.
1088 835 1161 897 Nou
1181 832 1287 916 patiar
1307 852 1374 896 rem
1395 832 1430 897 in
1451 831 1485 896 id
1508 839 1639 916 tempus
1659 830 1779 907 adduci,

456 937 507 1005 ut,
537 950 618 1015 quos
645 929 749 993 adhuc
778 929 862 992 servi
884 928 1120 1010 designatorum
1142 927 1310 991 consulum
1331 946 1397 990 uon
1419 933 1606 1002 moverunt,
1638 946 1708 991 cum
1727 948 1780 991 eos

454 1044 540 1087 novo
561 1025 708 1109 exemplo
729 1023 896 1088 universos
919 1032 1131 1099 arcesserent,
1154 1043 1210 1087 eos
1231 1031 1299 1085 tum
1320 1021 1449 1086 lictores
1470 1020 1643 1086 consulum
1656 1030 1779 1085 vocent:

431 1115 803 1193 cacuminantem,
832 1124 925 1180 antea
946 1117 1025 1180 socii
1048 1125 1144 1201 atque
1166 1117 1260 1181 amici
1281 1116 1393 1200 populi
1417 1116 1572 1193 Romani,
1594 1136 1684 1180 nunc
1704 1119 1780 1181 servi

454 1232 491 1276 ac
519 1213 696 1298 supplices,
725 1232 791 1277 uon
820 1211 915 1274 modo
945 1211 994 1274 ius
1023 1232 1117 1274 suum
1143 1210 1354 1294 fortunasque
1383 1230 1493 1275 omnes
1516 1229 1631 1274 eorum
1654 1210 1782 1295 imperio

454 1308 615 1384 amittant,
648 1328 758 1372 rerum
792 1307 884 1370 etiam
917 1306 1105 1389 deplorandi
1137 1306 1215 1367 iuris
1249 1305 1300 1368 sui
1327 1310 1518 1388 potestatem
1550 1324 1618 1368 non
1640 1305 1783 1370 habeant

452 1397 504 1464 bl.
526 1403 597 1465 Non
620 1403 721 1466 sinam
741 1401 885 1486 prolecto
907 1420 1004 1464 causa
1025 1420 1044 1462 a
1066 1420 1117 1463 me
1138 1406 1300 1483 perorata,
1323 1399 1533 1483 quadraginta
1553 1399 1671 1463 diebus
1692 1400 1786 1464 inter·

453 1495 581 1579 positis,
603 1504 671 1561 tum
692 1497 784 1559 nobis
807 1494 946 1577 denique
967 1494 1172 1577 responderi,
1195 1514 1267 1556 cum
1289 1495 1449 1557 accusatio
1472 1501 1583 1558 nostra
1601 1494 1638 1557 in
1653 1493 1786 1556 oblivio-

415 1600 525 1655 ltnem
547 1591 765 1655 diuturnitatis
786 1588 923 1653 adducta
945 1589 1004 1663 sit;
1027 1607 1091 1650 non
1114 1588 1324 1662 committam,
1346 1595 1383 1650 ut
1402 1595 1469 1650 tum
1491 1587 1571 1651 baec
1592 1607 1646 1651 res
1668 1586 1787 1650 iudice-

451 1694 517 1760 tur,
542 1704 614 1748 cum
634 1685 713 1748 haec
734 1682 915 1767 frequentia
935 1682 1033 1745 totius
1055 1681 1167 1744 ltaliae
1188 1681 1289 1744 Roma
1311 1681 1509 1757 discesserit,
1532 1703 1616 1766 quae
1636 1682 1785 1747 convenit
1822 1753 1828 1767 Ι

450 1799 517 1843 uno
538 1786 682 1861 tempore
704 1776 848 1860 undique
870 1776 1087 1851 comitiorum,
1120 1776 1267 1839 ludorum
1297 1776 1515 1860 censendique
1537 1796 1645 1841 causa.
1683 1776 1783 1839 liuius

450 1873 563 1936 iudicii
586 1881 618 1936 et
638 1872 743 1936 laudis
764 1870 902 1934 fructum
924 1878 956 1933 et
977 1870 1164 1933 offensionis
1185 1870 1364 1953 periculum
1378 1877 1535 1946 restrum,
1558 1868 1703 1935 laborem
1722 1869 1783 1934 sol·

450 1965 714 2050 licitudinemque
735 1972 894 2039 nostram,
917 1965 1100 2038 scientiam,
1123 1965 1200 2048 quid
1224 1973 1350 2063 agatur,
1373 1965 1644 2050 memoriamque,
1666 1966 1784 2051 quida

413 2071 583 2156 equoque
609 2058 729 2124 dictum
758 2061 814 2134 sit,
842 2059 984 2121 omnium
1011 2066 1090 2142 puto
1113 2078 1183 2122 esse
1211 2064 1370 2141 oportere.
1414 2055 1465 2121 55.
1486 2058 1613 2122 Faciam
1634 2057 1698 2123 hoc
1718 2079 1782 2123 non

450 2175 588 2229 novum,
618 2154 674 2217 sed
695 2154 736 2217 ab
757 2154 815 2228 iis,
843 2153 899 2237 qui
922 2172 1007 2214 nunc
1028 2153 1191 2235 principes
1213 2158 1341 2215 nostrae
1363 2152 1501 2216 civitatis
1523 2159 1614 2229 sunt,
1642 2161 1717 2218 ante
1738 2152 1782 2216 fa·

450 2257 552 2324 ctum,
574 2256 610 2313 ut
631 2249 765 2313 testibus
788 2256 859 2311 utar
881 2246 1001 2309 statim:
1035 2246 1116 2308 illud
1138 2266 1157 2309 a
1179 2266 1229 2308 me
1251 2266 1387 2322 novum,
1410 2246 1548 2322 iudices,
1571 2248 1781 2332 cognoscetis,

450 2345 538 2428 quod
559 2344 604 2407 ita
625 2349 722 2408 testes
745 2342 953 2415 constituam,
976 2347 1012 2403 ut
1034 2340 1154 2403 crimen
1175 2346 1278 2404 totum
1300 2342 1474 2425 explicem3
1503 2342 1558 2404 ubi
1579 2342 1613 2406 id
1639 2339 1803 2427 [interro-,

449 2432 582 2521 gando,]
606 2439 800 2522 argumentis
822 2444 918 2521 atque
941 2435 1086 2499 oratione
1107 2432 1296 2511 firmavero,
1319 2444 1386 2499 tum
1408 2443 1506 2499 testes
1527 2436 1569 2500 ad
1591 2437 1712 2502 crimen
1732 2456 1782 2501 ac·

412 2531 666 2609 accommodem
695 2540 732 2595 ut
751 2531 833 2596 nihil
855 2530 939 2594 inter
963 2530 1052 2592 illam
1073 2529 1222 2592 usitatam
1244 2530 1480 2593 accusationem
1500 2536 1598 2614 atque
1619 2530 1705 2595 hanc
1726 2552 1782 2596 no-

449 2647 520 2690 vam
543 2626 681 2702 intersit,
703 2626 766 2689 nisi
780 2624 869 2710 quod
889 2624 922 2687 in
936 2624 992 2686 illa
1007 2632 1100 2699 tunc,
1123 2645 1196 2687 cum
1211 2625 1318 2687 omnia
1332 2625 1416 2687 dicta
1432 2630 1521 2700 sunt,
1543 2633 1643 2691 testes
1659 2626 1782 2703 dantur,

448 2719 500 2784 hic
520 2719 554 2783 in
576 2719 718 2803 singulas
739 2741 790 2784 res
803 2720 980 2794 dabuntur,
1002 2726 1039 2781 ut
1052 2718 1116 2780 illis
1134 2739 1265 2803 quoque
1281 2718 1392 2782 eadem
1407 2718 1624 2802 interrogandi
1637 2720 1781 2796 facultas,

448 2814 689 2897 argumentandi
723 2814 914 2897 dicendique
943 2813 994 2876 sit.
1039 2813 1071 2875 Si
1100 2814 1172 2897 quis
1202 2814 1278 2888 erit,
1315 2813 1370 2897 qui
1396 2821 1583 2896 perpetuam
1605 2816 1782 2880 orationem

448 2906 747 2992 accusationemque
764 2908 939 2981 desideret,
961 2907 1060 2970 altera
1074 2908 1199 2971 actione
1215 2907 1340 2971 audiet:
1362 2906 1511 2983 nuncid,
1534 2907 1624 2992 quod
1639 2907 1781 2985 facimus,

410 3001 497 3085 at(ea
518 3002 642 3066 ratione
663 2999 812 3075 facimus,
833 3008 871 3063 ut
891 3001 1028 3063 malitiae
1050 3001 1178 3064 illorum
1200 3002 1334 3065 consilio
1356 3008 1467 3064 nostro
1490 3000 1706 3086 occurramus)
1728 3024 1782 3069 ne·

448 3096 587 3163 cessario
618 3092 685 3158 lieri
713 3095 879 3178 intelliget.
923 3092 973 3155 56.
996 3095 1083 3158 Haec
1112 3097 1232 3178 primae
1255 3096 1389 3159 actionis
1412 3096 1472 3158 erit
1492 3098 1666 3163 accusatio.
1697 3099 1782 3164 Dici·

447 3214 518 3258 mus
542 3191 575 3257 C.
597 3192 744 3275 Verrem,
767 3210 840 3253 cum
861 3188 962 3252 multa
983 3188 1169 3264 libidinose,
1192 3190 1291 3252 multa
1313 3189 1484 3252 crudeliter
1504 3189 1539 3251 in
1561 3191 1648 3255 cives
1666 3192 1782 3259 Roma·
1858 3219 1864 3227 ·

448 3308 506 3351 nos
529 3293 627 3370 atque
649 3286 771 3357 socios,
794 3283 894 3346 multa
915 3283 949 3345 in
972 3282 1049 3345 deos
1070 3283 1283 3367 hominesque
1305 3284 1426 3347 nefarie
1447 3282 1574 3360 fecerit,
1601 3292 1670 3350 tum
1690 3309 1782 3373 prse-

448 3390 534 3445 terea
564 3378 822 3463 quadringenties
851 3377 1032 3441 sestertium
1056 3397 1098 3440 ex
1120 3377 1226 3440 Sicilia
1249 3387 1359 3441 contra
1381 3378 1467 3462 leges
1489 3378 1671 3446 abstulisse.
1714 3385 1783 3448 Hoc

410 3476 597 3551 aotestibus,
618 3474 680 3538 hoc
701 3474 818 3538 tabulis
840 3473 972 3556 privatis
995 3470 1197 3555 publicisque
1221 3472 1460 3535 auctoritatibus
1482 3471 1526 3534 ita
1541 3473 1632 3539 vobis
1650 3477 1783 3561 planum

447 3568 618 3644 iaciemus,
647 3576 684 3632 ut
702 3568 765 3631 hoc
786 3567 948 3641 statuatis,
978 3565 1073 3631 etiam
1096 3565 1124 3628 si
1146 3566 1283 3646 spatium
1306 3566 1345 3628 ad
1369 3564 1540 3628 dicendum
1561 3576 1675 3633 nostro
1697 3591 1783 3635 com-

449 3662 543 3725 modo
577 3681 762 3746 vacuosque
795 3661 864 3725 dies
896 3661 1135 3736 habuissemus,
1168 3669 1275 3726 tamen
1304 3662 1448 3727 oratione
1478 3661 1575 3746 longa
1595 3662 1678 3727 nihil
1700 3684 1782 3749 opus

447 3755 559 3820 luisse.
588 3756 671 3819 Dixi.

516 3989 540 4040 3.
558 3993 602 4050 ot,
621 4001 682 4052 quos
699 3987 767 4038 coni.
786 3985 873 4038 Madv.
892 3989 912 4038 1.
931 4001 958 4053 p.
971 3989 1037 4040 dli:
1055 3994 1083 4040 ut
1099 3990 1191 4052 Siculi,
1210 4004 1271 4052 quos
1288 3990 1366 4041 codd.
1382 4020 1409 4028 —
1427 3994 1452 4045 8.
1471 3994 1577 4058 triptota
1592 3995 1642 4050 dtt.
1657 4023 1686 4035 -
1705 3996 1731 4050 9.
1742 4010 1784 4049 re·

448 4064 564 4127 sponderi
580 4064 616 4113 L:
638 4063 785 4126 respondere
802 4060 881 4123 63ς;
903 4064 1068 4125 respondeum
1084 4064 1133 4115 dtt.
1152 4066 1181 4115 0.
1201 4091 1227 4100 —
1249 4068 1289 4116 46.
1308 4066 1481 4120 diuturnitatis
1497 4068 1591 4120 codd:
1616 4071 1783 4125 monime

449 4138 511 4190 edd.
529 4140 593 4190 vett.
613 4165 641 4175 ·-
663 4139 724 4189 boec
745 4150 785 4187 res
802 4137 889 4199 sss,
905 4138 1004 4200 ngas.
1018 4137 1067 4190 lt:
1091 4153 1133 4189 res
1149 4138 1197 4189 dtt.
1217 4141 1246 4190 0.
1267 4168 1294 4177 -
1320 4143 1360 4191 tt.
1379 4144 1453 4194 totiru
1468 4144 1559 4195 ltolios
1574 4157 1628 4196 om.
1647 4148 1727 4198 Aras.
1743 4146 1780 4199 Ι.

448 4228 475 4279 p.
493 4214 552 4266 iit.
573 4241 600 4250 -
620 4216 660 4265 lt.
682 4213 799 4265 lucenses
821 4214 891 4263 coni.
909 4214 979 4263 Man.
998 4227 1031 4264 er
1051 4216 1127 4266 Asc:
1150 4216 1301 4267 iudiciorum
1317 4218 1395 4268 codd.
1416 4247 1439 4255 -
1467 4221 1507 4272 t8.
1525 4226 1554 4271 sst
1568 4221 1612 4273 ubl
1626 4222 1655 4273 id
1670 4224 1702 4276 Α.
1719 4225 1782 4275 lan-

448 4292 519 4340 noct.
539 4316 568 4328 -
586 4290 764 4353 immoqoodo
781 4288 853 4341 delet
868 4288 955 4339 Madv.
967 4291 988 4339 1.
1006 4302 1033 4354 p.
1047 4290 1104 4342 336.
1123 4291 1305 4344 Probabiliter.
1321 4321 1348 4329 -
1367 4293 1408 4346 bl.
1427 4296 1551 4346 desidem
1566 4297 1628 4348 ets
1645 4299 1736 4363 llgg.
1750 4325 1779 4337 -

448 4365 490 4413 25.
508 4376 540 4413 eo
556 4375 609 4414 om.
622 4366 668 4415 Gt.
684 4389 711 4400 -
731 4365 844 4415 orotioos
860 4364 906 4413 62.
919 4392 946 4400 -
964 4365 1071 4428 scamus
1087 4380 1141 4418 om.
1160 4367 1194 4418 de
1207 4372 1266 4420 Asc.
1281 4370 1349 4420 coni.
1363 4370 1456 4421 hamb.
1471 4399 1499 4408 -
1517 4372 1560 4423 26.
1578 4372 1698 4439 medicat
1709 4374 1779 4424 conl.

449 4436 594 4488 Fritzsche:
612 4438 735 4503 toteltipot
746 4439 807 4489 642
824 4436 857 4489 al.
869 4440 903 4498 0;
921 4439 1062 4505 intelligunt
1078 4444 1140 4507 ng.
1153 4456 1256 4494 omnes.
1271 4471 1298 4479 -
1318 4446 1358 4496 28.
1377 4448 1456 4496 socios
1466 4447 1528 4509 63ς
1544 4448 1608 4512 ng.
1625 4446 1737 4514 pleriq:
1752 4449 1781 4499 is

448 4513 527 4563 socios
543 4512 592 4562 dtt.
605 4514 634 4563 0.
653 4541 680 4550 -
698 4515 800 4578 cesano
816 4517 848 4565 Gt
861 4516 910 4577 25.
931 4543 958 4552 —
977 4517 1101 4569 4496666
1116 4519 1148 4568 64
1164 4520 1226 4582 ng.
1240 4533 1336 4582 noun,
1356 4521 1460 4574 666644
1470 4523 1516 4574 Gt.
1531 4547 1560 4559 -
1579 4522 1621 4576 33.
1640 4524 1741 4577 diniGt
1753 4523 1779 4576 2.

448 4589 484 4638 A:
510 4587 588 4640 tlucts
603 4587 710 4641 inclusit
725 4591 755 4643 0.
