4367 6109
464 547 527 617 ³50
834 558 1207 628 munasnscrro
1229 563 1414 631 sueonos

463 726 602 810 glorisse
623 725 769 800 audient,
789 745 854 790 non
876 735 969 790 erunt
987 735 1051 793 tam
1072 737 1231 807 amentes,
1251 740 1286 798 ut
1306 754 1452 819 operam,
1473 755 1597 814 mnam,
1617 737 1788 822 pecuniam

463 819 645 905 impendant
673 819 706 881 in
737 838 790 883 eas
818 840 885 895 res,
915 842 994 905 quae
1015 824 1103 887 vobis
1125 833 1227 908 gratas
1248 826 1316 890 iore
1337 848 1402 892 non
1423 830 1622 896 arbitrentur.
1665 832 1788 896 XXXI.

463 910 515 976 69.
536 915 604 978 Hoc
625 912 711 989 loco,
734 913 773 989 Q.
796 913 923 989 Catule,
945 923 976 978 te
998 917 1142 1000 appello:
1164 918 1278 1004 loquor
1299 921 1382 984 enim
1397 923 1437 986 de
1455 931 1508 988 tuo
1525 924 1702 991 clarissimo
1716 925 1789 1010 pul·

463 1008 682 1091 cherrimoque
703 1017 921 1072 monumento:
948 1030 1011 1073 non
1033 1010 1144 1076 iudicis
1165 1012 1267 1076 solum
1289 1016 1488 1082 severitatem
1509 1018 1542 1081 in
1564 1019 1625 1083 hoc
1644 1019 1787 1094 crimine,

424 1118 440 1165 4
462 1103 518 1170 sed
547 1121 645 1186 prope
673 1101 791 1166 inimici
817 1111 912 1186 atque
940 1106 1130 1169 accusatoris
1156 1108 1220 1170 vim
1249 1109 1407 1191 suscipere
1437 1111 1543 1176 debes.
1587 1115 1674 1179 Tuus
1698 1115 1788 1178 enim

460 1198 562 1263 honos
590 1196 645 1259 illo
674 1196 792 1279 templo
814 1205 940 1261 senatus
961 1198 1135 1283 populique
1155 1201 1287 1265 Romani
1310 1201 1478 1280 beneficio,
1507 1207 1553 1270 tui
1573 1208 1710 1272 nominis
1732 1228 1788 1272 ae-

460 1301 550 1357 terna
571 1291 722 1355 memoria
742 1290 834 1353 simul
855 1311 926 1354 cum
950 1292 1066 1377 templo
1089 1293 1144 1357 illo
1166 1304 1384 1360 consecratur:
1412 1298 1469 1362 tibi
1490 1298 1568 1364 baec
1589 1321 1664 1366 cura
1685 1302 1787 1366 susci-

460 1386 592 1471 pienda,
620 1384 678 1447 tibi
698 1384 777 1448 haec
799 1404 898 1467 opera
919 1384 1073 1448 sumenda
1095 1395 1159 1464 est,
1187 1395 1222 1451 ut
1244 1387 1448 1471 Capitolium,
1478 1413 1572 1476 quem
1593 1395 1633 1459 ad
1654 1395 1787 1460 modum

460 1480 708 1565 magnificentius
736 1484 784 1541 est
810 1477 1003 1554 restitutum,
1036 1482 1080 1543 sic
1109 1482 1265 1564 copiosius
1287 1491 1431 1548 ornatum
1452 1487 1492 1549 sit
1524 1507 1619 1571 quam
1639 1487 1719 1563 luit,
1747 1495 1788 1553 ut

423 1575 515 1640 toilla
536 1577 661 1638 flamma
681 1571 832 1635 divinitus
855 1572 1013 1636 exstitisse
1035 1575 1195 1649 videatur,
1217 1596 1281 1640 non
1311 1597 1393 1661 quac
1414 1578 1535 1645 deleret
1555 1581 1640 1645 Iovis
1663 1579 1787 1665 Optimi

459 1670 588 1735 Maximi
615 1666 786 1750 templum,
819 1664 876 1728 sed
912 1686 993 1749 quae
1023 1668 1212 1752 praeclarius
1240 1671 1556 1758 magnificentiusque
1585 1675 1786 1757 deposceret.

458 1761 510 1826 70.
533 1762 655 1827 Audisti
678 1761 717 1836 Q.
738 1759 908 1823 Minucium
931 1760 1052 1835 dicere,
1074 1761 1159 1825 domi
1181 1783 1257 1826 suae
1279 1763 1477 1829 deversatum
1499 1787 1569 1831 csse
1589 1768 1787 1832 Antiochum

458 1877 565 1941 regem
595 1854 774 1940 Syracusis:
807 1873 841 1916 se
870 1852 949 1916 illud
977 1856 1058 1918 scire
1079 1855 1119 1918 ad
1149 1856 1244 1919 istum
1272 1877 1342 1921 csse
1370 1859 1524 1923 delatum:
1557 1881 1592 1924 se
1614 1862 1696 1926 scire
1716 1880 1787 1925 non

458 1952 632 2016 redditum:
658 1947 773 2012 audisti
794 1953 827 2009 et
846 1946 954 2011 audies
977 1951 1061 2011 omni
1083 1970 1102 2012 e
1124 1958 1282 2015 conventu
1304 1953 1500 2036 Syracusano
1523 1955 1577 2038 qui
1599 1954 1644 2018 ita
1665 1948 1785 2029 dicant,

421 2061 528 2111 lasese
549 2042 749 2109 audientibus
771 2040 849 2104 illud
871 2041 937 2103 lovi
952 2041 1078 2124 Optimo
1092 2045 1230 2108 Maximo
1246 2045 1381 2110 dicatum
1400 2068 1469 2112 esse
1484 2048 1523 2111 ab
1537 2068 1612 2131 rege
1626 2046 1785 2112 Antiocho

458 2149 491 2206 et
512 2145 736 2205 consecratum.
782 2136 814 2198 Si
835 2134 933 2198 iudex
955 2156 1018 2198 non
1041 2157 1128 2201 esses
1150 2138 1280 2201 ethaeo
1303 2140 1343 2201 ad
1364 2148 1395 2203 te
1417 2141 1518 2205 delata
1539 2163 1590 2206 res
1612 2149 1716 2219 esset,
1750 2149 1784 2206 te

458 2235 655 2320 potissimum
676 2231 737 2295 boc
757 2229 923 2314 persequi,
947 2237 977 2292 te
999 2239 1123 2314 petere,
1146 2240 1176 2295 te
1198 2252 1291 2314 agere
1313 2242 1482 2317 oporteret.
1515 2234 1621 2311 Quare
1642 2257 1709 2301 non
1723 2235 1785 2299 dn·

456 2330 539 2404 bito,
569 2347 632 2413 quo
654 2325 758 2390 animo
779 2323 877 2387 index
897 2322 992 2386 buius
1014 2324 1154 2388 criminis
1176 2347 1247 2390 esse
1268 2326 1402 2402 debeas,
1430 2329 1485 2412 qui
1506 2330 1592 2412 apud
1614 2330 1711 2394 alium
1732 2330 1784 2393 iu·

457 2424 559 2488 dicem
584 2420 683 2485 multo
712 2419 828 2493 acrior,
862 2436 957 2500 quam
985 2438 1043 2501 ego
1071 2439 1157 2494 sum,
1191 2428 1278 2483 actor
1298 2430 1521 2505 accusatorque
1543 2443 1615 2487 esse
1636 2423 1782 2487 deberes.

418 2517 589 2584 axxx11.
617 2509 668 2577 74.
698 2511 795 2576 Vobis
824 2518 944 2586 summ,
975 2510 1112 2589 iudices,
1141 2513 1218 2598 quid
1240 2513 1298 2577 hoc
1320 2515 1480 2598 indignius
1502 2524 1556 2580 ant
1577 2516 1653 2602 quid
1674 2518 1782 2582 minus

455 2610 620 2676 ferendum
641 2606 740 2672 videri
762 2607 886 2691 potest?
915 2606 1071 2670 Verresne
1090 2607 1219 2670 habebit
1240 2608 1325 2671 domi
1347 2628 1422 2672 suae
1442 2609 1663 2675 candelabrum
1684 2613 1781 2687 loris,

455 2728 473 2772 c
495 2703 625 2789 gemmis
646 2721 789 2786 auroque
810 2699 1005 2784 perfectum?
1028 2702 1117 2765 cuius
1130 2700 1253 2785 fulgore
1275 2702 1429 2766 collucere
1450 2711 1546 2787 atque
1560 2704 1710 2769 illustrari
1729 2707 1782 2770 Io-

453 2803 502 2866 vis
526 2797 643 2883 Optimi
665 2796 794 2860 Maximi
816 2795 967 2879 templum
988 2795 1170 2877 oportebat,
1192 2796 1224 2857 id
1247 2795 1332 2879 apud
1352 2796 1448 2860 istum
1469 2798 1503 2862 in
1518 2798 1689 2863 eiusmodi
1704 2819 1782 2864 con·

453 2895 546 2960 viriis
573 2892 793 2965 constituetur,
824 2908 907 2973 quae
936 2888 1115 2951 domesticis
1144 2889 1260 2970 stupris
1289 2888 1476 2973 flagitiisque
1507 2890 1705 2973 flagrabunt?
1741 2892 1780 2955 ln

416 2989 543 3055 roistius
569 2986 692 3050 lenonis
720 2984 892 3066 turpissimi
920 2982 1014 3045 domo
1036 2980 1128 3045 simul
1151 3001 1221 3044 cum
1246 2984 1355 3046 ceteris
1376 2981 1559 3048 Chelidonis
1580 2983 1779 3049 hereditariis

453 3081 644 3149 ornamentis
667 3077 814 3162 Capitolii
837 3082 1021 3140 ornamenta
1041 3077 1220 3158 ponentur?
1253 3075 1337 3151 Quid
1358 3076 1432 3139 huic
1448 3077 1530 3140 sacri
1543 3097 1695 3162 umquam
1708 3077 1778 3142 iore

453 3187 507 3243 aut
537 3175 613 3262 quid
642 3172 781 3256 religiosi
810 3171 908 3235 fuisse
939 3169 1074 3252 putatis,
1105 3170 1159 3252 qni
1180 3188 1264 3232 nunc
1285 3177 1371 3234 tanto
1393 3170 1513 3234 scelere
1535 3191 1570 3235 se
1592 3172 1778 3236 obstrictum

453 3289 610 3337 essenon
632 3268 765 3332 sentiatt
794 3267 848 3350 qui
870 3266 904 3328 in
926 3263 1076 3326 iudicium
1098 3263 1217 3337 veniat,
1239 3263 1353 3328 ubine
1375 3265 1496 3348 precari
1518 3265 1648 3349 quidem
1669 3266 1778 3330 lovem

452 3365 611 3451 Optimum
639 3363 810 3425 Maximum
837 3368 931 3444 atque
958 3357 997 3420 ab
1020 3377 1057 3420 eo
1079 3356 1231 3420 auxilium
1252 3365 1361 3439 petere
1382 3378 1470 3421 more
1492 3358 1632 3421 omnium
1653 3359 1777 3443 possiti

413 3470 471 3524 toa
492 3481 555 3544 quo
578 3459 669 3521 etiarn
692 3454 724 3517 di
746 3453 937 3538 immortales
959 3471 1017 3514 sua
1038 3458 1184 3534 repetunt
1204 3451 1237 3513 in
1260 3472 1298 3514 eo
1323 3450 1454 3525 iudicio,
1488 3451 1572 3535 quod
1593 3452 1777 3517 hominibus

451 3554 490 3620 ad
512 3572 586 3616 suae
607 3570 658 3614 res
679 3549 867 3632 repetendas
883 3555 931 3611 est
945 3545 1157 3609 constitutum.
1190 3546 1341 3610 Miramur
1353 3545 1484 3608 Athenis
1498 3546 1683 3623 Minervam,
1704 3546 1777 3610 Deli

449 3647 644 3731 Apollinem,
664 3645 817 3706 Iunonem
833 3642 932 3716 Sami,
954 3641 1072 3722 Pergae
1090 3639 1239 3726 Dianam,
1261 3639 1377 3702 multos
1391 3647 1552 3723 praeterea
1568 3639 1608 3702 ab
1622 3640 1683 3704 isto
1697 3639 1777 3705 deos

396 3776 402 3785 ·
449 3748 515 3806 tota
535 3740 612 3804 Asia
632 3735 828 3819 Graeciaque
848 3735 997 3808 violatos,
1028 3732 1083 3816 qui
1105 3751 1124 3794 a
1146 3731 1301 3815 Capitolio
1321 3752 1433 3796 manns
1454 3732 1611 3796 abstinere
1632 3753 1697 3797 non
1718 3754 1776 3818 po-

449 3834 566 3898 tuerit?
596 3830 690 3908 Quod
711 3830 824 3915 privati
844 3828 989 3891 homines
1012 3826 1051 3888 de
1073 3826 1139 3888 suis
1160 3826 1304 3909 pecuniis
1327 3833 1441 3889 ornant
1462 3827 1667 3911 ornaturique
1689 3834 1774 3903 sunt,

410 3928 482 3993 said
506 3927 540 3992 C.
561 3928 675 3991 Verres
698 3925 737 3988 ab
757 3924 884 4007 regibus
906 3921 1011 3988 ornari
1032 3939 1097 3982 non
1126 3938 1239 4001 passus
1262 3927 1319 3984 est.
1362 3917 1546 4004 721uque
1568 3920 1629 3985 boc
1650 3921 1774 3985 nefario

448 4024 568 4087 scelere
589 4025 742 4103 concepto
764 4017 844 4082 nibil
872 4024 983 4099 postea
1008 4021 1075 4078 tota
1095 4013 1129 4075 in
1151 4013 1257 4077 Sicilia
1277 4034 1385 4099 neque
1407 4014 1487 4078 sacri
1508 4034 1614 4099 neque
1634 4016 1774 4099 religiosi

447 4116 538 4182 duxit
559 4135 647 4178 esse:
668 4114 711 4178 ita
732 4131 802 4176 sese
822 4111 856 4174 in
878 4129 915 4175 ea
936 4109 1094 4193 provincia
1115 4127 1172 4191 per
1192 4107 1362 4172 triennium
1383 4108 1497 4191 gessit,
1518 4117 1555 4172 ut
1576 4109 1615 4172 ab
1629 4110 1691 4174 isto
1707 4129 1774 4173 non

511 4377 535 4427 4.
553 4373 655 4424 audient
670 4371 735 4426 ltGl
756 4369 804 4422 Ld.
822 4370 837 4421 3
854 4372 942 4420 Pare:
962 4370 1071 4420 andbait
1087 4369 1137 4429 Εἰς
1159 4368 1285 4418 auderint
1301 4366 1366 4418 dett.
1385 4369 1414 4418 0.
1435 4395 1462 4404 -
1482 4382 1560 4431 opero
1575 4369 1591 4420 6
1607 4369 1686 4433 lagg.
1704 4367 1771 4421 dett.

447 4478 475 4491 -
492 4453 518 4503 2.
536 4450 672 4512 inpendent
687 4449 716 4499 a.
731 4474 759 4485 -
772 4445 959 4497 arbitrarentur
970 4445 1048 4509 agee.
1063 4469 1090 4481 -
1104 4444 1129 4495 t.
1148 4449 1205 4493 tuas
1220 4443 1286 4494 men
1301 4443 1378 4493 bonos
1392 4443 1435 4493 illo
1446 4442 1492 4502 443,
1505 4443 1520 4493 3
1532 4446 1619 4494 Pam:
1637 4447 1695 4492 tear
1705 4444 1773 4493 444444

444 4533 479 4580 444
494 4527 519 4577 b.
537 4526 580 4574 4444
596 4526 669 4575 Parr.
687 4524 737 4574 AB
749 4522 818 4586 Lg‘it
836 4519 893 4585 (sed
911 4521 954 4572 bic
970 4521 998 4571 to
1013 4520 1079 4582 illo);
1098 4524 1116 4569 t.
1135 4523 1170 4568 est
1185 4518 1251 4569 enim
1265 4518 1290 4567 4.
1308 4519 1335 4567 io
1347 4518 1393 4567 illo
1404 4517 1469 4568 dett.
1483 4516 1512 4567 0.
1525 4544 1552 4554 -
1570 4518 1596 4568 ’4.
1613 4517 1772 4580 suscipiam

443 4608 479 4654 est
495 4601 539 4652 tibi
554 4599 623 4663 Lgrr
634 4597 675 4648 29.
704 4623 732 4633 -
758 4596 782 4646 8.
808 4609 880 4658 queas
900 4596 936 4644 ad
955 4595 1058 4645 4444444444
1073 4591 1136 4644 nat
1153 4591 1169 4643 4
1186 4595 1258 4643 Parr.
1282 4592 1342 4642 cod.
1366 4594 1437 4645 Urs:
1465 4593 1586 4655 4444444444
1603 4592 1668 4643 dett.
1686 4592 1717 4643 0.
1740 4617 1770 4630 -

444 4678 484 4730 40.
503 4675 612 4726 salibra
627 4674 657 4723 44.
678 4698 705 4708 -
724 4671 764 4720 lt.
782 4670 920 4720 Minacium
936 4671 986 4730 443,
1005 4671 1121 4720 44Ρ4π.;
1139 4667 1278 4718 Minuciam
1293 4667 1385 4730 Rufus
1401 4665 1466 4717 dett.
1484 4668 1514 4717 0.
1530 4693 1557 4702 -
1575 4666 1771 4717 Antiochus·-

441 4752 518 4802 tstuor
533 4763 583 4800 4444
599 4750 672 4799 Parr.
689 4746 739 4796 AB
752 4746 836 4808 ngas:
854 4757 908 4794 om.
927 4745 995 4794 baec
1011 4757 1054 4793 vv.
1073 4742 1119 4804 443,
1137 4742 1251 4802 3Parr.;
1271 4756 1355 4807 regern
1371 4755 1424 4793 om.
1442 4743 1457 4793 7
1474 4743 1554 4807 Lagg.
1572 4742 1637 4794 dett.
1656 4743 1727 4807 Ηψ.
1739 4769 1768 4781 -

444 4825 484 4878 44.
502 4830 526 4876 44
542 4823 653 4876 eausa
669 4820 737 4872 coni.
755 4820 826 4870 Bake
843 4833 869 4884 p.
883 4819 924 4869 22.
940 4845 967 4855 -
986 4819 1053 4868 omos·
1069 4818 1123 4868 Ra:
1142 4830 1226 4868 omnes
1241 4816 1306 4867 dett.
1327 4843 1355 4854 -
1373 4829 1387 4867 4
1403 4829 1457 4868 om.
1475 4818 1508 4867 Gt
1522 4818 1547 4867 2.
1563 4843 1591 4854 -
1609 4818 1650 4867 44.
1668 4815 1771 4881 adrepe

442 4902 463 4952 ll
480 4902 508 4951 et
524 4898 658 4964 plerique:
682 4910 701 4946 o
715 4907 774 4959 rege
789 4891 806 4943 l
821 4893 920 4944 tl’arr.
940 4893 975 4943 Gt
988 4893 1065 4957 ngas.
1090 4920 1119 4929 -
1143 4892 1184 4944 44.
1204 4897 1227 4942 te
1242 4905 1319 4957 agere
1334 4889 1398 4942 aas
1412 4892 1493 4955 Lgttz
1519 4896 1543 4942 et
1559 4903 1634 4955 agere
1650 4889 1717 4942 dett.
1738 4915 1767 4929 -

442 4974 580 5038 opormerit
595 4971 672 5036 Lgte.
693 4998 721 5009 -
739 4970 780 5022 tt.
796 4968 925 5029 14444443,
944 4969 1023 5032 lagg.
1042 4980 1154 5019 omnes:
1171 4967 1237 5017 Iouis
1253 4967 1344 5028 Optiosi
1359 4966 1468 5017 amtor
1484 4967 1514 5016 0.
1534 4992 1561 5002 -
1579 4966 1621 5016 tt.
1638 4964 1771 5018 conlucere

442 5055 518 5114 atque
533 5046 666 5099 inlustrari
681 5048 710 5096 ll.
730 5071 757 5080 -
776 5043 817 5095 23.
835 5044 862 5093 ia
878 5043 986 5094 4444444444
1002 5043 1080 5106 4329.
1101 5069 1129 5079 -
1147 5042 1188 5093 26.
1206 5041 1308 5104 amieo
1323 5042 1352 5091 R.
1374 5068 1400 5076 -
1419 5042 1460 5093 27.
1476 5042 1552 5105 144444
1566 5039 1638 5104 relig.
1656 5039 1723 5091 dett.
1736 5042 1767 5092 0.

444 5150 472 5162 -
489 5123 532 5176 28.
549 5124 577 5172 ia
592 5123 620 5173 td
634 5121 754 5172 4444444444
769 5121 847 5184 Lagg.
865 5120 973 5184 praeter
988 5118 1029 5170 la.
1045 5146 1072 5155 -
1090 5118 1131 5170 ³⁰.
1147 5118 1174 5167 di
1188 5117 1224 5169 u:
1243 5116 1278 5166 (444·
1294 5116 1324 5165 0.
1345 5140 1371 5151 -
1390 5115 1431 5166 34.
1448 5117 1597 5179 repetendos
1612 5114 1678 5166 dett.
1691 5115 1722 5166 0.
1736 5141 1765 5153 -

441 5199 483 5251 34.
500 5197 660 5262 megae.
680 5222 708 5235 -
732 5196 810 5248 (3.44.
831 5222 858 5231 -
880 5206 1034 5257 aooparasa
1055 5191 1159 5245 salit:
1182 5191 1551 5254 p.nooeat1.agg.omnes;
1572 5193 1715 5254 44444414.
1734 5191 1765 5242 0.

442 5272 482 5326 ct.
500 5272 526 5338 4.
544 5272 586 5324 96.
606 5297 632 5309 -
652 5270 694 5324 37.
711 5282 761 5325 eser
775 5269 850 5322 drmit
864 5267 929 5321 dett.
947 5269 978 5320 0.
997 5293 1026 5304 -
1043 5279 1076 5320 44
1091 5278 1146 5319 om.
1164 5264 1229 5318 dett.
1247 5265 1277 5318 0.
