4367 6109
740 592 814 656 or.
837 590 1077 655 xvi-xum.
1105 587 1162 673 sp
1183 583 1331 651 u-ar.
1639 568 1695 642 73⁴

386 771 435 836 ut,
464 781 559 843 quem
588 763 693 826 locum
722 763 818 826 semel
848 762 978 825 honoris
1007 761 1142 843 cuipiam
1171 757 1308 833 dederit,
1342 756 1478 820 eundem
1507 757 1540 819 in
1569 750 1702 834 reliquis

384 855 559 917 honoribus
580 854 715 918 debeat?
743 856 835 932 Quod
858 858 942 919 enim
958 855 1087 926 fretum,
1110 853 1369 937 quemEnripnm
1385 856 1566 921 immotus,
1588 852 1702 918 tantae

386 956 448 1010 tam
471 947 709 1012 rariushabere
731 951 847 1033 putatis
877 950 1061 1032 agitationes
1090 950 1260 1020 ductuum,
1290 953 1423 1030 quantas
1450 938 1701 1026 perturbationes

385 1050 417 1103 et
445 1046 580 1123 quantos
607 1051 714 1106 aestus
743 1042 838 1105 hahet
858 1045 938 1106 ratio
960 1043 1179 1105 comitiorum‘l
1227 1041 1301 1103 Ilias
1331 1039 1526 1102 intermissus
1554 1042 1608 1098 aut
1636 1053 1701 1096 nox

386 1136 571 1217 interposita
595 1156 690 1218 saepe
712 1137 873 1218 perturbat
896 1135 1019 1208 omnia,
1041 1142 1073 1197 et
1095 1144 1190 1198 totam
1214 1134 1395 1217 opinionem
1417 1151 1511 1214 parva
1533 1149 1596 1192 non
1612 1138 1726 1190 num-t

385 1249 481 1311 quam
503 1237 672 1291 commutat
692 1250 768 1292 aura
789 1230 933 1292 rumoris.
978 1231 1079 1311 Saepe
1108 1231 1199 1292 etiam
1229 1231 1296 1293 siue
1325 1228 1388 1290 ulla
1418 1233 1526 1308 aperta
1554 1243 1646 1286 causa
1667 1220 1704 1283 lit

387 1323 473 1386 alind
496 1330 591 1405 atque
614 1324 819 1396 existimaris,
841 1332 875 1387 ut
890 1343 953 1386 non
969 1343 1141 1405 numquam
1156 1325 1198 1386 ita
1221 1323 1336 1386 factum
1358 1340 1427 1383 esse
1450 1319 1542 1382 etiam
1565 1315 1704 1400 populus

384 1418 573 1490 admiretur,
604 1419 694 1502 qnasi
723 1439 799 1481 vero
828 1439 892 1481 nou
920 1419 989 1501 ipse
1009 1418 1128 1480 fecerit.
1170 1414 1220 1478 36.
1249 1417 1332 1479 Nihil
1356 1422 1404 1478 est
1424 1412 1574 1477 incertius
1596 1410 1703 1492 vulgo,

384 1512 462 1575 nihil
479 1511 640 1575 obscurius
656 1511 815 1575 voluntate
832 1512 1005 1584 hominum,
1027 1510 1105 1574 nihil
1119 1510 1261 1572 fallacius
1276 1511 1396 1573 ratione
1414 1516 1479 1571 tota
1495 1505 1703 1569 comitiorum.

384 1607 464 1682 Quis
487 1607 521 1666 l..
543 1605 721 1688 Philippum
745 1626 866 1668 summo
888 1606 1033 1688 ingenio,
1056 1624 1169 1686 opera,
1191 1604 1308 1685 gratia,
1330 1603 1507 1672 nobilitate,
1535 1619 1554 1662 a
1576 1601 1618 1662 hl.
1640 1598 1741 1660 lle-to

383 1701 493 1763 rennio
508 1699 648 1780 superari
663 1719 758 1780 posse
773 1700 939 1762 arbitratus
954 1703 1021 1761 esti
1042 1699 1114 1781 quis
1129 1697 1167 1772 Q.
1185 1697 1337 1770 Catulum,
1360 1695 1564 1766 humanitate,
1579 1693 1703 1776 sapien·

385 1795 445 1864 tia,
468 1792 645 1873 integritate
668 1793 923 1864 antecellentem,
945 1813 963 1854 a
986 1792 1041 1855 Cn.
1057 1791 1187 1854 Mallio?
1210 1790 1281 1873 quis
1296 1792 1338 1853 hl.
1354 1792 1521 1863 Scaurum,
1542 1787 1703 1849 hominem

385 1886 618 1968 gravissimum,
649 1886 749 1949 civem
778 1888 955 1970 egregium,
984 1886 1189 1949 fortissimum
1212 1893 1408 1954 senatorem,
1436 1903 1454 1945 a
1484 1883 1522 1956 Ο.
1545 1880 1705 1943 Maximo?

386 1983 452 2043 Non
476 1980 570 2042 modo
591 1980 703 2043 horum
725 1982 804 2045 nihil
826 1983 869 2044 ita
889 1980 958 2043 iore
979 1987 1120 2064 putabam
1142 1988 1206 2053 est,
1236 1979 1292 2041 sed
1314 1998 1354 2040 ne
1376 1998 1447 2039 cum
1477 1983 1562 2038 esset
1588 1973 1703 2036 iactum

385 2075 531 2157 quidem,
562 2095 625 2157 qna
646 2095 680 2136 re
701 2077 743 2138 ita
765 2075 880 2138 iactum
904 2084 1002 2147 esset,
1035 2073 1170 2155 intelligi
1193 2072 1306 2157 potuit.
1348 2075 1425 2134 Nam
1447 2075 1483 2132 ut
1503 2073 1705 2151 tempestates
1715 2081 1743 2128 lo

385 2185 478 2249 saepe
501 2175 586 2230 certo
607 2169 715 2251 aliquo
739 2169 817 2232 caeli
839 2171 928 2251 signo
952 2175 1203 2240 commoventur,
1233 2186 1327 2247 saepe
1354 2163 1524 2247 improviso
1555 2160 1642 2223 nulla
1665 2179 1706 2221 ex

384 2268 468 2321 certa
490 2260 628 2333 ratione,
650 2262 783 2325 obscura
805 2262 913 2346 aliqua
928 2284 969 2325 ex
984 2281 1078 2323 causa
1094 2262 1305 2324 concitantur:
1327 2259 1372 2321 sic
1387 2259 1418 2320 in
1434 2258 1493 2319 hac
1508 2254 1705 2317 comitiorum

383 2361 565 2437 tempestate
586 2355 732 2437 populari
755 2376 849 2437 saepe
873 2356 1030 2437 intelligas
1059 2373 1124 2437 quo
1152 2355 1241 2436 signo
1270 2359 1426 2416 commota
1453 2352 1510 2423 sit,
1539 2369 1632 2431 saepe
1662 2348 1706 2411 ita

382 2446 515 2509 obscura
536 2453 600 2519 est,
630 2456 668 2509 nt
688 2468 761 2511 casu
784 2449 921 2512 excitata
942 2469 1011 2511 esse
1033 2447 1185 2510 videatur.
1230 2447 1343 2510 xvlll.
1368 2442 1419 2507 37.
1443 2446 1505 2509 Sed
1528 2454 1648 2517 tamen,
1678 2443 1705 2505 si

384 2547 431 2600 est
452 2538 611 2603 reddenda
633 2541 732 2613 ratio,
762 2542 843 2604 duae
872 2563 922 2605 res
951 2541 1155 2604 vehementer
1178 2543 1209 2603 in
1232 2547 1379 2623 praetura
1402 2539 1600 2602 desideratae
1622 2543 1742 2610 snut,ao

383 2652 465 2715 quac
486 2633 597 2696 amhae
619 2634 651 2695 in
674 2634 838 2697 consulatu
859 2637 1010 2700 hlurenae
1031 2634 1233 2717 profuerunt:
1263 2654 1343 2708 nna,
1373 2633 1568 2716 exspectatio
1596 2649 1706 2692 mune-

382 2726 441 2799 ris,
473 2745 555 2808 quae
582 2736 614 2789 et
641 2748 766 2790 rumore
794 2729 948 2791 nonnullo
975 2737 1006 2791 et
1034 2729 1145 2791 studiis
1173 2728 1435 2811 sermonibusque
1465 2727 1704 2809 competitorum

383 2827 539 2893 creveram
561 2821 676 2894 altera,
699 2820 783 2904 quod
806 2821 845 2896 ii,
872 2842 953 2905 quos
975 2823 1006 2884 in
1030 2822 1190 2904 provincia
1211 2841 1247 2884 ao
1268 2820 1426 2904 legatione
1448 2819 1551 2881 omnis
1573 2826 1605 2880 et
1626 2817 1706 2878 libe·

381 2914 512 2977 ralitatis
535 2923 567 2976 et
589 2914 714 2977 virtutis
736 2934 812 2978 suae
834 2923 930 2978 testes
960 2915 1130 2988 habuerat,
1160 2915 1301 2977 nondum
1331 2913 1541 2977 decesserant.
1583 2911 1703 2974 Horum

381 3015 551 3091 utrumque
579 3009 608 3070 ei
636 3008 763 3072 fortuna
791 3008 831 3072 ad
859 3008 1040 3072 consulatus
1065 3010 1249 3093 petitionem
1280 3007 1461 3072 reservarit.
1514 3009 1592 3068 Nam
1615 3013 1647 3067 et
1668 3005 1742 3066 Las

381 3099 505 3163 Luculli
534 3102 708 3175 exereitus,
739 3104 793 3185 qui
823 3103 861 3166 ad
884 3101 1076 3185 triumphum
1105 3110 1310 3175 convenerat,
1339 3100 1424 3164 idem
1446 3099 1583 3164 comitiis
1606 3098 1703 3160 Lucio

381 3195 531 3257 Murenae
551 3202 677 3277 praesto
698 3195 773 3270 iuit;
803 3205 834 3260 et
862 3217 977 3258 munus
1006 3195 1250 3279 amplissimum,
1281 3195 1366 3279 quod
1396 3194 1508 3278 petitio
1539 3201 1703 3277 praeturae

439 3482 461 3530 t.
474 3482 501 3528 m
516 3481 619 3541 reliquis
632 3483 739 3545 scripsi:
757 3484 784 3532 in
798 3497 852 3534 om.
864 3483 942 3534 codd.
955 3485 1024 3534 0.-
1040 3485 1063 3534 ἰ.
1079 3485 1146 3545 quod
1160 3483 1251 3545 sruum
1262 3509 1276 3519 -
1285 3509 1299 3519 -
1310 3495 1379 3531 nero
1389 3483 1500 3532 mmorir
1511 3482 1589 3532 affert
1597 3483 1700 3543 Quintil.

381 3557 444 3606 vlll.
456 3555 480 3613 6,
491 3555 531 3606 tu.
547 3584 579 3592 -
598 3571 669 3618 cumn
681 3556 797 3617 Quintil:
817 3560 883 3618 quod
899 3559 952 3609 ΕΜ
962 3572 986 3615 v,
1001 3560 1017 3608 b
1029 3560 1103 3616 Onx.;
1122 3559 1182 3620 quid
1193 3562 1222 3608 G.
1237 3561 1289 3618 tout
1303 3571 1375 3620 quma
1386 3557 1473 3608 Schol.
1487 3559 1584 3608 Lucani
1594 3559 1626 3608 V.
1636 3559 1703 3621 235.)

381 3658 407 3667 -
418 3633 526 3694 ctrtpum
534 3634 599 3682 G.-
609 3632 634 3681 3.
645 3634 735 3693 pimus
746 3632 880 3696 ECllSrp;
893 3634 992 3683 creditis
1004 3631 1109 3693 Quintil.
1121 3660 1147 3668 -
1159 3632 1329 3694 agitationem.
1341 3634 1427 3693 (ὶχψ,
1440 3634 1499 3682 Par.
1510 3629 1569 3682 4.-
1584 3635 1706 3697 fluctuum

380 3708 428 3757 EG
439 3719 465 3754 v:
485 3719 546 3768 orsos
559 3709 649 3770 fluctus
665 3708 698 3762 hl,
718 3713 777 3769 quot
791 3711 881 3773 {tectus
892 3710 950 3759 Par.
964 3709 988 3760 9.
1009 3709 1045 3759 Ex
1062 3709 1103 3758 bis
1120 3707 1192 3758 lectt.
1206 3706 1317 3758 diversis
1328 3706 1471 3758 verisimile
1489 3706 1517 3756 dt
1533 3705 1630 3771 aliquid
1648 3709 1705 3757 tun

379 3781 471 3831 batum
485 3793 544 3831 esse
561 3781 587 3830 in
600 3781 678 3831 codd.
691 3780 814 3832 Tullianis
831 3785 859 3832 et
875 3783 933 3833 tort.
946 3796 1037 3834 veram
1050 3796 1110 3833 esse
1128 3780 1278 3840 lectionem,
1297 3793 1378 3844 qnam
1391 3782 1506 3832 serravit
1517 3780 1702 3841 Quintilianus:

379 3855 528 3919 optationes
543 3857 745 3906 comminationes
759 3860 857 3920 fluetus.
872 3885 905 3893 —
921 3858 946 3909 l.
964 3859 1118 3907 intermissus
1133 3856 1211 3906 codd.
1225 3853 1346 3906 Tulliani:
1365 3857 1518 3906 immaurus
1533 3868 1597 3905 aaut
1613 3855 1660 3906 1.0
1678 3858 1705 3906 et

379 3927 484 3990 Quintil.
502 3956 536 3965 -
551 3929 575 3978 5.
594 3942 667 3991 socpe
682 3935 706 3980 ot
720 3932 850 3992 perturbat
867 3932 944 3982 codd.
965 3931 1069 3992 Quintil.
1090 3959 1116 3966 -
1138 3932 1162 3980 6.
1180 3936 1315 3981 conmutat
1331 3933 1355 3982 u
1373 3934 1400 3982 et
1417 3929 1534 3991 Quintil:
1553 3935 1705 3980 commutata

379 4005 468 4061 EGv,
486 4004 501 4053 6
519 4004 619 4055 Oxonn.
632 4034 665 4042 —
681 4008 791 4056 mmorir
807 4005 925 4068 Quintil:
944 4021 1057 4056 memores
1072 4007 1163 4063 EGv,
1182 4005 1197 4055 6
1215 4006 1278 4056 Oxi.
1290 4023 1296 4062 ;
1315 4020 1416 4056 rumore
1433 4007 1466 4057 bl.
1479 4020 1599 4056 -como
1616 4013 1705 4069 operto

379 4092 404 4128 v.
417 4105 450 4116 -
461 4079 485 4129 7.
504 4080 658 4130 autumaris
674 4082 741 4141 mei,
761 4083 825 4140 CL,
844 4083 904 4143 bag.
924 4082 948 4131 9.
968 4084 1008 4133 lli.
1027 4082 1068 4131 to.
1086 4083 1127 4131 25.
1146 4082 1188 4131 26.
1208 4082 1258 4131 65:
1275 4083 1446 4131 mmmm
1463 4077 1541 4129 codd.
1560 4080 1616 4131 rell.
1636 4084 1663 4131 et
1674 4083 1703 4132 0.

379 4180 411 4189 -
427 4158 455 4201 ut
473 4166 526 4203 om.
545 4168 565 4213 χ
583 4156 610 4204 et
626 4155 643 4204 o
659 4156 736 4217 lagg.
755 4182 788 4192 -
805 4156 830 4205 8.
849 4157 920 4218 onesi
933 4156 1064 4218 --secerit
1080 4168 1135 4206 om.
1155 4157 1189 4206 ll.
1213 4186 1246 4193 -
1267 4158 1307 4207 to.
1326 4156 1412 4219 optem
1428 4169 1461 4206 ex
1477 4154 1618 4206 Hotomani
1635 4158 1703 4207 conl.

379 4227 407 4275 l..
421 4228 505 4277 -tl
525 4230 628 4290 qouque
644 4230 858 4279 liciis—tt.
873 4229 927 4294 cm]
944 4231 1180 4280 nonG.—-ttottio
1196 4232 1365 4292 EGthm,
1383 4232 1440 4280 Par.
1454 4228 1484 4278 l:
1502 4232 1607 4282 monitio
1623 4234 1704 4292 Τχν,

377 4301 473 4349 Maelio
490 4300 545 4361 alii,
565 4304 592 4353 L.
612 4303 651 4354 Cl.
670 4305 877 4354 Steinmetzium.
890 4333 923 4342 -
935 4305 975 4354 l3.
993 4318 1024 4354 oc
1040 4307 1126 4367 quieto
1143 4311 1173 4358 G.
1186 4335 1218 4343 -
1237 4309 1276 4356 ⁴5.
1294 4307 1361 4356 Nom
1376 4310 1404 4354 ut
1415 4330 1452 4342 --
1464 4304 1576 4354 aarum
1591 4308 1706 4357 uideatur

378 4375 456 4425 alleri
473 4377 577 4436 Quintil.
595 4379 660 4428 Vlll.
679 4379 709 4437 3,
732 4379 773 4429 80.
797 4407 830 4414 -
854 4380 894 4429 t6.
913 4379 975 4428 coeli
996 4393 1050 4430 om.
1070 4396 1098 4440 χ.
1120 4409 1153 4418 -
1173 4382 1322 4442 improuisus
1342 4379 1441 4442 aliquot
1463 4377 1543 4431 codd.
1567 4382 1653 4440 Quint.
1672 4411 1704 4420 —

379 4449 418 4498 li.
442 4451 540 4500 rationo
561 4453 603 4501 rod
624 4452 729 4503 obscura
750 4467 775 4503 v.
798 4481 831 4490 -
856 4456 1013 4504 concitantur
1030 4456 1180 4515 Gthxv,
1205 4457 1264 4516 Lag.
1284 4456 1300 4504 9
1321 4456 1381 4504 eth
1402 4453 1458 4512 alii,
1483 4455 1561 4507 codd.
1583 4455 1702 4515 Quintil:

377 4526 521 4576 eccitoutur
538 4528 593 4578 El..
608 4557 639 4565 -
651 4530 686 4577 ric
702 4530 762 4578 boec
777 4543 840 4578 com.
860 4535 989 4592 tempestus
1002 4532 1135 4593 popularis
1151 4530 1208 4580 sine
1221 4542 1301 4579 causa
1315 4529 1383 4579 coni.
1397 4529 1489 4581 lamb.
1502 4560 1535 4568 -
1547 4531 1587 4580 49.
1600 4531 1705 4581 obiere-o

377 4601 439 4648 inest
455 4604 488 4656 G;
511 4603 564 4652 eius
579 4603 684 4654 obscuro
700 4618 777 4654 como
794 4609 829 4655 cst
845 4606 914 4655 coni.
934 4606 1026 4656 Lamb.
1045 4633 1077 4642 -
1092 4611 1121 4655 ot
1136 4606 1189 4654 riae
1204 4618 1283 4653 como
1299 4606 1382 4654 excito
1397 4606 1512 4656 uideatur
1528 4604 1608 4655 codd.
1626 4603 1706 4669 pleri·

378 4687 430 4736 qne
449 4675 605 4733 Quintiliani.
624 4708 657 4716 -
674 4681 715 4730 ΞΟ.
734 4681 760 4730 io
773 4686 857 4743 praet.
876 4681 1028 4730 solemmter
1044 4682 1069 4728 ν’.
1088 4706 1121 4715 -
1137 4680 1179 4728 Ἡ.
1198 4679 1270 4728 umbo
1287 4694 1315 4739 χ.
1339 4708 1372 4716 -
1393 4680 1428 4745 in]
1452 4686 1475 4731 ct
1492 4683 1521 4731 G.
1545 4707 1578 4715 —
1600 4680 1626 4729 ia
1642 4696 1704 4729 coa-

377 4749 461 4797 sulotu
477 4750 539 4811 Lag.
558 4752 585 4800 9:
608 4755 635 4802 in
651 4756 781 4804 consulatu
796 4761 862 4816 tum,
881 4757 907 4803 in
924 4753 1092 4811 consulatum,
1111 4754 1137 4801 iu
1154 4755 1308 4802 consulatum
1324 4759 1377 4804 tom
1393 4756 1486 4816 (tomm
1503 4756 1561 4804 Par.
1580 4754 1606 4813 7)
1623 4754 1701 4805 codd.

378 4819 435 4872 rell.
455 4820 577 4884 Tulliani,
596 4827 666 4876 unde
684 4830 798 4878 coniecit
814 4827 937 4878 Orellins:
956 4828 981 4877 in
998 4829 1128 4877 coamtatu
1144 4830 1303 4878 mutilam-
1314 4829 1356 4880 22.
1375 4829 1406 4894 et]
1423 4843 1456 4880 cor
1473 4831 1559 4887 hlvx.
1573 4855 1606 4864 -
1617 4829 1704 4879 timore

379 4905 414 4958 ψ.
433 4924 467 4932 -
483 4901 635 4950 temonibus
652 4904 680 4950 G.
699 4930 733 4938 -
748 4904 789 4951 23.
808 4901 928 4963 meumst]
945 4902 1102 4952 increbuerat
1118 4904 1208 4952 nescio
1225 4902 1270 4965 qui
1288 4902 1357 4966 apud
1376 4902 1468 4953 Lamb.
1486 4930 1519 4939 —
1541 4903 1624 4952 ultore
1641 4904 1701 4953 hir:

377 4983 430 5021 om.
450 4972 500 5021 EG
518 4975 545 5021 et
561 4970 577 5022 l
594 4974 657 5024 Gur.
676 5002 709 5010 -
726 4977 785 5036 quio
802 4977 820 5024 ii
838 4977 870 5025 Μ.
889 5003 921 5010 -
938 4975 964 5024 iu
978 4977 1137 5038 provmeiom
1154 4979 1211 5028 EG.
1225 5005 1258 5014 —
1274 4983 1298 5028 et
1314 4981 1344 5028 G.
1359 5004 1385 5013 -
1399 4979 1467 5028 omit
1483 4980 1517 5038 G,
1537 4980 1595 5027 Par.
1613 4977 1645 5034 i.
1663 4979 1699 5027 st.

376 5046 442 5095 vict.
455 5075 488 5082 -
499 5045 540 5096 it.
558 5050 623 5098 tertis
639 5051 735 5110 EGbl,
755 5050 769 5101 t
787 5051 849 5100 Oxi.
863 5077 896 5086 -
907 5051 1067 5100 discruciant
1083 5054 1113 5100 G.
1132 5052 1178 5102 Est
1194 5051 1291 5102 deiude
1308 5053 1333 5101 in
1352 5052 1476 5103 omnibns
1487 5053 1596 5116 Lagom.
1614 5054 1702 5117 iprae·

376 5122 417 5169 ter
433 5121 448 5168 ll
465 5125 492 5170 et
509 5120 550 5182 at)
567 5124 594 5172 et
611 5124 636 5173 in
653 5125 743 5173 tion.
761 5122 904 5187 glossema:
923 5127 1060 5175 semotum
1077 5127 1173 5175 Luculli
1188 5128 1325 5190 siguificat,
1344 5129 1372 5176 et
1387 5125 1472 5177 simile
1489 5128 1516 5176 in
1533 5141 1549 5174 v
1567 5129 1594 5177 et
1605 5130 1635 5185 G,
1654 5129 1698 5191 qui

376 5193 469 5245 habet:
486 5198 622 5246 ecerdtom
632 5198 716 5247 luculli
726 5203 761 5247 set
771 5199 874 5257 bmum3
893 5203 985 5249 (urent
995 5200 1014 5250 E
1025 5201 1048 5249 hl
1060 5214 1092 5249 eo
1104 5200 1293 5252 additamento.
1307 5228 1340 5237 -
1350 5202 1391 5252 26.
1404 5203 1509 5252 comitiis
1520 5203 1696 5253 llotomanus:

375 5283 454 5320 cosm
471 5270 549 5323 codd.
567 5300 599 5309 -
616 5274 691 5324 Lucio
707 5275 841 5324 Garatoni:
861 5275 889 5325 1..
902 5273 993 5340 (buci)
1010 5273 1096 5337 vulgo.
1111 5300 1139 5313 -
1158 5277 1199 5328 Yl.
1218 5277 1365 5340 amplissimi
1381 5278 1410 5328 G.
1423 5304 1457 5313 -
1468 5283 1552 5342 prod.
1566 5279 1653 5344 petitio
1667 5293 1694 5329 r.
