4367 6109
450 563 513 633 tto
822 570 866 634 ΙΝ
886 566 1053 634 VERREM
1073 565 1198 633 uculo
1220 566 1404 634 SECUNDA

450 745 541 824 gatus
563 760 636 804 cum
657 758 744 803 esses
765 738 992 802 circumsessus
1014 758 1168 824 cumque,
1191 739 1457 825 quemadmodum
1479 745 1548 803 tute
1562 738 1602 801 ad
1616 740 1774 801 Neronem

450 834 621 917 scripsisti,
642 831 763 916 populo
785 833 928 894 Romano
950 834 1176 917 communique
1197 854 1312 898 causae
1333 835 1511 917 legatorum
1532 832 1616 897 iacta
1631 841 1714 896 esset
1726 835 1774 894 in·

451 929 550 1012 signis
571 928 705 1001 iniuria,
727 946 793 989 uon
816 946 850 989 es
872 934 1075 1010 persecutus:
1099 928 1178 991 dicis
1200 928 1257 991 tibi
1279 929 1313 990 in
1335 929 1441 991 animo
1465 948 1535 991 esse
1549 926 1614 990 alio
1632 932 1776 1008 tempore

451 1022 610 1106 persequi.
644 1020 739 1097 Quod
760 1020 821 1084 fuit
841 1021 874 1083 id
898 1022 1046 1103 tempus?
1070 1022 1199 1105 quando
1222 1042 1256 1085 es
1278 1024 1489 1106 persecutus?
1512 1022 1575 1084 Cur
1590 1018 1777 1081 imminuisti

427 1117 500 1180 cius
522 1116 714 1199 legationis?
736 1135 793 1179 cur
815 1134 942 1178 causam
965 1114 1076 1197 populi
1099 1115 1234 1179 Romani
1256 1115 1425 1178 deseruisti
1446 1134 1483 1179 ac
1503 1113 1698 1199 prodidisti?
1721 1132 1779 1174 cur

449 1209 584 1273 iniurias
612 1216 683 1273 tuas
711 1209 897 1272 coniunctas
927 1227 999 1270 cum
1027 1207 1165 1291 puhlicis
1195 1209 1378 1293 reliquisti?
1421 1210 1491 1272 Non
1518 1215 1549 1271 te
1572 1208 1611 1271 ad
1633 1214 1778 1271 senatum

450 1323 579 1367 causam
600 1304 741 1378 deferre,
763 1323 828 1366 non
850 1302 889 1365 de
912 1309 976 1365 tam
998 1302 1158 1365 atrocibus
1180 1303 1308 1366 iniuriis
1329 1304 1502 1387 conqueri,
1525 1322 1589 1365 non
1604 1322 1660 1366 eos
1675 1302 1779 1365 homi·

449 1417 522 1472 nes,
545 1399 600 1482 qui
622 1399 778 1483 populum
800 1397 1015 1470 concitarant,
1038 1395 1207 1459 consulum
1229 1395 1343 1460 litteris
1363 1398 1543 1461 evocandos
1558 1415 1668 1459 curare
1684 1415 1779 1480 opor·

449 1493 536 1558 tuit?
579 1490 630 1555 85.
652 1493 761 1576 Nuper
781 1493 823 1556 M.
844 1489 974 1554 Aurelio
991 1490 1110 1552 Scauro
1131 1490 1330 1573 postulante,
1354 1492 1441 1577 quod
1455 1492 1483 1555 is
1496 1491 1615 1575 Ephesi
1631 1511 1666 1555 se
1681 1511 1778 1577 quae·

413 1596 441 1643 ⁴⁰
449 1600 568 1657 storem
597 1588 629 1653 vi
658 1586 853 1670 prohibitum
883 1604 954 1648 esse
983 1584 1125 1659 dicebat,
1159 1604 1224 1668 quo
1247 1585 1352 1648 minus
1375 1606 1392 1648 e
1413 1586 1488 1649 iano
1509 1586 1628 1650 Dianae
1651 1606 1778 1650 servum

450 1705 559 1759 suum,
588 1682 643 1768 qui
673 1680 707 1743 in
735 1680 815 1743 illud
837 1679 961 1764 asylum
983 1677 1196 1761 confugisset,
1230 1677 1417 1755 abduceret,
1449 1681 1588 1744 Pericles
1607 1680 1777 1763 Ephesius,

449 1781 547 1844 homo
580 1775 814 1850 nobilissimus,
843 1774 976 1837 Romam
1006 1780 1156 1836 evocatus
1185 1779 1247 1847 cst,
1282 1773 1370 1857 quod
1402 1781 1514 1837 auctor
1534 1773 1620 1838 illius
1642 1775 1778 1838 iniuriae

449 1873 548 1938 luisse
569 1869 779 1955 arguebatur:
806 1875 857 1941 tn,
887 1867 914 1930 si
936 1873 968 1929 te
989 1866 1129 1949 legatum
1150 1867 1196 1929 ita
1217 1868 1383 1951 Lampsaci
1404 1874 1573 1932 tractatum
1597 1889 1666 1933 esse
1688 1890 1779 1933 sena·

450 1978 518 2033 tum
551 1966 732 2038 docuisses,
765 1969 802 2025 ut
830 1962 878 2025 tui
900 1961 1033 2024 comites
1055 1960 1314 2038 vulnerarentur,
1348 1963 1442 2026 lictor
1463 1964 1677 2040 occideretur,
1709 1967 1778 2050 ipse

412 2065 442 2115 ⁴³
451 2065 676 2129 circumsessus
694 2076 796 2141 paene
811 2056 1034 2130 incenderem
1057 2055 1127 2117 eins
1142 2061 1248 2118 autem
1265 2057 1311 2120 rei
1327 2057 1424 2121 duces
1439 2065 1471 2122 et
1485 2067 1631 2125 auctores
1646 2068 1678 2124 et
1692 2063 1780 2145 prin-

450 2159 537 2243 cipes
558 2156 675 2229 luisse,
699 2170 780 2238 quos
803 2150 931 2224 scribis,
954 2148 1228 2232 Themistagoram
1252 2159 1284 2214 et
1298 2152 1502 2216 Thessalum:
1526 2155 1598 2239 quis
1614 2176 1679 2219 non
1694 2176 1780 2219 com-

449 2251 656 2319 moveretur?
678 2247 752 2332 quis
774 2264 841 2308 non
863 2265 903 2307 ex
925 2243 1056 2319 iniuria,
1084 2263 1167 2329 quae
1188 2246 1247 2309 tibi
1270 2254 1354 2310 esset
1374 2247 1471 2322 iacta,
1494 2248 1553 2311 sihi
1576 2251 1780 2333 provideret?

451 2347 525 2433 quis
545 2365 612 2409 non
634 2344 667 2406 in
690 2361 729 2404 ca
749 2359 783 2403 re
805 2358 933 2402 causam
956 2346 1059 2413 tuam,
1085 2339 1264 2423 periculum
1286 2361 1453 2405 commune
1475 2342 1526 2424 agi
1549 2343 1780 2408 arbitraretur?

450 2442 576 2505 Etenim
599 2456 717 2502 nomen
739 2433 834 2517 legati
856 2433 1014 2496 eiusmodi
1037 2452 1107 2496 esse
1130 2433 1241 2509 dehet,
1264 2436 1350 2517 quod
1371 2455 1438 2499 non
1460 2437 1556 2499 modo
1578 2439 1662 2500 inter
1677 2438 1779 2502 socio-

411 2539 519 2600 2⁰rum
542 2536 629 2606 iura,
653 2529 828 2594 sedetiam
851 2528 934 2605 inter
954 2526 1096 2590 hostium
1119 2529 1183 2591 tela
1204 2528 1363 2591 incolume
1386 2537 1537 2593 versetur.

534 2627 680 2690 XXXIV.
703 2620 754 2685 86.
777 2623 926 2705 Magnum
947 2621 1009 2684 hoc
1032 2623 1282 2705 Lampsacenum
1305 2626 1424 2689 crimen
1447 2634 1495 2691 est
1516 2628 1660 2693 libidinis
1683 2638 1779 2717 atquc

450 2720 702 2808 improbissimae
725 2715 919 2798 cupiditatis.
961 2716 1105 2799 Accipite
1126 2736 1211 2779 nunc
1233 2719 1385 2781 avaritiae
1407 2721 1640 2804 propemodum
1662 2725 1695 2787 in
1719 2747 1778 2790 suo

450 2838 565 2904 genere
586 2834 653 2879 non
674 2812 786 2876 levius.
823 2810 965 2875 Milesios
988 2829 1101 2874 navem
1124 2812 1288 2894 poposcit,
1311 2833 1393 2897 quae
1415 2835 1488 2878 eum
1510 2816 1660 2901 praesidii
1684 2839 1780 2882 causa

450 2912 603 2999 Myndum
626 2913 887 2992 prosequeretur.
920 2904 970 2967 llli
993 2905 1097 2968 statim
1118 2925 1346 2989 myoparonem
1369 2910 1531 2993 egregium
1552 2912 1591 2974 de
1606 2930 1664 2974 sua
1677 2912 1779 2976 classe
1870 2963 1873 2973 .

412 3009 597 3071 ’ictuatum
627 3010 724 3086 atque
754 3005 909 3062 armatum
937 2999 1103 3061 dederunt.
1147 2999 1216 3063 lloc
1244 3002 1404 3083 praesidio
1436 3005 1587 3088 Myndum
1617 3007 1779 3091 profectus

451 3108 509 3166 est.
552 3101 631 3163 Nam
666 3093 744 3178 quid
772 3093 905 3157 Milesiis
934 3093 1026 3156 lanae
1052 3093 1201 3177 publicae
1222 3095 1404 3171 abstulerit,
1438 3098 1513 3161 item
1535 3099 1575 3162 de
1597 3110 1724 3185 sumptu
1746 3102 1778 3164 in

450 3195 638 3265 adventum,
668 3189 707 3251 de
730 3186 932 3251 contumeliis
955 3196 987 3251 et
1008 3188 1132 3251 iniuriis
1154 3189 1188 3250 in
1210 3189 1427 3270 magistratum
1449 3192 1626 3269 Milesium,
1654 3196 1780 3259 tametsi

448 3290 514 3352 dici
537 3307 607 3351 cum
631 3302 705 3348 vere
728 3290 796 3345 tum
817 3282 954 3365 graviter
975 3289 1007 3345 et
1029 3282 1233 3346 vehementer
1250 3290 1374 3364 potest,
1396 3291 1502 3347 tamen
1519 3285 1625 3351 dicere
1640 3296 1780 3372 praeter-

451 3384 571 3446 mittam
595 3396 697 3462 eaque
719 3376 827 3439 omnia
844 3377 979 3440 testibus
995 3377 1118 3459 integra
1132 3377 1318 3441 reservabo:
1341 3378 1437 3453 illud,
1460 3380 1547 3464 quod
1562 3384 1667 3464 nc‘que
1682 3384 1779 3446 taceri

411 3478 516 3541 ³⁰ullo
539 3475 635 3539 modo
658 3491 764 3556 neque
787 3471 850 3533 dici
872 3490 930 3553 pro
954 3471 1109 3554 dignitate
1132 3477 1254 3552 potest,
1278 3473 1471 3553 cognoscite.
1516 3471 1567 3536 87.
1590 3475 1708 3538 Milites
1730 3495 1781 3539 re·

450 3573 613 3655 migesque
634 3566 780 3631 Miletum
802 3565 920 3649 Myndo
943 3565 1076 3647 pedibus
1099 3565 1214 3628 reverti
1236 3564 1343 3627 iubet:
1366 3566 1435 3648 ipse
1458 3586 1684 3651 myoparonem
1708 3571 1781 3654 pul·

450 3665 641 3730 cherrimum
663 3660 703 3723 de
725 3660 834 3722 decem
856 3658 1052 3721 Milesiorum
1073 3659 1208 3721 navibus
1228 3659 1362 3722 electum
1377 3661 1413 3721 L.
1429 3661 1535 3742 Magio
1550 3669 1582 3724 et
1596 3662 1630 3723 L.
1646 3664 1779 3737 Fannio,

450 3760 506 3845 qui
528 3756 638 3842 Myndi
660 3754 862 3828 habitabant,
884 3753 1037 3815 vendidit.
1081 3753 1122 3813 lli
1145 3759 1219 3815 sunt
1237 3753 1400 3828 homines,
1423 3773 1505 3837 quos
1525 3774 1628 3837 nuper
1649 3765 1779 3821 senatus

450 3855 484 3916 in
505 3851 648 3915 hostium
669 3867 803 3911 numero
825 3846 989 3910 habendos
1012 3845 1153 3909 censuit:
1174 3847 1236 3909 hoc
1258 3847 1305 3909 illi
1328 3848 1457 3930 navigio
1480 3848 1520 3911 ad
1535 3868 1644 3913 omnes
1665 3851 1778 3936 populi

411 3946 584 4010 tiRomani
612 3944 720 4007 hostes
747 3961 851 4026 usque
882 3960 901 4002 a
927 3941 1043 4003 Dianio
1072 3940 1112 4003 ad
1144 3940 1295 4023 Sinopam
1323 3941 1560 4024 navigaverunt.
1604 3943 1630 4007 0
1662 3946 1694 4009 di
1721 3947 1779 4009 im-

451 4040 621 4106 mortalesl
655 4037 872 4101 incredibilem
902 4036 1068 4100 avaritiam
1097 4035 1353 4118 singularemque
1382 4037 1568 4101 audaciam?
1604 4040 1723 4104 Navem
1744 4048 1780 4106 tu

519 4320 545 4370 2.
563 4317 667 4383 46449644
682 4317 779 4367 inienio
789 4317 822 4366 64
835 4316 968 4381 belgit:
985 4317 1083 4366 iniuria
1098 4318 1146 4366 ins.
1159 4316 1207 4366 ott.
1220 4317 1249 4366 0.
1264 4343 1292 4353 -
1311 4315 1335 4365 6.
1351 4328 1433 4367 nonne
1448 4321 1472 4366 te
1488 4317 1573 4367 dtt.-
1591 4319 1617 4370 8.
1628 4323 1782 4375 mocitcrent

453 4397 490 4447 62
498 4395 577 4460 Lyae.
598 4420 626 4430 -
646 4393 686 4443 42.
704 4392 772 4442 illices
787 4391 897 4442 iniuriae
914 4392 946 4440 64
959 4393 1070 4457 94929ε
1088 4393 1134 4443 ini.
1153 4393 1187 4441 444.
1206 4391 1255 4442 644.
1274 4393 1303 4442 0.
1320 4418 1348 4427 -
1367 4391 1408 4442 43.
1425 4392 1581 4456 arguebatis·
1596 4397 1674 4458 aas:
1691 4413 1782 4463 649446-

451 4476 523 4524 retur
539 4471 587 4522 dtt.
606 4471 636 4521 0.
657 4494 685 4503 —
704 4468 745 4518 ts.
764 4472 861 4518 actores
877 4467 954 4531 Lgte.
969 4492 997 4503 —
1017 4473 1040 4517 et
1052 4469 1179 4532 principes
1195 4470 1230 4519 L:
1246 4468 1372 4531 9444444964
1390 4468 1469 4518 codd.
1488 4469 1551 4518 noti.
1569 4471 1603 4521 st
1616 4472 1649 4524 64.
1662 4473 1696 4524 66
1708 4475 1779 4526 Orat.

450 4550 493 4599 444.
513 4548 537 4612 5.
556 4546 596 4597 63.
616 4544 651 4595 ad
668 4545 739 4594 Fam.
758 4543 789 4594 x.
810 4543 834 4603 6,
853 4542 877 4593 3.
902 4570 929 4579 -
958 4543 998 4593 46.
1023 4544 1225 4607 Thnnistaqoron
1246 4542 1349 4606 94926.
1370 4570 1397 4579 -
1423 4544 1464 4593 49.
1487 4543 1636 4596 amoenari
1656 4549 1711 4612 (sic)
1729 4551 1779 4611 62;

452 4623 599 4675 6446666664
617 4621 664 4673 Ld.
684 4645 712 4656 —
731 4620 773 4670 22.
790 4619 866 4684 nanc]
882 4632 941 4669 cero
954 4621 990 4669 62
998 4618 1036 4669 Ld
1045 4616 1070 4667 λ.
1089 4621 1127 4670 Ne
1145 4619 1171 4668 46
1188 4618 1297 4683 quidem
1314 4618 1340 4668 h.
1354 4616 1372 4668 l.
1390 4619 1526 4683 ineptum!
1541 4646 1569 4656 -
1587 4622 1629 4670 26.
1648 4636 1666 4671 6
1680 4624 1783 4676 Milesiis

450 4698 528 4762 Lgltt,
547 4698 621 4747 Serv,
641 4695 675 4746 ad
691 4697 761 4760 virg.
776 4697 870 4758 66649.
883 4694 925 4745 lV.
939 4693 1007 4754 33L,
1026 4707 1094 4758 quae
1107 4695 1268 4743 constructio
1285 4694 1406 4744 Ciceroni
1423 4708 1487 4745 sane
1505 4697 1547 4746 est
1563 4695 1645 4747 multo
1661 4701 1781 4750 usitatior

450 4773 484 4824 64.
502 4773 604 4837 Zumpt.
624 4772 658 4822 ad
675 4773 695 4822 1.
715 4771 739 4835 s.
752 4772 793 4821 24.
812 4772 855 4820 444.
874 4770 898 4835 5.
911 4771 967 4820 444.
987 4797 1014 4805 -
1029 4769 1146 4834 publicae
1162 4769 1240 4820 codd.
1260 4772 1287 4820 et
1303 4771 1377 4820 Serv.
1395 4768 1412 4819 l.
1425 4769 1453 4820 l.:
1473 4783 1527 4820 om.
1546 4772 1620 4823 Serv.
1638 4774 1672 4825 ad
1684 4777 1778 4840 66649.

449 4848 492 4899 444.
511 4846 581 4907 3446.;
600 4847 699 4910 publice
715 4846 860 4897 Lambinus
878 4846 969 4910 [recte.
989 4844 1022 4894 cl.
1042 4844 1126 4895 Halm.
1146 4845 1180 4895 ad
1198 4847 1272 4896 verr.
1291 4846 1333 4895 lV.
1353 4846 1376 4909 g.
1390 4846 1430 4895 20.
1450 4845 1493 4895 66.
1507 4846 1597 4912 Lips.].
1618 4877 1646 4884 —
1664 4849 1705 4900 28.
1723 4863 1780 4900 cam

450 4923 482 4972 64
496 4934 529 4983 g:
548 4925 600 4971 tum
617 4924 661 4973 ott.
675 4922 705 4972 0.
719 4948 747 4957 —
766 4920 806 4971 30.
825 4921 875 4971 6464
888 4933 915 4983 p.
936 4921 1004 4984 6496.
1020 4927 1073 4983 pot.
1092 4921 1172 4980 62ςε
1199 4923 1247 4972 dici
1260 4926 1340 4984 potest
1352 4935 1380 4984 ρ.
1400 4923 1450 4987 649.
1470 4923 1520 4981 64;
1543 4927 1622 4986 potest
1636 4936 1715 4986 669446
1731 4926 1781 4976 6464

446 5012 475 5062 p.
494 4999 545 5063 649.
563 4997 611 5048 644.
627 5024 654 5035 -
673 4996 713 5047 32.
731 4997 827 5061 446946]
845 4997 930 5047 Morio
948 4997 1017 5046 642.
1039 5023 1065 5031 -
1084 4997 1181 5047 Fannio
1197 4999 1236 5061 A:
1254 4996 1331 5046 Fabio
1343 4998 1375 5047 64
1383 4996 1440 5058 ’2ςς
1460 4997 1536 5048 Rodio
1553 5001 1599 5049 ctt.
1612 4998 1641 5048 0.
1657 5026 1683 5033 -
1703 4998 1744 5050 35.
1762 5014 1780 5050 6

452 5074 544 5124 Dianio
555 5074 590 5123 A:
610 5071 642 5122 66
657 5072 752 5123 Dianio
762 5072 810 5122 dtt.
825 5073 865 5134 0.,
884 5072 1013 5133 6669666
1030 5073 1084 5131 62;
1104 5084 1121 5121 o
1137 5073 1213 5122 64666
1230 5074 1262 5122 64
1278 5086 1283 5133 ;
1303 5072 1335 5121 66
1350 5074 1459 5122 Diorino
1476 5088 1501 5134 ς.
1516 5101 1544 5110 -
1561 5073 1683 5136 Sinopam
1699 5074 1778 5126 codd.

451 5149 521 5209 noti,
540 5149 620 5198 etiam
636 5161 666 5210 g:
684 5148 793 5211 8466966
811 5148 840 5198 0.
863 5149 1005 5197 Praeterea
1022 5147 1101 5198 codd.
1120 5147 1228 5198 Tulliani
1244 5150 1307 5212 post
1321 5147 1416 5198 Dicrdo
1432 5148 1549 5199 addunt:
1568 5148 1634 5210 9666
1650 5148 1676 5197 io
1692 5150 1782 5212 Rispa-

450 5223 495 5273 4446
510 5227 559 5284 est,
578 5224 639 5287 post
654 5222 775 5285 Sinopam
792 5224 898 5272 64446464
918 5221 1025 5284 quaein
1041 5222 1117 5272 Ponto
1130 5227 1172 5272 est.
1191 5221 1290 5274 Omittit
1304 5222 1371 5273 hacc
1383 5222 1480 5289 rerba,
1498 5225 1646 5276 Hotomano
1665 5225 1692 5274 et
1705 5226 1782 5275 Lam·

451 5299 514 5350 hino
531 5301 670 5365 suspecte,
695 5299 825 5351 Asconius
840 5297 918 5366 proh.
936 5296 1022 5350 Madv.
1041 5299 1060 5348 1.
1080 5311 1106 5363 p.
1125 5297 1182 5349 342.
