4367 6109
669 578 677 591 ·
744 524 1153 635 cnssxxvm-xxns
1178 564 1234 652 ss.
1257 561 1411 632 εει-88.
1692 559 1734 625 ae

419 741 586 806 dominum
606 741 745 826 patiatur
763 746 868 803 cetera
889 739 1018 823 praedia
1039 747 1164 816 tenere,
1186 739 1230 814 is,
1251 744 1288 802 ut
1308 738 1438 823 opinor,
1467 738 1647 822 praedium,
1670 758 1734 801 non

417 836 504 902 bona
524 835 670 900 videatur
690 833 819 898 alienus
840 833 1015 916 possidere.

969 934 1194 1018 §.2

503 1042 588 1120 Quid
611 1051 659 1107 est
672 1040 857 1126 possideret
879 1040 1026 1106 nimirum
1039 1040 1074 1105 in
1087 1041 1291 1125 possessione
1305 1060 1374 1105 esse
1389 1061 1496 1106 earum
1510 1060 1630 1117 rerum,
1652 1059 1736 1125 quae

419 1144 554 1226 possunt
575 1158 614 1202 eo
637 1144 778 1219 tempore
799 1135 968 1219 possideri.

964 1239 1192 1324 §.e

502 1348 622 1411 Domus
644 1351 712 1409 erat
732 1346 865 1420 Romae,
888 1346 989 1421 servi,
1011 1347 1044 1408 in
1067 1347 1137 1429 ipsa
1159 1345 1262 1410 Gallia
1283 1346 1406 1431 privata
1426 1347 1460 1409 Ρ.
1482 1346 1623 1422 Quinctii
1644 1351 1774 1430 prae-⁸

421 1445 489 1519 dia,
510 1461 592 1527 quae
613 1461 786 1526 numquam
807 1460 903 1505 ausus
926 1460 959 1504 es
981 1441 1156 1524 possidere.

961 1532 1188 1618 0⁰·

503 1648 598 1730 Quod
613 1648 640 1714 si
654 1649 739 1713 bona
752 1651 786 1713 P.
800 1647 940 1726 Quinctii
955 1649 1152 1734 possideres,
1168 1650 1333 1735 possidere
1344 1647 1451 1712 omnia
1462 1667 1501 1713 eo
1512 1648 1581 1712 iure
1593 1648 1734 1713 deberes.

964 1759 1191 1846 §.0

418 1875 562 1944 XXVIII.
591 1877 743 1942 Naevium
772 1897 812 1940 ne
834 1877 1011 1960 appellasse
1034 1877 1163 1961 quidem
1179 1876 1377 1952 Quinotium,
1399 1896 1471 1939 cum
1493 1875 1587 1938 simul
1604 1880 1688 1940 esset
1704 1880 1736 1938 et

419 1969 557 2055 experiri
588 1977 697 2052 posset
726 1969 886 2053 quotidie:
921 1969 1036 2034 deinde
1066 1971 1153 2054 quod
1184 1971 1291 2033 omnia
1319 1970 1436 2033 iudicia
1458 1966 1643 2033 difficillima
1664 1989 1735 2031 oum

418 2083 540 2131 summa
561 2083 619 2127 sua
640 2063 760 2127 invidia
782 2064 984 2146 maximoque
1006 2063 1149 2147 periculo
1179 2065 1213 2127 P.
1236 2064 1377 2141 Quinctii
1401 2059 1468 2126 lieri
1490 2063 1612 2136 mallet,
1640 2080 1773 2146 quamtt

418 2159 497 2224 illud
518 2158 737 2243 pecuniarium
758 2158 930 2233 iudicium,
953 2159 1039 2242 quod
1060 2162 1125 2221 uno
1148 2159 1199 2223 die
1222 2159 1352 2242 transigi
1374 2165 1499 2241 posset:
1522 2179 1563 2222 ex
1583 2178 1648 2243 quo
1671 2175 1734 2219 uno

416 2254 495 2319 haec
523 2254 630 2316 omnia
658 2260 733 2316 nate
755 2260 787 2317 et
817 2252 959 2336 proiecta
981 2272 1051 2317 esse
1074 2253 1228 2317 concedit.
1272 2254 1345 2329 Quo
1367 2254 1401 2316 iu
1422 2253 1494 2316 loco
1516 2252 1735 2317 condicionem

418 2349 486 2425 tuli,
508 2349 535 2412 si
557 2347 654 2412 vellet
674 2347 841 2431 pecuniam
864 2355 982 2431 petere,
1003 2348 1037 2410 P.
1054 2347 1238 2423 Quinctium
1256 2348 1428 2411 iudicatum
1450 2348 1530 2411 solvi
1554 2348 1629 2411 satis
1646 2346 1736 2410 datu-

417 2465 504 2519 rum,
529 2443 604 2507 dum
627 2443 712 2526 ipse,
734 2443 760 2506 si
784 2442 861 2526 quid
884 2449 1021 2525 peteret,
1043 2443 1112 2526 pari
1128 2442 1315 2507 condicione
1336 2450 1485 2507 uteretur.
1518 2440 1569 2505 86.
1592 2438 1735 2514 Ostendi,

418 2558 513 2624 quam
536 2536 636 2600 multa
656 2544 728 2601 ante
751 2532 819 2601 fieri
842 2539 1041 2613 convenerit,
1063 2557 1160 2623 quam
1180 2536 1319 2600 hominis
1340 2538 1513 2622 propinqui
1534 2537 1619 2601 hona
1633 2533 1773 2618 possi-ti

419 2631 485 2696 deri
516 2631 769 2714 postularentur,
799 2633 983 2714 praesertim
1012 2652 1083 2696 cum
1113 2633 1230 2694 Romae
1261 2632 1374 2694 domus
1402 2633 1487 2708 eius,
1517 2651 1614 2706 uxor,
1644 2628 1735 2692 liberi

418 2733 524 2792 essent
544 2733 577 2789 et
603 2734 911 2810 procuratoresque
933 2729 1100 2811 utriusque
1115 2725 1321 2789 necessarius.
1352 2726 1468 2800 Docui,
1490 2747 1562 2790 cum
1576 2726 1735 2789 desertum

418 2840 486 2884 esse
518 2819 603 2883 dicat
634 2822 868 2896 vadimonium,
903 2823 1033 2886 omnino
1064 2819 1280 2884 vadimonium
1309 2819 1430 2883 nulium
1452 2819 1566 2897 fuisse,
1596 2815 1735 2903 quodie

416 2915 502 2980 hunc
532 2915 594 2977 sihi
625 2916 809 3000 promisisse
838 2916 939 2992 dicat,
970 2938 1008 2981 eo
1037 2917 1089 2979 die
1112 2935 1152 2979 ne
1174 2915 1291 2978 Romae
1313 2915 1443 2999 quidem
1465 2936 1538 2979 eum
1558 2915 1674 2978 fuisse:
1702 2911 1734 2974 id

419 3010 552 3074 testibus
582 3030 632 3074 me
660 3009 821 3093 pollicitus
848 3032 916 3074 sum
946 3011 1074 3094 planum
1098 3009 1270 3084 facturum,
1298 3010 1354 3093 qui
1377 3017 1409 3072 et
1429 3010 1510 3074 scire
1532 3010 1684 3074 deberent
1704 3013 1773 3074 etro

419 3124 565 3178 causam,
588 3125 644 3167 cur
664 3105 884 3180 mentirentur,
910 3126 974 3169 non
996 3105 1158 3168 haberent.
1190 3103 1239 3166 lix
1260 3101 1364 3167 edicto
1387 3113 1492 3168 autem
1505 3124 1570 3168 non
1591 3103 1734 3187 potuisse

416 3201 501 3264 bone
522 3198 693 3282 possideri,
716 3199 946 3275 demonstravi,
969 3199 1056 3284 quod
1078 3219 1184 3282 neque
1205 3198 1372 3262 fraudandi
1393 3218 1488 3262 causa
1509 3199 1663 3263 latitasset
1679 3220 1735 3264 ne·

418 3315 480 3379 que
509 3294 614 3358 exsilii
643 3313 737 3357 causa
758 3292 861 3357 solum
883 3295 1014 3357 vertisse
1037 3293 1205 3357 diceretur.
1249 3291 1299 3356 87.
1322 3293 1490 3378 Reliquum
1514 3300 1576 3368 est,
1604 3301 1641 3355 ut
1661 3312 1734 3356 eum

418 3409 510 3452 nemo
533 3388 652 3451 iudicio
676 3388 862 3451 defenderit.
896 3388 989 3463 Quod
1013 3395 1122 3451 contra
1144 3389 1364 3472 copiosissime
1386 3389 1551 3452 defensum
1574 3407 1644 3451 esse
1659 3407 1735 3452 con-

419 3482 523 3556 tendi,
553 3501 619 3545 non
648 3483 687 3545 ab
715 3481 843 3545 homine
865 3483 970 3547 alieno
993 3503 1098 3567 neque
1120 3483 1160 3545 ab
1182 3483 1290 3566 aliquo
1312 3481 1538 3545 calumniatore
1560 3490 1656 3566 atque
1677 3482 1773 3553 imae

419 3575 536 3659 probo,
558 3577 614 3639 sed
635 3576 674 3639 ab
696 3577 804 3660 equite
818 3578 972 3652 Romano,
993 3578 1175 3661 propinquo
1198 3597 1233 3640 ac
1256 3577 1434 3640 necessario
1456 3596 1532 3653 suo,
1556 3598 1650 3661 quem
1666 3578 1735 3660 ipse

419 3672 490 3732 Sex.
512 3670 649 3733 Naevius
672 3679 908 3752 procuratorem
931 3673 1111 3755 relinquere
1133 3680 1226 3735 antea
1247 3679 1447 3746 consuesset;
1470 3690 1576 3755 neque
1596 3692 1685 3746 eum,
1708 3670 1734 3734 si

418 3762 559 3826 tribunos
582 3765 768 3848 appellarit,
791 3765 907 3829 idcirco
931 3767 1035 3828 minus
1059 3766 1211 3829 iudicium
1233 3765 1299 3849 pati
1320 3773 1464 3848 paratum
1486 3765 1603 3841 fuisse,
1629 3784 1734 3850 neque

417 3858 559 3942 potentia
581 3860 795 3941 procuratoris
818 3862 936 3924 Naevio
959 3861 1009 3923 ius
1025 3869 1184 3942 ereptum:
1207 3867 1316 3922 contra
1329 3859 1423 3922 istum
1438 3861 1582 3944 potentia
1597 3880 1654 3925 sua
1667 3868 1734 3925 tum

417 3955 634 4016 tantummodo
665 3954 861 4036 superiorem
890 3955 1003 4029 fuisse,
1036 3976 1121 4018 nunc
1151 3956 1242 4018 nobis
1264 3955 1319 4017 vix
1347 3956 1523 4038 respirandi
1545 3963 1771 4041 potestatemto

418 4049 501 4111 dere.
537 4048 654 4110 XXIX.
677 4044 729 4110 88.
750 4048 920 4124 Quaesivi,
943 4068 1025 4132 quae
1047 4067 1142 4112 causa
1163 4046 1293 4123 luisset,
1315 4049 1468 4112 curbona
1482 4069 1547 4113 non
1561 4052 1734 4126 venissent,

417 4163 488 4205 cum
518 4161 558 4206 ex
587 4142 689 4206 edicto
712 4142 960 4226 possiderentur.
1003 4143 1125 4206 Deinde
1148 4142 1227 4206 illud
1251 4164 1380 4228 quoque
1402 4145 1572 4229 requisivi,
1600 4167 1664 4230 qua
1684 4167 1734 4210 ra·

479 4384 504 4433 Ξ.
521 4384 636 4433 υίὼαὶιιν
651 4384 755 4434 numus
770 4384 840 4434 Eli:
858 4384 961 4434 dmin
976 4385 1091 4436 oideotw
1107 4386 1188 4451 Capp.
1210 4412 1236 4422 -
1256 4386 1280 4438 3.
1299 4386 1338 4438 Ci.
1357 4387 1381 4452 Β.
1400 4388 1440 4439 89,
1461 4415 1489 4425 -
1507 4390 1531 4441 5.
1551 4388 1590 4439 Ci.
1608 4388 1632 4453 fi.
1646 4389 1678 4440 89
1691 4402 1732 4455 sq.

418 4486 444 4496 -
462 4459 557 4509 Domus
573 4460 632 4510 Gar.
650 4460 684 4509 2:
701 4473 759 4510 men
775 4461 861 4510 mus
878 4461 959 4525 Capp.
979 4464 1006 4512 et
1022 4461 1084 4512 liii.
1106 4488 1133 4499 -
1153 4466 1208 4512 eret
1222 4463 1328 4524 noem,
1353 4469 1426 4514 eram
1441 4464 1520 4527 usui,
1547 4471 1620 4516 erem
1636 4467 1663 4516 io
1678 4467 1734 4529 ipso

416 4534 500 4585 Gallie
512 4534 617 4597 odom
632 4536 682 4586 cet.
702 4537 762 4586 Ger.
774 4537 809 4595 2,
827 4541 883 4587 erat
897 4538 1002 4595 Rosos,
1021 4539 1113 4588 Romae
1122 4537 1199 4600 sevi,
1217 4538 1244 4588 io
1258 4538 1314 4601 ipra
1324 4538 1409 4589 Gottio
1421 4541 1526 4603 privato
1536 4544 1586 4592 cet.
1606 4539 1732 4593 Halmius.

417 4636 443 4646 -
462 4610 486 4659 6.
505 4609 537 4674 es]
555 4610 629 4661 ertE.
644 4638 671 4648 -
690 4612 864 4663 iomniolt:
883 4613 1057 4677 omoescepp.
1071 4613 1138 4664 eiE.
1153 4640 1181 4650 -
1199 4613 1296 4665 decess
1312 4614 1382 4666 Eu:
1402 4614 1487 4666 debere
1501 4616 1583 4680 Capp.
1599 4641 1626 4652 -
1646 4616 1671 4666 8.
1690 4630 1734 4678 cp·

411 4685 541 4749 potismata
556 4684 583 4740 2.
604 4713 631 4722 -
653 4691 713 4736 erret
732 4691 756 4736 et
776 4687 886 4750 aperiri
909 4700 973 4738 nos:
1000 4692 1060 4738 esset
1075 4701 1132 4738 meo
1148 4690 1259 4752 aperiri
1274 4690 1306 4750 ir,
1332 4694 1405 4750 esset,
1432 4691 1543 4753 reperiri
1559 4704 1621 4742 cum
1638 4692 1734 4742 ceteris

414 4760 610 4815 imnsluto.
623 4787 651 4797 -·
664 4760 688 4812 9.
702 4760 1066 4816 cammarummoiooidiess.
1079 4789 1106 4798 —
1121 4763 1562 4831 ll.posret]potestBGceihku.
1578 4793 1605 4804 -
1620 4768 1735 4818 tincto

414 4851 463 4888 esse
479 4842 502 4887 st
513 4837 627 4901 prosecta
643 4837 668 4887 k.
689 4864 716 4873 -
735 4836 775 4887 43.
790 4841 884 4900 peteret
898 4851 938 4903 pr.
958 4852 982 4890 e.
997 4866 1024 4875 -
1042 4839 1068 4888 P.
1080 4851 1134 4889 om.
1146 4841 1171 4891 k.
1191 4866 1220 4878 -
1239 4841 1280 4892 45.
1297 4842 1439 4893 conueniet
1456 4843 1505 4893 ek.
1525 4868 1554 4879 -
1572 4841 1611 4892 48.
1625 4841 1732 4906 omnim]

414 4918 467 4963 tam
482 4914 582 4964 monim
600 4910 718 4964 Lambini
736 4914 895 4964 coniectura.
916 4940 944 4950 -
966 4914 1006 4965 20.
1025 4912 1124 4964 osseus
1141 4915 1267 4977 pollicitus
1282 4930 1337 4966 rien
1355 4917 1462 4979 pronon
1477 4930 1516 4967 ms
1531 4917 1658 4980 factumi
1673 4929 1689 4965 e
1706 4919 1734 4967 et

413 4990 443 5039 Α.
464 5016 492 5025 -
510 4989 551 5040 22.
569 4989 691 5039 menso
705 4986 780 5042 Aut
797 5002 860 5040 curn
877 4988 1012 5041 codicibus
1029 4988 1153 5041 omnibus
1170 4991 1227 5052 (nisi
1245 4992 1317 5055 quod
1334 5005 1366 5043 c:
1385 4991 1521 5056 miserti:
1544 4991 1653 5040 iuuare
1669 5002 1732 5042 cum

414 5064 516 5115 lentina
533 5066 560 5114 et
576 5063 704 5116 lambino
721 5066 750 5115 0.
771 5091 798 5102 -
816 5064 856 5115 23.
875 5064 917 5129 est]
935 5078 985 5115 esse
995 5066 1019 5115 ir.
1040 5092 1068 5103 -
1086 5065 1150 5130 eum]
1167 5080 1224 5116 cum
1240 5065 1284 5118 lm
1301 5070 1329 5118 et
1339 5070 1369 5119 Α.
1384 5095 1411 5104 -
1430 5068 1470 5118 26.
1485 5067 1690 5129 propinquusne.
1703 5065 1730 5116 lt.

415 5164 442 5175 -
460 5137 818 5204 ocliGbcdigilmn:
837 5145 912 5203 atque
927 5141 956 5200 k,
975 5145 998 5190 et
1015 5154 1075 5191 cum
1094 5143 1190 5192 ceteris
1207 5140 1404 5197 librisilsso.
1419 5169 1447 5178 -
1465 5143 1505 5192 27.
1523 5142 1687 5192 Senomk.
1702 5169 1730 5179 -

413 5213 453 5265 t8.
471 5215 599 5284 iudiciariis]
616 5213 1055 5279 iudicioBGbcdighilmn,
1075 5217 1251 5268 iniudicioa.
1282 5217 1319 5269 ci.
1339 5218 1523 5283 §.oa-29.
1541 5215 1732 5279 misculare·

410 5293 484 5358 Μ
498 5303 550 5342 esse
565 5292 593 5346 1..
611 5317 638 5328 -
656 5288 738 5361 itm]
755 5291 836 5357 iprum
851 5291 877 5345 i.
897 5318 925 5329 -
944 5291 985 5347 32.
1002 5305 1036 5343 ere
1051 5292 1116 5343 dicto
1132 5293 1152 5343 1.
1170 5305 1260 5344 errore
1277 5292 1475 5362 typographico.
