4367 6109
806 569 1278 658 cn.1-m.ss.a-te.
1681 572 1702 641 a

375 748 490 813 aetatis
510 747 660 811 homines
676 745 917 819 disertissimos,
938 744 1149 820 fortissimos,
1172 744 1391 810 ornatissimos
1411 754 1539 810 nostrae
1554 746 1701 824 civitatis,

377 845 434 928 qui
456 842 619 907 communi
641 841 746 905 studio
769 838 901 904 summis
924 839 1039 923 opibus
1065 839 1138 902 Sex.
1161 841 1315 904 Naevium
1337 841 1526 920 defendunt,
1549 843 1576 907 si
1598 843 1631 905 id
1654 851 1703 907 est

377 938 567 1013 defendere,
589 935 756 1019 cupiditati
779 934 910 997 alterius
932 934 1167 1016 obtemperare,
1196 955 1260 1018 quo
1283 935 1312 998 is
1333 935 1474 1012 facilius,
1498 959 1593 1022 quem
1614 937 1702 1012 velit,

378 1034 490 1116 iniquo
521 1032 642 1095 iudicio
676 1030 857 1113 opprimere
879 1029 990 1112 possit.
1034 1025 1065 1090 8.
1092 1030 1172 1091 Nam
1196 1030 1273 1112 quid
1294 1028 1357 1094 hoc
1378 1030 1521 1116 iniquius
1544 1040 1600 1096 ant
1620 1032 1703 1095 indi·

378 1129 489 1211 gnius,
519 1127 552 1189 C.
573 1126 699 1209 Aquili,
733 1124 797 1187 diei
820 1130 876 1186 aut
897 1122 1139 1186 commemorari
1162 1131 1284 1205 potest,
1316 1145 1411 1209 quam
1434 1146 1499 1200 me,
1530 1127 1585 1211 qui
1608 1134 1741 1209 caputt

379 1221 527 1296 alterius,
548 1221 665 1284 famam
686 1219 896 1302 fortunasque
919 1216 1104 1290 defendam,
1127 1217 1233 1299 priore
1255 1217 1327 1281 loco
1343 1239 1471 1282 eausam
1486 1221 1608 1295 dicere,
1631 1241 1703 1284 cunr

380 1316 566 1400 praesertim
582 1316 621 1392 Q.
636 1314 844 1387 Hortensius,
868 1312 923 1396 qui
946 1313 980 1374 in
1002 1311 1064 1375 hoc
1087 1312 1208 1374 iudicio
1230 1321 1335 1395 partes
1357 1316 1550 1380 accusatoris
1572 1317 1704 1390 obtinet,

381 1419 491 1474 contra
513 1430 563 1472 me
584 1410 627 1473 sit
649 1410 808 1481 dicturus,
830 1406 882 1470 cui
905 1426 1061 1470 summam
1084 1406 1209 1489 copiam
1230 1406 1476 1493 facultatemque
1499 1411 1626 1473 dicendi
1649 1430 1705 1473 na·

383 1515 452 1569 tura
473 1504 585 1588 largita
606 1507 676 1568 esti
709 1505 756 1565 ltn
777 1499 827 1577 lit,
850 1509 886 1564 ut
907 1521 984 1584 ego,
1007 1501 1062 1584 qui
1085 1500 1149 1563 tela
1163 1500 1323 1583 depellere
1339 1511 1370 1565 et
1385 1504 1569 1568 vulneribus
1584 1505 1704 1568 mederi

381 1601 529 1673 debeam,
552 1608 618 1663 tum
641 1599 674 1660 id
695 1597 801 1661 facere
824 1616 936 1679 cogar,
958 1615 1030 1658 cum
1054 1595 1150 1658 etiam
1172 1595 1271 1657 telum
1292 1597 1493 1662 adversarius
1514 1601 1638 1663 nullum
1658 1602 1742 1663 ie-to

380 1693 474 1767 serit,
496 1692 560 1755 illis
582 1701 689 1756 autem
711 1692 744 1754 id
767 1699 892 1774 tempus
914 1689 1123 1773 impugnandi
1145 1689 1253 1766 detur,
1286 1710 1358 1754 cnm
1381 1700 1412 1756 et
1432 1694 1554 1757 vitandi
1577 1695 1704 1758 illorum

380 1788 518 1870 impetus
540 1794 682 1870 potestas
704 1786 853 1868 adempta
875 1785 968 1850 nobis
998 1786 1059 1847 erit
1088 1791 1137 1860 et,
1165 1784 1192 1847 si
1217 1785 1335 1868 quain
1357 1806 1407 1862 re,
1436 1786 1469 1849 id
1492 1788 1579 1871 quod
1603 1790 1704 1872 parati

380 1889 456 1944 sunt
488 1880 609 1956 facere,
641 1881 758 1944 falsum
787 1880 906 1942 crimen
936 1880 1027 1962 quasi
1056 1888 1248 1942 venenatum
1276 1880 1409 1964 aliquod
1439 1882 1537 1946 telum
1559 1885 1705 1961 iecerint,

381 1977 559 2040 medicinae
587 1975 752 2039 faciendae
783 1973 873 2036 loeus
902 1993 967 2035 non
990 1973 1059 2036 erit.
1103 1970 1133 2035 9.
1164 1974 1201 2038 ld
1223 1975 1339 2038 accidit
1360 1977 1517 2059 praetoris
1538 1979 1706 2063 iniquitate

382 2078 414 2133 et
434 2070 568 2133 iniuria:
591 2071 729 2153 primum
752 2067 839 2151 quod
862 2074 972 2130 contra
994 2067 1137 2130 omnium
1154 2070 1420 2134 consuetudinem
1442 2072 1596 2135 iudicium
1617 2074 1744 2157 priusu

382 2166 421 2228 de
444 2166 561 2248 probro
584 2185 680 2248 quam
703 2164 742 2227 de
764 2183 798 2225 re
817 2162 928 2226 maluit
942 2159 1027 2237 lieri3
1051 2162 1184 2239 deinde,
1207 2163 1295 2247 quod
1314 2164 1359 2227 ita
1373 2166 1539 2229 constituit
1553 2166 1587 2229 id
1600 2167 1707 2250 ipsum

382 2260 554 2336 iudicium,
582 2267 732 2332 ulmus,
763 2265 933 2340 antequam
955 2257 1088 2320 verbum
1111 2258 1306 2322 accusatoris
1327 2260 1486 2336 audisset,
1509 2282 1638 2325 causam
1660 2262 1708 2325 di·

382 2375 454 2418 cere
476 2362 660 2438 cogeretur:
689 2352 777 2437 qnod
799 2371 910 2415 eorum
932 2351 1034 2433 gratia
1055 2357 1088 2414 et
1109 2353 1254 2435 potentia
1275 2352 1394 2417 factum
1416 2363 1479 2432 est,
1512 2357 1584 2443 qui,
1614 2357 1707 2442 quasi

381 2470 440 2514 sua
461 2470 513 2514 res
535 2456 592 2512 aut
610 2448 716 2512 honos
738 2455 866 2530 agatur,
889 2445 933 2508 ita
956 2446 1128 2529 diligenter
1140 2446 1215 2510 Sex.
1229 2447 1342 2512 Naevii
1364 2450 1471 2515 studio
1495 2459 1527 2515 et
1540 2449 1706 2535 cupiditati

382 2564 504 2608 morem
526 2550 640 2628 gerunt
661 2550 695 2607 et
715 2542 750 2606 in
771 2540 930 2606 eiusmodi
952 2540 1046 2603 rebus
1069 2560 1155 2624 opes.
1168 2561 1244 2607 snas
1265 2543 1493 2627 experiuntur,
1523 2546 1557 2608 in
1579 2545 1745 2629 quillus„

382 2661 448 2724 quo
470 2639 542 2723 plus
563 2645 696 2722 propter
716 2636 866 2701 virtutem
887 2634 1154 2720 nobilitatemque
1174 2645 1329 2720 possunt,
1352 2658 1390 2703 eo
1406 2641 1528 2715 minus,
1552 2647 1707 2724 quantum

380 2734 524 2817 possint,
547 2733 665 2796 debent
686 2731 865 2795 ostendere.
899 2723 949 2791 l0.
974 2729 1053 2792 Cum
1075 2737 1125 2794 tot
1146 2732 1307 2815 tantisque
1324 2731 1563 2798 difficultatibus
1576 2735 1707 2798 allectus

381 2837 478 2912 atque
501 2827 637 2892 afflictus
659 2827 693 2888 in
715 2833 816 2899 tuam,
847 2824 880 2886 C.
902 2823 1027 2906 Aquili,
1057 2820 1169 2900 fidem,
1198 2827 1378 2904 veritatem,
1401 2830 1652 2893 misericordiam
1672 2830 1706 2894 P.

382 2920 553 2998 Quinctius
575 2920 771 3004 confugerit3
794 2938 867 2981 eum
888 2917 991 2980 adhuc
1013 2917 1043 2981 ei
1069 2921 1279 3003 proptervim
1302 2923 1555 2988 adversarionrm
1577 2927 1707 2990 nonius

382 3037 455 3101 par,
487 3036 554 3080 non
576 3015 692 3099 agendi
720 3020 862 3098 potestas
884 3011 1012 3086 cadem,
1038 3033 1105 3076 non
1126 3015 1329 3097 magistratus
1350 3037 1472 3101 aequus
1493 3021 1627 3103 reperiri
1649 3032 1745 3104 pout

383 3112 494 3188 tuerit;
517 3130 589 3174 cum
612 3109 642 3172 ei
665 3127 820 3173 summam
850 3126 908 3191 per
928 3107 1078 3170 iniuriam
1101 3110 1208 3172 omnia
1228 3110 1360 3175 inimica
1381 3120 1477 3199 atque
1499 3115 1617 3180 infesta
1638 3116 1708 3181 fue·

382 3208 460 3270 rint:
482 3214 532 3280 te,
555 3205 588 3269 C.
608 3203 735 3288 Aquili,
754 3221 897 3287 rosque,
921 3201 1027 3285 quiin
1046 3202 1183 3267 consilio
1198 3204 1332 3280 adestis,
1355 3215 1426 3271 orat
1438 3216 1535 3293 atque
1552 3211 1707 3285 obsecrat,

383 3309 419 3365 ut
446 3299 556 3364 multis
589 3297 716 3361 iniuriis
741 3297 889 3360 iactatam
922 3303 1019 3379 atque
1047 3297 1197 3380 agitatam
1224 3301 1420 3383 aequitatem
1441 3303 1475 3365 in
1495 3302 1557 3367 hoc
1578 3306 1707 3369 tandem

384 3397 455 3460 loco
477 3395 652 3459 consistere
675 3400 707 3456 et
728 3387 907 3455 confirmari
930 3389 1105 3472 patiamini.
1148 3392 1184 3454 ld
1208 3413 1273 3475 quo
1294 3394 1420 3458 facilius
1440 3396 1544 3461 facere
1566 3399 1708 3481 possitis,

385 3491 466 3554 dabo
495 3507 645 3573 operans,
677 3493 714 3550 ut
734 3505 755 3551 a
774 3484 934 3568 principio
957 3504 1008 3548 res
1029 3486 1298 3569 quemadmodum
1319 3495 1408 3572 gesta
1429 3498 1461 3554 et
1481 3500 1644 3556 contracta
1666 3494 1745 3557 sitan

386 3603 424 3647 co
468 3582 596 3647 oscatis.

425 3604 501 3742 ⁸llll.
516 3670 567 3740 ll.
591 3676 625 3740 C.
638 3675 807 3751 Quinctius
818 3673 880 3738 fuit
891 3675 925 3739 P.
938 3674 1079 3750 Quinctii
1093 3673 1189 3738 hunus
1202 3675 1307 3750 frater,
1322 3695 1398 3740 sane
1413 3687 1589 3746 ceterarum
1602 3703 1708 3747 rernm

383 3771 629 3858 paterfamilias
651 3778 683 3834 et
704 3769 845 3853 pmdens
866 3778 900 3834 et
920 3777 1074 3843 attentus,
1096 3789 1162 3832 una
1183 3770 1217 3832 in
1238 3790 1273 3832 re
1294 3771 1391 3854 paulo
1406 3773 1513 3837 minus
1528 3778 1709 3841 considera·

384 3875 451 3944 tus,
483 3867 539 3952 qni
560 3865 747 3931 societatem
768 3882 840 3928 cum
863 3863 936 3927 Sex.
958 3862 1078 3927 Naevio
1099 3863 1227 3939 fecerit,
1249 3863 1442 3942 virobono,
1471 3889 1581 3933 verum
1603 3878 1708 3935 tamen

383 3982 448 4026 non
469 3961 515 4026 ita
535 3960 700 4035 instituto,
722 3967 759 4023 ut
780 3959 850 4021 iura
871 3959 1032 4022 societatis
1055 3964 1088 4021 et
1110 3954 1215 4021 officia
1236 3958 1315 4023 certi
1337 3961 1591 4043 patrisfamilias
1613 3976 1747 4030 nosseas

383 4060 509 4141 posset:
531 4074 598 4119 non
621 4074 686 4141 quo
710 4054 740 4119 ei
763 4053 889 4116 deesset
909 4052 1090 4136 ingenium
1113 4071 1188 4115 nam
1209 4072 1314 4137 neque
1336 4073 1449 4137 pamm
1461 4055 1584 4122 facetus
1598 4080 1710 4125 scurra

447 4244 473 4296 t.
489 4240 646 4308 {mmor}
661 4241 847 4307 mestorium
860 4252 922 4291 cum
937 4239 1085 4290 Hotomano
1100 4239 1129 4289 L.
1155 4238 1271 4289 Vocatur
1288 4239 1398 4303 quidem
1413 4241 1480 4292 intra
1498 4242 1711 4308 (3.72.)1..Pht-

382 4316 471 4384 tppm
485 4316 642 4382 dopmnis,
659 4318 798 4382 orosium,
815 4316 908 4366 honore
923 4314 1170 4377 florentissimus
1185 4313 1310 4374 sudam
1328 4314 1379 4366 sed
1395 4315 1468 4367 idem
1480 4315 1514 4367 de
1526 4319 1596 4369 Orat.
1610 4319 1634 4382 ³,
1648 4323 1672 4382 t,
1684 4321 1710 4374 1,

383 4393 482 4445 delens
495 4397 522 4445 d
533 4393 661 4446 mess
676 4398 699 4443 et
714 4393 820 4442 ditem
835 4395 858 4441 st
873 4389 996 4452 imprimis
1011 4389 1105 4451 sortis
1121 4388 1156 4437 od
1171 4389 1341 4440 resistendum.
1362 4417 1389 4427 -
1408 4393 1587 4459 orsam]
1610 4395 1714 4448 terr„

382 4467 705 4532 msdtgtmn,
721 4465 947 4516 ionorwdtsstmm
963 4467 1023 4526 Ga,
1040 4463 1311 4526 tonmotissinoshl,
1328 4466 1642 4530 mmmmm
1659 4471 1712 4535 (ed.

383 4541 438 4607 alt.)
456 4539 517 4597 eall.
533 4555 561 4608 p.
580 4543 674 4595 lloscio
689 4546 749 4595 Am.
762 4542 786 4603 9,
799 4540 840 4593 il.
859 4567 886 4576 -
906 4541 930 4591 7.
948 4540 993 4601 qos'
1008 4539 1035 4589 ia
1050 4539 1097 4589 doc
1113 4551 1179 4590 nos:
1198 4539 1241 4602 qui
1256 4539 1302 4589 doc
1318 4552 1380 4590 cnm
1397 4537 1596 4599 librisAlrdo.
1615 4547 1654 4598 ct.
1667 4548 1714 4598 Dt-

382 4620 438 4673 rin.
455 4620 532 4681 loll.
551 4616 646 4670 caecil.
666 4618 706 4679 ts,
723 4616 765 4669 to.
786 4643 813 4653 -
841 4616 881 4667 10.
906 4613 999 4678 isos]
1024 4614 1111 4678 uenit
1134 4614 1510 4679 BGabcdetghilmn
1531 4621 1560 4672 et
1578 4622 1614 4684 A,
1638 4624 1717 4688 sperit

383 4691 466 4758 (quod
481 4692 634 4745 coniecerat
643 4692 813 4744 Ruhnkenins
824 4691 859 4742 ad
870 4688 959 4740 Vellei.
973 4691 1076 4740 Patere.
1088 4691 1114 4750 2,
1127 4689 1167 4739 3⁰.
1180 4703 1207 4754 p.
1220 4689 1287 4753 337.)
1299 4690 1325 4740 1ι.
1344 4691 1420 4743 cont.
1432 4705 1458 4742 v.
1472 4693 1544 4744 ta-
1564 4697 1605 4748 13.
1621 4696 1715 4762 Μαι(

382 4770 563 4834 monast
578 4766 714 4820 delevitl..
729 4794 756 4804 -
769 4765 879 4830 imoiml
894 4765 999 4829 iecerint
1014 4761 1352 4828 BGabdtghilmn,
1370 4767 1500 4830 (ΜΝ.
1516 4795 1543 4805 -
1563 4773 1604 4822 to.
1619 4785 1717 4822 omos

304 4904 308 4909 ,
383 4841 513 4898 llm.-
532 4844 764 4906 insomnem
780 4840 1065 4904 moussiacum.-
1083 4840 1125 4890 2⁰.
1142 4840 1714 4909 oruov.otsmstom.ncetgnt.-

383 4919 425 4973 tt.
443 4919 575 4986 quonum]
598 4918 665 4982 quod
685 4916 828 4969 bedstt
838 4914 846 4967 l
858 4927 887 4967 m
908 4916 1027 4980 (propter
1043 4913 1233 4979 compendium
1249 4915 1385 4992 eminendi
1401 4931 1455 4970 non
1470 4919 1570 4985 ubique
1588 4921 1716 4985 certum),

385 4996 446 5060 oste
461 5008 493 5060 s.
511 5006 589 5058 oses
603 4995 636 5047 a.
656 5019 683 5030 -
701 4993 744 5044 aa.
759 4995 863 5055 peaes
879 4991 905 5042 ι.
925 5013 953 5028 -
973 4990 1013 5042 as.
1033 4989 1199 5045 «ιιιοωιιω
1214 4990 1251 5045 ι(
1267 4990 1322 5045 cre.
1340 4991 1374 5044 ue
1391 4994 1447 5045 nv.
1466 4995 1492 5056 t,
1510 4996 1551 5047 (ι.
1570 4997 1604 5061 (ρ.
1617 4998 1658 5047 es.
1672 4996 1716 5051 ee.

384 5069 482 5133 Tsrlc.)
500 5068 570 5121 haec
586 5068 622 5120 ite
637 5064 735 5118 refert:
763 5066 790 5118 C.
809 5065 924 5130 Qadottm
938 5065 1021 5130 freter
1035 5065 1136 5116 tecum
1149 5067 1177 5117 Ρ.
1196 5064 1292 5130 ostatu
1305 5065 1366 5131 fnit,
1384 5071 1414 5118 nt
1430 5082 1457 5134 p.
1475 5071 1552 5122 Rosc.
1571 5074 1630 5122 Am.
1649 5085 1672 5124 c.
1691 5072 1717 5125 6.

385 5157 413 5210 p.
431 5142 536 5199 Cleant
555 5157 581 5197 o.
598 5143 640 5194 t.»
659 5143 720 5193 Gar.
738 5142 763 5194 2.
788 5169 816 5181 -
837 5147 979 5194 sucronem
993 5142 1087 5205 roms]
1104 5145 1188 5192 semo
1204 5139 1324 5195 lambini
1340 5144 1465 5206 suspicio.
1499 5145 1653 5197 lectionem
1670 5159 1721 5198 co·

386 5217 478 5273 dicum
492 5217 584 5282 fltml
598 5217 707 5271 Servius
722 5216 758 5269 ((1
773 5217 844 5282 virs.
863 5219 929 5270 Aen.
950 5217 989 5278 to,
1007 5215 1048 5269 ts.
1075 5216 1115 5268 ct.
1134 5216 1276 5268 Buttmann
1295 5216 1331 5269 od
1346 5217 1471 5273 fronton
1490 5218 1534 5272 ed.
1552 5219 1629 5274 ttteb.
1646 5235 1673 5290 p.
1692 5223 1719 5275 1.

386 5291 492 5362 morte
508 5291 607 5363 Opnso.
624 5291 646 5348 1.
663 5306 691 5362 p.
709 5291 766 5348 101.
785 5294 841 5346 not.
860 5318 889 5332 -
907 5290 949 5345 31.
966 5291 1018 5354 qut]
1036 5289 1085 5344 «al.
1105 5292 1190 5356 quod·
1208 5304 1262 5357 ms.
1281 5290 1308 5347 2.
