4367 6109
452 570 514 637 dil
841 572 883 635 IN
904 570 941 634 L.
964 567 1185 634 carulum
1205 567 1325 633 LIBER
1346 568 1385 631 ll.

458 741 615 819 Quirites,
651 747 683 803 et
712 760 746 803 se
779 739 959 823 perculsum
993 745 1086 823 atque
1121 737 1277 801 abiectum
1306 757 1375 801 esee
1411 738 1522 812 sentit,
1556 744 1593 801 et
1624 745 1801 822 retorquet

454 836 563 899 oculos
591 834 734 917 prolecto
757 852 851 917 saepe
874 835 913 897 ad
941 833 1023 896 banc
1045 833 1172 906 urbem,
1203 853 1297 914 quam
1326 852 1343 893 e
1369 830 1436 894 suis
1465 830 1617 894 faucibus
1647 839 1799 915 creptam

454 951 523 994 esse
551 929 654 1012 luget:
687 948 768 1013 quae
796 927 925 1012 quidem
954 928 1031 990 mibi
1067 927 1176 990 laetari
1209 925 1349 1000 videtur,
1381 925 1467 1008 quod
1503 931 1629 991 mutam
1667 932 1798 1010 pestem

453 1023 628 1088 evomuerit
648 1022 795 1106 forasque
817 1023 995 1106 proiecerit.

429 1133 444 1178 e
538 1118 576 1182 ll.
598 1113 628 1180 3.
650 1119 695 1180 Ac
717 1118 744 1180 si
767 1118 837 1201 quis
860 1125 908 1179 est
928 1115 1014 1189 talis,
1036 1116 1147 1198 quales
1170 1134 1240 1178 esse
1262 1134 1372 1178 omues
1388 1114 1563 1197 oportebat,
1588 1114 1649 1198 qui
1674 1114 1713 1177 in
1735 1114 1797 1179 hoc

453 1216 540 1297 ipso,
563 1214 596 1275 in
618 1230 683 1294 quo
706 1210 843 1273 exsultat
864 1217 896 1272 et
917 1208 1089 1292 triumphat
1111 1211 1210 1272 oratio
1232 1228 1319 1282 mea,
1345 1227 1394 1269 me
1416 1208 1626 1272 vehementer
1649 1216 1798 1284 accuset,

453 1306 539 1391 quod
562 1312 626 1368 tam
648 1303 812 1387 capitalem
834 1302 959 1366 hostem
980 1324 1044 1365 non
1060 1302 1354 1385 comprehenderim
1376 1302 1481 1385 potius
1496 1323 1596 1387 quam
1610 1304 1796 1377 emiserim,

452 1422 516 1465 non
538 1407 587 1462 est
607 1399 668 1461 ista
689 1417 760 1461 meu
782 1397 891 1480 culpa,
921 1396 978 1458 sed
1005 1404 1193 1479 temporum.
1237 1395 1440 1458 Interfeclum
1461 1417 1530 1460 esse
1551 1398 1589 1460 L.
1614 1397 1795 1462 Catilium

452 1505 483 1559 et
511 1494 695 1577 gravissimo
726 1491 881 1575 supplicio
908 1491 1055 1553 allectum
1078 1490 1140 1553 iam
1161 1489 1282 1573 pridem
1305 1490 1486 1572 oportebat,
1514 1490 1614 1575 idque
1635 1512 1660 1555 a
1684 1499 1795 1555 meet

414 1602 520 1652 tomos
542 1588 695 1651 maiorum
717 1593 749 1647 et
769 1583 864 1646 huius
886 1584 1010 1665 imperii
1033 1585 1185 1647 severitas
1208 1591 1240 1646 et
1266 1602 1316 1645 res
1338 1582 1466 1666 publica
1486 1583 1687 1668 postulabat.
1727 1583 1792 1648 Sed

452 1702 549 1767 wem
570 1679 684 1743 multos
707 1677 805 1740 fuisse
821 1676 954 1759 putatis,
977 1679 1033 1759 qui
1049 1697 1130 1761 quae
1146 1697 1205 1760 ego
1221 1675 1377 1739 deferrem
1392 1696 1455 1739 non
1470 1678 1664 1742 crederent?
1690 1700 1792 1763 quam

452 1777 583 1851 multos,
606 1774 662 1857 qui
685 1772 779 1834 etiam
795 1769 1026 1833 defenderent?
1050 1767 1157 1854 [wem
1173 1770 1305 1844 multos,
1328 1770 1382 1852 qui
1397 1777 1526 1852 propter
1540 1771 1790 1855 improbitatem

450 1862 625 1948 faverentl]
659 1866 704 1926 hc
726 1865 752 1927 si
775 1863 830 1926 illo
852 1862 977 1926 sublato
1000 1863 1118 1946 depelli
1140 1884 1159 1927 a
1180 1863 1269 1926 vobis
1286 1883 1380 1926 omne
1402 1865 1578 1945 periculum
1593 1866 1789 1942 iudicarem,

450 1967 513 2027 iam
540 1960 662 2044 pridem
697 1978 755 2041 ego
784 1957 819 2019 L.
844 1957 1008 2019 Catilinam
1039 1976 1106 2019 non
1134 1957 1229 2019 modo
1251 1957 1390 2021 invidiae
1412 1979 1516 2034 meae,
1548 1963 1789 2027 verumetiam

413 2069 441 2115 tt
449 2058 532 2119 vitae
552 2051 695 2137 periculo
718 2050 925 2114 sustulissem.
970 2046 1000 2112 l.
1024 2050 1086 2113 Sed
1103 2070 1174 2113 cum
1189 2051 1345 2127 viderem,
1367 2071 1408 2115 ne
1423 2053 1513 2116 vobis
1528 2055 1664 2137 quidem
1681 2055 1790 2119 omni·

448 2150 508 2214 bus
529 2167 564 2211 re
586 2145 681 2209 etiam
703 2151 770 2208 tum
791 2145 939 2228 probata,
962 2145 989 2207 si
1010 2144 1119 2218 illum,
1143 2152 1178 2208 ut
1200 2153 1266 2208 erat
1286 2146 1433 2220 meritus,
1459 2156 1560 2211 morte
1582 2148 1789 2223 multaseem,

448 2243 517 2307 loro
544 2247 581 2305 ut
608 2240 677 2304 eius
706 2240 810 2302 socios
837 2237 959 2302 invidia
988 2258 1160 2321 oppressus
1190 2240 1338 2322 persequi
1361 2258 1425 2301 nou
1446 2260 1590 2322 possem,
1619 2262 1693 2306 rem
1721 2242 1789 2307 huc

448 2336 584 2409 deduxi,
610 2340 646 2398 ut
673 2340 740 2395 tum
766 2331 870 2417 palam
899 2352 1040 2415 pugnare
1062 2334 1216 2414 possetis,
1244 2354 1317 2395 cum
1339 2333 1463 2398 hostem
1483 2343 1594 2418 aperte
1615 2338 1787 2403 rideretis.

449 2428 552 2505 Quem
574 2424 703 2512 quidem
726 2445 784 2508 ego
806 2426 930 2489 hostem
952 2446 1048 2509 quam
1063 2426 1267 2490 vehementer
1287 2426 1366 2489 loris
1382 2448 1450 2491 esse
1465 2428 1644 2496 timendum
1659 2440 1787 2516 putem,

410 2524 523 2588 tolicet
551 2522 627 2585 hinc
652 2520 854 2603 intelligatis,
882 2521 968 2604 quod
996 2521 1089 2584 etiam
1117 2520 1249 2584 moleste
1277 2520 1362 2595 sero,
1392 2523 1480 2606 quod
1501 2543 1543 2586 ex
1562 2526 1644 2589 urbe
1666 2548 1786 2610 parum

447 2617 613 2681 comitatus
635 2614 758 2678 exierit.
788 2614 913 2677 Utinam
935 2612 990 2677 ille
1013 2634 1124 2676 omnes
1146 2634 1252 2676 secum
1274 2634 1347 2678 suas
1362 2617 1468 2698 copias
1483 2616 1671 2682 eduxisset!
1696 2622 1785 2685 Ton-

446 2711 556 2794 gilium
584 2708 661 2773 mihi
689 2707 817 2782 eduxit,
851 2727 946 2791 quem
974 2728 1079 2771 amare
1109 2708 1143 2769 iu
1164 2715 1327 2790 praetexta
1349 2718 1508 2793 coeperat,
1540 2711 1730 2777 Publicium
1753 2722 1785 2779 el

513 2936 537 2984 t.
551 2938 574 2984 et
588 2932 650 2997 post
659 2930 732 2981 sentit
743 2941 796 2979 om.
810 2929 893 2979 llz.-
912 2930 937 2979 0.
950 2943 1024 2992 saepe
1036 2931 1148 2993 profecto
1160 2944 1186 2989 c;
1201 2931 1313 2994 profecto
1325 2943 1379 2980 om.
1393 2932 1428 2990 C;
1446 2945 1519 2995 scope
1529 2945 1582 2983 om.
1596 2947 1663 2999 p.-
1678 2950 1716 2988 aa
1732 2941 1784 2989 teis

446 3010 573 3060 vt0.-
587 3006 611 3056 3.
623 3005 685 3055 mibi
695 3005 786 3054 laetcri
802 3005 892 3053 aerB
902 3005 937 3064 C,
956 3003 1025 3055 balii
1038 3006 1116 3068 Lagg.
1131 3018 1192 3055 cum
1207 3008 1308 3055 Donato
1321 3007 1354 3055 ad
1368 3008 1426 3057 Ter.
1443 3008 1505 3058 Hac.
1519 3008 1562 3059 lll.
1574 3009 1601 3071 ll,
1616 3011 1667 3060 ee:
1688 3014 1784 3066 laet&

446 3084 658 3136 40001450.-
677 3093 755 3131 ccmo.
773 3084 870 3129 tactam
883 3085 977 3142 pestem
994 3095 1018 3129 o.
1040 3107 1065 3115 -
1086 3082 1110 3129 5.
1128 3080 1171 3144 Ac]
1189 3087 1217 3130 ot
1233 3083 1434 3132 ertllCllLO.
1455 3108 1482 3118 -
1502 3096 1585 3134 mmm
1601 3086 1782 3153 mbcqs,

446 3163 462 3210 5
479 3159 521 3211 alii
539 3161 630 3223 begga,
649 3157 868 3216 carboniacum
892 3169 941 3206 esse
957 3168 1011 3205 om.
1031 3168 1062 3219 p,
1082 3154 1164 3205 babet
1180 3160 1241 3220 post
1257 3157 1384 3218 oportebat
1400 3157 1449 3207 dz.
1469 3184 1497 3194 -
1522 3158 1549 3207 io
1564 3159 1620 3225 boc]
1636 3162 1687 3215 boc
1705 3178 1732 3218 e.
1753 3192 1780 3203 -

446 3236 470 3286 0.
488 3237 516 3286 in
532 3232 589 3297 quo]
606 3233 634 3281 in
650 3244 704 3281 om.
722 3244 737 3279 z
754 3229 835 3280 solus.
856 3257 882 3265 -
910 3235 986 3291 atquo
1002 3243 1024 3280 r.
1045 3256 1071 3264 —
1090 3230 1143 3279 veh.
1161 3243 1201 3280 me
1217 3237 1319 3281 ocouot
1335 3245 1363 3291 r;
1381 3246 1421 3283 me
1437 3246 1490 3283 occ.
1507 3234 1560 3284 cele
1579 3248 1598 3284 u
1618 3236 1733 3298 locem
1749 3242 1783 3304 ι),

370 3338 373 3344 -
447 3337 474 3346 -
493 3311 518 3360 l.
534 3307 626 3372 potius]
641 3306 714 3369 pilus
730 3318 752 3354 r.
774 3332 800 3341 -
820 3306 844 3355 8.
862 3307 912 3354 isto
928 3311 964 3356 est
980 3319 1006 3369 q.
1026 3331 1052 3340 -
1077 3318 1134 3354 meo
1155 3306 1230 3368 culpo
1248 3306 1481 3371 Vbcglksuw‚
1501 3311 1546 3372 lg.
1564 3309 1606 3359 at.
1626 3310 1679 3363 lo:
1705 3319 1784 3382 calpa

444 3398 502 3436 meo
525 3385 600 3446 crilpa
620 3395 648 3441 r;
671 3393 729 3430 mco
749 3381 820 3443 Quir.
843 3382 920 3442 milpa
936 3394 963 3430 m
981 3383 1008 3430 et
1023 3379 1123 3429 Anocd.
1142 3382 1224 3431 Paris.
1243 3394 1269 3445 p.
1288 3380 1318 3441 l;
1340 3396 1397 3432 mco
1417 3384 1492 3445 uilpc
1509 3383 1580 3444 chr.
1598 3387 1658 3441 rell.
1678 3395 1739 3444 mei
1757 3397 1785 3446 et

445 3461 535 3524 Low,
553 3459 583 3509 ut
598 3455 716 3516 videtur,
734 3454 792 3504 LO.
812 3455 869 3518 (scd
881 3456 925 3517 Lg.
939 3454 979 3504 53.
994 3454 1075 3505 babet
1090 3456 1160 3517 (loir.
1174 3458 1235 3507 ante
1251 3471 1302 3507 eoo
1318 3458 1373 3519 ost.)
1388 3483 1414 3493 -
1433 3459 1670 3521 intereoipttmho
1683 3470 1783 3520 eom

446 3534 524 3585 codd.
545 3560 572 3568 —
591 3532 620 3582 l..
639 3544 692 3580 om.
712 3543 759 3580 or.
780 3557 807 3565 —
826 3530 850 3579 0.
870 3533 986 3592 affectem
1002 3544 1052 3581 osse
1068 3530 1094 3579 d.
1110 3558 1136 3565 -
1156 3534 1265 3593 oportuit
1282 3533 1332 3583 cd.
1354 3563 1380 3570 —
1400 3536 1426 3584 id
1442 3536 1508 3596 quod
1524 3548 1557 3600 q;
1574 3536 1601 3585 ld
1618 3538 1635 3588 6
1651 3540 1782 3608 lagg...

446 3609 625 3660 tumulorum
639 3617 694 3654 mot
711 3618 735 3654 z.
750 3631 776 3640 -
797 3606 837 3654 ll.
857 3618 907 3655 esso
923 3618 950 3655 m
960 3619 990 3656 w.
1007 3633 1033 3640 —
1052 3607 1249 3671 concrederent]
1267 3609 1390 3672 Sequitur
1404 3610 1430 3659 in
1442 3609 1515 3659 editt.
1528 3608 1666 3681 plerisque
1682 3619 1783 3672 colon:

444 3696 522 3747 qoam
536 3681 627 3733 multoe
643 3680 686 3742 qui
698 3684 804 3741 propter
819 3680 950 3729 stultitiam
965 3692 1016 3728 coo
1028 3685 1161 3741 pretereat,
1179 3680 1251 3743 quod
1269 3694 1332 3732 cum
1348 3684 1434 3744 llog,
1452 3684 1497 3747 bg.
1516 3684 1545 3745 0,
1564 3698 1619 3738 uno
1630 3689 1722 3745 oxon,
1735 3694 1784 3746 de.

444 3758 504 3810 levi.
524 3756 590 3808 Cod.
608 3768 623 3805 a
640 3767 695 3805 non
712 3753 794 3804 habet
810 3755 860 3805 nisi
877 3755 920 3818 qui
940 3760 1043 3818 propter
1059 3756 1125 3805 stitit.
1144 3772 1170 3805 ri.
1185 3761 1319 3819 putorem,
1345 3770 1398 3808 om.
1416 3771 1459 3808 vv.
1478 3772 1554 3821 quom
1569 3763 1671 3818 multoe,
1701 3768 1784 3824 0103.

442 3846 517 3885 sema
535 3846 568 3883 co
584 3842 692 3895 quoque
710 3830 874 3893 coarguitur,
899 3830 971 3894 quod
989 3831 1061 3882 idem
1079 3830 1156 3881 colon
1172 3832 1200 3881 in
1217 3845 1266 3892 rz,
1286 3834 1330 3895 Lg.
1348 3834 1387 3882 50.
1407 3834 1448 3883 57.
1462 3836 1490 3884 et
1505 3833 1522 3885 4
1539 3832 1596 3888 aliis
1614 3843 1678 3903 post
1699 3857 1783 3907 qum

442 3908 533 3959 malim
551 3907 595 3970 qui
615 3906 691 3956 etium
712 3905 867 3968 &tenderent
889 3903 991 3969 legitur.
1012 3933 1039 3942 —
1062 3911 1140 3968 quom
1154 3907 1245 3957 multos
1260 3907 1303 3969 qui
1318 3907 1396 3957 odoro
1411 3908 1460 3969 des.
1478 3922 1556 3971 moes
1569 3912 1664 3965 oium
1678 3928 1741 3970 om,
1760 3922 1780 3971 t,

444 3983 551 4047 (erravit
567 3982 611 4031 Or.
630 3980 664 4031 de
681 3981 812 4044 scriptura
828 3981 906 4031 buius
923 3980 994 4042 cod.)
1014 4009 1041 4019 -
1069 3984 1110 4033 40.
1127 3983 1204 4032 etiem
1220 3984 1265 4043 qui
1281 3996 1305 4032 e.
1325 4010 1352 4018 -
1377 3997 1454 4045 quom
1475 3985 1601 4048 posidet.
1621 4000 1677 4040 on.
1697 4004 1729 4042 u,
1751 4020 1780 4031 -

441 4070 467 4118 q.
484 4071 519 4107 m.
537 4058 580 4119 qui
591 4070 635 4121 pr.
652 4056 759 4119 improb.
777 4050 890 4118 sevocat
906 4055 1047 4107 subditicia
1064 4056 1188 4106 videntur
1204 4055 1311 4107 Blochio
1329 4059 1356 4108 et
1372 4058 1516 4122 Madvigio‚
1535 4058 1585 4110 sod
1600 4057 1736 4126 leguntur
1753 4068 1782 4119 in

441 4130 566 4182 omnibus
577 4130 667 4192 codd,
686 4130 736 4181 nisi
752 4129 825 4194 quod
842 4133 852 4179 l
869 4144 921 4181 om.
937 4136 1055 4192 propter,
1074 4148 1090 4194 ς
1104 4137 1209 4194 propter
1224 4132 1395 4196 ieiunitatem
1405 4132 1496 4184 babel.
1511 4159 1540 4173 -
1560 4132 1600 4185 43.
1618 4134 1780 4191 mtto

441 4206 523 4256 zVO.
545 4232 572 4243 -
591 4220 607 4255 c
623 4206 693 4255 nobis
708 4202 857 4255 dhklwz.
878 4231 905 4242 —
926 4204 966 4255 tl.
985 4206 1082 4255 invidio
1097 4204 1178 4257 umal
1198 4205 1270 4257 solus
1288 4209 1315 4257 ct
1331 4209 1359 4257 L.
1380 4235 1407 4243 —
1426 4210 1467 4258 45.
1484 4210 1552 4259 vitoe
1568 4221 1623 4261 om.
1641 4209 1660 4262 l.
1683 4240 1717 4251 -
1734 4219 1780 4267 ot-

440 4282 524 4332 dcrem
540 4294 553 4331 s
569 4284 631 4346 post
645 4281 714 4331 vobo
724 4281 814 4332 habet.
829 4308 856 4317 -
877 4283 917 4331 46.
936 4282 1055 4331 raetiam
1071 4281 1132 4345 tom]
1150 4282 1270 4330 raetiam
1287 4284 1347 4332 dion
1363 4287 1439 4343 elu;
1457 4299 1486 4334 re
1496 4290 1549 4335 tion
1559 4285 1638 4336 οιίω
1648 4300 1678 4349 r;
1697 4292 1782 4344 m

439 4369 468 4407 rc
484 4360 537 4405 tom
553 4367 569 4405 c
585 4357 613 4405 et
628 4358 674 4418 Lg.
692 4357 733 4407 50.
752 4357 800 4415 57;
818 4370 846 4407 ro
863 4370 916 4407 om.
930 4370 957 4416 n,
977 4358 1022 4419 bg.
1042 4355 1086 4412 40;
1105 4361 1157 4404 tam
1174 4367 1227 4405 om.
1244 4370 1258 4405 z
1275 4359 1302 4406 et
1318 4356 1388 4408 8alil
1406 4360 1500 4422 Lugg.;
1518 4364 1571 4409 tom
1582 4360 1647 4423 (om.
1658 4363 1698 4427 re)
1711 4368 1779 4419 cod.

439 4430 590 4491 Parcensis,
609 4428 643 4478 do
660 4442 714 4492 quo
732 4429 807 4480 orell.
827 4430 890 4482 lalsa
908 4430 1024 4481 tradidit.
1043 4432 1078 4494 (ro
1094 4443 1125 4480 nc
1139 4444 1165 4479 o.
1183 4445 1208 4492 q.
1226 4446 1249 4480 o.
1268 4433 1344 4482 etiam
1365 4438 1418 4483 lico
1434 4435 1473 4496 Ι..)
1491 4459 1519 4469 -
1544 4436 1712 4497 conspr-obora
1729 4442 1779 4506 ις,

438 4504 480 4554 04.
493 4504 535 4556 lt.
547 4506 588 4555 50.
601 4505 642 4554 tt.
668 4506 706 4554 Ex
722 4506 763 4556 his
781 4505 859 4557 codd.
872 4507 988 4569 vestigiis
1005 4507 1064 4557 lorl.
1078 4504 1251 4556 scribendum
1268 4510 1323 4557 cst:
1340 4521 1369 4557 re
1384 4509 1438 4558 lom
1454 4509 1626 4571 comprobato.
1641 4542 1671 4553 -
1690 4517 1737 4569 47,
1749 4524 1780 4569 «t

437 4579 510 4630 baim
527 4580 557 4630 C.
576 4604 603 4614 -
622 4578 677 4643 huc]
695 4594 723 4630 eo
740 4581 766 4630 d.
788 4611 815 4618 -
834 4583 874 4633 48.
894 4582 954 4646 tum]
973 4584 1032 4632 dum
1048 4581 1101 4641 bt;
1120 4594 1177 4630 cum
1192 4595 1215 4631 r.
1229 4608 1256 4616 -
1276 4584 1373 4645 possitis
1390 4583 1472 4636 bsw.
1487 4611 1515 4622 ·-
1534 4588 1776 4653 aequipotentia

442 4681 469 4690 -
487 4654 598 4705 viderim
619 4652 784 4715 bistuxz,
811 4657 826 4706 5
848 4656 889 4705 alil
911 4659 989 4721 Lagg.
1013 4684 1039 4692 -
1068 4657 1109 4706 40.
1127 4656 1219 4706 boetem
1236 4659 1338 4720 ang.
1357 4660 1398 4709 50.
1417 4660 1462 4708 bl:
1490 4660 1713 4722 Quiriteihom
1730 4669 1778 4718 gn

440 4730 484 4793 Lg.
502 4731 544 4781 00.
562 4731 608 4791 65;
626 4730 718 4780 bostem
735 4731 806 4792 Quir.
825 4733 912 4782 RLO.
927 4761 955 4769 --
974 4733 1058 4797 quom]
1077 4732 1120 4793 qui
1137 4730 1186 4782 bs.
1207 4758 1234 4767 -
1253 4734 1388 4783 timendum
1404 4747 1454 4785 csse
1470 4734 1497 4785 d.
1512 4760 1540 4771 -
1558 4736 1601 4787 00.
1619 4742 1690 4801 quod
1706 4755 1778 4808 oq!

440 4807 467 4854 el
482 4806 498 4855 5
515 4805 557 4856 alii
575 4807 664 4871 lagg,
683 4807 712 4855 ut
727 4804 849 4855 videtur:
868 4820 944 4869 quom
961 4809 1059 4871 bullii.
1073 4809 1118 4867 57;
1137 4809 1181 4869 qul
1196 4809 1226 4858 tt.
1240 4833 1268 4843 -
1287 4810 1363 4859 otiam
1380 4809 1562 4862 CVbirsx:
1580 4812 1645 4863 illud
1659 4816 1778 4879 dicere

439 4879 499 4940 tto;
523 4881 599 4931 ellam
618 4881 681 4931 illud
702 4881 760 4931 RL.
785 4906 814 4917 -
840 4882 881 4931 04.
900 4882 1011 4933 illoom.
1031 4897 1055 4932 o.
1077 4910 1104 4920 -
1129 4895 1211 4933 semim
1227 4892 1383 4947 mmcswz,
1404 4884 1491 4948 Lg.9;
1517 4898 1673 4940 mom.
1693 4889 1723 4941 d.
1745 4915 1775 4928 -

438 4956 523 5017 copiae
539 4969 599 5007 tuot
614 4955 721 5017 bcds;
739 4969 830 5008 scote
848 4958 938 5020 (omues
954 4971 1013 5008 euos
1029 4960 1114 5022 copies
1130 4971 1212 5010 temen
1226 4959 1260 5021 ο).
1276 4986 1304 4995 -
1323 4960 1471 5025 Tonpillima
1487 4960 1610 5025 stega,
1627 4964 1777 5030 hospitium

438 5042 469 5093 p;
489 5030 627 5095 Tooplllcm
643 5033 672 5082 L.
693 5058 720 5069 —
738 5033 780 5083 00.
798 5032 826 5080 in
840 5037 974 5094 praetexto
990 5034 998 5081 i
1016 5032 1105 5084 solus:
1124 5034 1151 5083 io
1163 5040 1248 5096 prael.
1267 5035 1377 5085 Catilirm
1392 5037 1438 5098 lg.
1449 5034 1496 5095 43,
1514 5034 1542 5086 in
1555 5042 1642 5099 praet.
1655 5039 1777 5104 calm

437 5104 523 5154 nictus
538 5106 585 5169 Lg.
598 5107 639 5156 50.
653 5108 696 5168 57;
714 5108 833 5169 inpraet.
847 5106 975 5157 nummio
991 5106 1042 5169 (vel
1058 5108 1211 5171 calumpnia)
1223 5110 1285 5170 tto,
1304 5108 1352 5158 sed
1365 5110 1398 5159 0:
1418 5109 1580 5176 [columnioh
1600 5112 1701 5176 (more
1716 5128 1778 5168 coe-

435 5185 511 5239 perat
526 5181 554 5229 lo
566 5186 703 5242 praelecto
718 5181 863 5243 mummolo
880 5179 928 5243 dl,
947 5183 1020 5232 Parc.
1040 5183 1067 5233 ct
1083 5196 1152 5232 unus
1170 5185 1251 5235 Paris.
1265 5183 1336 5248 apud
1353 5185 1573 5251 Steinmetztuml
1587 5213 1615 5228 -
1634 5189 1779 5246 cauom

439 5250 519 5305 codd.
537 5251 673 5321 plerique:
698 5255 815 5312 nonnulli
830 5255 975 5313 Plublitlom
992 5258 1032 5323 (t),
1055 5257 1183 5313 Helicon
1200 5260 1257 5325 (ru)
1274 5257 1455 5313 volubilior.
