4367 6109
782 592 852 658 n..
874 594 914 657 u.
943 592 1017 659 cn.
1038 594 1174 660 rv-v.
1203 591 1260 679 pp.
1282 591 1408 660 s-ra.
1696 596 1753 664 lar

430 764 539 828 raliter
566 784 607 827 ex
635 764 726 827 istius
754 762 879 826 cibariis
907 767 1045 838 tractati,
1079 784 1144 828 non
1174 766 1279 829 minos
1306 786 1394 830 acres
1417 775 1526 830 contra
1547 788 1598 830 me
1619 767 1757 834 fuerunt.

430 858 557 931 Videte,
580 858 658 941 quid
681 859 834 940 potuerit,
858 857 912 941 qui
935 866 1086 940 quattuor
1106 859 1139 921 in
1161 880 1224 922 nna
1246 861 1409 942 provincia
1429 869 1614 944 quaestores
1636 861 1759 926 studio-

432 952 573 1017 sissimos
596 951 779 1015 defensores
801 959 1119 1036 propugnatoresque
1147 951 1309 1026 babuerit,
1337 963 1515 1036 praetorem
1542 974 1617 1018 vero
1645 955 1759 1018 cobor-

431 1056 563 1130 temque
584 1053 683 1109 totam
705 1046 750 1108 sic
772 1046 960 1118 studiosam,
988 1053 1024 1108 nt
1045 1045 1137 1109 facile
1160 1055 1325 1129 appareret
1347 1067 1412 1109 non
1435 1056 1499 1110 tam
1520 1047 1584 1110 illis
1607 1049 1757 1124 Siciliam,

431 1160 527 1225 qnam
548 1139 675 1202 inanem
699 1139 912 1212 offenderant,
937 1160 1032 1223 quam
1055 1141 1185 1202 Verrem
1207 1141 1328 1222 ipsum,
1357 1142 1410 1223 qui
1433 1141 1547 1223 plenus
1570 1143 1781 1218 decesserant

430 1234 623 1317 provinciam
638 1232 746 1296 fuisse.
773 1233 885 1295 Minari
902 1233 1033 1308 Siculis,
1057 1234 1083 1296 si
1099 1234 1312 1296 decrevissent
1327 1233 1528 1315 legationem,
1551 1256 1633 1320 qnae
1647 1245 1758 1300 contra

430 1333 525 1393 istum
548 1328 683 1390 diceret:
714 1327 841 1400 minari,
872 1328 897 1389 si
922 1327 976 1410 qui
1000 1334 1107 1390 essent
1127 1326 1281 1408 proiectis
1311 1326 1395 1401 aliis,
1418 1330 1444 1390 si
1465 1328 1647 1404 laudarent,
1668 1330 1758 1393 beni·

431 1422 579 1506 gnissime
609 1421 813 1503 promittere:
841 1421 1044 1502 gravissimos
1071 1422 1263 1504 privatarum
1292 1440 1398 1483 rerum
1419 1429 1531 1497 testes,
1562 1424 1677 1506 quibus
1699 1445 1757 1488 nos

431 1516 648 1601 praesentibus
671 1513 942 1588 denuntiavimus,
973 1534 1027 1577 eos
1050 1515 1081 1576 vi
1104 1512 1322 1598 custodiisque
1344 1516 1490 1578 retinere.
1533 1517 1571 1578 V.
1594 1512 1644 1579 la.
1667 1517 1761 1593 Quae·

431 1631 503 1674 cnm
525 1609 630 1672 omnia
651 1606 733 1670 lacta
755 1609 833 1681 sint,
857 1617 962 1671 tamen
983 1629 1079 1671 unam
1103 1607 1203 1670 solam
1225 1609 1337 1671 scitote
1360 1627 1430 1671 esse
1451 1610 1608 1673 civitatem
1623 1614 1794 1677 Mamer—ro

432 1707 544 1777 tinam,
568 1720 650 1784 quae
671 1701 797 1784 publice
819 1701 956 1783 legatos,
979 1702 1033 1785 qui
1055 1703 1150 1765 istum
1173 1701 1355 1777 laudarent,
1383 1703 1511 1766 miserit
1554 1705 1629 1767 Eius
1651 1715 1756 1769 autem

432 1796 597 1879 legationis
619 1796 811 1877 principem,
843 1795 976 1859 civitatis
998 1796 1231 1858 nobilissimum
1254 1796 1372 1870 civem,
1402 1796 1435 1858 C.
1458 1796 1590 1872 Heium,
1619 1799 1756 1863 iuratum

431 1892 534 1954 dicere
561 1890 692 1953 audistis
721 1890 771 1952 isti
801 1907 914 1952 navem
942 1891 1117 1952 onerariam
1146 1891 1314 1952 maximam
1344 1892 1508 1953 Messanae
1537 1910 1608 1953 esse
1629 1892 1756 1975 publice

431 1984 547 2048 coactis
578 1983 683 2066 operis
713 1981 932 2045 aedificatam:
960 1983 1110 2066 idemque
1132 1984 1390 2045 Mamertinorum
1412 1984 1548 2066 legatus,
1576 1986 1667 2049 istius
1688 1987 1757 2050 lau-

431 2080 537 2151 dator,
567 2096 631 2140 non
654 2075 756 2139 solnm
778 2078 873 2140 istum
896 2078 979 2139 bona
1002 2097 1076 2150 sua,
1102 2097 1211 2140 verum
1234 2077 1329 2140 etiarn
1352 2097 1440 2140 sacra
1462 2079 1604 2162 deosque
1626 2089 1756 2161 penates
1766 2091 1799 2142 rt?

430 2192 448 2234 a
470 2170 639 2235 maioribus
662 2169 794 2234 traditos
817 2190 857 2233 ex
878 2171 1010 2234 aedibus
1033 2171 1099 2233 suis
1123 2173 1276 2253 eripuisse
1293 2171 1382 2234 dixit.
1418 2172 1583 2236 Praeclara
1604 2173 1755 2261 laudatio,

430 2287 501 2329 cum
523 2265 646 2328 duabus
668 2265 701 2327 in
723 2266 817 2327 rebus
839 2264 1013 2346 legatorum
1035 2284 1099 2328 una
1121 2283 1218 2347 opera
1240 2267 1451 2339 consumitur,
1473 2268 1506 2328 in
1528 2267 1689 2332 laudando
1710 2277 1757 2332 at-

430 2379 492 2444 que
513 2357 706 2441 repetendo!
736 2361 841 2441 Atque
862 2378 899 2421 ea
920 2360 991 2440 ipsa
1013 2360 1122 2422 civitas
1145 2379 1209 2442 qna
1230 2359 1353 2420 ratione
1372 2360 1424 2421 isti
1440 2361 1540 2422 amica
1555 2361 1610 2435 sit,
1635 2361 1757 2424 dicetur

430 2461 514 2514 certo
536 2451 618 2513 loco.
661 2453 838 2534 Reperietis
860 2455 961 2526 enirn,
984 2473 1067 2536 qnae
1088 2470 1203 2515 causae
1217 2451 1458 2515 benevolentiae
1473 2456 1667 2517 Mamertinis
1682 2474 1756 2537 erga

429 2548 525 2609 istum
548 2546 627 2618 sint,
651 2564 705 2609 eas
728 2547 814 2628 ipsas
837 2566 948 2609 causas
974 2548 1049 2610 satis
1071 2547 1171 2608 iustas
1194 2566 1264 2608 esse
1286 2545 1509 2608 damnationis.
1552 2548 1623 2610 Alia
1645 2549 1796 2611 civitasso'

430 2639 533 2715 nulla,
555 2639 694 2715 indices,
716 2641 844 2723 publico
860 2641 992 2703 consilio
1016 2639 1134 2703 laudat.
1178 2635 1228 2701 ll.
1251 2640 1306 2702 Vis
1329 2639 1384 2701 illa
1405 2640 1520 2702 sumini
1542 2642 1666 2723 imperii
1687 2649 1756 2703 tan·

431 2743 497 2798 tum
517 2735 623 2817 potnit
645 2736 729 2816 apnd
751 2754 928 2818 perpaucos
949 2735 1111 2805 homines,
1134 2752 1198 2795 non
1219 2734 1377 2805 civitates,
1399 2741 1436 2795 ut
1451 2740 1505 2796 aut
1519 2734 1669 2797 levissimi
1685 2735 1757 2818 qui·

430 2829 502 2892 dam
534 2849 574 2890 ex
604 2828 786 2891 miserrimis
820 2829 1108 2911 desertissimisque
1137 2827 1262 2909 oppidis
1291 2826 1521 2901 invenirentur,
1555 2829 1610 2912 qni
1631 2830 1756 2893 iniussu

432 2922 542 3005 populi
566 2941 602 2984 ac
624 2931 752 2985 senatus
774 2919 1065 3005 proficiscerentur,
1088 2922 1197 2994 antii,
1221 2921 1277 3003 qni
1292 2929 1402 2982 contra
1416 2921 1510 2984 istum
1527 2921 1621 3005 legati
1636 2922 1755 2986 decreti

431 3023 520 3079 erant
542 3023 574 3078 et
595 3016 807 3078 testimoniam
830 3015 992 3097 publicum
1014 3035 1050 3077 ac
1073 3013 1222 3077 mandata
1237 3022 1439 3096 acceperant,
1462 3015 1492 3077 vi
1515 3036 1552 3079 ac
1573 3023 1660 3078 metu
1681 3017 1793 3079 reti-w

430 3117 588 3173 necentur.
633 3108 727 3184 Quod
750 3129 808 3191 ego
831 3111 863 3172 in
885 3111 994 3191 paucis
1017 3117 1121 3172 tamen
1144 3128 1204 3171 usu
1220 3109 1345 3171 venisse
1360 3128 1424 3171 non
1441 3109 1573 3173 moleste
1589 3109 1665 3182 tuli,
1690 3128 1754 3192 quo

429 3204 573 3286 reliquae
595 3211 641 3266 tot
663 3211 696 3266 et
716 3211 822 3266 tautae
844 3212 876 3266 et
898 3213 960 3266 tam
982 3222 1094 3286 graves
1116 3203 1273 3275 civitates,
1303 3210 1370 3265 tota
1392 3201 1532 3286 denique
1555 3203 1661 3266 Sicilia
1682 3203 1755 3286 plus

429 3296 624 3361 auctoritatis
646 3296 731 3379 apud
753 3316 810 3360 vos
832 3296 978 3370 haberet,
1000 3318 1071 3359 cum
1091 3296 1239 3359 videretis
1260 3297 1349 3359 nulla
1369 3297 1400 3358 vi
1421 3298 1565 3371 retineri,
1587 3296 1677 3360 nullo
1699 3316 1756 3380 pe·

430 3390 528 3455 riculo
549 3392 711 3473 prohiberi
725 3390 886 3472 potuisse,
910 3392 1095 3473 quominus
1113 3391 1349 3472 experirentur,
1372 3390 1487 3475 ecquid
1502 3390 1587 3475 apud
1601 3409 1659 3452 vos
1678 3410 1756 3473 que-

430 3489 580 3550 rimoniae
602 3485 744 3547 valerent
765 3485 1055 3568 antiquissimorum
1069 3481 1388 3567 fidelissimorumque
1403 3485 1570 3546 sociorum.
1604 3478 1655 3544 lb.
1676 3485 1792 3549 Namao

431 3580 515 3665 qnod
544 3579 678 3642 fortasse
700 3599 764 3641 non
786 3598 879 3641 nemo
901 3587 1040 3641 vestrum
1063 3577 1213 3649 audierit,
1242 3578 1338 3640 istam
1359 3597 1379 3639 a
1401 3579 1606 3660 Syracusanis
1627 3575 1755 3658 publice

430 3674 566 3747 landari,
599 3674 649 3746 id,
681 3674 806 3735 tametsi
838 3674 944 3755 priore
974 3674 1098 3735 actione
1120 3692 1160 3733 ex
1183 3670 1319 3734 Heraclii
1343 3671 1534 3753 Syracusani
1555 3670 1755 3742 testimonio,

430 3765 607 3830 cuiusmodi
630 3772 729 3839 esset,
753 3767 961 3848 cognovistis,
984 3774 1090 3827 tamen
1113 3765 1203 3827 vobis
1226 3764 1289 3827 alio
1311 3766 1399 3837 loco,
1426 3771 1463 3826 ut
1484 3784 1518 3827 se
1540 3771 1607 3827 tota
1627 3783 1678 3826 res
1699 3763 1756 3824 ba·

429 3861 517 3934 beat,
540 3859 626 3945 quod
649 3860 689 3921 ad
712 3879 782 3923 eam
804 3861 960 3922 civitatem
987 3860 1114 3932 attinet,
1143 3858 1419 3921 demonstrabitur.
1463 3855 1649 3938 Intelligetis
1671 3855 1755 3918 enim

430 3954 525 4017 nullis
547 3953 728 4016 hominibus
751 3973 945 4038 quemquam
969 3961 1055 4015 tanto
1078 3951 1152 4015 odio
1168 3961 1285 4034 quanto
1305 3953 1402 4014 istum
1416 3950 1624 4034 Syracusanis
1640 3956 1671 4012 et
1684 3964 1805 4019 emens.

431 4056 462 4110 et
482 4047 591 4111 fuisse.

1609 4207 1753 4221 -ι-

494 4330 519 4379 2.
536 4341 590 4376 aaa
606 4324 813 4389 ignauum:
836 4338 890 4377 om.
909 4326 954 4376 ott.
975 4351 1000 4363 -
1026 4325 1050 4374 6.
1069 4325 1229 4374 decrevissent
1245 4320 1447 4385 egelestae:
1465 4321 1600 4372 ment
1616 4321 1696 4372 codd.
1714 4335 1756 4372 re·

429 4403 491 4465 liqui
514 4403 568 4451 noti
590 4404 617 4450 et
637 4401 666 4450 0.
692 4427 717 4438 -
746 4400 1043 4464 legationem-diceret
1058 4398 1074 4450 l
1090 4397 1140 4449 nl:
1163 4397 1463 4462 aymone-Miserunt
1485 4395 1533 4446 dtt.
1552 4398 1581 4447 0.
1601 4424 1629 4433 —
1648 4398 1688 4447 td.
1706 4398 1756 4448 atat

430 4477 498 4541 Lgli
515 4479 543 4526 et
558 4475 653 4539 vulgo:
671 4480 728 4525 sant
744 4476 794 4525 ΑΒ
813 4478 858 4525 ott.
878 4476 938 4537 ng.
957 4472 990 4525 nl.
1011 4501 1039 4510 -
1059 4475 1098 4524 ta.
1117 4477 1195 4524 moen
1211 4473 1280 4537 agar
1297 4486 1324 4536 p.
1343 4485 1379 4522 m.
1398 4474 1473 4534 qu:
1493 4485 1546 4524 om.
1562 4474 1608 4521 ctt.
1621 4471 1649 4521 0.
1669 4471 1758 4524 Habet

431 4556 519 4602 tamen
536 4549 633 4613 aliquid
651 4550 804 4601 oliensionis
820 4550 928 4599 multatis
943 4550 1011 4599 cion.
1039 4550 1106 4599 lutra
1125 4550 1149 4613 ξ.
1163 4550 1219 4599 tos.
1238 4547 1349 4611 legitur:
1370 4548 1507 4598 «Sthenius
1523 4547 1756 4597 abitatiasuaeno-

431 4626 574 4674 btttasimua·
594 4625 617 4688 s.
636 4626 676 4675 63.
698 4626 801 4675 «liuius
816 4623 894 4688 longe
914 4625 1013 4687 primus
1028 4625 1137 4673 civitatis
1153 4626 1194 4675 est
1211 4624 1367 4688 Epicrates»
1389 4621 1447 4672 coll.
1467 4623 1497 4672 V.
1516 4621 1540 4685 5.
1558 4623 1599 4671 20.
1619 4621 1756 4672 «noussen

431 4699 633 4750 honestissimae
650 4701 759 4749 ciotrntia
774 4699 1016 4749 honestissimum.»
1034 4699 1075 4748 lv.
1094 4699 1109 4762 g
1132 4700 1172 4749 ti.
1190 4699 1231 4747 vir
1247 4696 1425 4762 amplissimus
1442 4696 1625 4747 m'nseicitcts'a.
1643 4697 1710 4745 Mam
1721 4707 1754 4744 er

431 4774 482 4825 alio
502 4788 599 4838 genere
622 4779 677 4832 est,
702 4773 773 4838 quod
790 4775 833 4825 lv.
853 4774 877 4839 ἓ.
896 4776 952 4825 tlt.
974 4772 1070 4836 legitur
1088 4775 1153 4823 dtas
1168 4774 1234 4822 tuias
1249 4773 1371 4830 οἰυῑιαίἰις
1395 4773 1566 4836 opponuntur
1581 4770 1653 4820 enim
1668 4782 1756 4818 soem-

431 4853 537 4900 dotca.-
556 4848 596 4899 td.
615 4850 720 4898 traditos
736 4862 789 4899 orn.
803 4849 850 4898 dtt.
862 4874 891 4886 —
910 4863 943 4898 ec
959 4847 1124 4898 sedlbascod.
1136 4846 1247 4909 sangall.
1259 4872 1286 4882 -
1306 4846 1346 4897 48.
1359 4848 1472 4908 mucio
1487 4849 1564 4907 repet.
1577 4844 1696 4895 ABL.-
1713 4843 1756 4893 iatt

432 4925 456 4982 l,
467 4939 490 4985 φ
507 4927 581 4973 Asc:
599 4924 637 4972 sus
654 4924 701 4973 dtt.
714 4924 744 4973 O.
758 4952 785 4961 -
806 4925 846 4973 ro.
859 4925 894 4973 M.
907 4937 970 4986 erga
986 4925 1060 4972 mum
1075 4922 1204 4985 atatLgib
1220 4935 1247 4986 p.
1261 4933 1313 4971 m.:
1332 4921 1383 4970 sint
1398 4922 1434 4971 M.
1447 4934 1509 4984 erga
1525 4921 1600 4970 istum
1616 4920 1662 4969 ott.
1680 4919 1709 4969 0.
1724 4945 1753 4957 -

431 5001 472 5049 id.
490 4999 552 5049 satis
568 5011 621 5049 om.
640 4998 806 5061 agauniae.
825 5022 853 5036 -
872 4996 913 5048 il.
932 5004 977 5047 ant
992 4998 1017 5046 M
1032 5000 1062 5048 N.
1086 5024 1111 5035 ·-
1130 4998 1206 5060 legati
1221 4997 1311 5045 decreti
1327 5001 1400 5045 erant
1416 4994 1545 5055 lNMcp:
1562 4994 1658 5057 &palm
1673 4994 1757 5044 dm

432 5082 521 5125 omont
537 5075 584 5125 dtt.
605 5101 632 5110 -
651 5075 692 5123 25.
710 5086 741 5121 ac
756 5074 878 5121 mandata
896 5071 963 5135 Lglt
973 5073 1010 5121 u:
1028 5073 1199 5133 mandatoque
1214 5071 1295 5131 ane
1312 5072 1372 5121 Asc.
1388 5096 1415 5105 -
1434 5071 1475 5120 26.
1494 5070 1540 5120 tuti
1550 5067 1618 5131 igit
1630 5081 1656 5132 p.
1670 5081 1707 5118 m.
1720 5068 1753 5118 l‘:

432 5153 485 5213 fero
502 5153 547 5201 ctt.
566 5152 594 5200 0.
615 5173 642 5185 ·-
667 5147 707 5198 28.
729 5148 840 5197 videritis
856 5145 924 5209 1,ng
941 5160 967 5212 p.
986 5159 1021 5196 m.
1041 5147 1104 5197 MC.
1126 5174 1152 5183 -
1177 5144 1218 5195 29.
1238 5146 1348 5208 potuisse
1364 5144 1537 5208 agressa:
1556 5156 1629 5205 posse
1650 5141 1699 5191 dtt.
1723 5142 1753 5192 ln
1772 5174 1777 5183 ·

434 5224 501 5288 Lgli
518 5227 660 5288 utrumque
679 5223 853 5285 coniungitur.
873 5245 900 5256 -
917 5226 943 5270 et
958 5222 1019 5282 quid
1033 5222 1102 5279 AC,
1128 5222 1232 5283 necquid
1248 5219 1335 5284 [μὴ
1361 5219 1458 5279 nltqusd
1473 5217 1521 5269 dtt.
1541 5244 1568 5255 -
1592 5215 1634 5268 dl.
1651 5218 1756 5267 attinnt

433 5298 502 5362 agla
518 5313 545 5364 p.
557 5312 594 5350 m.
608 5325 636 5337 -
654 5298 694 5352 dt.
710 5302 832 5364 samam
848 5295 896 5349 dtt.
916 5323 944 5337 ··
962 5299 986 5348 a
1001 5308 1051 5349 case
1065 5293 1186 5362 lassu:
1204 5300 1228 5346 et
1243 5307 1297 5346 om.
1314 5295 1365 5346 ΑΒ
1382 5292 1439 5346 rell.
1457 5294 1519 5357 ια.
