4367 6109
445 542 509 612 376
818 542 862 606 IN
882 540 1049 607 VERREM
1069 538 1193 605 auno
1215 536 1399 604 SECUNDA

445 738 548 783 mura
570 734 669 780 raons
691 731 767 777 surr
788 731 829 774 nu
853 711 927 774 Sex.
949 711 1128 774 Provcmo.
1162 709 1263 785 Dicit,
1285 709 1340 794 qui
1354 709 1446 795 primi
1459 709 1629 774 suaserint
1657 706 1775 806 Decet-3

445 814 542 876 nitur.
569 807 714 871 Refertur
735 805 850 869 deinde
872 803 912 868 de
934 805 1042 868 Verre.
1073 804 1147 880 llio,
1170 823 1300 888 quaeso,
1323 824 1386 888 quo
1408 804 1522 869 modol
1551 801 1647 879 Qron
1667 803 1774 866 vm‘s

448 922 552 969 raora
579 921 655 966 arur
683 921 725 964 nn
748 898 782 962 C.
804 900 923 962 Vanae.
968 897 1053 973 Quid
1084 906 1197 981 postea
1224 899 1373 981 scriptum
1402 899 1475 960 esti
1512 895 1582 959 Cras
1611 912 1775 959 meram

446 1019 533 1064 nano
553 1015 658 1071 auom
680 1013 877 1059 samarian
899 1013 1043 1057 orcanae.
1077 993 1164 1069 Quid
1186 999 1235 1057 est
1253 992 1336 1055 boui
1357 1024 1398 1038 -
1412 1010 1486 1055 sons
1500 1009 1645 1055 nvom.
1668 989 1775 1066 Qum

424 1095 487 1159 nob
508 1094 596 1156 remi
623 1092 723 1153 Nemo
745 1094 812 1150 erat
833 1087 1026 1150 uoluntarius
1048 1086 1192 1150 laudator
1212 1093 1377 1170 praeturae
1400 1091 1488 1160 tuae,
1520 1084 1669 1150 defensor
1692 1087 1775 1170 peri-

448 1186 607 1260 culorum,
635 1182 818 1269 praeaertim
847 1201 917 1243 oum
947 1179 1027 1244 inire
1049 1199 1068 1244 a
1096 1189 1241 1262 praetore
1262 1181 1392 1266 gratiam
1414 1183 1541 1264 passati
1573 1182 1688 1246 Nemo.
1724 1181 1773 1245 llll

447 1281 508 1365 ipsi
529 1279 576 1342 tui
597 1277 766 1350 sondrae,
798 1274 984 1349 consiliarii,
1014 1275 1152 1348 conscii,
1178 1276 1256 1338 socii
1279 1275 1409 1338 verbum
1429 1274 1533 1339 iacere
1554 1295 1619 1339 non
1641 1274 1773 1339 audent.

447 1374 485 1437 ln
507 1392 570 1458 qua
591 1372 678 1436 curia
699 1376 802 1433 statua
823 1375 878 1431 tua
898 1368 1000 1431 stabad
1021 1375 1054 1433 et
1074 1369 1159 1431 nuda
1179 1368 1253 1445 filii,
1283 1371 1316 1432 in
1338 1387 1377 1432 ea
1397 1388 1492 1433 nemo
1514 1367 1590 1444 tuit,
1613 1388 1655 1432 ne
1677 1388 1774 1454 quem

446 1467 550 1531 nudas
579 1464 705 1550 quidem
733 1462 817 1526 filius
845 1463 962 1526 nudata
988 1462 1151 1546 provincia
1177 1466 1409 1527 commoveret?
1453 1459 1525 1526 444.
1547 1466 1652 1548 Atque
1675 1463 1774 1526 etiam

410 1579 438 1627 44
446 1561 508 1624 boo
530 1579 580 1623 me
595 1558 718 1632 docent,
741 1557 810 1620 eius
826 1557 910 1620 modi
926 1565 1053 1620 senatus
1069 1558 1246 1621 consultum
1259 1556 1370 1622 fecisse
1386 1556 1588 1633 laudationis,
1608 1566 1645 1622 ut
1660 1576 1775 1621 omnes

446 1654 623 1737 intelligere
650 1658 780 1736 possent
805 1671 870 1714 non
895 1650 1124 1726 laudationem,
1158 1651 1213 1715 sed
1241 1653 1347 1736 potins
1374 1653 1552 1715 irrisionem
1580 1671 1650 1715 ease
1673 1650 1774 1726 illam,

448 1767 531 1833 quae
553 1744 836 1809 commonefaceret
857 1745 948 1808 istius
974 1751 1096 1829 turpem
1119 1745 1395 1829 calamitosamque
1416 1751 1603 1829 praeturam.
1645 1745 1775 1809 Etenim

345 1882 351 1894 ·
448 1840 599 1926 scriptum
627 1858 697 1903 esse
718 1839 776 1913 ita,
806 1858 889 1912 oron
918 1857 947 1902 ιε
970 1858 1071 1901 maora
1092 1859 1237 1902 seusana
1260 1858 1453 1913 cacrorssar,
1482 1857 1586 1923 aquo
1610 1837 1776 1922 cognostis

448 1933 664 1997 nobilissimos
685 1932 831 1996 homines
854 1939 950 2017 atque
972 1933 1248 2002 innocentissimos
1271 1933 1372 1996 securi
1388 1951 1457 1995 esse
1479 1950 1664 2016 percussos:
1688 1947 1775 2004 oron

411 2046 639 2095 noviomenses
669 2045 859 2090 nnovrucmu
888 2045 1167 2101 annunciantium,
1197 2026 1286 2089 ouius
1316 2046 1425 2090 omnes
1448 2025 1569 2108 vigilias
1596 2025 1631 2087 in
1652 2025 1776 2108 stupris

449 2126 572 2185 constat
598 2139 668 2182 esse
697 2127 914 2202 consumptas:
947 2119 1009 2182 hoc
1036 2140 1112 2186 uero
1143 2121 1293 2202 scriptum
1316 2140 1402 2195 esse,
1436 2120 1521 2203 quod
1542 2119 1686 2203 prolerre
1708 2137 1777 2181 non

449 2213 580 2279 auderet
600 2233 688 2288 reus,
719 2222 881 2277 accusator
902 2215 1031 2277 recitare
1053 2233 1118 2276 non
1139 2213 1314 2289 desineret,
1342 2233 1426 2289 oron
1448 2233 1628 2277 emanares
1650 2231 1776 2276 nourr.

448 2328 489 2372 sn
519 2326 630 2372 lusvoa
653 2307 773 2371 Sicania
801 2297 1024 2371 enonanvrsssr
1044 2309 1189 2381 Vernus,
1218 2327 1300 2392 quos
1322 2310 1417 2372 etiam
1439 2309 1520 2371 intra
1543 2308 1777 2392 Syracusanam

396 2427 399 2431 ·
449 2401 585 2465 insulam
599 2401 781 2486 recepisset.
814 2400 908 2464 LXV.
931 2396 1002 2463 445.
1017 2401 1103 2465 llaec
1116 2409 1323 2486 posteaquam
1341 2422 1382 2464 ex
1395 2401 1460 2465 illis
1475 2402 1626 2485 cognovi,
1640 2401 1779 2465 discessi

412 2516 520 2568 eccum
541 2493 635 2558 fratre
657 2515 675 2558 e
698 2496 800 2570 cuna,
828 2502 865 2558 ut
892 2495 985 2558 nobis
1016 2495 1217 2570 absentibus,
1248 2495 1275 2557 si
1299 2494 1376 2579 quid
1396 2495 1527 2568 vellent,
1556 2494 1776 2558 decernerent.

450 2780 514 2830 qaae
530 2765 608 2830 4349.
636 2793 664 2802 -
693 2766 716 2816 4.
735 2767 765 2818 de
780 2771 850 2818 44444
867 2768 896 2817 ii.
917 2795 944 2804 -
971 2766 1295 2817 Peducaeo··deccmitar
1311 2777 1363 2814 om.
1382 2762 1427 2814 443.
1455 2791 1482 2800 -
1507 2765 1532 2816 4.
1550 2764 1645 2830 44444444]
1662 2765 1722 2816 dein
1737 2765 1776 2826 44;

449 2843 536 2894 44444444
555 2840 613 2903 Ld,
631 2840 680 2893 sed
701 2853 755 2891 om.
774 2842 804 2893 de
823 2855 880 2907 seq.
910 2870 937 2879 -
963 2842 988 2895 4.
1010 2847 1045 2892 eat
1064 2842 1110 2891 444
1125 2842 1190 2892 aot
1207 2841 1275 2904 4349
1296 2838 1345 2890 ab:
1370 2840 1415 2890 444
1431 2845 1466 2890 444
1482 2842 1519 2891 Gt
1536 2840 1583 2892 Ld.
1600 2840 1670 2906 ugit
1681 2841 1725 2893 46.
1745 2867 1776 2878 -

449 2919 474 2968 b.
490 2917 660 2981 penestarum
676 2921 776 2967 44444444
792 2916 856 2967 dett.
876 2918 905 2967 0.
928 2943 955 2953 -
984 2917 1008 2968 6.
1026 2930 1043 2967 a
1059 2918 1085 2966 P.
1105 2918 1133 2967 44.
1151 2916 1181 2966 R.
1206 2942 1233 2952 -
1260 2914 1297 2964 4444
1315 2915 1362 2976 ipsi
1378 2912 1458 2965 aei:
1485 2915 1533 2977 ipsi
1553 2916 1591 2965 4444
1607 2915 1673 2967 dett.
1693 2915 1724 2966 0.
1743 2941 1773 2951 -

450 2993 475 3042 4.
493 2997 517 3042 et
532 2993 623 3042 44444444
634 2990 698 3042 dett.
712 2993 741 3041 0.
757 3015 785 3028 -
803 2992 863 3042 socii
874 3005 927 3043 om.
941 2994 971 3042 0.
991 2993 1023 3042 at
1034 2990 1067 3041 ci.
1081 2990 1167 3041 Madv.
1181 3003 1207 3053 p.
1221 2989 1262 3040 39.
1276 3016 1303 3024 -
1322 2990 1414 3040 auden
1426 2989 1461 3041 443
1474 2987 1509 3038 i:
1527 2991 1652 3042 4444444444
1661 2987 1729 3041 dett.
1741 2991 1774 3041 0.

450 3093 478 3104 -
492 3067 516 3117 8.
534 3071 580 3117 tna
596 3079 650 3118 om.
662 3067 740 3130 ugia.
755 3092 782 3102 -
801 3069 870 3117 nuda
881 3068 908 3116 in
923 3066 1131 3132 candidatio.
1152 3067 1195 3131 (tili
1212 3067 1279 3116 4444.
1293 3067 1344 3130 pr.)
1363 3093 1390 3103 -
1409 3079 1440 3115 ne
1456 3067 1575 3128 quaesiti
1587 3066 1681 3128 lagga
1701 3077 1777 3127 4444444

449 3156 481 3193 ne
496 3143 593 3192 Victor.
611 3143 640 3191 0.
666 3144 701 3192 at
716 3140 749 3191 44.
768 3141 854 3192 Madv.
873 3142 949 3206 epist.
969 3155 995 3206 p.
1013 3142 1055 3192 46.
1074 3143 1121 3206 Op.
1134 3143 1153 3191 4.
1172 3154 1198 3205 p.
1216 3140 1273 3190 345.
1292 3166 1319 3175 -
1342 3140 1366 3191 9.
1383 3141 1451 3204 filius
1466 3141 1566 3202 quiden
1582 3135 1659 3204 ngas.
1680 3167 1708 3178 -
1726 3153 1777 3189 4444-

450 3217 513 3267 data
524 3216 657 3280 provincio
674 3217 707 3266 Ii:
726 3221 749 3265 et
765 3218 863 3266 nodata
875 3230 918 3278 pr.
932 3218 984 3276 Gl;
1001 3216 1081 3266 44444444
1098 3218 1159 3265 data
1174 3231 1214 3278 pr.
1233 3217 1269 3266 (44
1286 3215 1348 3276 Ld.;
1366 3217 1435 3266 nuda
1448 3230 1521 3278 prov.
1534 3216 1616 3276 dett.;
1633 3218 1661 3266 in
1676 3216 1777 3266 4444444444

447 3304 519 3354 proo.
539 3292 567 3341 0.
595 3289 645 3340 4441
662 3292 723 3341 ante
740 3291 829 3341 omnia
847 3305 908 3342 cum
924 3292 1038 3342 Manutio
1057 3294 1195 3341 teneamus
1213 3304 1324 3342 necesse
1342 3294 1395 3352 est,
1414 3291 1588 3354 significatum
1605 3291 1777 3344 aubobsooe-

450 3378 514 3415 num
530 3363 613 3416 latere
630 3365 656 3415 in
672 3363 763 3416 verbis
779 3367 860 3415 nudas
877 3368 904 3416 et
919 3380 1084 3427 commouere;
1107 3380 1158 3416 non
1177 3368 1247 3416 enim
1265 3366 1380 3431 loquitur
1396 3370 1486 3418 orator
1502 3367 1535 3418 de
1553 3365 1706 3418 hominibus
1723 3365 1777 3416 ho-

449 3442 544 3500 nestis,
563 3439 611 3490 sed
629 3439 662 3489 da
674 3439 763 3490 Verris
780 3442 898 3492 convivis
915 3444 994 3506 atque
1007 3442 1139 3492 consciis:
1156 3440 1234 3490 Siculi
1245 3444 1334 3490 aulem
1347 3456 1361 3489 e
1374 3443 1534 3493 Graecorum
1546 3454 1630 3501 more,
1649 3441 1777 3491 Romanis

449 3513 628 3565 severioribus
645 3515 732 3564 minus
751 3515 877 3578 probato,
897 3516 995 3566 nudam
1013 3516 1056 3566 tilii
1068 3517 1157 3568 Verris
1171 3518 1284 3567 statuam
1298 3518 1499 3578 constituerant,
1518 3519 1567 3577 ita,
1586 3515 1680 3576 credo,
1699 3513 1777 3564 utad

449 3586 517 3639 latus
535 3589 666 3653 equestris
683 3591 784 3640 statuae
802 3592 882 3654 patris
900 3590 922 3641 is
939 3590 1064 3641 adstaret.
1096 3592 1152 3642 Hoc
1170 3593 1246 3654 igitur
1263 3590 1358 3641 lasciue
1376 3591 1537 3643 ludibundus
1555 3593 1630 3642 dicit:
1656 3591 1702 3640 ain
1719 3593 1778 3640 tam

450 3664 547 3716 nudata
566 3664 672 3729 (duplici
689 3665 741 3715 hoc
757 3678 864 3729 quoque
881 3667 969 3730 sensu)
988 3667 1133 3731 provincia,
1151 3679 1266 3716 nemone
1284 3667 1352 3716 inter
1369 3668 1485 3730 perditos
1497 3667 1554 3719 illos
1565 3669 1625 3728 tuit,
1645 3678 1727 3730 quem
1740 3679 1776 3715 ne

449 3738 599 3805 pulchellus
620 3739 729 3804 quidem
750 3739 792 3790 ille
814 3739 969 3791 adolescens
990 3742 1077 3793 nudus
1098 3743 1293 3800 commoveret,
1316 3743 1442 3792 excitaret
1460 3742 1564 3808 (duplici
1581 3755 1662 3794 sensu
1679 3743 1707 3790 et
1723 3739 1777 3790 ob-

451 3826 550 3878 spoeoo
568 3816 595 3864 et
611 3814 725 3878 proprio)
744 3814 777 3863 ad
794 3818 897 3878 petrem
917 3814 1122 3866 laudandum‘i·
1149 3819 1194 3867 04.
1213 3814 1272 3867 coll.
1290 3818 1320 3866 14.
1340 3817 1362 3880 5.
1383 3816 1438 3867 464.
1467 3843 1494 3852 -
1522 3818 1561 3867 to.
1579 3821 1679 3866 4444444444
1694 3815 1775 3878 cons]

450 3889 477 3939 S.
497 3889 523 3945 C.
542 3890 611 3939 4464
628 3889 690 3939 Lu:
717 3890 873 3940 Scansaltnm
890 3892 941 3949 Gi;
967 3892 1080 3941 Siciliam
1099 3893 1128 3954 [s.
1146 3893 1172 3941 in
1192 3892 1286 3954 Sicilia)
1304 3892 1368 3941 deit.
1394 3918 1421 3926 -
1447 3892 1532 3955 secisse
1547 3892 1598 3942 aa:
1624 3904 1673 3942 sese
1688 3890 1776 3955 [444444

451 3962 516 4014 dett.
535 3964 564 4013 0.
583 3988 610 3998 -
630 3963 785 4014 laudationes
801 3965 852 4023 om
870 3964 1040 4016 laudationem
1055 3967 1134 4029 Lessg.
1156 3965 1202 4029 [sic
1219 3964 1313 4016 saitem
1331 3965 1372 4015 ed.
1393 3967 1490 4026 Garat,
1509 3965 1578 4016 nulla
1596 3967 1775 4030 discrepantia

452 4053 483 4091 ex
502 4041 579 4103 Legg.
598 4053 612 4090 a
630 4037 705 4089 Nieb.
720 4039 872 4104 adscripta]
898 4040 984 4091 Locus
1001 4040 1044 4090 hic
1060 4042 1132 4090 varie
1151 4041 1307 4091 coniecturis
1324 4042 1438 4090 tentatus
1456 4043 1510 4090 est:
1529 4042 1648 4091 eiusmodi
1663 4047 1777 4091 sennua

451 4115 555 4166 4444444444
570 4113 644 4177 faisse
660 4115 828 4164 undationem
845 4115 985 4173 Graevins3
1004 4116 1089 4166 4444444.
1108 4115 1263 4164 &amatium
1278 4115 1353 4178 faisse
1369 4115 1520 4165 laudationis
1535 4117 1684 4182 Zumptius3
1707 4119 1776 4168 44444·

451 4191 518 4240 modi
539 4202 565 4240 se
585 4190 723 4240 4444444444
743 4191 827 4254 secisse
848 4190 998 4241 laudationis
1015 4190 1103 4249 lialm;
1126 4193 1211 4240 444444.
1229 4191 1255 4240 8.
1275 4191 1301 4242 C.
1318 4191 1403 4254 secisse
1421 4205 1446 4241 se
1462 4192 1613 4241 laudationis
1628 4190 1701 4242 Klotz
1718 4190 1736 4243 l.
1754 4190 1774 4243 l.

452 4278 479 4331 p.
499 4263 555 4315 444.
581 4265 607 4313 Si
622 4265 720 4328 secisse,
744 4263 816 4330 quod
834 4278 927 4316 omnes
945 4265 1023 4316 codd.
1042 4269 1162 4326 tuentur,
1186 4267 1341 4326 retineatur,
1360 4268 1516 4330 pronomine
1532 4280 1558 4316 44
1573 4280 1652 4330 aegre
1669 4280 1773 4319 careas.

454 4366 482 4376 -
500 4340 537 4389 ati
553 4339 630 4403 Lgi9.
650 4366 677 4375 -
697 4342 737 4391 44.
755 4342 899 4391 inrisionem
915 4342 944 4392 li.
964 4368 991 4377 —
1012 4342 1051 4392 44.
1070 4342 1255 4405 commefaceret
1271 4343 1299 4393 44,
1314 4369 1341 4377 -
1358 4343 1514 4407 praeturam]
1535 4343 1598 4393 Post
1613 4342 1639 4390 b.
1655 4355 1680 4392 v.
1698 4342 1777 4404 [44444

452 4411 494 4466 vel
511 4412 586 4479 plura
604 4415 684 4466 etiam
702 4416 830 4467 excidisse
848 4419 997 4481 suspicatur
1013 4417 1099 4468 Madv.
1117 4430 1142 4481 p.
1156 4418 1196 4468 86.
1216 4416 1274 4467 coll.
1293 4418 1339 4482 Op.
1353 4420 1372 4468 1.
1391 4433 1417 4483 p.
1431 4416 1488 4468 364.
1507 4431 1587 4480 «qnae
1601 4431 1777 4480 receptionem

453 4490 743 4553 4444414444444444444
762 4492 830 4543 coni.
850 4494 904 4542 lieu
921 4493 952 4541 ll.
972 4505 997 4556 p.
1018 4492 1057 4543 68.
1083 4492 1223 4556 Vulgaium
1241 4495 1329 4543 tuetur
1346 4495 1431 4543 Garat.
1448 4494 1478 4542 ll.
1497 4490 1555 4543 loco
1571 4492 1680 4542 Vitruuii
1697 4493 1729 4542 44.
1748 4493 1774 4554 4,

453 4566 493 4616 o:
510 4566 540 4615 In
556 4564 677 4627 Capitolio
692 4568 899 4631 commonefacere
911 4573 992 4630 potest
1007 4573 1030 4618 et
1045 4569 1187 4633 sipniflccre
1202 4582 1282 4618 mores
1296 4569 1424 4619 uetustatis
1435 4568 1531 4619 44444444
1546 4580 1607 4617 casa
1622 4567 1649 4615 in
1664 4579 1725 4617 arce
1734 4579 1777 4616 44-

453 4653 556 4691 44444444
571 4642 713 4691 stramentis
728 4647 807 4692 tnta:
835 4656 997 4708 quemquam
1018 4643 1108 4694 addito
1124 4658 1150 4694 v.
1168 4645 1309 4708 sinniflcare
1329 4644 1407 4693 huius
1424 4641 1473 4692 loci
1490 4643 1557 4692 ratio
1574 4640 1651 4706 paulo
1668 4642 1775 4692 diversa

455 4719 504 4768 est.
530 4742 557 4752 -
585 4730 615 4766 ea
630 4717 696 4767 enim
712 4718 790 4781 Lagg.
809 4722 915 4782 praeter
930 4718 971 4768 49.
999 4744 1025 4755 -
1053 4718 1093 4770 43.
1112 4720 1231 4782 sniplam
1246 4724 1281 4768 est
1297 4719 1331 4777 44;
1354 4718 1449 4780 scripta
1465 4722 1500 4768 est
1517 4719 1593 4781 lagg.
1613 4744 1640 4753 -
1664 4717 1701 4766 ita
1718 4731 1772 4769 om.

455 4794 533 4856 lagg.
553 4790 617 4842 dett.
638 4819 664 4828 -
683 4792 705 4840 44
721 4792 758 4842 li:
775 4792 822 4842 4444
834 4793 884 4847 63ς
903 4793 948 4842 ista
963 4792 1026 4843 dett.
1040 4795 1069 4844 0.
1083 4821 1110 4830 -
1129 4794 1250 4858 connectis
1265 4793 1329 4843 RGl
1346 4791 1407 4842 Ld:
1426 4794 1551 4856 4444444444
1562 4794 1611 4852 Gi;
1630 4795 1777 4857 mposisse

456 4867 520 4919 dell.
539 4868 568 4918 0.
582 4894 609 4903 -
629 4865 669 4918 44.
688 4868 755 4930 qnod
770 4869 838 4932 alpii.
858 4869 952 4918 admin.
970 4871 1046 4918 Aous.
1065 4869 1099 4918 444.
1118 4882 1144 4932 p.
1157 4869 1215 4917 444.
1234 4893 1261 4903 -
1287 4867 1327 4917 46.
1345 4872 1441 4917 constan
1457 4868 1493 4917 443
1505 4866 1537 4917 i:
1564 4874 1660 4919 4444444
1675 4869 1776 4920 adulta

454 4944 548 5006 riisque
564 4941 628 4992 dett.
647 4942 675 4993 Ο.
696 4969 723 4978 -
747 4942 802 5007 444]
824 4944 961 4993 uniusmodi
984 4948 1081 4993 constat
1100 4944 1145 4993 444
1161 4942 1206 4993 aa.
1232 4943 1265 4992 st
1281 4940 1322 4991 iila
1340 4956 1382 4992 vv.
1401 4943 1458 4993 sine
1476 4942 1557 4994 dubio
1574 4944 1600 4993 h.
1619 4944 1636 4994 l.
1655 4947 1717 4996 sunt
1732 4946 1776 4996 in-

456 5018 601 5084 eptissima.
627 5015 660 5067 cl.
679 5017 765 5068 Madv.
783 5015 800 5067 l.
814 5017 830 5068 l.
845 5045 872 5055 -
890 5031 949 5068 aero
965 5017 1016 5077 443,
1035 5019 1119 5082 Lgiii:
1137 5017 1257 5076 aldati,
1275 5016 1375 5081 [antem]
1393 5019 1422 5067 0.
1436 5044 1463 5053 -
1482 5032 1532 5069 esse
1548 5020 1581 5084 44,
1600 5020 1615 5070 6
1632 5021 1721 5084 dagge
1739 5026 1776 5071 eat

457 5093 507 5155 Gi,
525 5094 600 5143 etiam
616 5092 684 5155 Lgil
696 5092 742 5152 46;
760 5092 805 5142 boc
820 5106 879 5143 cero
890 5119 927 5130 ·-
938 5093 1056 5143 desinam
1073 5094 1147 5143 uncis
1164 5090 1268 5143 inclusit
1285 5091 1372 5147 444444.
1392 5093 1436 5158 qui
1448 5094 1515 5145 haec
1526 5108 1568 5144 vv.
1582 5094 1616 5145 ab
1628 5097 1773 5159 interprete

457 5168 545 5220 addila
561 5180 621 5219 esse
639 5169 795 5232 suspicatur.
809 5194 835 5204 -
856 5169 1139 5232 innocentissimae:
1158 5171 1249 5232 recepit
1264 5171 1332 5222 coni.
1347 5169 1421 5222 iialm
1435 5172 1579 5222 admodum
1590 5170 1772 5237 probabiliter.

458 5269 486 5287 -
504 5243 565 5294 4444
580 5239 676 5295 aiot
692 5241 819 5296 aaziae
835 5245 883 5306 Gl;
901 5256 967 5308 auae
983 5244 1047 5296 dett.
1066 5246 1095 5295 0.
1115 5271 1142 5281 -
1161 5246 1202 5298 40.
1219 5259 1233 5297 4
1249 5258 1303 5300 om.
1321 5246 1398 5312 Lagg.
1417 5251 1523 5314 praeter
1539 5247 1579 5300 l8.
