4367 6109
759 558 831 626 cn.
851 556 1151 625 xxu-xxrn.
1178 553 1235 643 ss.
1257 553 1411 625 u-si.
1703 552 1745 624 aa

422 734 559 808 larium,
582 738 614 797 et
635 737 707 796 anto
727 729 789 794 boo
810 735 935 813 tempus
949 735 1120 813 utramque
1135 727 1324 793 inauditum.
1352 728 1558 812 Septingenta
1571 729 1659 795 milia
1672 751 1745 815 pas-

424 847 518 892 suum
540 826 589 891 vis
611 846 680 890 esse
705 824 839 888 decursa
859 823 981 886 biduoi
1001 823 1069 886 Die.
1084 855 1126 869 -
1147 825 1272 906 Negas?
1294 830 1367 887 ante
1381 823 1479 905 igitur
1491 824 1622 888 misisti:
1649 826 1743 890 malo.

423 923 458 986 si
481 921 567 985 enim
590 919 670 983 illud
692 919 828 992 diceres,
850 917 995 999 improbe
1016 918 1143 980 mentiri
1164 916 1324 992 viderero;
1348 938 1419 980 cum
1436 917 1497 980 hoc
1512 913 1688 993 confiteris,
1710 919 1744 982 id

422 1023 455 1080 te
482 1015 649 1079 admisisse
672 1011 837 1085 concedis,
869 1010 956 1094 quod
984 1031 1024 1073 ne
1050 1010 1216 1074 mendacio
1238 1011 1368 1096 quidem
1390 1019 1496 1094 tegere
1517 1014 1632 1096 possis.
1674 1013 1744 1077 lloc

421 1108 593 1174 consilium
613 1105 743 1189 Aquilio
766 1111 798 1168 et
820 1103 936 1168 talibus
955 1104 1032 1167 viris
1054 1111 1119 1167 tam
1141 1104 1308 1188 cupidum,
1330 1112 1393 1168 tam
1416 1104 1539 1181 audax,
1561 1113 1625 1169 tam
1646 1114 1744 1170 teme-
1766 1120 1782 1167 o

425 1204 544 1268 rariunr
564 1199 772 1284 probabitur?
808 1195 860 1261 82.
882 1199 967 1275 Quid
988 1199 1068 1263 baec
1091 1199 1243 1274 amentia,
1267 1199 1344 1283 quid
1366 1199 1445 1264 baec
1465 1199 1643 1274 festinatio,
1665 1201 1743 1285 quid

424 1299 504 1363 baec
523 1295 732 1360 immaturitas
754 1301 841 1358 tanta
861 1291 1042 1377 significati
1074 1314 1140 1356 nou
1169 1294 1254 1357 rimi
1283 1313 1348 1357 non
1371 1295 1496 1356 scelus?
1524 1311 1590 1355 non
1616 1293 1744 1357 latroci-

424 1392 535 1458 niumi
556 1409 622 1452 non
645 1388 785 1472 deniquo
807 1389 914 1451 omnia
934 1388 1042 1471 potius
1065 1408 1161 1471 quam
1183 1389 1248 1462 ius,
1272 1407 1367 1471 quam
1389 1383 1545 1462 officium,
1568 1407 1663 1471 quam
1684 1402 1743 1471 pu-

426 1486 556 1552 dorami
587 1484 686 1549 Mittis
700 1483 824 1546 iniussu
838 1485 1004 1565 praetoris.
1034 1483 1106 1559 Quo
1122 1482 1279 1546 consilio?
1300 1482 1464 1546 iussurum
1479 1481 1612 1547 sciebas.
1634 1482 1742 1559 Quint

425 1602 497 1646 cnm
516 1580 678 1652 iussisset,
699 1585 767 1639 tum
788 1579 912 1641 mittero
933 1599 1039 1641 nonne
1061 1580 1212 1661 poteras?
1241 1578 1460 1640 Postulaturus
1475 1596 1555 1639 eras.
1585 1577 1780 1653 Quandotto

423 1679 499 1741 Post
519 1674 589 1739 dies
610 1693 687 1738 ux.
716 1675 845 1756 Nempe,
868 1673 895 1735 si
917 1681 947 1736 tc
970 1672 1050 1736 nibil
1064 1671 1242 1755 impediret,
1263 1672 1291 1735 si
1305 1671 1451 1735 voluutas
1466 1668 1578 1733 eadem
1592 1678 1743 1747 maneret,

424 1771 451 1835 ai
473 1769 613 1843 valeres,
636 1767 773 1850 denique
796 1768 822 1828 si
845 1768 976 1830 viveres.
1019 1769 1150 1831 Praetor
1170 1767 1325 1830 iussisset.
1367 1766 1506 1848 Opinor,
1530 1766 1557 1828 si
1578 1767 1691 1841 vellet,
1714 1766 1741 1830 si

423 1865 560 1937 valeret,
583 1864 610 1927 si
633 1863 683 1926 ius
706 1861 842 1936 diceret,
865 1862 892 1924 si
914 1882 1006 1925 nemo
1028 1868 1205 1935 recusaret,
1228 1859 1284 1945 qui
1305 1879 1346 1923 ex
1361 1861 1462 1943 ipsius
1478 1858 1605 1922 decreto
1620 1866 1652 1923 et
1666 1860 1742 1924 satis

423 1959 512 2022 daret
540 1962 572 2020 et
600 1955 752 2021 iudicium
780 1957 924 2038 accipere
953 1956 1058 2020 vellet.
1099 1953 1149 2019 83.
1172 1958 1267 2030 Nam,
1296 1976 1354 2039 per
1376 1955 1452 2019 deos
1475 1954 1686 2030 immortales,
1715 1955 1742 2017 si

422 2054 572 2128 Alienus,
593 2057 780 2135 procurator
800 2050 834 2112 Ρ.
850 2050 1008 2126 Quinctii,
1031 2051 1088 2114 tibi
1103 2058 1169 2114 tum
1185 2051 1261 2115 satis
1277 2052 1366 2115 daret
1385 2057 1417 2114 et
1431 2049 1585 2113 iudicium
1599 2050 1742 2132 accipere
1751 2065 1779 2112 to

422 2148 534 2222 vellet,
557 2147 695 2230 denique
718 2145 839 2220 omnia,
873 2165 955 2228 quac
977 2135 1294 2229 postulares,'facerc
1316 2145 1487 2220 voluisset,
1510 2143 1590 2229 qnid
1611 2147 1741 2228 ageres?

421 2261 587 2307 revocares
610 2261 698 2314 eum,
723 2259 818 2322 quem
840 2239 874 2302 in
895 2239 1029 2303 Galliam
1051 2240 1205 2304 miseras?
1234 2242 1275 2304 At
1295 2242 1347 2303 hic
1364 2239 1494 2325 quidem
1507 2240 1571 2302 iam
1587 2238 1628 2303 de
1641 2239 1742 2303 fundo

423 2336 590 2420 expulsus,
612 2335 674 2397 iam
697 2354 715 2397 a
738 2334 804 2397 suis
819 2335 868 2397 dis
886 2336 1055 2418 penatibus
1069 2355 1222 2419 praeceps
1238 2337 1374 2411 eiectus,
1396 2336 1458 2397 iam
1474 2331 1571 2418 (quod
1586 2333 1743 2416 indignis-

422 2433 536 2496 simum
559 2427 616 2512 est)
640 2448 770 2492 suorum
792 2450 955 2494 servorum
977 2431 1123 2493 manibus
1143 2432 1256 2493 nuntio
1271 2438 1366 2514 atque
1385 2429 1519 2513 imperio
1534 2437 1590 2494 tuo
1605 2429 1742 2493 violatus

422 2533 515 2589 esset.
548 2524 729 2606 Corrigeres
758 2522 836 2587 baec
858 2525 979 2588 scilicet
1000 2534 1034 2589 tu
1057 2532 1178 2609 postea.
1210 2526 1257 2588 De
1280 2526 1468 2609 cuiusquam
1481 2526 1547 2588 vita
1562 2524 1666 2587 dicere
1686 2537 1780 2586 au-ao

422 2621 494 2694 des,
519 2619 574 2704 qui
595 2617 656 2680 hoo
678 2619 833 2681 concedas
855 2639 985 2682 necesse
1008 2629 1071 2694 est,
1093 2621 1137 2683 ita
1158 2627 1189 2682 te
1212 2640 1340 2682 caecum
1364 2619 1536 2702 cupiditate
1558 2626 1591 2681 et
1611 2618 1743 2681 avaritia

421 2714 537 2786 tuisse,
567 2718 619 2787 ut,
651 2732 722 2775 cum
751 2720 863 2795 postea
885 2714 962 2797 quid
991 2715 1133 2778 futurum
1157 2719 1242 2777 esset
1263 2713 1440 2796 ignorares,
1472 2713 1614 2776 accidere
1636 2718 1743 2776 autem

420 2807 520 2871 multa
552 2814 699 2889 possent,
730 2829 818 2891 spem
849 2805 995 2871 maleficii
1028 2809 1204 2894 praesentis
1234 2808 1267 2871 in
1295 2808 1416 2872 incerto
1443 2807 1560 2892 reliqui
1588 2807 1742 2892 temporis

420 2909 536 2966 eventu
558 2902 757 2965 collocares?
788 2905 893 2986 Atque
914 2903 993 2968 baec
1013 2904 1146 2987 perinde
1168 2903 1299 2988 loquor,
1324 2905 1416 2990 quasi
1431 2904 1502 2988 ipso
1516 2903 1573 2966 illo
1588 2911 1742 2987 tempore,

420 3018 491 3060 eum
513 3004 544 3059 te
566 3004 694 3078 praetor
713 2997 858 3061 iussisset
878 3018 918 3060 cx
941 2998 1045 3062 edicto
1067 2999 1250 3081 possidere,
1275 3000 1301 3062 si
1323 3000 1357 3063 iu
1378 2998 1614 3083 possessionem
1635 2998 1779 3062 misia-ao

421 3114 487 3168 ses,
510 3091 658 3154 debueris
679 3098 733 3153 aut
752 3092 893 3173 potueris
914 3094 947 3156 P.
964 3093 1147 3169 Quinctium
1170 3095 1208 3156 de
1229 3097 1432 3178 possessione
1455 3093 1633 3159 denubere.

503 3186 633 3248 xxvii.
660 3180 711 3247 84.
735 3185 849 3249 Omnia
870 3195 960 3263 sunt,
985 3188 1017 3250 C.
1033 3187 1159 3271 Aquili,
1181 3189 1354 3264 eiusmodi,
1377 3189 1482 3274 quiris
1503 3196 1540 3253 ut
1560 3189 1741 3273 perspicere

420 3282 537 3365 possit,
567 3280 601 3342 in
631 3278 690 3341 hac
723 3298 818 3343 causa
847 3281 1081 3364 improbitatem
1109 3289 1141 3344 et
1171 3284 1305 3365 gratiam
1331 3305 1403 3347 curn
1424 3284 1535 3367 inopia
1556 3290 1588 3347 et
1608 3283 1740 3347 verimte

422 3375 622 3439 contendere.
666 3375 795 3445 Praetor
826 3382 858 3438 to
887 3377 1153 3461 quemadmodum
1180 3378 1346 3461 possidere
1369 3379 1484 3441 iussit?
1527 3377 1665 3459 Opinor,
1699 3396 1740 3439 ex

424 3472 536 3536 edicto.
569 3470 706 3554 Sponsio
730 3489 811 3555 quae
833 3472 865 3533 iu
887 3472 984 3534 verba
1004 3471 1086 3534 facta
1102 3473 1171 3534 esti
1203 3472 1238 3536 Sr
1260 3493 1304 3535 nx
1325 3491 1441 3536 nnrcro
1464 3492 1635 3535 rnauronrs
1658 3483 1777 3536 nouato

421 3566 455 3631 P.
470 3566 614 3642 erncru
634 3585 781 3629 rossnssa
803 3586 863 3629 nou
885 3584 972 3630 saur.
1007 3566 1183 3628 Redeamus
1200 3567 1239 3630 ad
1255 3568 1403 3630 edictum.
1431 3567 1468 3631 ld
1483 3567 1613 3651 quidem
1629 3588 1740 3651 quem-

422 3660 592 3724 admodum
621 3661 710 3724 iubet
730 3660 917 3744 possideret
950 3660 1112 3744 Numquid
1135 3668 1183 3723 est
1205 3680 1333 3737 causae,
1367 3662 1400 3725 C.
1422 3661 1548 3745 Aquili,
1581 3662 1676 3745 quin,
1711 3661 1739 3724 si

419 3754 513 3838 longe
534 3755 627 3818 aliter
647 3755 806 3838 possedit,
829 3773 924 3840 quarn
944 3763 1072 3838 praetor
1093 3755 1209 3830 edixit,
1232 3756 1291 3819 iste
1314 3775 1355 3818 ex
1375 3755 1480 3819 edicto
1504 3776 1570 3820 non
1587 3755 1739 3839 possede-

484 3928 643 3989 sparsam
659 3937 712 3975 om.
730 3924 814 3988 lldg.
835 3953 863 3963 -
880 3924 905 3974 ἓ.
921 3924 967 3988 ota]
984 3925 1032 3974 aia
1047 3924 1097 3974 alr.
1113 3951 1141 3961 -
1159 3925 1184 3974 6.
1201 3924 1334 3989 [utinam]
1351 3925 1481 3975 minato
1496 3923 1738 3989 itGabcdlgb

419 4003 509 4063 tmn,
526 3998 701 4052 armaion!
719 4003 785 4051 etl.
802 4026 826 4039 -
847 3999 871 4050 9,
889 3999 1002 4049 aiebas?
1017 3998 1072 4054 La.
1088 4026 1116 4037 -
1135 4000 1175 4050 to.
1194 4002 1255 4063 amr]
1272 3998 1434 4052 tuGaikl.
1450 4028 1478 4038 -
1494 3999 1584 4065 noum]
1601 4002 1692 4052 noel.
1708 4027 1736 4038 —

419 4078 460 4129 u.
471 4079 526 4127 Post
535 4077 586 4126 dica
595 4075 661 4125 xxi
670 4076 788 4138 ineptum
799 4073 929 4139 glossema
941 4087 1002 4125 esse
1011 4076 1134 4140 opinatur
1144 4076 1191 4127 Tb.
1204 4078 1350 4128 Mommsen
1362 4076 1379 4127 l.
1393 4076 1419 4127 d.
1432 4089 1459 4142 p.
1473 4076 1546 4127 itio.
1568 4077 1620 4128 sed
1633 4079 1672 4128 tot
1681 4077 1737 4128 tera

420 4153 477 4205 dics
488 4155 548 4203 ante
559 4151 763 4217 postulationem
774 4153 887 4203 Naevius
898 4154 1018 4203 nuntium
1029 4153 1055 4202 iu
1063 4152 1171 4203 Galliam
1183 4154 1287 4204 misisse
1299 4152 1444 4204 videtur·
1454 4152 1491 4202 ott
1503 4153 1570 4204 it-
1583 4152 1623 4203 tt.
1634 4158 1739 4215 praetor

420 4229 682 4288 armasimul,
697 4229 832 4289 praetorsi
847 4227 1268 4291 oiaiuetBGbcdtgbilmn,
1282 4226 1735 4279 Praetorseilieottaosissatlilotzins.

421 4330 449 4340 -
467 4303 507 4354 43.
526 4304 569 4365 qai
585 4301 632 4357 Α8
650 4315 711 4353 oum
728 4302 864 4353 codicibus
888 4303 1002 4368 (praeter
1019 4303 1044 4362 ki
1067 4303 1209 4355 omnibus:
1235 4305 1295 4367 qaia
1311 4306 1328 4354 k
1345 4307 1372 4355 et
1388 4304 1445 4354 Lo.
1466 4330 1494 4340 -
1518 4304 1640 4354 mtiadara
1657 4304 1739 4355 Erne-

419 4379 493 4429 stius.
514 4403 541 4412 -
562 4376 601 4428 tt.
620 4381 731 4442 accipere
746 4380 825 4444 velut]
844 4380 965 4442 acciperet
981 4381 1008 4429 L.
1029 4406 1057 4416 -·
1080 4379 1120 4430 48.
1139 4379 1200 4444 tam]
1221 4393 1278 4429 cum
1300 4381 1375 4430 Gci.
1396 4407 1424 4417 -
1442 4380 1563 4429 caudore
1579 4381 1598 4430 L
1616 4381 1643 4430 et
1659 4381 1738 4443 typo·

418 4453 508 4518 graphi
527 4466 616 4504 errore
634 4456 654 4505 0
671 4468 733 4506 cum
745 4455 770 4504 ir.
791 4481 818 4490 -
837 4454 877 4503 td.
897 4456 980 4504 «fort.
993 4453 1262 4506 votuissettoliendum
1276 4458 1328 4516 est,
1348 4456 1419 4520 quod
1432 4470 1446 4505 a
1458 4455 1567 4520 reliquis
1578 4455 1737 4520 discrepat.»

419 4532 479 4580 Gar.
497 4529 522 4578 i.
542 4529 580 4580 Cl.
599 4533 687 4582 tamen
705 4532 790 4593 Reisig
807 4530 861 4579 lat.
880 4529 1008 4593 Spracbw.
1027 4544 1053 4595 p.
1072 4533 1120 4581 522
1137 4545 1177 4596 sq.
1199 4559 1226 4568 -
1251 4534 1290 4583 tr.
1310 4532 1416 4597 puden]
1433 4532 1543 4594 equidm
1560 4531 1585 4581 k.
1606 4557 1633 4567 -
1653 4532 1692 4582 t8.
1710 4530 1737 4596 a]

418 4604 451 4654 ab
468 4604 501 4655 bi.
523 4631 550 4640 -
568 4604 608 4654 20.
626 4605 695 4670 ioca]
713 4607 758 4656 bae
774 4607 799 4656 k.
814 4631 843 4642 -
861 4604 902 4656 24.
920 4605 1028 4670 meeum]
1047 4607 1277 4671 tecamedegi
1295 4610 1322 4658 et
1334 4611 1364 4658 Α.
1380 4634 1407 4645 -
1425 4607 1466 4657 22.
1481 4607 1647 4669 posteaqaid]
1661 4605 1734 4656 niort.

419 4681 479 4742 quid
491 4685 593 4741 postea»
611 4694 663 4743 mg.
683 4680 709 4734 a.
725 4708 750 4719 -
771 4680 811 4732 ai.
831 4677 973 4747 colim]
990 4683 1052 4732 Post
1068 4682 1119 4732 boc
1136 4683 1249 4733 verbum
1266 4685 1284 4733 L
1301 4684 1412 4734 inseruit
1427 4696 1470 4732 vv.
1484 4683 1573 4732 Omnia
1584 4686 1736 4732 --cootcn-

418 4756 484 4807 dere.
504 4755 537 4819 (5.
550 4755 601 4817 8i.)
621 4783 646 4793 -
667 4757 734 4822 iaec]
747 4758 792 4806 boc
803 4757 827 4806 k.
843 4784 870 4793 -
885 4754 992 4819 arabile
1008 4756 1096 4818 loquor
1113 4760 1183 4820 quasi
1199 4760 1220 4807 si
1236 4760 1289 4821 ipso
1299 4760 1327 4809 L.
1344 4785 1371 4794 -
1390 4760 1431 4809 25.
1450 4760 1471 4808 si
1483 4771 1535 4809 om.
1548 4759 1577 4808 L.
1592 4785 1618 4793 -
1637 4757 1678 4806 26.
1691 4761 1737 4805 aut

415 4832 527 4893 potueris
542 4844 595 4881 om.
615 4832 639 4881 k.
660 4859 686 4868 -
713 4833 754 4882 29.
773 4837 841 4883 luto
857 4831 969 4882 verbum
985 4834 1090 4883 Praetor
1107 4833 1224 4884 deiectus
1242 4836 1316 4897 signa
1332 4833 1432 4884 babent
1449 4833 1508 4896 Lt,
1532 4834 1592 4898 post
1607 4845 1632 4881 v.
1651 4832 1737 4880 dotar-

418 4905 478 4957 ὀνο
493 4909 527 4969 L,
554 4909 615 4971 post
630 4921 655 4957 v.
673 4909 817 4958 conwudera
834 4908 859 4962 8.
889 4936 916 4945 -
945 4908 984 4958 30.
1007 4908 1050 4973 est]
1070 4913 1127 4957 runt
1144 4923 1167 4958 c.
1188 4936 1215 4945 -
1238 4910 1266 4959 Si
1282 4937 1296 4947 ·
1312 4937 1326 4947 -
1339 4923 1452 4972 possesso
1468 4923 1518 4959 noo
1533 4913 1590 4958 aaut
1605 4907 1733 4957 nonu:

417 4981 464 5031 alsi
475 4996 631 5045 --passarsa
647 4998 696 5033 noo
712 4990 769 5033 aaut
785 4987 821 5043 A,
839 4985 866 5033 ni
877 5011 915 5023 --
923 4997 1036 5047 possessa
1051 4999 1102 5035 aaa
1118 4985 1166 5034 siat
1182 4986 1328 5036 Hotomano
1346 4987 1455 5036 auctore
1472 4984 1530 5046 Li,
1548 4984 1737 5044 s--poueoa

416 5057 464 5106 rint
480 5070 543 5108 cnm
559 5060 661 5110 inutina
678 5061 705 5109 et
722 5059 893 5110 Cratandrina
912 5061 969 5121 [uisi
987 5059 1059 5124 quod
1076 5061 1126 5110 bae
1143 5074 1250 5124 quoque
1268 5061 1393 5113 exhibent
1409 5061 1475 5125 aaut)
1493 5061 1521 5109 0.
1544 5058 1582 5109 ct.
1602 5057 1626 5123 5.
1644 5057 1684 5109 30.
1705 5085 1733 5095 -

419 5132 458 5184 34.
475 5135 502 5184 Ρ.
522 5148 575 5185 om.
594 5136 620 5185 k.
642 5164 668 5171 —
686 5137 715 5186 ld
731 5137 828 5199 quidem
845 5137 1051 5198 quemadmodum
1068 5137 1180 5187 lirim
1198 5139 1224 5186 et
1239 5140 1276 5188 A:
1296 5139 1322 5188 id
1338 5139 1397 5201 qaid
1413 5142 1447 5188 ast
1464 5134 1669 5199 qnmadmodma
1684 5134 1736 5185 nc

415 5206 674 5275 abcdigbiln,
692 5213 721 5263 ld
737 5214 943 5276 quenadmodum
960 5211 1044 5266 rao.
1058 5237 1086 5250 -
1106 5213 1146 5264 32.
1164 5212 1298 5280 Numquid]
1316 5227 1382 5265 auno
1398 5212 1631 5276 quassasti.
1646 5237 1674 5248 -
1692 5210 1732 5262 33.
