4367 6109
440 573 503 641 568
788 621 792 628 ·
841 573 992 640 ORATIO
1013 573 1091 637 PRO
1114 571 1151 636 A.
1175 571 1373 636 CLUENTIO

444 769 538 834 quam
561 747 645 831 quod
666 766 723 809 vos
744 765 809 808 non
830 752 933 808 restra
953 744 1013 807 hoc
1034 750 1146 827 sponte
1167 741 1307 816 faciatis,
1335 751 1440 825 petam
1471 743 1638 818 anobis,
1669 750 1709 807 nt
1728 763 1783 818 ne,

443 844 517 906 dum
545 844 585 906 de
612 842 662 904 bis
691 839 822 923 singulis
850 838 978 920 disputo
1009 837 1153 912 iudiciis,
1183 843 1299 900 attente
1324 835 1470 900 audiatis.
1517 837 1685 900 XXXIII.
1708 836 1784 901 Con-

444 938 609 1002 demnatus
632 942 680 998 est
701 934 735 997 C.
758 933 883 1006 lunius,
906 932 961 1015 qui
983 933 1012 995 ei
1035 932 1215 1015 quaestioni
1236 930 1432 1014 praefuerat3
1455 931 1545 996 adde
1565 932 1674 995 etiam
1697 931 1783 1004 illud,

444 1031 471 1093 si
491 1030 607 1114 placet:
630 1036 696 1091 tum
719 1034 767 1090 est
781 1027 1024 1100 condemnatus,
1046 1033 1217 1090 comesset
1234 1026 1331 1088 iudex
1345 1026 1558 1108 quaestionis.
1593 1027 1676 1089 Non
1692 1024 1783 1088 modo

421 1135 570 1196 scausae,
604 1120 658 1184 sed
686 1141 726 1183 ne
754 1120 816 1201 legi
845 1119 972 1201 quidem
1001 1119 1174 1204 quidquam
1203 1140 1261 1202 per
1290 1121 1448 1183 tribunum
1470 1121 1582 1204 plebis
1605 1120 1782 1184 laxamenti

444 1219 550 1280 datum
572 1223 629 1278 est.
673 1213 745 1289 Quo
768 1220 907 1296 tempore
928 1211 1018 1273 illum
1040 1233 1059 1276 a
1080 1215 1266 1297 quaestione
1287 1215 1327 1276 ad
1349 1214 1470 1276 nullum
1485 1213 1581 1276 aliud
1606 1215 1660 1277 rei
1683 1214 1783 1299 publi·

444 1330 498 1374 cos
521 1329 634 1372 munus
656 1306 769 1370 abduci
791 1306 921 1378 licebat,
944 1323 982 1367 eo
1006 1315 1145 1389 tempore
1167 1308 1206 1370 ad
1222 1308 1439 1392 quaestionem
1462 1309 1534 1391 ipse
1550 1310 1714 1392 abreptus
1728 1317 1782 1372 est

444 1409 483 1468 m
511 1423 605 1488 quam
635 1401 875 1486 quaestionem?
907 1400 1019 1463 Vultus
1048 1400 1132 1463 enim
1156 1404 1265 1476 vestri,
1298 1401 1434 1475 iudicas,
1468 1422 1520 1464 me
1553 1403 1719 1479 invitant,
1749 1411 1781 1466 ut

444 1519 526 1584 quae
549 1495 709 1560 reticenda
729 1503 870 1579 putaram
892 1493 989 1556 libeat
1009 1495 1070 1556 iam
1092 1495 1190 1556 libare
1213 1496 1326 1558 dicere.
1359 1491 1409 1556 90.
1427 1496 1541 1570 Quid?
1565 1495 1627 1560 illa
1653 1497 1779 1560 tandem

407 1592 586 1677 ⁴⁰quaestio
608 1598 664 1653 aut
685 1588 870 1671 disceptatio
892 1597 945 1650 aut
966 1588 1116 1651 iudicium
1130 1587 1214 1651 fuiti
1248 1590 1365 1653 Putabo
1381 1589 1490 1652 luisse.
1523 1592 1626 1654 Dicat
1641 1592 1701 1675 qui
1717 1591 1779 1655 rnlt

442 1685 539 1748 hodie
561 1684 600 1746 de
622 1684 677 1747 illo
700 1682 816 1766 populo
838 1682 1005 1756 concitato,
1027 1683 1078 1745 cui
1102 1692 1168 1746 tum
1189 1685 1308 1768 populo
1332 1705 1398 1747 mos
1420 1692 1530 1766 gestus
1554 1693 1623 1759 est,
1653 1705 1719 1768 qua
1740 1686 1778 1748 de

443 1799 477 1841 re
507 1777 616 1841 lunius
643 1796 769 1840 causam
798 1775 922 1838 dixerit.
965 1776 1205 1862 Quemcumque
1236 1778 1413 1859 rogaveris,
1445 1777 1507 1840 boc
1541 1778 1775 1863 respondebit:

445 1873 532 1959 quod
554 1873 720 1955 pecuniam
742 1870 912 1953 acceperit,
935 1871 1021 1954 quod
1042 1869 1240 1935 innocentem
1255 1873 1504 1936 circumvenerit.
1525 1874 1586 1937 Est
1608 1873 1695 1937 haec
1710 1875 1777 1958 opi-

444 1968 508 2032 nio.
533 1968 590 2040 at,
612 1966 638 2027 si
654 1965 697 2027 ita
713 1972 812 2038 esset,
833 1965 892 2028 bac
910 1965 979 2046 Iege
994 1973 1174 2028 accusatum
1191 1968 1343 2048 oportuit,
1366 1987 1428 2049 qua
1443 1974 1615 2030 accusatur
1629 1967 1775 2032 Habitus

407 2064 485 2125 ΙῧΑῑ
505 2062 572 2144 ipse
593 2078 632 2121 ea
653 2059 723 2141 Iege
738 2059 917 2142 quaerebat.
944 2060 1064 2121 Paucos
1080 2057 1148 2120 dies
1164 2068 1379 2142 exspectasset
1393 2060 1573 2135 Quinctius.
1609 2063 1655 2124 at
1671 2081 1776 2148 neque

443 2156 584 2239 privatus
599 2172 748 2216 accusare
774 2172 833 2215 nec
855 2152 963 2214 sedata
979 2147 1068 2235 [iam]
1083 2153 1203 2215 invidia
1218 2154 1353 2216 volebat.
1376 2154 1497 2217 Videtis
1516 2154 1637 2236 igitur,
1662 2176 1729 2218 non
1742 2157 1775 2218 in

445 2267 553 2320 causa,
587 2245 641 2308 scd
673 2249 706 2311 in
738 2254 879 2329 tempore
912 2267 950 2308 ac
983 2254 1143 2329 potestate¹
1165 2269 1253 2330 spem
1283 2268 1406 2311 omnem
1437 2248 1635 2312 accusatoris
1665 2249 1774 2314 fuisse.

444 2336 496 2403 tit.
518 2341 646 2405 Multam
674 2340 791 2425 petivit.
835 2339 904 2415 Qua
926 2339 1019 2421 lagei
1052 2341 1145 2415 Quod
1168 2343 1200 2403 in
1222 2341 1324 2424 Iegem
1346 2362 1410 2405 non
1431 2343 1582 2416 iurasset,
1615 2364 1776 2426 quaeres

444 2435 563 2497 nemini
587 2455 737 2519 umquam
758 2433 861 2497 fraudi
882 2433 958 2506 luit,
981 2440 1013 2495 et
1034 2435 1121 2516 quod
1146 2434 1178 2495 C.
1194 2436 1325 2508 Verres,
1346 2442 1472 2517 praetor
1491 2435 1656 2512 urbanus,
1678 2438 1775 2503 homo

408 2536 572 2592 2⁰sanctus
594 2538 626 2593 et
647 2529 797 2611 diligens,
829 2528 1086 2591 subsortitionem
1109 2529 1175 2591 eius
1198 2530 1230 2590 in
1253 2549 1290 2591 eo
1313 2529 1422 2592 codice
1444 2550 1509 2591 non
1531 2529 1692 2604 baberet,
1719 2530 1775 2615 qui

446 2632 511 2687 tum
542 2624 698 2687 interlitus
728 2621 952 2705 proferebatur.
995 2621 1052 2684 llis
1086 2622 1125 2683 de
1147 2622 1248 2684 causis
1272 2622 1305 2683 C.
1327 2623 1434 2685 Iunius
1457 2622 1696 2688 condemnatus
1717 2633 1775 2698 est,

447 2717 585 2791 iudices,
607 2717 775 2780 levissImis
798 2724 830 2778 et
850 2715 1088 2789 infirmissimis,
1113 2736 1191 2799 quas
1212 2717 1340 2779 omnino
1363 2717 1396 2778 in
1417 2716 1566 2779 iudicium
1583 2717 1697 2780 atlerri
1711 2737 1775 2783 non

447 2811 594 2895 oportuit.
636 2812 746 2894 ltaque
775 2830 943 2894 oppressus
973 2816 1022 2872 est
1051 2831 1114 2872 non
1137 2829 1246 2883 causa,
1274 2809 1329 2873 sed
1352 2818 1502 2891 tempore.
1545 2810 1701 2875 XXXIV.
1723 2807 1775 2875 99-

446 2905 513 2968 Hoc
535 2924 592 2967 vos
608 2904 753 2967 Cluentio
776 2903 926 2966 iudicium
941 2903 1057 2986 putatis
1073 2904 1184 2965 obesse
1200 2907 1366 2986 oporteret
1389 2904 1491 2978 Quam
1506 2903 1546 2965 ob
1562 2909 1718 2968 causam?
1742 2906 1775 2970 Si

410 3004 488 3062 *lex
509 3001 579 3081 legs
608 2998 796 3062 subsortitus
827 3017 890 3059 non
914 3004 980 3059 erat
1001 2997 1111 3060 Iunius
1133 3005 1188 3060 aut
1209 2998 1235 3058 si
1258 2999 1291 3060 in
1312 2997 1449 3079 aliquam
1471 2996 1574 3079 legem
1596 2998 1776 3082 aliquando

446 3114 511 3157 non
533 3094 704 3165 iuraverat,
727 3092 844 3154 idcirco
866 3090 950 3153 illius
972 3089 1174 3153 damnatione
1189 3089 1308 3173 aliquid
1331 3089 1369 3152 de
1386 3089 1530 3153 Cluentio
1549 3090 1776 3158 indicabatur?

446 3190 532 3262 Non,
554 3187 681 3270 inquit:
704 3185 760 3248 sed
783 3185 836 3246 ille
858 3184 977 3247 idcirco
1000 3185 1062 3246 illis
1084 3184 1206 3266 legibus
1230 3185 1454 3246 condemnatus
1471 3191 1535 3258 est,
1558 3185 1648 3266 quod
1665 3197 1776 3251 contra

446 3281 538 3346 aliam
554 3282 655 3364 legem
667 3280 872 3342 commiserat.
895 3279 958 3353 Qui
973 3279 1033 3341 boc
1049 3279 1248 3352 confitentur,
1267 3286 1401 3360 possunt
1415 3277 1510 3341 iidem
1522 3278 1602 3341 illud
1615 3281 1775 3346 iudicium

446 3375 543 3438 fuisse
566 3374 761 3437 defendere?
788 3374 889 3455 Ergo,
919 3372 1037 3455 inquit,
1066 3372 1182 3435 idcirco
1207 3372 1338 3435 infestus
1361 3380 1424 3434 tum
1446 3372 1586 3454 populus
1608 3374 1776 3440 Romanus

408 3468 507 3532 aufuit
529 3469 564 3532 C.
585 3469 694 3542 Iunio,
728 3467 814 3550 quod
834 3467 913 3530 illud
935 3467 1082 3529 iudicium
1106 3473 1285 3547 corruptum
1307 3487 1363 3550 per
1384 3486 1454 3528 eum
1476 3464 1658 3548 putabatur.
1693 3471 1775 3534 Num

447 3562 542 3644 igitur
563 3561 624 3624 hoc
646 3569 786 3643 tempore
809 3580 902 3623 causa
924 3564 1041 3621 mutata
1063 3562 1134 3621 est?
1157 3580 1231 3622 num
1254 3561 1316 3622 alia
1338 3581 1404 3632 res,
1426 3560 1487 3623 alia
1508 3560 1590 3622 ratio
1613 3560 1706 3626 illius
1726 3565 1776 3627 iu·

448 3655 540 3731 dicii,
562 3656 625 3717 alia
646 3662 757 3717 natura
780 3654 874 3717 totius
897 3653 1012 3736 negotii
1036 3672 1118 3713 nunc
1140 3662 1188 3715 est
1209 3672 1245 3715 ac
1268 3660 1333 3714 tum
1355 3653 1435 3715 fuiti
1457 3654 1525 3716 Non
1541 3655 1660 3736 opInor
1676 3677 1718 3720 ex
1733 3658 1774 3722 iis

448 3751 556 3824 rebus,
579 3769 659 3832 quae
682 3755 787 3830 gestae
811 3754 899 3822 sunt,
921 3767 988 3809 rem
1009 3747 1106 3808 ullam
1129 3747 1269 3828 potuisse
1291 3747 1413 3809 mutari.
1449 3743 1501 3808 93.
1524 3745 1609 3821 Quid
1631 3769 1711 3831 ergo
1727 3759 1775 3815 est

450 3861 560 3904 causae
584 3842 775 3932 quod·nunc
796 3848 903 3903 nostra
925 3839 1067 3902 defensio
1090 3841 1235 3903 audiatur
1253 3848 1339 3904 tanto
1355 3841 1496 3912 silentio,
1520 3847 1586 3901 tum
1601 3841 1699 3907 Iunio
1715 3843 1772 3909 de·

412 3934 600 3998 attendendi
622 3935 670 3998 sui
692 3942 832 4018 potestas
854 3941 961 4015 erepta
991 3934 1056 3996 siti
1093 3935 1176 4009 Quia
1198 3943 1263 3997 tum
1285 3936 1318 3996 in
1341 3953 1433 3997 causa
1454 3933 1534 3995 nibil
1555 3942 1622 3997 erat
1645 3948 1774 4019 praeter

450 4028 617 4103 Invidiam,
640 4047 794 4102 errorem,
817 4028 1044 4110 suspicionem,
1067 4029 1228 4091 contiones
1247 4029 1462 4111 quotidianas,
1485 4026 1633 4090 seditiose
1658 4050 1697 4094 ac
1716 4052 1773 4116 po-

515 4215 541 4262 t.
559 4215 618 4262 dian
634 4215 663 4263 de
679 4214 716 4262 bis
731 4213 834 4277 stupetis
849 4213 946 4274 disputo
962 4211 1067 4274 iudiciis]
1085 4213 1171 4262 illaec
1188 4214 1251 4263 milri
1268 4218 1390 4278 suspecta
1408 4216 1448 4264 cst
1460 4212 1605 4263 verborum
1622 4214 1771 4267 collocatio.

451 4287 611 4340 l'aciIlimum
629 4291 669 4338 est
686 4289 844 4353 transposita
862 4288 1024 4345 existimare,
1044 4290 1072 4334 ut
1089 4286 1181 4336 luent:
1201 4290 1260 4337 dnm
1276 4291 1305 4339 de
1320 4291 1357 4338 iris
1372 4290 1474 4353 sinquiis
1490 4288 1588 4337 iudiciis
1604 4289 1715 4350 discum.
1742 4297 1774 4343 At

451 4364 530 4413 etlam
547 4362 631 4426 potuit
641 4376 715 4413 esso:
733 4363 793 4412 dum
803 4365 833 4412 dc
846 4364 882 4411 lis
898 4362 1000 4424 sinquiis
1011 4363 1121 4423 dbputo,
1139 4364 1230 4412 iudices
1242 4366 1282 4425 (er
1294 4367 1389 4415 usitato
1401 4364 1558 4427 compendio
1570 4365 1651 4426 iudi·
1671 4369 1734 4416 Gau.
1746 4370 1772 4419 l.

453 4465 480 4475 -
494 4439 517 4487 7.
531 4437 620 4486 adduci
632 4438 692 4488 Fll.
709 4464 735 4474 -
753 4439 916 4500 arreptusll3
935 4440 1087 4486 arrectusa.
1104 4465 1129 4472 -
1149 4439 1174 4487 8.
1192 4439 1230 4502 At]
1248 4440 1281 4488 ud
1296 4441 1348 4490 sT.
1368 4441 1435 4489 l'ort.
1453 4443 1480 4487 ut
1496 4439 1537 4487 od.
1554 4465 1579 4473 —
1600 4444 1774 4501 quaestionem

450 4513 566 4575 obreptus
576 4515 629 4562 cst‘t
644 4512 728 4561 cubus
739 4515 764 4562 S.
777 4537 804 4547 -
816 4513 895 4561 coitus
904 4514 923 4562 T
933 4514 966 4563 bl.
979 4538 1005 4546 -
1025 4512 1048 4560 9.
1063 4517 1180 4571 putarem
1192 4515 1235 4563 ST
1245 4515 1262 4562 l'
1271 4516 1304 4563 bl.
1320 4540 1346 4548 -
1361 4513 1441 4574 libeat]
1453 4511 1552 4562 iubeant
1563 4514 1613 4564 ST.
1628 4540 1658 4550 —
1675 4518 1716 4569 tii.
1726 4532 1776 4581 ps·

450 4593 502 4638 tato
513 4585 567 4640 Li.
582 4613 609 4621 -
628 4586 679 4651 qui]
696 4588 755 4649 qaid
765 4587 793 4636 T.
809 4614 836 4624 —
856 4590 895 4637 ti.
908 4587 1060 4649 tumpopaio
1072 4589 1126 4636 ST:
1145 4594 1197 4637 inm
1209 4592 1226 4638 lt
1237 4592 1256 4640 Α
1268 4589 1349 4643 cib.
1366 4617 1391 4624 —
1411 4590 1451 4638 η.
1464 4601 1568 4647 cumque
1579 4601 1633 4639 om.
1647 4592 1666 4640 S
1678 4606 1721 4657 pr.
1734 4607 1773 4646 m.

454 4691 479 4699 -
492 4661 623 4725 roquuem's
639 4662 697 4712 Sl’:
716 4663 816 4725 roqoris
826 4662 956 4716 ultio,
972 4690 998 4699 -
1018 4662 1057 4712 tl.
1070 4669 1215 4712 acmantum
1226 4666 1283 4713 ST:
1303 4671 1448 4714 accusatum
1457 4664 1531 4725 faiam
1543 4664 1605 4722 Fun
1623 4674 1776 4721 oomni

451 4751 500 4787 esto
517 4735 629 4790 atto.
650 4763 677 4773 -
696 4738 736 4788 ⁴5.
754 4737 806 4801 lcqc
822 4750 874 4786 om.
892 4740 917 4788 S.
941 4764 968 4774 -
989 4738 1028 4787 ld.
1046 4739 1098 4787 ium
1115 4752 1167 4787 orn.
1187 4740 1240 4788 ST.
1261 4767 1287 4774 -
1307 4741 1348 4790 48.
1365 4739 1478 4803 iurasset]
1495 4740 1555 4787 iura
1571 4746 1650 4790 ment
1666 4744 1724 4794 ΒΤ.
1745 4774 1773 4784 -

452 4813 491 4861 49.
506 4813 571 4874 quod
582 4811 608 4862 C.
624 4812 709 4862 Vmor
719 4838 733 4848 -
742 4839 756 4850 -
768 4826 817 4862 noo
829 4813 927 4863 dalmat
938 4812 1109 4872 Quintilianus
1122 4816 1184 4864 VIII.
1198 4815 1222 4871 6,
1236 4815 1276 4863 55.
1290 4841 1316 4848 -
1330 4815 1370 4863 25.
1383 4814 1526 4863 subsortitus
1536 4814 1643 4863 iudicem
1654 4830 1708 4868 oon
1719 4825 1777 4870 erat

339 4892 348 4904 ·
453 4899 504 4950 mg.
518 4886 544 4939 d.
564 4884 601 4936 Cl.
616 4883 640 4948 5.
651 4886 691 4936 96.
704 4912 732 4923 -
744 4887 924 4949 aliqrmmST:
939 4900 991 4936 orn.
1005 4888 1130 4942 natio.
1141 4916 1166 4924 -
1180 4890 1220 4938 uo.
1235 4890 1333 4938 ...antio
1344 4890 1580 4937 indicabatur--in
1590 4890 1679 4952 fausto
1690 4899 1778 4945 tamn

452 4961 485 5024 (ὅ.
498 4961 547 5024 at.)
561 4960 643 5010 babet
654 4963 680 5010 P.
694 4987 721 4997 —
739 4961 780 5011 27.
793 4962 938 5011 iiiisPST:
956 4961 1136 5016 anantio.
1156 4964 1192 5013 (Α.
1208 4964 1231 5027 5.
1245 4965 1284 5013 us.
1298 4992 1323 4999 —
1338 4965 1377 5013 ⁶28.
1392 4964 1478 5027 aliam]
1496 4964 1587 5014 aeliam
1602 4967 1629 5015 S.
1651 4994 1680 5005 —
1700 4970 1778 5021 itum

450 5035 512 5083 iliud
522 5038 543 5086 A
552 5036 586 5085 0:
606 5036 670 5085 idem
685 5036 746 5084 iilud
763 5036 848 5092 PST;
866 5036 927 5084 iilud
942 5036 1007 5084 idem
1023 5036 1106 5090 iiii.
1121 5065 1148 5073 -
1167 5038 1207 5086 tt.
1220 5038 1302 5101 sitisse]
1314 5054 1363 5087 non
1378 5040 1453 5100 [uitta
1464 5041 1482 5088 L
1492 5038 1518 5092 i.
1533 5066 1560 5074 -
1578 5041 1662 5102 inquit
1679 5043 1779 5107 (inquid

452 5111 479 5165 P)
491 5110 680 5161 idcircoPST:
698 5111 880 5170 idcircoinquit
895 5108 1036 5162 ultio,
1052 5112 1275 5174 -popuiuslmm
1290 5115 1347 5162 ST:
1366 5114 1412 5162 Pit.
1427 5115 1486 5172 Pl';
1503 5119 1777 5176 praecoritano.

455 5211 481 5220 -
502 5185 542 5235 ³0.
560 5185 609 5248 fuit
626 5185 652 5234 C.
664 5185 735 5236 lunio
751 5187 783 5235 P:
801 5186 872 5235 lunio
887 5185 937 5248 suit
953 5187 1014 5247 (om.
1028 5186 1064 5248 C.)
1077 5187 1204 5240 natio.
1218 5214 1244 5222 -
1258 5188 1298 5237 32.
1311 5193 1465 5238 naturaom.
1480 5191 1507 5238 P.
1520 5215 1548 5225 -
1568 5190 1606 5240 lu's
1622 5193 1683 5254 SI';
1703 5197 1728 5247 is
1742 5198 1778 5250 Ι,

455 5282 483 5293 -
496 5256 537 5310 ai.
552 5264 605 5310 tum
621 5259 655 5309 T:
673 5274 730 5312 aim
743 5263 774 5323 S,
790 5265 848 5312 turm
865 5259 990 5318 antio.
1003 5286 1030 5301 -
1049 5263 1090 5315 36.
1106 5264 1235 5316 stationes
1249 5264 1301 5324 ST,
1319 5263 1435 5317 aditione
1449 5262 1562 5316 Klotzius
1581 5264 1622 5317 Cl.
1638 5266 1664 5334 Β.
1676 5269 1705 5323 2.
1720 5271 1763 5326 St.
