4367 6109
734 565 1148 635 mxxxi-xxxvi.
1174 560 1399 651 §goa-ss.
1665 557 1727 623 aar

413 747 486 804 nata
509 748 557 803 est
578 740 769 822 arrogantia,
801 757 882 821 quae
911 757 930 801 a
951 737 1120 802 maioribus
1150 736 1266 799 nostris
1286 734 1419 798 altemm
1441 732 1547 816 Capua
1568 731 1728 794 consulem

416 833 601 918 postrdarit3
624 832 739 896 deinde
754 851 791 895 ea
804 831 956 906 luxuries,
978 851 1059 915 quae
1073 832 1175 914 ipsum
1191 829 1417 903 Hannibalem,
1438 827 1533 891 armis
1547 828 1641 891 etiam
1656 833 1730 889 tune

414 929 578 1001 invictum,
608 924 770 1007 voluptate
798 924 884 987 vicit.
926 922 1069 987 96.11uc
1095 925 1147 987 isti
1180 922 1348 987 decemviri
1377 941 1448 985 cum
1475 941 1525 982 mo
1548 922 1729 984 colonomm

415 1043 455 1085 ex
477 1021 547 1102 lege
568 1019 653 1082 llulli
675 1017 879 1091 deduxerint,
901 1025 1025 1080 centum
1040 1016 1245 1091 decuriones,
1272 1017 1380 1079 decem
1403 1036 1554 1099 augures,
1575 1035 1631 1078 sex
1652 1034 1731 1096 pon·

414 1112 512 1177 tilices
545 1112 780 1186 constituerint,
813 1131 894 1195 quos
921 1110 1047 1173 illorum
1072 1112 1212 1184 animos,
1234 1130 1314 1193 quos
1343 1109 1496 1192 impetus,
1528 1129 1624 1193 quam
1648 1107 1755 1170 fero-s

415 1207 495 1269 ciam
521 1204 589 1268 lore
617 1206 759 1287 putatis?
791 1204 921 1266 Romam
944 1203 977 1265 in
999 1203 1156 1266 montibus
1186 1204 1318 1286 positam
1341 1210 1373 1265 et
1402 1202 1612 1276 convallibus,
1641 1221 1732 1264 cena·

414 1299 493 1362 culis
515 1299 668 1361 sublatam
690 1305 785 1381 atque
807 1316 1009 1378 suspensam,
1031 1315 1095 1357 non
1118 1296 1244 1378 optimis
1258 1296 1336 1368 viis,
1358 1296 1586 1377 angustissimis
1602 1295 1732 1365 semitis,

415 1412 489 1476 prae
513 1412 568 1455 sua
584 1392 706 1475 Capua,
729 1391 912 1475 planissimo
934 1391 966 1452 in
988 1390 1059 1452 loco
1075 1389 1230 1472 explicata
1244 1409 1280 1451 ac
1298 1389 1544 1470 praeclarissime
1567 1389 1641 1462 sita,
1663 1388 1733 1450 irri-

416 1485 535 1548 debunt
555 1492 649 1569 atque
671 1490 889 1557 contemnent;
910 1502 1003 1566 agros
1023 1501 1115 1555 vero,
1137 1482 1321 1545 Vaticanum
1337 1491 1368 1544 et
1382 1484 1561 1564 Pupiniam,
1583 1503 1653 1546 cum
1668 1483 1733 1545 suis

417 1580 530 1662 opimis
557 1586 651 1662 atque
674 1579 823 1641 uberibus
845 1577 962 1660 eampis
985 1573 1191 1639 conferendos
1213 1576 1331 1638 seilicet
1352 1596 1417 1638 non
1431 1575 1597 1657 putabunt.
1635 1577 1772 1659 Oppi-so

417 1671 526 1736 dorum
559 1679 665 1735 autem
690 1669 892 1734 finitimorum
922 1669 1007 1733 illam
1038 1669 1162 1752 copiam
1191 1690 1261 1733 cum
1291 1669 1349 1731 bae
1377 1689 1435 1752 per
1455 1671 1551 1732 risum
1573 1689 1608 1732 ae
1630 1671 1733 1734 iocum

417 1765 628 1829 contendent:
649 1765 799 1839 Labicos,
822 1764 974 1838 Fidenas,
998 1762 1177 1837 Collatiam,
1199 1764 1303 1844 ipsum
1324 1762 1430 1825 hercle
1452 1762 1644 1840 Lanuvium,
1667 1766 1736 1828 Ari·

419 1860 515 1932 ciam,
536 1859 706 1921 Tusculum
728 1878 799 1921 cum
823 1858 965 1931 Calibus,
995 1858 1121 1930 Teano,
1148 1856 1299 1938 Neapoli,
1322 1856 1477 1930 Puteolis,
1500 1856 1623 1930 Cumis,
1644 1860 1736 1921 Pom·

419 1953 515 2036 pelis,
536 1951 671 2015 Nuceria
692 1952 928 2033 comparabunt.
970 1947 1022 2011 97.
1038 1949 1162 2024 Quibus
1183 1949 1230 2011 illi
1247 1949 1339 2011 rebus
1354 1948 1428 2011 elati
1444 1956 1476 2011 et
1490 1949 1589 2011 inllati
1604 1950 1736 2014 fortasse

419 2066 482 2109 non
506 2045 674 2119 continuo,
705 2044 760 2108 sed
784 2052 885 2119 certe,
911 2045 937 2107 si
958 2044 1088 2127 paulum
1110 2043 1338 2126 assumpserint
1358 2043 1525 2106 vetustatis
1547 2063 1584 2106 aa
1605 2045 1736 2117 roboris,
1747 2055 1774 2102 su

419 2160 484 2203 non
506 2139 764 2202 continebuntur:
794 2137 1036 2222 progredientur
1056 2137 1199 2220 longius,
1225 2138 1403 2200 efferentur.
1447 2137 1620 2219 Singularis
1641 2137 1737 2200 bomo

420 2235 574 2317 privatus,
597 2233 657 2295 nisi
679 2252 792 2314 magna
812 2232 968 2315 sapientia
987 2231 1163 2314 praeditus,
1185 2231 1239 2296 six
1253 2230 1345 2293 lacile
1360 2251 1430 2294 sese
1445 2230 1628 2312 regionibus
1642 2228 1739 2293 officii

421 2328 542 2409 magnis
564 2327 597 2389 in
619 2324 752 2388 fortunis
774 2333 806 2389 et
827 2327 927 2409 copiis
949 2326 1108 2388 continet:
1129 2323 1247 2387 nedum
1268 2323 1321 2387 isti
1344 2324 1383 2387 ab
1398 2324 1491 2387 Rullo
1509 2333 1541 2387 et
1554 2324 1638 2387 Rulli
1653 2324 1740 2387 simi·

421 2421 503 2483 libus
526 2419 699 2502 conquisiti
721 2426 817 2502 atque
839 2419 930 2481 electi
946 2418 1068 2492 coloni,
1093 2417 1218 2499 Capuae
1239 2418 1272 2481 in
1287 2418 1447 2481 domicilio
1462 2418 1630 2500 superbiae
1644 2425 1740 2500 atque

421 2513 454 2576 in
475 2513 604 2577 sedibus
626 2512 770 2575 luxuriae
792 2511 952 2585 collocati,
973 2531 1039 2574 uon
1056 2512 1158 2574 statim
1173 2511 1384 2594 conquisituri
1398 2512 1463 2575 sint
1476 2511 1598 2595 aliquid
1613 2511 1779 2575 scelerisao

422 2615 454 2670 et
483 2604 613 2689 flagitii:
642 2606 738 2668 immo
768 2625 842 2669 vero
870 2605 963 2669 etiam
990 2605 1051 2667 boe
1073 2605 1173 2686 magis
1195 2624 1289 2689 quam
1317 2604 1363 2668 illi
1385 2611 1508 2669 veteres
1536 2605 1741 2687 germanique

423 2700 593 2783 Campani,
622 2698 708 2782 quod
736 2699 769 2761 in
791 2706 897 2761 vetere
922 2697 1046 2761 fortuna
1067 2697 1140 2760 illos
1162 2707 1254 2761 natos
1276 2706 1308 2761 et
1328 2698 1479 2761 educatos
1501 2700 1616 2763 nimiae
1637 2709 1742 2762 tamen

423 2814 526 2856 rerum
558 2792 700 2855 omnium
729 2793 837 2876 copiae
865 2791 1092 2874 depravabant,
1124 2790 1158 2853 bi
1187 2812 1228 2855 ex
1253 2812 1373 2855 summa
1395 2800 1533 2873 egestate
1554 2793 1587 2855 in
1609 2791 1742 2855 eandem

425 2907 527 2949 rerum
556 2885 779 2948 abundantiam
807 2884 940 2948 traducti
968 2903 1032 2947 non
1060 2884 1162 2947 solum
1189 2885 1296 2968 eopia,
1324 2905 1430 2947 verum
1460 2886 1554 2948 etiarn
1576 2885 1744 2949 insolentia

426 2978 715 3041 commovebuntur.
1752 2994 1780 3040 25

507 3072 654 3134 xxxvl.
676 3069 727 3133 98.
749 3072 834 3134 llaec
857 3077 907 3145 tu,
928 3073 963 3134 P.
980 3071 1088 3146 Rulle,
1110 3073 1153 3135 Al.
1168 3072 1255 3134 Bruti
1278 3073 1406 3135 sceleris
1421 3074 1553 3155 vestigia
1566 3093 1661 3156 quam
1676 3092 1744 3134 mo·

426 3173 575 3230 numentu
596 3166 751 3228 maiorum
773 3165 947 3247 sapientiae
970 3166 1060 3248 sequi
1083 3165 1240 3240 maluisti3
1265 3166 1345 3229 baec
1365 3174 1400 3229 tu
1422 3186 1493 3229 oum
1514 3167 1583 3230 istis
1605 3167 1668 3230 tuis
1688 3187 1745 3229 au·

426 3259 565 3323 oloribus
587 3260 790 3341 excogitasti,
819 3265 854 3322 ut
875 3266 984 3322 vetera
1005 3258 1173 3342 vectigalia
1194 3257 1212 3292 ²*
1229 3256 1246 3293 *
1264 3259 1282 3293 ³*
1306 3279 1344 3323 ea
1365 3260 1534 3343 expleretis
1555 3281 1637 3324 novo
1661 3261 1679 3293 ³⁸
1693 3261 1711 3294 ³*
1725 3261 1743 3294 *
1768 3274 1782 3299 ·

491 3528 514 3578 4.
532 3525 602 3590 nata]
620 3531 695 3589 capta
712 3526 786 3577 ΕΕΡ
804 3526 914 3591 (Madvig
931 3527 965 3577 ud
983 3529 1036 3580 Cic.
1056 3529 1090 3579 de
1102 3529 1174 3578 Pina.
1187 3541 1214 3592 p.
1227 3526 1312 3590 bbl.);
1332 3533 1393 3591 apta
1410 3531 1439 3580 A.
1458 3530 1614 3583 Emendavit
1624 3534 1679 3584 Nic.
1691 3539 1747 3586 An·

427 3602 518 3668 gelius.
540 3628 567 3638 -
585 3608 620 3651 est
635 3600 802 3664 Wesenberg
820 3600 845 3663 tl.
863 3600 880 3651 l.
899 3615 926 3666 p.
945 3601 1010 3665 ll.):
1027 3609 1084 3653 sunt
1100 3604 1192 3654 ceteri.
1213 3631 1240 3640 -
1259 3605 1523 3672 quae··postutaott]
1541 3621 1605 3671 quae
1616 3615 1747 3672 --portu-

427 3680 512 3729 tam
528 3678 617 3737 EFP3
635 3676 877 3739 qua--pouutaou
893 3689 956 3728 cum
973 3677 1015 3728 ed.
1035 3679 1198 3741 llervagiana
1214 3678 1242 3727 4..
1261 3705 1288 3714 -
1307 3680 1433 3731 emaum
1448 3682 1504 3733 FP.
1519 3709 1546 3719 -
1559 3683 1584 3733 9.
1602 3696 1633 3733 aa
1649 3697 1703 3736 om.
1716 3686 1745 3737 Τ.

433 3780 460 3792 -
477 3754 553 3804 utam
569 3752 656 3803 omisit
672 3751 701 3801 E.
721 3777 747 3788 -
767 3757 824 3802 tanc
840 3751 901 3802 EF:
920 3751 1101 3805 maneo.
1120 3780 1148 3791 -
1166 3754 1191 3804 8.
1208 3753 1316 3814 buicE;
1333 3755 1491 3806 erocum
1510 3757 1577 3807 F.-
1595 3760 1747 3811 reamare·

429 3836 527 3888 danus:
550 3837 623 3887 nudo
644 3833 705 3899 {ato}
727 3835 842 3895 ΕΕΡΑς
868 3848 999 3886 urrunnun
1021 3850 1083 3888 cum
1105 3837 1148 3888 ed.
1171 3834 1263 3888 Aldina
1286 3836 1311 3890 9.
1337 3865 1363 3874 -
1387 3838 1413 3890 4.
1436 3840 1591 3892 Muenna
1612 3842 1697 3895 ΕΕΡ.
1717 3872 1745 3883 -

429 3914 454 3964 b.
472 3912 649 3963 conubwmut
672 3913 699 3963 F.
722 3937 749 3946 -
773 3910 858 3976 quaml
879 3923 952 3972 quern
967 3911 996 3961 Ε.
1016 3937 1043 3948 -
1068 3913 1093 3962 4.
1115 3911 1170 3977 otis]
1193 3912 1244 3962 aar
1264 3912 1376 3963 EFGP.
1402 3940 1429 3950 -
1453 3914 1478 3965 8.
1498 3917 1571 3978 proc]
1591 3930 1639 3979 pro
1659 3919 1746 3971 EFA.

430 3987 586 4039 Emendavlt
599 3988 654 4038 Nic.
673 3985 805 4050 Angelius.
821 4013 848 4022 -
862 3987 1063 4050 sruxianum
1078 3988 1129 4038 etta
1144 4000 1206 4038 nos:
1222 4001 1287 4051 prae
1301 3989 1351 4038 suu
1366 3989 1457 4040 mbr
1472 3987 1646 4054 erasum
1669 4010 1749 4058 prae·

429 4063 573 4113 etonuinus
588 4063 636 4112 olis
651 4060 774 4112 Klotzius.
787 4088 811 4100 -
825 4061 849 4112 9.
867 4068 1019 4113 eontnmsere
1035 4063 1064 4113 E.
1076 4089 1103 4098 -
1113 4063 1278 4113 uattearsttasa
1294 4063 1378 4115 EFP.
1391 4087 1418 4100 -
1428 4065 1560 4128 Ρυρῡιὴυη
1570 4069 1606 4130 A,
1623 4067 1748 4132 Klotzius,

431 4139 531 4201 Ussing.
557 4138 596 4190 ct.
615 4135 758 4189 Columella
775 4138 804 4187 44.
823 4138 852 4187 44.
871 4139 891 4187 1.
904 4135 932 4199 l,
948 4137 973 4189 8.
997 4163 1025 4175 -
1049 4139 1089 4188 to.
1107 4138 1196 4200 opens
1214 4143 1289 4200 atque
1308 4137 1423 4189 obsutus
1443 4140 1626 4193 Lauredanus:
1652 4145 1751 4206 optimis

431 4217 506 4274 uque
530 4213 644 4264 obesae
664 4209 753 4272 rs&
779 4212 877 4273 mrum
897 4218 971 4275 uque
991 4212 1194 4264 maest.
1214 4202 1358 4275 -settesu
1379 4214 1401 4263 st
1421 4210 1593 4264 ustas-
1620 4232 1749 4270 mecum

432 4286 1269 4352 salmariano,-tttacluacsnoptan-acruunsr:
1292 4286 1750 4350 mannisisaALPO.-t2.aon-

431 4361 527 4411 undant
552 4364 579 4412 P.
608 4363 753 4413 Manutius:
788 4366 940 4413 conteneant
964 4363 1058 4414 EFA.
1086 4389 1114 4399 -
1142 4361 1252 4427 Labicos]
1279 4364 1348 4412 uicos
1371 4363 1440 4423 EP3
1470 4364 1541 4426 tiseos
1564 4366 1591 4414 F.
1619 4393 1646 4402 -
1671 4368 1751 4420 barole

431 4436 579 4501 Lanuuium]
602 4437 752 4488 ereleianum
768 4436 802 4496 E;
827 4438 986 4488 aarum
1003 4439 1032 4496 F;
1059 4438 1209 4488 arelatam
1229 4451 1349 4488 wmarus
1371 4441 1403 4499 P;
1428 4440 1514 4490 Hercle
1533 4440 1690 4492 Lanuuinum
1710 4446 1748 4502 A:

431 4512 665 4562 mutuaturum
686 4510 737 4562 alii.
763 4539 789 4548 -
813 4512 853 4562 43.
878 4513 972 4563 Theano
988 4507 1071 4563 449.
1091 4539 1119 4549 -
1145 4512 1185 4564 tt.
1208 4513 1397 4579 autumabunt]
1418 4527 1468 4564 non
1488 4515 1668 4577 recuparabant
1688 4530 1750 4568 eum

433 4585 587 4636 Lauredano
604 4589 632 4637 L.
659 4614 685 4622 -
706 4589 745 4638 45.
769 4588 810 4637 aad
832 4592 908 4648 certe,
934 4587 1087 4653 uacuum]
1111 4590 1132 4638 si
1152 4593 1217 4638 certa
1234 4590 1367 4652 paululum
1385 4590 1419 4650 Ε;
1444 4593 1550 4641 atcerte
1569 4593 1674 4654 cauum
1696 4595 1750 4644 FP.

435 4685 462 4696 —
487 4663 625 4711 uenustatis
645 4661 727 4711 EPP.
751 4686 778 4696 -
805 4662 845 4712 46.
866 4663 1046 4714 sustinebimus
1066 4666 1094 4716 E.
1119 4693 1146 4702 -
1168 4667 1363 4730 progrediebatur
1383 4667 1460 4717 iuncti
1480 4680 1562 4717 secun
1584 4668 1696 4730 famur
1715 4670 1749 4729 Ε;

430 4735 627 4798 progrediuntur
646 4736 724 4786 tursctt
742 4748 824 4786 seeum
842 4738 958 4800 teruntarr
979 4740 1010 4799 F;
1033 4741 1227 4805 progredientur
1246 4743 1329 4792 cuncti
1352 4755 1434 4792 secun
1452 4744 1563 4806 [πων
1588 4744 1620 4801 Ρ;
1645 4756 1753 4807 progre-
1826 4766 1829 4772 ·

434 4808 544 4872 duntm,
562 4816 652 4861 wacta
666 4823 748 4861 smum
763 4812 843 4874 fuant
858 4811 968 4864 Orellius
985 4814 1044 4867 coll.
1063 4816 1117 4866 Lis.
1131 4817 1182 4867 ΕΙ..
1195 4815 1236 4867 49.
1250 4842 1277 4852 -
1297 4817 1337 4867 tr.
1355 4818 1429 4880 facila
1444 4817 1502 4882 use]
1518 4816 1600 4879 saedis
1614 4822 1675 4867 auat
1690 4817 1750 4879 EF,

432 4884 504 4946 factu
520 4890 579 4935 aaut
595 4888 628 4945 Ρ;
649 4885 719 4948 factu
734 4899 784 4936 rese
799 4888 829 4938 A.
849 4913 875 4923 -
894 4888 960 4952 afflat
977 4890 1032 4941 ΕΕ.
1053 4917 1079 4926 -
1101 4891 1140 4941 48.
1158 4892 1185 4940 tn
1199 4891 1314 4957 fortunis]
1335 4892 1477 4955 infortuniis
1492 4891 1549 4942 EF.
1569 4917 1597 4926 -
1614 4892 1754 4942 mutatu

435 4960 520 5011 EFP.
541 4986 567 4996 -
585 4962 626 5011 90.
645 4962 771 5027 turasius]
789 4963 924 5014 lueaaiostr
940 4965 1053 5015 EPPA.
1080 4964 1238 5016 Emendavit
1258 4967 1403 5030 Naugerius
1420 4967 1445 5018 ln
1464 4965 1507 5017 ed.
1524 4963 1626 5017 Aldina.
1645 4992 1674 5003 -
1692 4981 1754 5018 aare

435 5034 560 5100 qusuon]
583 5038 667 5086 «Part.
690 5039 840 5100 cancamum.
869 5039 978 5090 Videtur
1000 5039 1063 5090 illud
1085 5043 1173 5090 ortum
1189 5053 1205 5090 e
1222 5042 1347 5106 praeced.
1365 5042 1520 5104 emmaus.»
1538 5040 1583 5092 Or.
1604 5067 1631 5076 -
1649 5042 1691 5092 94.
1708 5043 1755 5094 bor

435 5109 512 5159 etiam
522 5111 589 5161 9.-
606 5113 648 5163 99.
662 5111 716 5162 illos
731 5113 757 5162 tn
773 5119 853 5165 uetare
867 5113 1040 5180 94444444..-
1058 5115 1100 5166 Ab.
1112 5115 1462 5168 commorabunturEFP.-
1479 5116 1520 5166 98.
1533 5114 1684 5168 bruun·
1701 5131 1754 5168 ma

436 5183 547 5234 nimenta
563 5186 589 5236 F.
609 5211 636 5222 -
655 5187 696 5238 97.
713 5188 815 5239 matustt
830 5190 860 5241 Ε.
874 5216 900 5226 -
920 5189 1062 5241 auctortbus
1077 5190 1263 5243 Lauredanus:
1282 5192 1407 5244 actardus
1422 5190 1561 5245 EFtiAss.
1578 5217 1606 5228 -
1624 5193 1666 5244 98.
1684 5194 1756 5258 aaut·

437 5260 497 5310 taut
512 5260 540 5312 F.
561 5288 588 5299 -
605 5262 739 5328 suasura
754 5277 786 5317 ea
800 5264 932 5330 mutnus
945 5279 1009 5319 nouo
1023 5263 1082 5319 uu
1097 5267 1295 5322 uasere:
1318 5267 1612 5335 murmuramus,
1629 5271 1654 5321 tl
1668 5267 1754 5334 «44440-
