4367 6109
436 584 498 655 tiit
828 594 869 657 IN
890 592 926 657 L.
949 590 1170 657 CATILINAM
1192 590 1310 656 LIBER
1331 592 1370 654 11.

440 765 605 838 omnibus,
637 762 754 826 exteris
781 762 978 835 nationibus,
1012 762 1038 824 si
1059 761 1110 824 his
1135 761 1229 823 rebus
1256 760 1382 823 omissis
1410 778 1523 824 causas
1547 762 1664 844 ipsas,
1703 780 1789 844 quae

444 859 525 920 inter
554 877 587 920 se
616 857 804 938 confligunt,
833 855 1023 918 contendere
1046 856 1196 929 velimus,
1227 875 1267 917 ex
1290 873 1328 915 eo
1356 856 1442 938 ipso,
1472 874 1574 938 quarn
1606 854 1712 917 valde
1741 855 1788 917 illi

445 952 580 1025 iaceant,
603 950 778 1031 intelligere
799 969 978 1031 possumus.
1021 950 1069 1011 Ex
1090 949 1149 1011 hac
1172 948 1255 1011 enim
1276 956 1364 1030 parte
1384 946 1489 1030 pudor
1508 955 1658 1032 pugnat,
1694 948 1787 1011 illinc

443 1044 632 1127 petulantia;
662 1043 736 1105 hinc
764 1042 933 1126 pudicitia,
961 1042 1048 1104 illinc
1077 1050 1234 1126 stuprum3
1263 1042 1339 1104 hinc
1361 1039 1453 1115 tides,
1480 1041 1573 1104 illinc
1594 1042 1785 1119 fraudati03

419 1137 517 1200 chine
539 1138 656 1218 pietas,
686 1136 774 1198 illinc
797 1136 916 1211 scalus3
945 1136 1019 1198 hine
1041 1137 1232 1209 constantia,
1261 1135 1349 1197 illinc
1370 1134 1470 1210 furor;
1501 1135 1579 1198 hinc
1607 1136 1785 1207 honestas,

444 1229 532 1293 illinc
554 1229 733 1312 turpitud03
763 1230 837 1292 hine
860 1231 1069 1304 continentia,
1097 1228 1185 1291 illinc
1207 1227 1323 1291 libido:
1345 1228 1482 1312 denique
1504 1229 1679 1312 aequitas,
1705 1238 1785 1292 tem

445 1323 604 1406 perantia,
631 1321 800 1397 fortitudo,
829 1323 1013 1406 prudentia,
1043 1324 1174 1386 virtutes
1203 1340 1312 1385 omnes
1342 1330 1461 1385 cenant
1488 1342 1560 1386 cum
1590 1321 1783 1406 iniquitate,

445 1414 590 1489 luxuria,
620 1416 761 1497 ignavia,
790 1419 980 1492 temeritate,
1010 1439 1080 1480 eum
1108 1416 1194 1480 vitiis
1216 1416 1378 1479 omnibus:
1400 1423 1560 1500 postremo
1583 1416 1685 1498 copia
1707 1437 1782 1479 cum

445 1515 602 1589 egestate,
624 1510 705 1572 bona
727 1511 806 1574 ratio
828 1531 898 1573 cum
920 1510 1060 1594 perdita,
1090 1531 1178 1573 mens
1200 1529 1276 1573 sana
1298 1531 1367 1572 cum
1390 1512 1542 1583 amentia,
1572 1507 1665 1571 bona
1688 1510 1783 1572 deni·

408 1614 436 1660 to
448 1621 509 1684 que
532 1622 605 1683 spes
627 1623 698 1664 cum
721 1604 861 1665 omnium
883 1624 986 1666 rerum
1010 1604 1229 1687 desperatione
1251 1604 1398 1686 confligit.
1441 1605 1475 1666 ln
1499 1603 1569 1667 eius
1591 1604 1686 1666 modi
1711 1626 1782 1668 eer-

446 1693 563 1755 tamine
592 1713 628 1756 ae
657 1696 779 1778 proelio
801 1716 924 1770 nonne,
952 1697 1046 1759 etiam
1076 1698 1103 1760 si
1131 1697 1294 1759 hominum
1322 1697 1425 1760 studia
1454 1694 1617 1773 deficiant,
1651 1697 1687 1775 di
1715 1702 1779 1783 ipsi

446 1788 639 1850 immortales
668 1796 782 1871 cogant
809 1789 847 1851 ab
878 1790 927 1851 his
955 1790 1210 1872 praeclarissimis
1237 1791 1407 1853 virtutibus
1437 1797 1484 1854 tot
1512 1799 1545 1854 et
1577 1800 1669 1856 tanta
1700 1795 1782 1858 vitia

447 1882 612 1963 superarit
657 1882 725 1942 xit.
748 1878 798 1943 26.
823 1882 911 1957 Quae
934 1904 1004 1946 cum
1026 1884 1069 1946 ita
1091 1885 1167 1957 sint,
1191 1884 1346 1960 Quirites,
1368 1904 1435 1960 vos,
1458 1906 1551 1968 quem
1575 1886 1615 1948 ad
1641 1888 1778 1950 modum

447 1978 507 2038 iam
538 1983 646 2049 antea,
674 1983 777 2038 vestra
806 1984 888 2039 tecta
917 1977 1032 2059 vigiliis
1061 1978 1277 2061 custodiisque
1307 1976 1483 2041 defendite:
1510 1978 1603 2054 mihi,
1635 1987 1677 2042 ut
1703 1981 1779 2044 urbi

410 2069 516 2131 steine
539 2076 643 2131 vestro
666 2077 751 2132 motu
773 2089 809 2132 ac
832 2071 899 2131 sine
921 2069 987 2132 ullo
1015 2071 1150 2133 tumultu
1178 2071 1254 2133 satis
1284 2079 1369 2135 esset
1393 2071 1556 2155 praesidii,
1588 2074 1779 2137 consultum

449 2170 543 2245 atque
565 2162 728 2245 provisum
750 2171 807 2225 est.
851 2162 960 2226 Coloni
983 2183 1091 2226 omnes
1114 2164 1351 2248 municipesque
1373 2166 1485 2239 vestri,
1507 2167 1662 2230 certiores
1685 2189 1706 2232 a
1726 2188 1779 2231 me

449 2255 523 2319 facti
546 2254 585 2318 de
606 2255 665 2319 hac
687 2265 840 2319 nocturna
863 2258 1050 2322 excursione
1079 2258 1248 2331 Catilinae,
1278 2258 1371 2322 facilc
1400 2260 1494 2323 urbes
1522 2280 1596 2323 suas
1625 2256 1780 2346 finesque

448 2350 633 2414 defendent:
665 2350 871 2433 gladiatores,
900 2371 993 2432 quam
1016 2352 1075 2414 sibi
1098 2352 1151 2414 ille
1173 2371 1299 2414 manum
1322 2352 1525 2415 certissimam
1546 2351 1615 2416 sore
1640 2356 1780 2438 putavit,

448 2464 640 2527 quamquam
661 2443 766 2507 animo
788 2444 916 2506 meliore
939 2451 1013 2507 sunt
1034 2466 1128 2529 quam
1150 2465 1222 2528 pars
1244 2446 1461 2529 patriciorum,
1486 2452 1645 2529 potestate
1669 2456 1780 2513 minen

410 2545 555 2601 anostra
577 2536 830 2601 continebuntur.
865 2537 904 2613 Q.
925 2538 1087 2613 Metellus,
1110 2558 1203 2620 quem
1225 2558 1284 2620 535
1305 2539 1365 2602 hoc
1387 2540 1581 2624 prospiciens
1603 2539 1640 2601 in
1663 2559 1780 2625 agnum

448 2630 599 2697 Gallicum
621 2631 832 2715 Picenumque
860 2632 1027 2715 praemisi,
1057 2640 1110 2695 ant
1132 2632 1289 2716 opprimet
1310 2631 1469 2696 hominem
1491 2640 1546 2696 aut
1568 2653 1685 2699 omnes
1708 2636 1780 2699 eius

448 3046 494 3104 sm
513 3044 590 3094 deest
602 3043 695 3106 popolo
712 3043 792 3092 etiam
808 3043 834 3091 in
851 3054 868 3105 p
887 3044 914 3091 et
930 3057 960 3102 ς,
980 3044 1067 3093 artum
1085 3056 1117 3093 ex
1134 3046 1292 3108 compendio
1310 3047 1339 3096 ii.
1355 3072 1381 3081 -
1400 3047 1500 3096 aerario
1517 3059 1548 3096 aa
1562 3049 1734 3113 oectipatioes
1748 3055 1777 3104 Β.

452 3147 477 3154 -
499 3118 522 3168 4.
541 3120 650 3169 eaterms
666 3132 694 3177 e;
721 3119 837 3168 extremis
853 3117 879 3167 d.
899 3143 925 3152 -
946 3118 976 3180 si]
992 3120 1093 3168 schz
1111 3122 1156 3184 [3.
1174 3120 1219 3178 40;
1246 3120 1324 3169 sedsi
1347 3121 1392 3182 [3.
1411 3120 1436 3171 0.
1455 3121 1495 3172 65.
1516 3148 1543 3158 -
1566 3122 1590 3170 si
1612 3124 1780 3187 ieqaeeiiis

450 3196 480 3254 [ς
499 3195 520 3244 si
536 3194 574 3244 liis
589 3196 694 3257 inquam
711 3193 729 3244 d
746 3196 772 3244 et
789 3196 833 3257 [3.
852 3194 877 3242 i.
897 3219 924 3228 -
943 3193 1023 3257 retas]
1040 3193 1112 3244 rebus
1128 3194 1239 3244 omnious
1255 3193 1306 3244 dc.
1321 3220 1349 3231 -
1368 3195 1435 3257 ipsas
1450 3208 1543 3245 causas
1559 3197 1607 3261 [3.
1625 3199 1651 3249 7.
1672 3202 1716 3253 2l.
1735 3204 1777 3265 65,

449 3271 506 3320 LO.
523 3298 549 3306 —
562 3271 586 3320 4.
605 3272 670 3321 ieter
685 3284 734 3321 sese
750 3268 767 3319 l.
783 3297 809 3304 -
823 3270 974 3331 contendere]
992 3270 1083 3319 intueri
1101 3283 1125 3320 e.
1141 3297 1168 3306 -
1180 3270 1293 3320 colamus
1310 3281 1346 3319 m.
1362 3297 1388 3305 —
1402 3271 1468 3332 quod
1483 3271 1519 3319 iiii
1534 3272 1655 3336 caldeli,
1677 3277 1726 3341 [3.
1737 3279 1778 3328 50.

449 3346 494 3404 sm
521 3360 597 3409 qoam
616 3347 690 3396 aeide
709 3346 754 3395 itia
769 3359 799 3406 ς;
825 3345 898 3394 calm
917 3356 970 3393 om.
989 3342 1006 3393 l.
1028 3372 1053 3379 -
1079 3344 1104 3393 3.
1128 3345 1168 3393 Ea
1187 3344 1235 3394 liae
1251 3371 1265 3380 -
1279 3372 1294 3382 -
1312 3345 1406 3406 desper.
1424 3346 1533 3409 coepipit
1554 3346 1633 3397 aiiert
1657 3351 1780 3404 isidorus

450 3421 535 3483 origg.
553 3421 584 3470 ll.
603 3422 649 3480 at,
672 3424 696 3472 5.
723 3450 750 3458 -
773 3426 868 3486 peperat
888 3422 971 3482 pudor
992 3435 1015 3470 z.
1040 3420 1131 3483 (partor
1152 3424 1282 3484 eapapeat
1302 3419 1363 3470 isid.
1389 3420 1431 3470 ed.
1456 3422 1542 3472 Otton.
1566 3422 1650 3473 invito
1676 3426 1781 3478 editore

450 3498 477 3544 et
497 3498 588 3547 eontra
610 3498 626 3546 2
649 3497 725 3547 codd.
750 3497 819 3548 tlon.
843 3507 897 3545 sec.
918 3496 969 3556 lx.)
995 3522 1020 3530 -
1046 3496 1069 3545 6.
1094 3498 1197 3556 denique
1218 3496 1380 3545 CVaeltu
1402 3498 1446 3559 [3.
1465 3497 1506 3546 46.
1524 3496 1565 3547 tt.
1584 3495 1627 3548 46.
1645 3500 1696 3551 53:
1724 3503 1781 3551 tim

450 3571 553 3632 denique
569 3572 645 3622 codd.
665 3572 719 3623 rell.
740 3572 873 3622 Ciceronis
891 3573 918 3620 et
934 3570 1034 3621 isidori.
1049 3599 1076 3607 -
1090 3573 1115 3620 7.
1130 3572 1266 3633 pmumria
1280 3572 1399 3634 [artoarto
1416 3572 1446 3631 ἀς
1463 3573 1583 3634 fortitudo
1601 3586 1657 3624 om.
1677 3574 1734 3626 bs.
1750 3603 1779 3614 -

451 3661 533 3697 omres
549 3659 602 3697 om.
621 3647 646 3696 d.
664 3676 690 3683 -
709 3661 765 3697 eam
781 3648 911 3709 iniquitate
927 3659 983 3694 cam
999 3647 1105 3695 luxoria
1120 3660 1176 3695 cam
1192 3647 1295 3710 ipeaoia
1311 3659 1367 3694 mm
1382 3652 1466 3696 temer.
1486 3647 1572 3696 VLO.
1593 3648 1782 3708 (Consentiunt

450 3721 562 3772 ieodd.
582 3724 668 3772 Monn.
687 3722 779 3772 isidori
801 3734 863 3772 cum
886 3721 991 3783 optimis
1015 3718 1150 3780 Tullianis,
1177 3721 1226 3771 nisi
1250 3721 1322 3783 quod
1345 3720 1441 3770 deinde
1464 3719 1563 3770 habent
1584 3735 1643 3772 mae
1666 3726 1782 3776 menites

451 3797 531 3856 sitiis3
550 3798 641 3848 vitiosa
660 3800 701 3848 est
718 3798 848 3861 scriptura
866 3797 891 3845 in
910 3794 951 3845 ed.
970 3796 1066 3858 Otton.)
1078 3822 1105 3831 —
1116 3796 1141 3844 8.
1153 3795 1226 3857 copia
1243 3794 1320 3855 bdl,
1340 3795 1399 3845 cod.
1413 3793 1519 3856 Calon.¹
1538 3795 1673 3847 isidorus:
1693 3801 1782 3863 copiae

452 3872 505 3920 mei
523 3869 578 3921 rell.
593 3874 620 3922 [.
640 3874 683 3936 (Ex
701 3876 807 3936 Legem.
827 3872 860 3921 ad
878 3870 1017 3922 lectionem
1036 3872 1121 3934 copiae
1138 3870 1206 3921 nulla
1224 3872 1338 3921 varietas
1355 3869 1455 3935 prolata
1472 3870 1532 3933 est.)
1546 3898 1573 3908 -
1588 3873 1630 3922 40.
1643 3875 1779 3925 arnaiiie.

455 3975 481 3983 -
500 3947 635 4011 cortiipaet
653 3947 864 4013 Celqruwx,
891 3948 906 3997 6
924 3945 965 3996 elii
983 3947 1060 4008 [533.
1085 3946 1205 4010 (coepipit
1225 3946 1295 4008 lsid.)
1316 3973 1342 3982 -
1365 3946 1503 3995 taiasmodi
1524 3945 1547 3994 V
1563 3948 1591 3996 et
1611 3944 1718 4010 aliquot
1739 3948 1780 3999 alii

453 4024 529 4084 [533.
549 4022 627 4082 dett,
646 4023 703 4073 [0.
724 4050 751 4060 -
771 4025 811 4072 44.
830 4023 905 4071 etiam
922 4034 974 4071 om.
993 4037 1018 4082 ς,
1042 4048 1068 4057 -
1088 4022 1179 4070 homini
1196 4033 1222 4069 u.
1244 4048 1271 4056 -
1291 4021 1315 4069 ai
1332 4019 1389 4070 bs:
1407 4021 1442 4069 dii
1459 4021 1488 4070 0.
1502 4047 1528 4056 -
1549 4020 1590 4070 ⁴2.
1609 4022 1727 4086 capitoni
1742 4036 1779 4082 m,

452 4098 498 4159 [3.
516 4096 540 4146 l.
559 4096 588 4154 93
606 4102 692 4159 coperit
708 4099 753 4160 [3.
772 4096 804 4147 56
821 4095 903 4156 solus,
922 4097 978 4146 LO.
1000 4123 1026 4131 -
1046 4096 1189 4145 ctamsemis
1205 4109 1226 4144 r.
1242 4121 1268 4129 —
1289 4096 1329 4145 43.
1346 4108 1390 4144 vos
1406 4108 1476 4157 quern
1493 4094 1614 4158 55455ιά455
1629 4108 1662 4156 u,
1683 4097 1781 4149 mediis

453 4171 566 4221 omissis.
586 4197 613 4206 -
633 4171 672 4222 44.
691 4173 744 4221 iam
760 4184 814 4222 om.
834 4185 865 4233 q,
894 4173 909 4220 5
927 4170 968 4221 alii
985 4172 1063 4233 [533.
1084 4199 1111 4207 -
1135 4175 1194 4219 aare
1215 4168 1274 4218 cod.
1293 4168 1401 4225 Mureti3
1427 4172 1501 4217 antea
1517 4167 1572 4216 etei
1589 4169 1609 4218 ii
1630 4169 1692 4231 (sed
1709 4170 1780 4232 Biz,

453 4248 497 4307 [3.
511 4244 550 4294 46.
565 4244 597 4294 65
614 4251 684 4306 eata,
705 4261 721 4307 ς
737 4246 870 4309 diaimias);
889 4251 946 4295 aete
962 4247 1030 4295 edici
1047 4247 1115 4296 cani.
1129 4243 1289 4295 Gulielmius.
1308 4245 1492 4293 Steinmetzius
1508 4244 1545 4292 ait
1560 4244 1617 4293 diei
1633 4243 1660 4295 in
1679 4245 1782 4311 aliquot

453 4321 547 4371 Periss.
571 4322 643 4370 extra
665 4321 762 4372 lineum
785 4324 914 4387 seriptum
937 4334 1006 4371 esse.
1026 4347 1053 4355 -
1076 4322 1127 4383 cip.
1151 4319 1315 4380 matediisqae
1330 4317 1561 4377 BCaboiswz,
1588 4316 1665 4368 aetii
1684 4320 1778 4384 [533.;

452 4397 567 4447 matodiis
582 4396 721 4460 vipiliisqae
737 4398 831 4455 tito,
850 4400 878 4445 ut
896 4398 937 4445 est
954 4409 992 4444 or.
1006 4396 1047 4444 lii.
1061 4395 1084 4457 5.
1098 4394 1138 4444 29.
1154 4420 1181 4427 —
1194 4393 1230 4457 at]
1247 4398 1270 4443 et
1286 4395 1330 4443 Bc
1350 4396 1392 4456 [3.
1405 4394 1452 4452 4ος
1470 4398 1498 4441 ut
1513 4393 1570 4442 haic
1585 4393 1688 4454 Sahal,
1707 4395 1780 4459 quod

452 4472 622 4524 commendat
637 4472 803 4534 Wesenberg
822 4474 846 4522 in
871 4474 1014 4522 Emendatt.
1034 4471 1083 4520 Cic.
1102 4470 1171 4531 epist.
1190 4482 1216 4533 p.
1236 4469 1275 4517 40.
1296 4495 1323 4503 -
1344 4470 1382 4518 45.
1406 4473 1473 4517 meta
1488 4468 1778 4530 iicacdmrtng,

452 4547 527 4599 latii
545 4550 622 4610 [533.
646 4546 724 4610 (mota
741 4547 839 4597 habent
861 4544 1089 4610 beilqsqu,
1117 4541 1191 4592 3alii
1208 4543 1296 4607 5533.)
1323 4543 1361 4593 ct.
1381 4543 1405 4606 5.
1423 4543 1464 4592 28.
1485 4569 1511 4578 -
1530 4544 1710 4605 assevcnz,
1737 4544 1779 4596 alii

453 4625 530 4685 [533.
551 4650 578 4658 -
596 4622 670 4671 michi
687 4624 825 4673 causalium
842 4624 866 4673 d.
888 4651 914 4658 —
934 4623 974 4672 46.
993 4621 1075 4685 atque]
1093 4633 1124 4670 ac
1140 4621 1156 4670 5
1174 4622 1251 4683 [533.
1270 4619 1334 4670 dett.
1353 4622 1411 4670 [0.
1426 4646 1452 4653 -
1468 4620 1507 4669 ti.
1524 4619 1599 4683 facite
1614 4634 1640 4671 se
1655 4622 1779 4684 armasse

453 4711 510 4747 suas
527 4699 577 4749 liz.
599 4725 625 4734 -
646 4699 685 4749 l8.
705 4700 835 4761 defendant
852 4703 874 4754 t;
893 4700 1022 4761 defendant
1039 4695 1088 4745 be·
1106 4695 1242 4759 (defendent
1256 4696 1364 4759 picesque
1380 4696 1409 4755 z).
1431 4721 1457 4729 —
1477 4692 1562 4758 qaam]
1579 4708 1641 4755 qaas
1657 4695 1695 4754 B;
1719 4710 1780 4759 qoo-

453 4786 511 4820 rum
527 4774 571 4835 [3.
590 4772 630 4823 46.
652 4800 678 4809 -
697 4785 801 4822 manum
819 4774 980 4822 certissimam
997 4773 1083 4836 apte
1104 4771 1149 4832 Lg.
1173 4769 1213 4819 50.
1239 4772 1281 4822 st.
1305 4771 1350 4831 65,
1374 4768 1433 4821 eod.
1460 4767 1551 4819 Colon.
1575 4769 1632 4831 ised
1650 4771 1695 4821 hic
1715 4778 1775 4822 cert.

455 4847 582 4910 maeaml:
600 4860 635 4896 m.
653 4847 814 4901 fortissimam
829 4849 1038 4906 certissimamque
1053 4845 1194 4894 Bbcisw
1211 4844 1268 4907 (sed
1285 4846 1318 4894 n:
1340 4846 1398 4909 sort.
1417 4857 1485 4893 mae.
1503 4845 1586 4906 cert.);
1610 4859 1681 4895 mae.
1701 4860 1778 4908 quarn

453 4923 593 4971 mavimam
609 4929 632 4972 et
647 4922 808 4972 certissimam
824 4936 852 4979 z;
871 4922 1010 4971 maximam
1026 4934 1129 4969 mamam
1145 4926 1168 4969 et
1184 4922 1345 4970 certissimam
1363 4921 1447 4970 RLO.
1467 4946 1495 4957 -
1515 4920 1553 4968 ro.
1573 4920 1659 4969 anicio
1674 4921 1779 4971 melion

454 4996 524 5046 Bab
535 4998 618 5047 cisw
627 5012 653 5059 z,
672 5001 716 5062 [3.
729 4999 770 5048 20.
783 4999 823 5047 50.
836 4999 876 5047 57.
889 4998 920 5047 65
937 4998 994 5061 (sed
1013 5011 1058 5048 ew
1070 5002 1097 5047 et
1108 4997 1123 5047 5
1135 4996 1176 5048 alii
1186 4999 1264 5059 [533.
1276 4996 1388 5046 meliores
1399 4997 1458 5045 anic
1470 4996 1551 5058 senil:
1568 4995 1683 5046 meliores
1692 4998 1778 5046 aniam

456 5084 485 5131 e;
503 5073 604 5121 meliore
619 5074 704 5123 anima
720 5074 783 5130 44ος
801 5073 902 5122 meliora
918 5074 1002 5122 animo
1018 5087 1068 5121 aaa
1084 5078 1141 5122 seat
1157 5073 1225 5121 coni.
1244 5072 1402 5121 Torrentius.
1418 5098 1444 5106 -
1464 5075 1545 5119 temm
1566 5070 1593 5117 ia
1605 5074 1731 5131 potestate
1746 5072 1776 5121 V.

457 5172 484 5181 -
506 5146 547 5194 eo.
571 5150 654 5195 vestra
671 5149 759 5207 er3
785 5148 812 5196 ia
827 5153 909 5197 cestra
927 5149 954 5197 L.
980 5173 1006 5181 —
1031 5147 1090 5197 haec
1110 5161 1195 5208 prosp.
1215 5148 1269 5205 cd,
1293 5146 1445 5208 prospiciens
1461 5147 1505 5195 troc
1521 5146 1543 5194 V
1560 5146 1587 5194 ct
1603 5143 1620 5194 4
1637 5143 1680 5194 alii
1699 5148 1777 5210 [533.

456 5219 535 5280 dett,
553 5220 582 5269 0.
604 5246 630 5255 -
649 5222 690 5273 at,
710 5223 867 5272 Gallicanam
883 5223 899 5272 5
916 5224 994 5285 Lege.
1014 5221 1093 5283 dett,
1114 5223 1169 5272 [0.
1188 5223 1221 5271 m
1237 5236 1262 5271 v.
1281 5235 1319 5271 or.
1338 5222 1368 5271 ΙΙ.
1387 5220 1411 5282 5.
1424 5223 1448 5271 5.
1470 5249 1496 5256 -
1514 5221 1635 5283 praermsi
1650 5221 1672 5270 is
1690 5226 1737 5273 aut
1753 5234 1776 5272 e.

457 5296 549 5347 *cias
565 5308 647 5348 maces
662 5296 889 5362 Babcithz,
908 5299 952 5362 [3.
966 5297 1006 5348 50.
1020 5296 1051 5347 57
1069 5296 1126 5360 (sed
1143 5309 1158 5346 a
1176 5296 1277 5361 ermris);
1296 5297 1348 5347 cias
1364 5309 1418 5348 om.
1431 5309 1453 5347 s.
