4367 6109
464 573 528 643 teo
835 577 878 640 lli
898 573 1067 641 VERREM
1087 571 1212 640 ACTIO
1233 573 1418 642 secuml

463 744 717 835 pulchritudine,
739 743 797 809 aed
818 763 889 808 eam
911 764 1035 809 mmma
1049 744 1231 828 integritate
1246 746 1466 830 pudicitiaque
1481 746 1666 810 existimari.
1687 745 1793 812 Homo

463 851 501 907 ut
520 842 600 906 haee
620 838 760 912 audivit,
783 838 829 900 sio
852 839 971 902 exarsit
988 838 1028 903 ad
1050 838 1099 914 id,
1122 838 1209 923 quod
1230 859 1297 903 non
1311 839 1407 903 modo
1428 840 1497 923 ipse
1514 859 1690 924 numquam
1705 842 1796 905 vide·

464 943 530 1010 rat,
553 935 609 997 sed
630 952 671 995 ne
693 931 841 995 audierat
863 933 993 1016 quidem
1015 934 1056 996 ab
1079 954 1133 1010 eo,
1156 935 1213 1019 qui
1234 935 1303 1018 ipse
1324 933 1475 1009 vidisset,
1495 940 1533 997 ut
1548 932 1654 998 statim
1668 933 1709 997 ad
1723 934 1797 997 Phi-

462 1031 625 1094 lodamum
649 1026 785 1109 migrare
808 1045 842 1089 se
865 1026 986 1090 diceret
1007 1027 1099 1092 velle.
1131 1028 1257 1111 Hospes
1278 1028 1415 1103 Ianitor,
1438 1027 1495 1112 qui
1516 1027 1597 1090 nihil
1619 1025 1797 1108 suspicare·

438 1131 531 1196 etur,
553 1119 674 1184 veritus
699 1139 741 1185 ne
768 1120 846 1206 qnid
874 1119 1002 1204 inipso
1024 1142 1059 1185 se
1081 1122 1314 1198 offenderetur,
1338 1122 1501 1187 hominem
1523 1141 1646 1187 summa
1667 1121 1700 1186 vi
1721 1123 1797 1185 reti·

464 1234 540 1280 nere
562 1213 678 1298 coepit.
712 1214 793 1290 Iste,
816 1214 872 1300 qui
894 1214 1031 1298 hospitis
1053 1215 1256 1299 relinquendi
1277 1236 1406 1280 causam
1427 1217 1567 1300 reperire
1588 1237 1654 1279 non
1675 1225 1795 1299 posset,

463 1307 528 1372 alia
556 1307 618 1370 sibi
647 1308 771 1373 rationo
798 1309 883 1373 viam
910 1309 1035 1373 munire
1063 1309 1104 1373 ad
1130 1317 1275 1393 stuprum
1304 1311 1430 1393 eoepit:
1463 1311 1632 1385 Rubrium,
1663 1309 1794 1374 delicias

463 1421 555 1476 aues,
584 1401 619 1464 in
640 1403 790 1466 omnibus
812 1403 971 1466 eiusmodi
992 1403 1088 1467 rebus
1110 1403 1288 1467 adiutorem
1311 1424 1404 1466 suum
1427 1413 1460 1469 et
1480 1403 1661 1478 conscium,
1682 1423 1795 1485 parum

463 1498 549 1560 laute
578 1497 739 1561 deversari
768 1497 861 1572 dicit;
893 1497 934 1560 ad
955 1496 1176 1561 Philodamum
1199 1497 1314 1561 deduci
1335 1498 1434 1562 iubet.
1477 1496 1528 1562 65.
1551 1496 1647 1572 Quod
1669 1496 1724 1559 ubi
1746 1504 1795 1561 est

425 1610 455 1658 to
463 1589 650 1656 Philodamo
673 1591 870 1666 nuntiatum,
892 1592 1019 1655 tametsi
1041 1599 1109 1655 erat
1129 1591 1276 1675 ignarus,
1299 1599 1453 1675 quantum
1474 1592 1536 1655 sibi
1551 1611 1588 1655 ae
1602 1589 1713 1654 liberis
1728 1589 1794 1654 suis

463 1685 526 1749 iam
550 1691 616 1748 tum
637 1685 712 1749 mali
736 1686 993 1760 constitueretur,
1015 1692 1123 1748 umen
1137 1688 1178 1749 ad
1192 1686 1289 1750 istum
1303 1685 1410 1762 venit3
1431 1685 1572 1749 otendit
1583 1704 1700 1748 munus
1715 1683 1795 1748 illud

463 1799 557 1843 suum
587 1799 654 1843 non
681 1780 773 1844 esse}
805 1799 856 1854 se,
888 1799 961 1842 cum
984 1799 1060 1843 suae
1088 1788 1195 1863 partes
1217 1787 1325 1845 esseut
1343 1780 1508 1862 hospitum
1528 1778 1794 1863 recipiendorum,

463 1879 531 1937 tum
552 1872 640 1956 ipsos
662 1880 769 1936 tamen
788 1879 954 1957 praetores
969 1880 1001 1936 et
1015 1874 1180 1949 consules,
1203 1895 1268 1939 non
1282 1874 1462 1959 legatorum
1476 1873 1631 1948 asseclas,
1652 1872 1794 1955 recipere

388 2024 391 2030 .
463 1967 577 2032 solere.
619 1968 702 2042 iste,
726 1966 783 2049 qui
805 1986 871 2030 una
892 1964 1066 2050 cupiditate
1084 1976 1266 2052 raperetur,
1288 1976 1392 2034 totum
1406 1969 1495 2033 illius
1509 1966 1706 2053 postulatum
1720 1986 1795 2029 cau·

426 2081 597 2146 assamque
619 2061 782 2145 neglexit:
802 2080 862 2145 per
883 2061 948 2125 vim
968 2061 1010 2125 ad
1032 2082 1124 2136 eum,
1146 2063 1202 2146 qui
1224 2064 1367 2148 recipere
1385 2083 1452 2127 non
1468 2062 1619 2136 debebat,
1640 2060 1794 2125 Rubrium

463 2156 581 2223 deduci
602 2156 782 2240 imperavit
824 2155 941 2219 xxvi.
962 2155 1023 2218 llic
1044 2155 1266 2234 Philodamus,
1292 2163 1504 2241 posteaquam
1524 2155 1576 2219 ius
1596 2175 1690 2219 sunm
1711 2152 1795 2218 obti-

462 2270 540 2315 nere
561 2270 627 2314 non
649 2250 768 2333 potuit,
789 2255 827 2314 ut
847 2247 1077 2313 humanitatem
1100 2251 1429 2335 consuetudinemque
1450 2269 1541 2314 suam
1562 2247 1728 2321 retineret,
1750 2245 1795 2309 la-

463 2343 605 2407 borabat
648 2343 772 2419 Homo,
798 2341 855 2428 qui
877 2361 1003 2425 semper
1023 2341 1294 2426 hospitalissimus
1316 2343 1591 2427 amicissimusque
1612 2347 1795 2405 nostrorum

462 2435 630 2502 hominum
652 2437 853 2503 existimatus
876 2441 975 2510 esset,
1003 2436 1111 2502 noluit
1130 2436 1230 2501 videri
1259 2437 1365 2520 ipsum
1387 2437 1479 2502 illum
1499 2434 1654 2501 Rubrium
1675 2434 1794 2498 invitus

424 2530 595 2601 sodomum
618 2549 708 2596 suam
730 2531 908 2616 recepisse:
930 2528 1097 2614 magnifice
1119 2539 1296 2607 stomata,
1316 2537 1435 2598 uteret
1448 2531 1482 2595 in
1497 2531 1607 2615 primis
1621 2530 1793 2594 intersuos

462 2624 632 2708 copiosus,
654 2625 838 2690 convivium
860 2632 1041 2710 comparat;
1063 2633 1156 2709 rogat
1176 2627 1346 2701 Rubrium,
1368 2634 1420 2701 ut,
1442 2646 1524 2711 quos
1547 2626 1577 2688 ei
1591 2623 1793 2688 commodum

462 2718 522 2794 sit,
544 2718 677 2794 invitet,
699 2721 807 2783 locum
830 2720 890 2783 sibi
913 2719 994 2795 soli,
1017 2721 1044 2785 si
1058 2720 1223 2796 videatur,
1244 2721 1425 2807 relinquen
1449 2720 1545 2784 etiam
1565 2716 1666 2782 lilium
1689 2736 1794 2792 suum,

462 2812 671 2880 lectissimum
699 2814 952 2891 adolescentem,
977 2813 1064 2882 foras
1091 2814 1132 2878 ad
1162 2815 1380 2900 propinquum
1401 2834 1496 2878 suum
1516 2811 1677 2899 quendam
1698 2811 1795 2874 mittit

462 2906 503 2971 ad
531 2926 653 2973 cenam.
697 2907 747 2973 66.
776 2909 916 2973 Rubrius
943 2908 1037 2973 istius
1059 2909 1195 2973 comites
1216 2909 1346 2973 invitat:
1379 2928 1436 2972 eos
1457 2928 1569 2972 omnes
1590 2908 1704 2972 Verres
1726 2925 1793 2969 cer-

422 3000 560 3069 tationes
581 2999 674 3079 facit,
696 3002 775 3089 quid
797 3024 879 3087 opus
903 3010 998 3068 esset.
1041 3005 1164 3067 Mature
1187 3003 1339 3068 veniunt:
1363 3001 1581 3066 discumbitur.
1616 3001 1668 3064 Fit
1688 3021 1792 3064 sermo

460 3093 622 3160 intereos
645 3103 679 3162 et
697 3096 862 3172 invitatio,
884 3105 922 3162 ut
942 3098 1063 3163 Graeco
1086 3118 1175 3162 more
1196 3098 1367 3162 biberetur.
1406 3097 1560 3160 Hortatur
1579 3094 1714 3178 hospes:
1737 3114 1793 3178 po-

460 3194 556 3253 scunt
576 3190 752 3255 maioribus
773 3193 916 3274 poculis3
944 3191 1124 3255 celebratur
1144 3192 1287 3256 omnium
1308 3211 1455 3255 sermone
1476 3189 1662 3273 laetitiaque
1685 3189 1793 3252 convi-

459 3281 556 3346 vium.
599 3284 812 3370 Posteaquam
843 3287 921 3350 satis
952 3286 1055 3350 calere
1077 3305 1129 3349 res
1151 3286 1270 3349 Rubrio
1292 3286 1362 3349 visa
1384 3292 1452 3352 este
1484 3284 1649 3360 «Quaeso,
1671 3283 1792 3368 inquit,

458 3373 663 3453 Philodamo,
691 3398 748 3442 cur
777 3378 818 3442 ad
848 3399 908 3442 nos
937 3376 1034 3444 liliam
1056 3386 1144 3443 tuam
1167 3401 1233 3443 non
1255 3381 1338 3444 intro
1361 3379 1468 3444 vocari
1492 3378 1605 3442 iubes‘l
1618 3399 1633 3435 »
1678 3376 1793 3452 Homo,

421 3468 516 3551 acqui
538 3475 571 3531 et
591 3490 715 3535 summa
736 3472 891 3556 gravitate
914 3480 946 3537 et
966 3474 1029 3536 iam
1052 3474 1084 3536 id
1107 3473 1221 3536 aetatis
1243 3480 1275 3536 et
1295 3493 1411 3556 parens
1433 3478 1533 3547 esset,
1557 3470 1722 3554 obstupuit
1734 3468 1794 3534 ho-

459 3561 553 3626 minis
575 3563 713 3648 improbi
734 3565 831 3628 dicto.
861 3567 982 3631 Instare
1004 3567 1151 3630 Rubrius.
1180 3569 1272 3641 Tum,
1294 3575 1331 3630 ut
1350 3566 1471 3650 aliquid
1495 3563 1713 3648 responderet,
1737 3584 1793 3627 ne·

459 3655 545 3736 gavit
559 3657 656 3720 moris
672 3679 742 3723 esse
758 3659 962 3734 Graecorum,
977 3660 1061 3724 utin
1076 3661 1224 3724 convivio
1241 3661 1382 3725 virorum
1396 3660 1619 3724 accumberent
1629 3658 1790 3722 mulieres.

458 3747 519 3812 Hic
542 3754 608 3812 tum
626 3750 709 3815 alius
731 3771 773 3815 ex
794 3753 858 3815 alia
878 3760 982 3836 parte:
1013 3755 1125 3817 «Enim
1148 3774 1224 3817 vero
1239 3753 1406 3818 ferendum
1425 3754 1488 3816 hoc
1502 3752 1632 3838 quidem
1646 3760 1790 3817 nonest:

458 3850 590 3906 vocetur
611 3845 770 3909 mulieri»
795 3854 828 3910 et
850 3847 945 3911 simul
967 3848 1067 3911 servis
1089 3847 1157 3912 suis
1176 3846 1329 3921 Rubrius,
1351 3853 1388 3912 ut
1409 3847 1536 3911 ianuam
1559 3845 1746 3910 clauderent
1760 3854 1792 3910 et

420 3936 520 4019 asipsi
550 3938 590 4000 ad
618 3937 703 4004 fores
730 3940 932 4016 assisterent,
960 3942 1105 4024 imperat.
1157 3939 1208 4003 67.
1231 3941 1327 4016 Quod
1351 3941 1404 4003 ubi
1426 3940 1480 4004 ille
1502 3940 1661 4004 intellexit
1683 3939 1717 4003 id
1738 3941 1790 4024 agi

457 4036 555 4114 atque
577 4031 612 4094 id
633 4033 753 4115 parari,
783 4041 820 4098 ut
840 4030 925 4098 tiliae
947 4056 1023 4099 snae
1045 4036 1094 4098 vis
1116 4036 1299 4109 afferretur,
1329 4054 1438 4098 servos
1460 4054 1537 4099 suos
1559 4035 1600 4098 ad
1621 4053 1656 4098 se
1677 4044 1790 4099 vocat:

456 4124 508 4188 his
531 4125 681 4207 imperat,
702 4135 740 4191 ut
759 4147 794 4192 se
817 4129 924 4211 ipsum
946 4129 1123 4213 negligant,
1153 4125 1251 4192 filiam
1273 4127 1462 4205 defendant3
1493 4127 1790 4212 excurrateliquis,

459 4219 516 4302 qui
546 4218 609 4283 hoc
642 4226 766 4285 tantum
800 4220 968 4286 domestici
997 4223 1071 4286 mali
1097 4223 1165 4287 filio
1194 4223 1329 4288 nuntiet.
1374 4222 1500 4287 Clamor
1520 4221 1644 4287 interea
1664 4218 1700 4287 fit
1722 4228 1791 4286 tota

458 4312 564 4389 domo,
586 4335 695 4399 pugna
714 4315 798 4381 inter
819 4337 928 4383 servos
950 4316 1061 4382 Rubrii
1082 4325 1180 4402 atque
1200 4317 1353 4403 hospitis:
1376 4317 1511 4381 iactatur
1532 4315 1619 4382 domi
1640 4335 1718 4381 suae
1740 4316 1791 4381 vir

522 4537 548 4586 5.
565 4534 593 4586 to
613 4536 668 4599 uo
683 4548 709 4588 se
724 4537 889 4600 offetdmtw
906 4539 938 4590 Gt
951 4538 995 4600 2ς
1011 4539 1040 4589 C.
1059 4536 1114 4590 Pal.
1133 4552 1185 4604 pr.,
1203 4536 1252 4588 al.:
1274 4537 1301 4588 io
1317 4537 1371 4602 ipso
1387 4551 1413 4590 ec
1428 4538 1558 4602 offenderit
1573 4535 1607 4591 al.
1628 4565 1655 4576 -
1675 4539 1716 4592 40.
1733 4546 1790 4591 eret

456 4612 562 4678 ipsum
578 4612 594 4664 3
611 4613 673 4678 ng.
692 4610 740 4662 dtt.
759 4610 828 4662 non.
844 4624 871 4676 p.
884 4612 957 4662 273.;
974 4618 1032 4664 erat
1047 4627 1097 4664 ooo
1113 4612 1165 4677 ion.
1178 4613 1272 4674 blein.;
1289 4628 1339 4664 soe
1356 4618 1412 4664 crat
1427 4614 1479 4678 ipa.
1497 4615 1531 4666 Gt
1543 4615 1559 4666 2
1571 4614 1605 4667 el.
1620 4643 1648 4654 -
1667 4616 1709 4667 tt.
1726 4617 1790 4667 mett

456 4700 510 4738 om.
530 4687 602 4748 635.
621 4686 653 4738 et.
674 4685 699 4751 g.
712 4686 768 4746 67.;
785 4686 849 4737 mall
865 4687 918 4738 torn
933 4693 986 4739 tum
1003 4691 1038 4748 L;
1058 4693 1157 4740 motem
1172 4689 1233 4737 molt
1244 4689 1280 4749 ll;
1298 4690 1351 4739 tom
1367 4695 1420 4740 taen
1431 4687 1483 4741 del.
1496 4690 1531 4740 da
1542 4691 1604 4743 Ern.
1616 4692 1685 4744 coni.
1698 4692 1787 4745 Schtz.

455 4761 533 4829 prob.
552 4763 617 4813 Rau.
635 4762 666 4812 ll.
685 4774 712 4826 p.
731 4761 773 4812 62.
800 4761 874 4814 «Sed
891 4765 1028 4829 egregium
1044 4763 1150 4828 vulgata
1166 4775 1276 4817 sensum
1295 4764 1420 4830 praebet:
1440 4768 1538 4830 quanta
1555 4764 1686 4819 melorum
1702 4768 1789 4819 series

456 4849 488 4887 ex
506 4836 563 4900 ipso
581 4834 624 4886 illo
641 4836 694 4886 iem
712 4837 840 4902 temporis
856 4841 970 4903 puncto,
989 4852 1043 4902 quo
1060 4837 1174 4890 Rubrius
1191 4839 1224 4890 ad
1241 4853 1271 4891 se
1289 4839 1420 4892 adductus
1436 4844 1520 4903 esset,
1538 4841 1589 4893 sibi
1606 4842 1633 4893 in
1649 4844 1789 4907 posterum

455 4913 670 4979 praepararetur.
688 4911 745 4964 lloe
755 4909 855 4963 librarii
867 4925 929 4964 eum
942 4926 996 4965 non
1006 4911 1191 4977 intelligerent,
1204 4915 1275 4965 varie
1288 4913 1453 4965 turbarunt.»
1463 4914 1509 4964 On.
1528 4915 1590 4980 (Ego
1602 4915 1706 4968 malim:
1724 4917 1790 4967 mot

456 4990 517 5037 um.
531 4985 622 5048 flans.)
634 5012 662 5024 -
677 4999 768 5038 munst
778 5001 852 5040 mmm
862 4989 925 5039 illud
935 4991 968 5039 Gt
983 5004 990 5050 ;
1008 4989 1044 5039 tlt.
1056 5003 1091 5040 m.
1103 5002 1124 5040 s.
1138 4989 1184 5039 62.
1196 5013 1223 5025 -
1236 4989 1277 5038 20.
1293 4990 1394 5040 dommo
1404 4989 1544 5054 sefugae
1556 4991 1586 5042 C.
1605 4989 1639 5042 ct.
1651 5004 1679 5056 p.
1690 4991 1788 5044 Archia

457 5059 482 5124 Β.
495 5061 531 5111 b:
548 5060 576 5111 to
586 5060 687 5111 domm
703 5060 752 5112 dtt.
765 5061 828 5112 0.-
846 5063 888 5113 22.
905 5065 951 5114 siet
964 5064 1031 5116 Non.
1044 5079 1071 5130 p.
1084 5064 1141 5115 321.
1156 5063 1199 5114 ed.
1213 5065 1304 5125 llere.;
1324 5064 1390 5115 ollae
1403 5064 1465 5116 edd.
1477 5065 1518 5117 stt.
1532 5092 1560 5102 -
1579 5066 1620 5118 30.
1632 5064 1786 5129 scema.

459 5134 546 5185 -31,
565 5132 878 5199 assuescentem
893 5137 978 5190 itaut
994 5138 1085 5190 dtt.0.
1102 5166 1128 5176 -
1147 5137 1188 5190 33.
1206 5140 1252 5189 boc
1268 5139 1367 5202 quidem
1384 5139 1594 5204 Gltcbgttc:
1613 5141 1714 5204 quidem
1729 5154 1784 5193 om.

457 5207 505 5260 dtt.
524 5211 618 5261 Donat.
629 5209 732 5262 adTer.
744 5209 826 5264 Andr.
840 5213 860 5264 l.
872 5212 898 5274 3,
911 5214 935 5264 4.
947 5239 975 5250 -
988 5213 1029 5266 33.
1040 5213 1094 5279 fillo
1105 5214 1138 5264 st
1151 5215 1192 5276 2ς
1204 5215 1264 5279 ng.
1278 5228 1385 5268 omnes:
1402 5214 1508 5280 Moeso
1518 5213 1551 5266 el.
1562 5216 1592 5267 0.
1605 5238 1633 5253 ··
1647 5216 1688 5267 32.
1701 5216 1785 5280 mmo,

454 5295 543 5349 popu
557 5283 643 5339 Rullo.
655 5285 691 5341 de
708 5286 769 5357 fige.
781 5289 803 5341 1.
815 5288 866 5343 tt:
885 5289 973 5342 dono:
984 5294 1119 5358 moestae
1134 5290 1203 5344 coni.
1215 5291 1310 5345 Raab.
1323 5303 1351 5359 p.
1363 5290 1415 5353 33.;
1424 5303 1514 5359 mss
1524 5303 1578 5346 om.
1591 5303 1687 5347 omues
1703 5291 1783 5348 codd.
