4367 6109
704 566 771 630 se.
793 567 846 630 rv.
877 565 952 630 cn.
972 565 1198 630 xum-xx.
1228 561 1285 649 sp
1306 561 1455 630 ee-ts.
1670 561 1734 628 seo

415 735 587 810 rationem,
616 735 643 798 si
664 734 744 799 haec
764 736 846 799 ratio
868 735 975 819 potius
1004 755 1100 820 44444444
1126 736 1263 800 amentia
1283 735 1475 800 nominanda
1496 741 1553 799 est.
1593 735 1735 819 apponit

415 827 456 892 de
477 831 542 893 suis
565 829 697 893 canibus
713 830 881 913 quendam,
903 831 959 914 qui
974 831 1058 894 dicat
1072 850 1107 894 se
1121 829 1295 894 Diodorum
1307 830 1504 894 Melitensem
1522 826 1569 892 rei
1591 828 1735 913 capitalis

415 942 504 986 reum
527 921 610 986 velle
631 922 745 986 iacere.
778 925 882 987 Primo
903 925 1018 987 mirum
1040 925 1186 988 omnihus
1207 924 1308 987 videri
1329 922 1502 987 Diodorum
1514 943 1613 999 reum,
1633 921 1736 986 homi·

414 1036 488 1081 nem
514 1016 763 1100 quietissimum,
795 1018 834 1081 ah
856 1018 943 1081 omni
968 1039 1034 1082 non
1056 1018 1150 1081 modo
1171 1018 1339 1092 facinoris,
1366 1019 1592 1082 verumetiam
1614 1015 1736 1080 minimi

415 1111 510 1175 errati
531 1110 714 1194 suspicione
735 1111 997 1175 remotissimum:
1020 1113 1135 1177 deinde
1157 1132 1226 1177 esse
1245 1113 1457 1196 perspicuum,
1472 1110 1540 1176 lieri
1558 1112 1664 1175 omnia
1682 1108 1762 1171 illae

414 1212 547 1288 propter
568 1213 743 1287 argentum.
787 1206 850 1268 Iste
871 1226 937 1269 non
958 1207 1082 1270 dubitat
1103 1207 1211 1270 iubere
1232 1226 1350 1269 nomen
1371 1206 1502 1282 deferri,
1533 1215 1566 1271 et
1584 1215 1653 1270 tum
1673 1203 1739 1287 pri·

417 1320 513 1374 mum,
535 1307 572 1361 ut
593 1299 717 1381 opinor,
740 1299 836 1362 istum
859 1300 1000 1363 4444444444
1021 1320 1138 1364 nomen
1159 1301 1328 1383 recepisse.
1370 1294 1421 1363 44.
1443 1299 1505 1365 Res
1526 1302 1611 1365 clara
1632 1298 1739 1363 Sicilia

416 1400 492 1469 tota,
514 1399 646 1477 propter
660 1393 772 1456 caelati
795 1395 916 1477 argenti
938 1393 1139 1477 cupiditatem
1160 1412 1232 1456 reos
1253 1389 1320 1455 fieri
1342 1413 1448 1456 rerum
1469 1395 1661 1478 capitalium,
1683 1411 1740 1456 ne-

416 1507 479 1571 que
502 1485 606 1550 solum
627 1507 700 1550 reos
722 1487 811 1563 fieri,
842 1487 898 1551 sed
921 1489 1017 1551 etiem
1039 1488 1195 1551 absentes.
1236 1487 1395 1569 Diodorus
1416 1490 1533 1553 Romae
1558 1487 1738 1553 sordidatus

416 1582 535 1645 circum
557 1587 710 1663 patronos
732 1588 829 1666 atque
851 1583 994 1663 hospites
1016 1601 1160 1645 cursare:
1181 1600 1249 1644 rem
1271 1581 1417 1645 omnihus
1431 1601 1568 1646 numere.
1600 1582 1739 1646 Litterae
1748 1593 1776 1640 44

416 1675 585 1738 mittuntur
606 1675 659 1737 isti
679 1695 699 1738 a
720 1685 810 1758 patre
831 1674 1050 1750 vehementes,
1071 1676 1111 1738 ah
1133 1675 1241 1738 amicis
1263 1675 1354 1738 item:
1375 1675 1513 1750 videret,
1535 1676 1612 1760 quid
1633 1683 1741 1759 ageret

416 1767 456 1832 de
476 1769 627 1844 Diodoro,
649 1789 715 1853 quo
736 1769 997 1853 progrederetur:
1019 1790 1085 1831 rem
1108 1768 1224 1832 clarum
1246 1787 1316 1832 esse
1330 1776 1362 1832 et
1375 1769 1580 1833 invidiosam:
1600 1770 1739 1832 insanire

415 1861 592 1927 hominem:
623 1864 799 1945 periturum
826 1863 888 1927 hoc
915 1883 980 1926 uno
1010 1865 1157 1937 crimine,
1183 1863 1246 1925 nisi
1273 1862 1418 1925 cavisset.
1459 1863 1522 1925 Iste
1550 1863 1644 1926 etiam
1670 1870 1739 1926 tum

417 1963 550 2039 patrem,
572 1956 600 2019 si
620 1975 686 2018 non
707 1956 741 2018 in
763 1957 914 2040 parentis,
937 1965 971 2021 at
991 1957 1025 2020 in
1038 1957 1203 2020 hominum
1217 1975 1350 2019 numero
1366 1955 1511 2039 putabat:
1533 1955 1573 2018 ad
1587 1955 1740 2019 iudicium

415 2049 558 2112 nondum
581 2068 615 2112 se
637 2051 713 2113 setis
735 2050 944 2114 instruxerat:
974 2053 1095 2135 primus
1117 2070 1219 2113 annus
1241 2057 1309 2112 erat
1328 2050 1524 2133 provinciae:
1545 2070 1627 2125 non,
1649 2056 1687 2113 ut
1706 2049 1739 2111 in
1748 2063 1777 2112 44

417 2143 561 2218 Sthenio,
583 2143 647 2206 iam
667 2142 801 2208 refertus
823 2147 969 2229 pecunia.
1000 2146 1113 2228 ltaque
1134 2144 1224 2206 ferror
1244 2145 1313 2206 eius
1335 2143 1501 2226 paululum
1521 2162 1587 2207 non
1606 2142 1740 2226 pudore,

417 2236 472 2300 sed
494 2245 579 2301 metu
608 2259 645 2302 ac
674 2240 786 2302 timore
813 2260 977 2324 repressus
1005 2245 1064 2302 est.
1110 2236 1327 2301 condemnare
1347 2237 1523 2301 Diodorum
1550 2258 1616 2302 non
1643 2236 1742 2302 sudet

416 2332 596 2396 absentem:
627 2331 667 2395 de
688 2334 752 2397 reis
774 2334 895 2397 eximit
937 2332 1099 2397 Diodorus
1127 2332 1250 2394 interea
1270 2339 1417 2413 praetore
1437 2331 1500 2396 isto
1521 2351 1621 2416 prope
1642 2331 1741 2396 trien·

416 2427 504 2489 nium
526 2427 687 2508 provincia
708 2426 866 2511 domoque
888 2429 999 2491 caruit
1021 2423 1072 2488 42.
1096 2424 1199 2490 Ceteri
1221 2444 1287 2488 non
1309 2424 1413 2489 solum
1435 2425 1545 2502 Siculi,
1566 2427 1622 2490 sed
1644 2426 1740 2491 etiam

417 2519 502 2582 cives
523 2520 656 2583 Romani
681 2520 743 2583 hoc
772 2528 964 2584 statuerant:
992 2520 1145 2604 quoniam
1172 2521 1233 2584 istc
1259 2527 1381 2582 tantum
1409 2518 1582 2603 cupiditate
1610 2533 1777 2604 pregre-w

417 2613 561 2688 deretur,
592 2612 672 2677 nihil
694 2634 782 2689 esse,
810 2613 897 2699 quod
920 2615 1090 2698 quisquam
1111 2621 1237 2697 putaret
1257 2633 1307 2689 se,
1334 2613 1421 2698 quod
1442 2614 1496 2678 isti
1521 2613 1618 2698 paulo
1639 2615 1740 2698 magis

416 2709 572 2792 placeret,
601 2727 789 2772 conservare
818 2715 872 2771 eut
899 2708 984 2772 domi
1006 2709 1143 2771 retinere
1164 2727 1274 2791 posse:
1302 2715 1414 2790 postea
1433 2727 1509 2771 vero
1530 2730 1627 2793 (44444444
1647 2710 1742 2774 intel-

417 2802 563 2866 texerunt
579 2801 632 2865 isti
647 2801 749 2864 virum
763 2801 887 2876 fortem,
902 2822 999 2886 quem
1013 2822 1135 2866 summe
1150 2801 1310 2887 provincia
1325 2801 1537 2884 exspectabat,
1552 2803 1592 2879 Q.
1603 2803 1741 2880 Arnum,

417 2918 482 2961 non
504 2895 691 2971 succedere,
722 2902 899 2959 statuerunt
919 2895 999 2958 nihil
1022 2916 1056 2960 se
1079 2903 1144 2959 tam
1165 2896 1309 2959 clausum
1328 2915 1434 2979 neque
1455 2902 1520 2959 44444
1540 2896 1741 2960 reconditum

418 3012 512 3074 posse
532 2990 667 3064 habere,
698 2988 785 3073 quod
805 3009 871 3053 non
900 2989 992 3054 istius
1015 2990 1180 3073 cupiditati
1203 2989 1434 3074 apertissimum
1455 2990 1778 3074 promptissimum-n

417 3105 482 3170 que
504 3093 597 3150 esset

501 3179 573 3241 XX.
595 3178 676 3240 l'um
697 3178 757 3241 iste
779 3177 818 3240 ah
841 3178 948 3262 equite
964 3180 1107 3242 Romano
1130 3177 1299 3261 splendido
1319 3184 1352 3240 et
1365 3178 1514 3261 gratioso,
1536 3177 1592 3245 Cn.
1608 3179 1741 3256 Calidio,

418 3273 509 3336 cuius
530 3272 632 3336 filium
655 3271 773 3334 sciehat
795 3280 972 3335 senatorem
994 3273 1106 3356 populi
1128 3273 1260 3335 Romani
1287 3278 1319 3335 et
1340 3271 1477 3335 iudicem
1499 3291 1585 3349 esse,
1613 3274 1742 3339 eculeos

418 3373 585 3449 argenteos
606 3364 747 3440 nohiles,
777 3366 897 3449 quique
927 3366 1220 3441 maximiscum,
1242 3364 1354 3428 aufert
1397 3361 1449 3427 te.
1470 3365 1658 3449 imprudens
1677 3368 1742 3432 huc

416 3461 531 3536 incidi,
555 3459 693 3523 iudices:
722 3459 797 3523 emit
819 3459 921 3535 enim,
943 3479 1010 3522 non
1031 3459 1178 3535 ahstulit;
1207 3458 1326 3523 nollem
1348 3458 1511 3522 dixissem.
1552 3460 1686 3525 Iactahit
1706 3472 1780 3525 sete

418 3554 505 3624 etin
525 3553 576 3617 his
597 3553 752 3636 equitabit
773 3553 902 3617 eculeis.
917 3586 959 3602 —
983 3554 1089 3616 «Emit
1120 3554 1289 3636 pecuniam
1311 3553 1420 3616 solvi.»
1441 3586 1484 3603 -
1506 3553 1625 3618 Credo:
1646 3550 1742 3618 otiam

418 3646 545 3710 tabulae
574 3644 783 3730 proferentur.
826 3648 883 3711 Est
910 3649 1007 3724 tanti;
1037 3647 1117 3711 cedo
1147 3647 1286 3710 tabulas:
1316 3646 1403 3711 dilue
1432 3667 1508 3711 sene
1535 3648 1656 3711 crimen
1681 3647 1744 3711 hoc

419 3738 630 3815 Calidianum,
652 3739 728 3803 dum
750 3760 809 3824 ego
831 3740 955 3804 tehulru
969 3740 1133 3824 adspicere
1147 3741 1277 3824 possim.
1307 3742 1425 3805 Verum
1441 3749 1547 3805 tamen
1569 3739 1646 3827 quid
1668 3747 1745 3812 eret,

419 3833 507 3917 quod
530 3832 670 3898 Calidius
691 3836 811 3899 homae
834 3843 1019 3918 quereretur
1040 3855 1092 3911 se,
1122 3855 1195 3899 cum
1222 3842 1270 3899 tot
1297 3854 1399 3900 annos
1419 3837 1454 3900 in
1474 3835 1584 3900 Sicilie
1603 3835 1745 3918 negotia·

485 4142 510 4195 3.
530 4139 735 4194 oeddltsolus.
756 4168 783 4178 —
802 4140 827 4194 l.
844 4141 957 4207 (44444444
979 4141 1045 4193 dett.
1065 4166 1092 4177 -
1111 4140 1269 4192 sdmltE:
1296 4146 1320 4192 et
1336 4140 1386 4201 63;
1409 4153 1463 4192 om.
1481 4139 1547 4192 dett.
1567 4166 1595 4178 -
1613 4140 1639 4191 0.
1655 4138 1747 4204 rottei

420 4214 450 4270 e.
467 4241 496 4254 -
515 4217 540 4269 3.
557 4221 586 4270 ut
602 4217 692 4280 optior
708 4215 758 4278 ee,
782 4217 816 4267 E:
843 4217 933 4280 opiner
949 4216 1013 4268 dett.
1042 4217 1072 4268 0.
1092 4215 1132 4268 64.
1150 4218 1229 4268 Peter
1245 4215 1280 4266 ad
1295 4216 1369 4268 Brut.
1388 4214 1413 4280 4.
1431 4216 1488 4268 424.
1508 4243 1536 4254 -
1553 4229 1594 4267 res
1609 4215 1683 4266 4444444
1697 4213 1745 4278 lte,

421 4288 501 4343 6Ελ
518 4291 560 4355 (cl.
579 4291 604 4356 5.
616 4291 685 4358 3334
702 4291 825 4342 misma
841 4291 906 4342 dett.
925 4290 964 4344 ct.
983 4289 1101 4343 lhrrnehi
1116 4289 1183 4343 Adv.
1201 4291 1267 4342 Vlll.
1286 4291 1327 4342 40.
1341 4316 1369 4325 -
1382 4290 1407 4340 8.
1424 4289 1538 4352 4444443,
1556 4285 1644 4352 clii,
1661 4288 1744 4352 44244

415 4370 559 4429 pentecotes
579 4379 635 4418 root
656 4364 721 4416 dett.
752 4364 790 4417 Cl.
809 4364 895 4416 lladv.
917 4367 1004 4431 phil.
1023 4392 1051 4401 —
1071 4366 1095 4417 3.
1119 4367 1204 4416 cedet
1225 4367 1258 4417 Gt
1279 4366 1304 4416 2.
1324 4363 1527 4425 -440444444444,
1553 4362 1696 4414 4404444442.
1715 4387 1743 4399 -

421 4438 462 4492 44.
479 4453 611 4492 summ
625 4441 672 4493 143.
692 4466 720 4477 -
739 4441 780 4492 40.
798 4441 915 4493 Sthenelo
930 4442 961 4493 It.
981 4467 1008 4477 -
1027 4443 1065 4492 tto
1080 4441 1111 4493 E.
1124 4467 1152 4477 -
1163 4441 1297 4503 postulatos
1312 4440 1333 4491 lt
1350 4440 1386 4502 let
1401 4439 1442 4491 sic
1459 4439 1588 4503 semperl:
1604 4437 1747 4502 poullain

421 4513 712 4580 οςρω44444232720.
733 4543 761 4554 -
779 4517 938 4579 ooopudorc
960 4517 1003 4567 sed
1024 4529 1077 4567 om.
1099 4516 1130 4566 Ε.
1148 4541 1176 4552 -
1196 4516 1352 4578 reprom
1376 4513 1405 4565 Ε.
1424 4540 1452 4551 -
1470 4512 1697 4575 coadoospscrelt.
1716 4534 1744 4549 ··

420 4589 510 4642 sodet:
526 4589 651 4643 4404444444
667 4593 697 4644 de
712 4593 763 4644 reis
779 4591 799 4643 0
816 4592 842 4643 ln
859 4593 903 4644 ed.
921 4594 942 4643 Ι.
961 4592 1085 4644 distinxit.
1100 4618 1127 4628 -
1141 4592 1181 4643 40.
1200 4590 1306 4640 mereo
1322 4588 1352 4641 Ε.
1366 4614 1393 4624 -
1408 4589 1449 4640 40.
1461 4589 1566 4650 domem
1583 4600 1649 4650 quoe
1664 4585 1749 4637 corea

420 4664 451 4727 lt,
468 4664 518 4717 sed
534 4677 600 4728 pose
615 4667 782 4730 punctatum.
801 4691 828 4701 —
847 4669 939 4718 coeteri
954 4667 984 4728 u,
1003 4671 1031 4719 et
1046 4668 1085 4719 sic
1102 4666 1211 4731 ubique.
1232 4691 1259 4701 -
1277 4665 1318 4716 22.
1337 4677 1369 4714 oc
1384 4664 1452 4714 4444444·
1467 4664 1518 4723 64;
1544 4667 1591 4713 oret
1606 4662 1673 4712 4444444
1687 4669 1748 4711 suas

421 4739 695 4805 (Md-possum
711 4743 825 4806 posth.
839 4743 1127 4806 -tdueromsortem
1142 4755 1215 4805 quen
1229 4737 1502 4803 mesprooeectoe
1517 4736 1658 4799 wpectuhtt
1672 4735 1744 4787 lt.-

418 4814 564 4877 proviuciae
587 4815 752 4878 expectasset
779 4817 812 4866 64
837 4816 863 4868 2.
885 4842 912 4852 -
939 4815 980 4868 24.
1007 4830 1032 4868 se
1052 4817 1119 4867 444444
1145 4818 1223 4880 lagg.
1248 4814 1313 4867 dett.
1334 4813 1364 4865 0.
1389 4839 1417 4850 -
1445 4812 1487 4863 tl.
1510 4811 1616 4863 6444444444
1643 4809 1690 4862 23.
1715 4831 1743 4843 -

421 4888 462 4942 24.
480 4889 574 4942 44444444
589 4891 610 4942 u
626 4887 643 4940 λ
659 4891 727 4955 egee
746 4891 783 4955 (et
797 4891 837 4943 sic
853 4893 873 4943 lt
890 4892 1018 4956 comperi:
1037 4891 1153 4956 4444444444
1168 4893 1197 4942 0.
1216 4916 1244 4926 -
1262 4890 1304 4942 20.
1328 4889 1419 4954 quipse
1437 4885 1546 4939 4444444444·
1562 4885 1608 4947 63,
1625 4884 1707 4937 Prisc.
1724 4880 1746 4933 1.

421 4977 448 5029 p.
460 4964 517 5016 433.
540 4965 582 5030 (εἰ.
597 4977 621 5015 e.
641 4967 686 5029 qui
702 4966 819 5018 maximo
835 4967 920 5032 pretio
938 4963 1079 5031 aliquando
1096 4967 1282 5018 constiterant·
1299 4964 1374 5016 01.1.
1391 4961 1470 5028 proh.
1482 4959 1569 5014 lledv.
1580 4974 1608 5026 p.
1621 4959 1675 5021 uel:
1693 4953 1749 5018 44444·

421 5052 470 5101 oue
484 5040 596 5092 mosim
612 5041 647 5102 lt;
665 5042 709 5102 oui
726 5042 756 5105 Q.
774 5042 883 5094 nentes
899 5043 978 5105 legg.
996 5054 1091 5092 omnes
1109 5042 1225 5106 (praeter
1235 5039 1276 5101 42,
1295 5039 1340 5103 qni
1357 5039 1386 5102 Q.
1399 5036 1474 5101 om),
1492 5036 1513 5085 0
1529 5031 1606 5101 prob.
1619 5029 1705 5083 Halm.
1715 5053 1745 5076 -4

421 5115 557 5178 inprudens
572 5117 602 5167 ll.
628 5116 728 5167 Locum
744 5116 808 5167 citat
823 5116 912 5177 Quint.
928 5115 971 5167 tx.
987 5117 1017 5177 2,
1042 5116 1082 5167 00.
1102 5142 1130 5151 -
1149 5116 1189 5167 30.
1207 5115 1323 5165 Mereor
1339 5111 1457 5163 Halmius
1480 5106 1547 5174 (coll.
1564 5108 1596 5159 11.
1614 5105 1639 5171 5.
1658 5106 1698 5155 72.
1717 5116 1745 5170 p.
1763 5165 1765 5169 ,

423 5187 526 5242 cluent.
545 5191 569 5256 8.
582 5191 639 5243 430.
656 5205 684 5257 p.
696 5193 765 5244 4444
783 5192 808 5257 5.
826 5193 882 5244 402.
901 5191 936 5242 ad
952 5192 1024 5243 Fam.
1042 5190 1096 5243 vu.
1115 5189 1156 5252 44,
1173 5190 1199 5243 2.
1217 5188 1253 5240 ed
1263 5191 1316 5241 4444.
1328 5188 1393 5238 Vlll.
1405 5188 1437 5237 ll.
1450 5186 1482 5237 Ι).
1494 5183 1542 5247 hl:
1559 5181 1654 5232 4444444
1664 5176 1744 5231 codd.

423 5264 666 5322 o.-er.eom.
682 5266 887 5334 4444444.-
905 5267 946 5320 ee.
964 5254 1713 5330 metamaucenses-euml*
