4367 6109
478 578 540 647 444
691 507 703 536 ⁴
773 689 774 692 Ὺ
847 580 1424 663 44444444444444444444440

476 755 594 820 Verum
623 773 687 817 non
715 760 840 817 tacent:
869 761 975 820 tamen
1003 756 1043 821 iis
1072 756 1268 821 invitissimis
1290 764 1322 821 te
1344 759 1484 823 offeres?
1514 766 1620 825 tamen
1640 763 1677 826 in
1697 763 1800 829 aliena

477 873 572 917 causa
593 849 746 936 loquere?
766 858 873 914 tamen
895 870 951 915 eos
972 851 1139 926 defendes,
1162 852 1218 936 qui
1240 871 1274 916 se
1297 853 1336 916 ab
1359 855 1507 918 omnibus
1526 855 1670 921 desertos
1692 860 1799 941 potius

476 966 572 1030 quam
593 946 648 1009 abs
669 951 702 1008 te
723 943 872 1008 defensos
894 965 964 1009 esse
986 945 1129 1008 malunt?
1151 954 1257 1011 tamen
1278 949 1318 1012 iis
1333 968 1463 1031 operam
1485 955 1572 1013 tuam
1594 951 1796 1033 pollicebere,

477 1044 531 1127 qui
561 1049 591 1105 te
619 1060 723 1124 neque
745 1040 827 1103 velle
854 1061 912 1103 sua
934 1060 1029 1104 causa
1050 1062 1125 1116 nec,
1155 1042 1182 1103 si
1205 1043 1331 1125 cupias,
1358 1063 1454 1126 posse
1475 1044 1694 1109 arbitrantur?
1739 1047 1799 1111 Cur

451 1157 586 1212 ssorum
607 1156 696 1218 spem
719 1136 866 1218 exiguam
887 1135 1082 1220 reliquarum
1104 1136 1317 1211 lomunarum,
1348 1157 1444 1220 quam
1471 1137 1589 1202 babent
1610 1140 1644 1202 in
1666 1141 1746 1224 legis
1768 1148 1800 1204 et

474 1234 508 1296 in
522 1232 633 1295 iudicii
655 1230 822 1295 severitate
844 1231 994 1315 positam,
1016 1232 1047 1295 vi
1062 1238 1254 1314 extorquere
1269 1232 1415 1294 conaris?
1437 1251 1494 1294 cur
1507 1238 1540 1296 te
1557 1235 1736 1317 interponis
1752 1236 1799 1299 in·

473 1326 637 1390 vitissimis
652 1326 707 1401 iis,
730 1325 846 1410 quibus
869 1326 1005 1388 maxime
1026 1324 1079 1388 lex
1095 1325 1274 1390 consultum
1289 1344 1359 1390 esse
1373 1325 1463 1389 vulti
1485 1347 1542 1389 cur
1562 1328 1603 1391 de
1625 1329 1744 1413 quibus
1765 1331 1799 1393 in

473 1422 638 1504 provincia
669 1438 733 1482 non
767 1420 887 1501 optime
916 1440 950 1483 es
983 1420 1131 1496 meritus,
1165 1440 1221 1483 eos
1247 1440 1332 1483 nunc
1360 1419 1455 1503 plane
1483 1421 1620 1487 fortunis
1650 1425 1797 1489 omnibus

473 1515 598 1580 conaris
626 1516 789 1577 everteret
826 1535 883 1578 cur
910 1515 951 1578 iis
977 1535 1043 1578 non
1070 1515 1166 1578 modo
1194 1514 1408 1599 persequendi
1430 1516 1509 1580 iuris
1530 1517 1597 1593 sui,
1623 1517 1680 1582 sed
1703 1521 1797 1584 etiam

435 1635 464 1683 40
473 1610 686 1694 deplorandae
715 1609 902 1673 calamitatis
929 1609 1042 1673 adimis
1070 1611 1283 1691 potestatem?
1325 1603 1376 1671 22.
1405 1611 1484 1672 Nam
1512 1617 1542 1674 te
1571 1621 1679 1676 actore
1701 1634 1796 1699 quem

472 1726 583 1770 eorum
613 1704 795 1767 adfuturum
823 1712 934 1787 putas,
963 1723 1044 1787 quos
1067 1702 1236 1785 intelligis,
1264 1722 1329 1765 non
1350 1710 1387 1767 ut
1407 1724 1465 1787 per
1484 1711 1516 1768 to
1537 1706 1654 1782 alium,
1683 1709 1740 1771 sed
1761 1715 1799 1773 ut

393 1878 394 1882 Ἰ
471 1821 528 1883 per
549 1800 647 1863 alium
668 1799 807 1882 aliquem
830 1806 861 1862 te
882 1800 987 1882 ipsum
1009 1798 1218 1872 ulciscantur,
1239 1796 1407 1860 laboraret

554 1892 622 1955 vii.
648 1893 688 1955 lt
715 1894 800 1956 enim
828 1893 932 1956 solum
953 1892 987 1954 id
1010 1899 1074 1968 est,
1103 1899 1140 1954 ut
1161 1912 1212 1955 me
1234 1891 1334 1954 Siculi
1356 1893 1494 1957 maxime
1514 1895 1631 1958 velint:
1660 1896 1795 1959 alterum

471 1988 561 2062 illud,
583 1987 688 2061 oredo,
703 1985 872 2050 obscurum
887 1994 950 2061 est,
973 2006 992 2048 a
1008 2006 1071 2070 quo
1088 1987 1202 2050 Verres
1216 1986 1346 2049 minime
1361 2007 1396 2049 se
1410 1990 1552 2052 accusari
1567 1991 1654 2054 velit
1675 1991 1794 2075 Ecquis

434 2108 462 2155 u
470 2101 622 2165 umquam
644 2088 708 2143 tam
728 2081 833 2163 palam
851 2079 890 2143 de
911 2081 1049 2156 honore,
1071 2088 1136 2144 tam
1150 2080 1354 2144 vehementer
1374 2083 1415 2145 de
1429 2083 1532 2146 salute
1547 2104 1605 2148 sua
1619 2086 1793 2160 contendit,

471 2197 566 2261 quam
588 2174 643 2238 ille
665 2182 761 2258 atque
783 2174 870 2237 illius
892 2175 1001 2250 amici,
1030 2196 1071 2238 ne
1100 2175 1178 2237 haec
1200 2175 1278 2237 mihi
1301 2175 1418 2239 delatio
1441 2179 1553 2241 detur?
1582 2179 1665 2243 Sunt
1685 2180 1794 2255 multa,

471 2292 553 2357 quae
574 2271 688 2335 Verres
718 2271 751 2332 in
779 2289 831 2332 me
852 2289 922 2333 esse
944 2270 1127 2343 arbitratur,
1158 2288 1241 2353 quae
1270 2268 1331 2332 scit
1359 2270 1393 2332 in
1421 2278 1468 2346 te,
1503 2272 1542 2347 Q.
1566 2272 1698 2350 Caecili,
1728 2294 1794 2338 non

470 2385 556 2431 esse:
588 2383 669 2450 quae
697 2364 875 2427 cuiusmodi
896 2363 930 2426 in
953 2370 1089 2447 utroque
1111 2371 1254 2428 nostrum
1276 2365 1355 2439 sint,
1381 2367 1478 2448 paulo
1508 2376 1582 2451 post
1603 2387 1794 2431 commemo-

468 2460 555 2524 rabo.
599 2456 651 2522 23.
674 2461 763 2521 Nunc
785 2464 908 2520 tantum
929 2458 962 2519 id
984 2458 1102 2532 dicam,
1124 2456 1213 2541 quod
1234 2458 1349 2521 tacitus
1370 2467 1406 2522 tu
1421 2461 1497 2524 mibi
1512 2462 1701 2525 assentiaret
1722 2462 1794 2524 nul·

430 2576 460 2625 20
469 2555 531 2618 lam
553 2574 620 2617 rem
641 2553 675 2616 in
696 2572 746 2614 me
768 2571 854 2627 esse,
883 2571 982 2638 quam,
1000 2551 1055 2614 ille
1078 2558 1274 2627 contemnat;
1304 2552 1423 2616 nullam
1445 2555 1480 2616 in
1500 2561 1550 2630 te,
1579 2575 1675 2639 quam
1696 2555 1793 2638 perti·

468 2657 597 2712 mescat.
640 2649 751 2729 ltaque
774 2664 906 2728 magnus
928 2645 982 2707 ille
1004 2643 1154 2708 defensor
1167 2652 1200 2708 et
1220 2646 1341 2709 amicus
1357 2648 1426 2711 eius
1440 2649 1499 2712 tibi
1514 2650 1722 2732 suffragatur,
1741 2668 1792 2713 mc

469 2749 649 2827 oppugnat3
679 2747 787 2823 aperte
809 2759 828 2802 a
849 2739 1007 2802 iudicibus
1028 2740 1125 2822 petit,
1153 2746 1190 2802 ut
1209 2748 1245 2803 tu
1266 2741 1344 2802 mibi
1366 2749 1582 2826 anteponere,
1611 2750 1643 2806 et
1663 2744 1710 2808 ait
1729 2743 1792 2807 boc

468 2859 502 2903 se
524 2839 658 2901 honeste
680 2837 748 2898 sine
770 2834 836 2897 ulla
856 2834 976 2896 invidia
997 2852 1034 2897 ac
1056 2834 1126 2896 sine
1148 2834 1214 2897 ulla
1235 2835 1412 2898 offensione
1434 2837 1639 2900 contendere.
1656 2869 1701 2885 -
1720 2839 1791 2901 Non

467 2934 569 3008 enim,
592 2931 710 3016 inquit,
732 2929 811 2991 illud
832 2937 923 3012 peto,
947 2928 1034 3013 quod
1056 2928 1162 3003 soleo,
1184 2948 1257 2991 cum
1271 2929 1488 2993 vehementius
1503 2930 1669 3006 contendi,
1691 2932 1792 3015 impe·

429 3035 565 3105 4444444ς
588 3046 662 3090 reus
683 3033 719 3088 ut
740 3024 936 3099 absolvatur,
959 3044 1024 3087 non
1045 3031 1138 3106 peto,
1160 3024 1217 3086 sed
1238 3029 1275 3085 ut
1295 3023 1402 3106 potius
1424 3026 1464 3089 ab
1485 3027 1547 3090 hoc
1563 3045 1658 3110 quam
1677 3026 1718 3089 ab
1733 3025 1789 3089 illo

467 3130 647 3197 accusetur,
670 3120 703 3182 id
725 3127 810 3203 peto.
853 3120 901 3182 Da
922 3118 999 3182 mihi
1020 3118 1103 3194 hoc;
1133 3118 1290 3192 concede,
1313 3118 1400 3201 quod
1422 3118 1515 3183 facile
1537 3128 1600 3194 est,
1623 3120 1712 3203 quod
1731 3120 1790 3183 bo-

466 3226 608 3293 nestum,
637 3215 724 3301 quod
745 3233 811 3277 non
832 3213 1042 3276 invidiosum:
1072 3212 1159 3296 quod
1182 3232 1253 3275 cum
1276 3211 1417 3289 dederis,
1446 3215 1516 3278 sine
1536 3215 1604 3278 ullo
1626 3221 1683 3277 tuo
1704 3214 1790 3297 peri·

467 3312 556 3387 culo,
578 3313 647 3375 sine
668 3308 798 3373 infamia
812 3307 892 3369 illud
906 3307 1045 3381 dederis,
1068 3313 1106 3369 ut
1119 3307 1146 3370 is
1159 3305 1355 3381 absolvatur,
1378 3308 1469 3372 cuius
1484 3328 1542 3391 ego
1558 3297 1655 3373 c'ausa
1667 3309 1788 3373 laboro.

466 3437 508 3453 -
529 3403 580 3469 24.
601 3407 643 3469 Et
662 3406 707 3468 ait
729 3405 828 3478 idem,
854 3408 891 3465 ut
918 3402 1034 3486 aliquis
1063 3408 1164 3464 metus
1191 3400 1359 3464 adiunctus
1381 3403 1423 3465 sit
1444 3403 1484 3465 ad
1506 3404 1655 3487 qratiam,
1685 3410 1788 3469 certos

430 3521 537 3571 coesse
559 3502 592 3563 in
622 3498 773 3572 consilio,
806 3497 920 3581 quibus
950 3496 1075 3560 ostendi
1097 3494 1228 3559 tabellas
1249 3495 1342 3558 velit:
1374 3497 1408 3559 id
1429 3518 1500 3560 esse
1521 3498 1690 3581 perfacile3
1720 3520 1786 3563 non

468 3598 553 3661 enim
574 3594 716 3678 singulos
737 3592 820 3655 ferre
842 3592 1029 3666 sententias,
1052 3588 1109 3653 sed
1135 3589 1300 3652 universos
1323 3591 1534 3655 constituere:
1563 3601 1703 3658 ceratam
1729 3594 1786 3658 uni

468 3692 584 3775 cuique
613 3686 759 3751 tabellam
781 3685 848 3748 dari
878 3705 950 3749 cera
974 3684 1129 3768 legitima,
1156 3703 1222 3747 non
1241 3682 1298 3746 illa
1318 3684 1428 3747 infami
1450 3706 1488 3749 ac
1509 3686 1639 3750 nefaria.
1681 3690 1785 3773 Atque

466 3788 494 3850 is
515 3804 581 3848 non
601 3791 666 3846 tam
686 3786 816 3863 propter
837 3779 967 3842 Verrem
989 3778 1127 3853 laborat,
1155 3799 1251 3862 quam
1279 3780 1367 3864 quod
1396 3800 1469 3844 eum
1496 3782 1625 3846 minime
1645 3802 1699 3848 res
1719 3790 1786 3847 tota

467 3880 610 3944 delectat.
643 3875 737 3940 Videt
763 3874 864 3948 enim,
898 3874 925 3937 si
953 3893 973 3937 a
997 3874 1104 3957 pueris
1133 3873 1309 3949 nobilibus,
1340 3895 1421 3958 quos
1450 3874 1553 3938 adbuc
1575 3876 1686 3952 elusit,
1717 3878 1786 3941 sia

430 3970 780 4059 asquadruplatoribus,
802 3986 883 4052 quos
905 3986 970 4030 non
991 3968 1060 4029 sine
1082 3986 1178 4030 causa
1199 3969 1389 4051 contempsit
1409 3988 1536 4052 semper
1555 3989 1593 4034 ac
1610 3990 1668 4053 pro
1683 3970 1783 4034 nihilo

465 4068 604 4151 putavit,
625 4063 795 4130 accusandi
816 4061 963 4126 voluntas
984 4060 1024 4123 ad
1046 4062 1132 4125 viros
1152 4059 1250 4124 fortes
1272 4068 1496 4147 spectatosque
1516 4062 1663 4128 homines
1683 4070 1784 4130 4444444-

532 4344 555 4392 4.
572 4340 612 4406 iis]
628 4342 666 4391 his
682 4341 710 4392 0.
737 4339 767 4388 ln
784 4336 844 4387 642
861 4334 916 4385 tere
933 4346 1042 4399 semper
1057 4332 1153 4397 legitur
1167 4333 1214 4383 biis
1229 4346 1278 4398 pro
1294 4335 1332 4384 bis
1348 4336 1375 4386 et
1385 4334 1430 4398 444,
1448 4335 1484 4386 444
1500 4337 1531 4387 ut
1545 4335 1643 4389 borum
1660 4337 1783 4390 codicum

465 4416 535 4471 nulle
556 4429 665 4482 prorsus
689 4415 723 4464 sit
738 4415 764 4463 in
781 4413 832 4462 hae
848 4424 877 4461 re
894 4413 1044 4461 auctoritas.
1065 4437 1092 4444 -
1117 4409 1203 4473 offeres
1218 4408 1250 4459 64
1263 4407 1370 4473 nglt:
1392 4412 1465 4473 offers
1481 4410 1631 4471 Lchdtt.
1651 4438 1680 4449 -
1697 4414 1721 4465 2.
1739 4414 1783 4464 de-

463 4494 544 4561 seodis
560 4491 595 4540 62
605 4491 641 4539 st.
661 4514 689 4525 -
707 4502 732 4537 sc
748 4500 802 4538 om.
821 4487 857 4537 62
866 4485 904 4535 Ld
913 4500 938 4547 ς.
954 4513 981 4522 -
1001 4486 1025 4536 3.
1044 4484 1082 4550 iis]
1100 4484 1138 4533 bis
1151 4484 1180 4533 O.
1200 4510 1228 4520 —
1246 4482 1271 4534 i.
1289 4496 1337 4533 44444
1352 4497 1430 4534 carue
1441 4484 1541 4547 thg,
1560 4486 1645 4538 Rufin.
1658 4487 1692 4539 de
1704 4488 1780 4553 ligur.

466 4570 490 4635 g.
509 4567 550 4618 39.
569 4564 602 4616 cl.
621 4562 655 4614 ad
672 4563 743 4612 Fam.
761 4563 780 4612 1.
800 4563 824 4622 t,
843 4561 866 4610 4.
886 4562 926 4611 iii.
945 4561 970 4623 7,
989 4560 1030 4611 e:
1052 4574 1125 4609 mm
1140 4572 1243 4608 coruom
1260 4558 1322 4619 dtt,
1340 4561 1431 4610 Franc.
1450 4573 1491 4624 pr.
1510 4559 1584 4611 addit
1599 4564 1675 4625 cam,
1693 4570 1721 4628 ψ
1737 4565 1782 4615 ω.

463 4644 569 4711 44444444.
585 4666 612 4675 -
631 4639 655 4687 6.
672 4638 700 4686 io
715 4636 766 4685 iud.
785 4636 816 4685 64
830 4635 888 4695 2ςε
909 4636 936 4684 ic
953 4648 1006 4686 om.
1025 4635 1112 4685 dito.
1127 4661 1154 4671 -
1173 4634 1197 4683 7.
1214 4634 1247 4683 iis
1262 4635 1327 4684 Lo:
1345 4636 1382 4685 hir
1398 4634 1431 4685 al.
1449 4637 1489 4686 sic
1504 4638 1605 4700 postea.
1621 4663 1648 4674 -
1668 4638 1708 4690 io.
1720 4652 1782 4691 m

464 4721 497 4772 64
510 4712 692 4779 enumera:
710 4723 771 4760 oum
788 4710 896 4773 (cnunc)
913 4710 961 4759 dtt.
975 4711 1003 4760 0.
1018 4736 1046 4747 -
1065 4710 1106 4760 42.
1124 4709 1203 4758 cumn
1219 4709 1327 4771 uim
1338 4711 1370 4760 64
1382 4710 1501 4770 24)(4ς4
1521 4711 1631 4772 allium
1647 4711 1695 4764 dtt
1708 4714 1739 4765 0.
1751 4742 1779 4753 -

464 4795 503 4847 43.
522 4795 601 4844 sciren
617 4787 695 4840 codd.
713 4785 784 4836 noti:
810 4785 914 4834 solidum
930 4784 1029 4848 aliquot
1044 4784 1123 4834 codd.
1141 4783 1242 4835 hebere
1258 4784 1338 4834 tradit
1353 4783 1445 4835 Lamb.
1464 4784 1493 4835 0.
1514 4810 1542 4822 -
1564 4786 1604 4836 46.
1621 4799 1653 4837 es
1667 4787 1728 4839 boec
1742 4791 1777 4841 64

463 4871 549 4922 LdD:
567 4882 597 4918 oe
613 4866 658 4916 icc
674 4862 723 4921 62;
744 4866 772 4910 at
786 4872 818 4911 ce
833 4860 892 4910 boec
909 4859 956 4910 dtt.
967 4861 996 4912 0.
1009 4886 1036 4895 -
1056 4861 1096 4909 44.
1115 4861 1144 4923 Q.
1158 4860 1257 4923 cccciii]
1274 4860 1364 4910 04444444
1375 4860 1411 4910 62
1420 4858 1459 4909 bd
1467 4860 1544 4924 Lgtl,
1563 4860 1597 4912 cl.
1616 4860 1727 4914 Ellendt.
1745 4862 1780 4913 ad

463 4946 518 4999 Cic.
532 4944 565 4995 de
578 4942 649 4993 Oret.
661 4935 717 4988 Vol.
731 4936 763 4986 ll.
781 4948 807 5000 p.
820 4934 876 4986 345.
890 4961 919 4974 -
937 4936 977 4985 24.
996 4934 1047 5000 tibi]
1065 4934 1108 4984 tibi
1123 4936 1266 4986 Hormus
1282 4934 1330 4985 dtt.
1349 4948 1364 4985 e
1381 4933 1477 4999 glossa.
1495 4935 1561 4986 Vide
1579 4937 1659 4987 etiam
1670 4938 1734 4989 Rau.
1745 4938 1778 4988 li.

461 5035 489 5087 p.
503 5020 559 5072 439.
579 5044 606 5053 -
625 5016 666 5068 22.
685 5025 703 5062 o
717 5011 769 5061 iad.
788 5010 820 5060 64
833 5011 866 5060 t:
884 5010 916 5059 ab
931 5010 976 5058 iud
991 5008 1024 5059 al.
1038 5010 1066 5059 0.
1081 5037 1109 5044 —
1128 5011 1169 5061 23.
1181 5011 1318 5071 meum,
1335 5010 1430 5072 inquit,
1448 5010 1583 5061 iliadAGt
1604 5010 1638 5062 ai.
1651 5013 1733 5064 prise.
1745 5013 1778 5063 Π,

461 5109 489 5161 p.
499 5096 556 5147 23⁴:
574 5107 625 5144 noc
639 5089 702 5141 4444444
713 5092 772 5151 peto
784 5086 820 5136 62
829 5084 896 5146 4.(4ς.
915 5086 944 5135 ln
955 5085 991 5135 62
1003 5086 1046 5135 hic
1063 5086 1089 5135 et
1106 5085 1171 5136 intra
1187 5098 1266 5150 supra
1276 5090 1333 5148 pcto
1343 5097 1358 5134 a
1370 5083 1476 5135 librario
1488 5084 1609 5137 additum
1621 5090 1662 5138 est
1672 5087 1740 5139 dett.
1749 5113 1777 5125 -

462 5170 503 5221 24.
518 5170 602 5232 portia
617 5167 649 5216 ab
665 5166 710 5215 boc
726 5162 804 5223 (³³52
822 5161 854 5210 ob
864 5160 909 5211 boc
922 5164 975 5222 pot.
989 5158 1036 5211 dtt.
1048 5160 1076 5209 0.
1091 5187 1119 5197 -
1136 5161 1178 5211 26.
1191 5162 1226 5211 dc
1237 5186 1274 5198 --
1285 5165 1320 5211 est
1335 5161 1400 5211 Non.
1412 5174 1440 5225 p.
1451 5161 1510 5212 269.
1525 5186 1552 5197 -
1569 5162 1651 5228 fodio]
1667 5162 1775 5227 Metal.

465 5267 493 5278 -
511 5243 636 5293 4444444444
652 5245 686 5292 est
702 5236 794 5292 6246.
815 5262 842 5276 -
865 5236 907 5289 28.
923 5241 952 5288 at
966 5236 989 5287 44
1004 5237 1036 5287 64
1056 5237 1134 5288 Ares.
1151 5236 1185 5291 44.
1204 5249 1232 5303 p.
1248 5233 1313 5289 tit:
1336 5236 1431 5291 uomi
1447 5235 1597 5298 thdbc.
1616 5262 1644 5273 -
1663 5236 1705 5291 34.
1722 5250 1780 5292 en·

462 5314 657 5371 maid.
