4367 6109
447 564 510 630 596
841 562 993 628 onemo
1015 561 1094 627 PRO
1116 561 1154 626 4.
1177 558 1379 627 CLUllllTlO

448 734 618 798 invenitur.
658 734 727 795 Non
749 731 836 794 venit
865 734 899 795 iu
921 739 1075 806 mentem,
1104 731 1240 814 primum
1262 730 1442 794 orationem
1464 722 1646 791 Stratonis
1669 726 1787 788 contad-

448 830 524 893 bere
547 829 587 892 de
608 827 708 899 furto,
730 833 803 908 post
823 824 954 909 aliquod
976 825 1096 889 dietum
1118 822 1289 908 adiungere
1304 824 1344 888 de
1358 843 1509 898 veneno,
1536 814 1637 904 quod
1654 835 1787 901 nonpae

450 924 630 986 cantatione
653 919 848 1003 quaesitum,
878 918 933 981 sed
960 939 1018 1003 per
1041 918 1181 981 dolorem
1205 936 1390 1000 expressum
1412 916 1607 981 rideretur·
1650 910 1785 987 Quaestio

450 1017 490 1079 de
515 1015 598 1078 fruta
629 1021 693 1087 est,
721 1013 835 1075 veneni
864 1013 926 1075 iam
954 1012 1095 1096 suspicio
1124 1012 1287 1094 superiore
1307 1012 1506 1096 quaestione
1534 1006 1690 1073 sublata:
1718 1011 1785 1092 qual

425 1109 554 1192 liipsum
582 1107 660 1170 haec
683 1104 794 1169 eadem
815 1106 928 1169 mulier
951 1106 1120 1181 iudicarat,
1150 1125 1231 1188 quae
1253 1113 1289 1169 ut
1308 1107 1426 1169 Romae
1450 1106 1495 1169 de
1520 1104 1712 1167 amicorum
1731 1122 1785 1167 saa-

449 1202 548 1265 tentia
576 1208 729 1264 statuerat
755 1199 831 1262 satis
854 1219 922 1262 esse
944 1201 1142 1282 quaesitum,
1169 1208 1282 1282 postea
1302 1220 1360 1283 per
1381 1200 1569 1264 triennium
1595 1198 1738 1261 maxime
1755 1218 1785 1263 er

450 1296 597 1358 omnibus
621 1294 719 1356 servis
742 1292 921 1355 Stratonem
941 1293 1032 1356 illum
1054 1293 1223 1367 dilexerat,
1246 1295 1281 1355 in
1302 1292 1423 1357 bonore
1444 1294 1640 1367 habuerat,
1664 1312 1785 1356 commo

450 1389 499 1451 dis
521 1387 667 1451 omuibus
689 1388 845 1450 affecerat.
890 1382 961 1447 485.
985 1388 1063 1450 Cum
1084 1387 1183 1469 igitur
1196 1386 1237 1449 de
1258 1385 1341 1449 lurto
1357 1393 1580 1471 quaereretur
1595 1392 1633 1448 et
1647 1404 1688 1449 eo
1706 1385 1785 1459 iusta,

449 1483 536 1567 quod
564 1481 618 1544 ille
647 1480 716 1544 sine
738 1480 952 1543 controversia
978 1480 1110 1555 iecerat,
1140 1489 1205 1543 tum
1227 1480 1282 1542 ille
1304 1479 1342 1543 de
1366 1501 1422 1556 eo,
1446 1479 1542 1566 quod
1567 1478 1786 1565 quaerebatur,

412 1576 581 1640 ⁴⁰verbum
603 1572 724 1637 nullum
745 1571 841 1636 lecit‘l
864 1573 903 1636 de
924 1594 1047 1637 venena
1071 1574 1176 1637 statim
1199 1574 1301 1636 dixit?
1329 1574 1369 1637 de
1389 1575 1478 1639 furto
1504 1574 1534 1637 si
1559 1594 1635 1637 non
1659 1593 1699 1637 eo
1720 1574 1787 1647 loco,

450 1690 513 1752 quo
536 1666 662 1743 debuit,
683 1686 724 1728 ne
745 1667 778 1728 iu
802 1674 941 1731 extrema
964 1667 1091 1752 quidem
1114 1675 1169 1731 aut
1195 1667 1300 1730 media
1320 1675 1376 1731 aut
1396 1668 1510 1752 aliqua
1533 1667 1689 1753 denique
1712 1676 1787 1753 parte

450 1760 647 1846 quaestionis
667 1760 799 1822 verbum
819 1760 895 1824 fecit
917 1761 1041 1824 ullum‘l
1084 1761 1193 1823 LXVI.
1216 1763 1280 1824 lam
1302 1762 1415 1825 videtis
1436 1761 1532 1825 illam
1548 1760 1789 1826 nefariammu-

450 1855 574 1930 lierem,
596 1854 731 1928 iudices,
754 1853 863 1917 eadem
887 1875 996 1928 manu,
1025 1876 1105 1937 qua,
1128 1857 1154 1917 si
1177 1856 1269 1918 detur
1289 1863 1446 1938 potestas,
1475 1852 1677 1919 interficere
1698 1855 1788 1919 nun·

450 1951 573 2031 cupiat,
594 1946 675 2010 banc
695 1944 800 2011 fictam
823 1949 1041 2031 quaestionem
1063 1949 1297 2032 conscripsisse.
1329 1951 1431 2034 Atque
1452 1951 1552 2013 istam
1570 1950 1686 2033 ipsam
1702 1969 1789 2035 quae·

414 2042 586 2106 restionem
608 2040 701 2103 dicite
723 2042 794 2124 quis
817 2042 1008 2124 obsignarit:
1042 2062 1138 2105 unum
1165 2043 1305 2125 aliquem
1326 2045 1502 2107 nominate.
1544 2045 1728 2108 Neminem
1747 2064 1790 2107 re·

450 2137 578 2219 perietis
605 2135 665 2197 nisi
687 2134 768 2198 forte
790 2137 859 2198 cius
881 2135 966 2197 madi
988 2136 1165 2211 hominem,
1198 2156 1293 2221 quem
1315 2157 1373 2219 ego
1394 2137 1534 2221 proferri
1559 2136 1680 2200 malim
1703 2156 1788 2221 quan

449 2231 608 2293 neminem
630 2229 797 2292 nominari.
842 2224 912 2290 486.
936 2229 1021 2304 Quid
1044 2229 1109 2303 ais,
1137 2230 1173 2290 T.
1194 2231 1284 2292 Attii
1314 2237 1348 2293 tu
1377 2231 1562 2312 periculum
1598 2233 1735 2314 capitis,
1760 2240 1790 2294 tu

449 2323 601 2387 indicium
630 2321 773 2397 sceleris,
808 2331 843 2386 tu
872 2321 1016 2385 fortunas
1045 2322 1173 2386 alterius
1201 2323 1314 2387 litteris
1343 2325 1544 2409 conscriptas
1577 2325 1619 2387 iu
1643 2324 1789 2388 iudicium

449 2418 577 2481 alietas:
599 2436 706 2499 neque
729 2436 836 2479 earum
858 2424 1018 2479 auctorem
1040 2416 1215 2479 litterarum
1235 2437 1341 2502 neque
1354 2419 1604 2502 obsignatorem
1627 2439 1738 2503 neque
1752 2426 1790 2485 ta·

412 2519 529 2574 ostem
550 2509 650 2573 ullum
672 2509 874 2573 nominabis?
897 2518 928 2573 et
950 2530 1045 2593 quam
1066 2518 1099 2573 tu
1121 2518 1240 2592 pestem
1257 2511 1519 2576 innocentissimo
1534 2511 1614 2576 lilio
1631 2513 1674 2576 de
1690 2514 1791 2577 matris

449 2606 522 2668 sinu
545 2603 792 2685 deprompseris,
821 2603 957 2666 banchi
985 2603 1063 2666 tales
1084 2603 1145 2666 riri
1167 2606 1442 2686 comprobabunt?
1469 2608 1576 2671 Esto:
1610 2608 1649 2671 in
1674 2606 1791 2671 tabellis

449 2699 529 2763 nihil
552 2705 600 2761 est
621 2698 828 2759 auctoritatist
851 2697 946 2781 quid,
968 2698 1038 2780 ipsa
1060 2699 1205 2780 quaestio
1219 2697 1394 2773 iudicibus,
1417 2700 1515 2783 quid,
1539 2701 1665 2765 amicis
1688 2700 1792 2784 bospi-

448 2792 597 2874 tibusque
613 2790 798 2871 Oppianici,
821 2811 903 2874 quos
925 2791 1114 2854 adhibuerat
1134 2798 1241 2865 antea,
1266 2793 1358 2874 quid,
1379 2793 1455 2856 huic
1477 2794 1623 2858 tandem
1639 2795 1706 2878 ipsi
1721 2801 1792 2859 tem

448 2885 519 2967 pori
548 2904 605 2946 cur
630 2902 696 2945 non
728 2892 850 2948 servata
879 2889 948 2948 est‘l
983 2886 1060 2968 quid
1089 2886 1158 2948 istis
1187 2886 1369 2949 hominibus
1390 2886 1512 2950 lactum
1535 2896 1611 2964 est,
1645 2890 1792 2952 Stratone

411 2986 480 3042 scel
499 2978 701 3040 Nicostrato?
734 2971 805 3039 487.
828 2978 954 3053 Quaero
970 2980 1025 3041 abs
1041 2988 1087 3053 tc,
1112 2979 1303 3062 Oppianice,
1325 3000 1416 3044 servo
1432 2988 1487 3043 tuo
1503 2982 1707 3046 Nicostrato
1722 2982 1791 3067 quid

448 3072 567 3135 factum
590 3091 660 3134 esse
682 3070 785 3133 dicas:
808 3092 903 3155 quem
926 3080 976 3147 tu,
998 3093 1068 3135 cum
1089 3073 1173 3135 hunc
1194 3073 1282 3135 brevi
1297 3080 1437 3157 tempore
1452 3083 1683 3141 accusaturus
1699 3095 1791 3149 esses,

447 3169 580 3229 Romam
601 3164 774 3239 deducere,
808 3165 883 3228 dare
910 3173 1095 3248 patestatem
1120 3166 1300 3240 iudicandi,
1331 3167 1525 3231 incolumem
1549 3169 1711 3254 denique
1733 3188 1792 3234 ser·

448 3280 522 3323 vare
552 3258 748 3342 quaestioni,
782 3278 907 3322 servare
933 3259 984 3322 his
1011 3261 1185 3334 iudicibus,
1219 3280 1344 3323 servare
1371 3259 1445 3323 huic
1466 3263 1617 3344 tempori
1643 3263 1791 3328 debuisti.

448 3355 526 3416 Nam
549 3353 729 3415 Stratonem
750 3351 895 3436 quidem,
924 3354 1063 3428 iudices,
1090 3355 1125 3416 in
1146 3374 1270 3417 crucem
1292 3374 1361 3417 esse
1383 3362 1488 3417 actum
1511 3364 1658 3422 exsecta
1681 3358 1791 3421 scitote

411 3447 575 3529 aolinguat
603 3445 688 3528 quod
718 3465 810 3508 nemo
838 3447 1031 3510 Larinatium
1061 3455 1110 3511 est
1139 3449 1195 3531 qui
1216 3448 1348 3511 nesciat.
1388 3448 1507 3510 Timuit
1530 3449 1662 3514 mulier
1685 3470 1792 3514 amens

448 3561 514 3603 nou
542 3559 631 3603 suam
660 3539 903 3614 conscientiam,
932 3560 996 3603 non
1022 3541 1131 3604 odium
1153 3542 1365 3623 municipum,
1396 3561 1460 3603 non
1480 3539 1607 3606 famam
1633 3544 1792 3616 omniun,

449 3633 505 3697 sed
534 3633 625 3717 quasi
647 3650 713 3694 non
735 3653 844 3695 omnes
873 3634 941 3696 eius
964 3635 1092 3698 sceleris
1115 3643 1211 3698 testes
1234 3643 1340 3698 essent
1361 3634 1475 3708 futuri,
1505 3636 1554 3696 sic
1581 3639 1727 3713 metuit,
1755 3656 1792 3700 ne

449 3725 710 3790 condemnaretur
731 3734 873 3790 extrema
894 3729 977 3791 servi
998 3749 1074 3791 voce
1096 3729 1268 3792 morientis.

532 3815 604 3880 488.
627 3815 720 3892 Quod
741 3819 802 3882 hoc
823 3827 1019 3903 portentum,
1048 3823 1079 3884 di
1103 3822 1313 3886 immortales!
1344 3822 1431 3905 quod
1452 3829 1579 3885 tantum
1603 3830 1791 3888 monstrum

412 3915 482 3980 aoiu
503 3914 576 3977 ullis
597 3912 692 3986 locis,
715 3913 800 3994 quod
822 3921 885 3976 tam
907 3912 1055 3976 infestum
1078 3916 1181 3977 scelus
1203 3923 1235 3978 et
1256 3916 1390 3979 immane
1407 3923 1461 3978 aut
1473 3915 1564 3979 unde
1581 3924 1707 3982 natum
1723 3938 1791 3982 esse

450 4007 612 4071 dicamus?
646 4006 712 4067 lam
739 4008 822 4069 enim
851 4007 964 4070 videtis
987 4008 1144 4089 prolecto,
1171 4009 1309 4083 iudices,
1331 4030 1396 4073 nou
1417 4010 1484 4073 siue
1507 4012 1719 4075 necessariis
1742 4032 1790 4075 me

449 4122 485 4164 ac
507 4100 652 4163 maximis
675 4101 778 4162 causis
800 4100 954 4183 principio
977 4102 1128 4165 arationis
1156 4122 1244 4165 meae
1266 4103 1306 4165 de
1330 4110 1428 4166 matre
1450 4102 1583 4168 dixisse.
1623 4105 1723 4169 Nihil
1744 4114 1792 4169 est

450 4195 534 4257 euim
556 4194 648 4267 mali,
669 4192 749 4255 nibil
771 4194 914 4268 sceleris,
938 4195 1023 4276 quod
1044 4195 1100 4258 illa
1120 4214 1185 4257 uon
1206 4196 1245 4257 ab
1268 4197 1359 4259 initio
1380 4197 1446 4259 filia
1466 4196 1625 4272 voluerit,
1652 4205 1792 4282 optare·

450 4290 505 4363 rit,
528 4288 725 4370 cogitaverit,
755 4287 903 4350 effecerit.
946 4289 1036 4352 Mitto
1058 4288 1146 4351 illam
1167 4291 1300 4371 primam
1323 4291 1463 4353 libidinis
1484 4290 1666 4368 iniuriam,
1696 4292 1790 4357 mitto

515 4439 539 4487 4.
555 4438 668 4499 mutam
683 4437 740 4485 ST:
763 4436 875 4498 prima-m
891 4435 1034 4490 444480.
1055 4462 1082 4471 ·-
1102 4438 1128 4485 tn
1145 4438 1257 4487 aratiam
1273 4440 1299 4487 S.
1321 4466 1348 4475 -
1366 4439 1390 4487 4.
1410 4438 1511 4500 aliquod
1527 4437 1627 4489 dum
1646 4440 1791 4504 mm

450 4513 509 4562 ST:
536 4511 632 4572 aliquid
647 4511 782 4574 adtaaqerc
797 4512 891 4561 datam
906 4508 1047 4563 444480.
1067 4511 1105 4561 Ci.
1124 4525 1150 4576 p.
1170 4513 1276 4565 Fonteio
1294 4515 1318 4578 5.
1336 4514 1376 4565 40.
1395 4513 1506 4576 Madvig.
1525 4513 1562 4564 ad
1580 4514 1641 4566 Cic.
1657 4515 1696 4566 de
1712 4516 1789 4568 Finn.

450 4585 572 4651 p.'³9.-
591 4584 616 4634 3.
631 4598 679 4646 aar
694 4586 872 4636 dotoroaST:
891 4586 974 4636 dolore
991 4585 1133 4640 444480.
1150 4614 1177 4623 -
1196 4586 1219 4638 l.
1238 4590 1413 4651 suspictoST:
1431 4589 1569 4651 aspiciam
1585 4588 1787 4646 444480.-

450 4663 475 4712 8.
493 4663 549 4725 ipsa
566 4661 620 4711 ST.
632 4685 659 4695 -
679 4661 805 4711 iudicarat
822 4662 941 4711 STl‘lll:
961 4661 1086 4710 indicarat
1097 4664 1116 4710 4
1127 4661 1210 4715 480.
1224 4690 1250 4698 -
1269 4665 1294 4714 8.
1312 4669 1335 4712 et
1351 4665 1381 4713 de
1396 4677 1425 4712 eo
1436 4662 1562 4713 llalmtus.
1579 4687 1608 4699 -
1630 4666 1678 4717 44.
1698 4666 1790 4729 aliqua

450 4739 510 4788 ST:
528 4738 555 4787 ta
571 4737 659 4799 altqaa
674 4735 815 4790 444480.
830 4763 856 4773 -
876 4737 916 4788 44.
930 4737 1236 4799 questionem-dmum
1252 4751 1304 4787 om.
1319 4740 1347 4788 T.
1362 4764 1390 4774 -
1409 4739 1448 4788 ta.
1467 4738 1606 4802 acapnum
1624 4740 1788 4793 STFMA:

450 4811 589 4875 absiprtoett
604 4809 687 4864 480.
701 4834 728 4846 -
746 4811 894 4861 nominatim
910 4813 970 4870 ST3
988 4811 1100 4861 amabat
1114 4813 1147 4862 ll.
1166 4814 1234 4862 Fort.
1248 4814 1333 4876 dicite,
1352 4813 1395 4875 qai
1406 4812 1557 4877 obsipnmtt,
1575 4826 1663 4865 anun
1674 4814 1789 4878 uam

449 4887 606 4937 naminadm.
626 4911 653 4922 -
673 4885 712 4936 48.
730 4885 856 4950 indutum]
873 4887 993 4935 §adimam
1008 4886 1035 4936 F.
1049 4911 1076 4920 -
1096 4885 1137 4935 49.
1155 4887 1249 4948 afferas
1265 4884 1329 4939 aa:
1346 4888 1435 4949 afferes
1449 4888 1537 4938 440.
1551 4916 1580 4925 -
1599 4892 1790 4943 auctoritatae

451 4960 507 5015 48.
529 4986 558 4998 ·-
576 4961 617 5011 20.
636 4960 666 5011 da
681 4962 739 5012 ST:
766 4974 799 5011 aa
815 4959 958 5013 44480.
978 4985 1005 4995 -
1023 4962 1064 5012 at.
1082 4962 1108 5011 44
1125 4974 1178 5013 om.
1197 4962 1225 5012 Τ.
1246 4988 1274 4998 -
1291 4960 1331 5011 43.
1351 4961 1420 5027 quos]
1438 4963 1504 5024 qood
1519 4964 1545 5012 S.
1566 4990 1595 5000 —
1613 4963 1661 5016 st.
1681 4972 1789 5018 aarum

452 5037 512 5087 ST:
529 5041 657 5088 ramata
673 5034 816 5089 444480.
834 5035 873 5086 Cl.
892 5035 970 5085 v.28.
991 5062 1018 5071 -
1035 5037 1077 5087 46.
1095 5050 1167 5099 quern
1182 5043 1210 5087 ta
1225 5050 1282 5087 aaa
1298 5049 1352 5087 om.
1371 5038 1397 5088 S.
1417 5063 1446 5074 -
1462 5039 1503 5088 2¹1.
1521 5038 1657 5090 iudicandi
1675 5041 1742 5094 444.
1757 5068 1786 5079 -

451 5113 493 5163 28.
511 5115 689 5163 ammaonte
705 5125 732 5163 v.
748 5111 937 5161 4440444.-
955 5112 1197 5162 retentantem.
1213 5138 1240 5149 -
1258 5111 1299 5161 29.
1317 5116 1468 5162 saccetum
1484 5113 1541 5164 ST:
1560 5118 1716 5167 aemam
1734 5116 1786 5168 444

452 5187 578 5242 480-
598 5187 843 5239 30.1.or.estST:
862 5192 896 5239 est
911 5187 999 5237 saun.
1017 5185 1158 5240 444480.
1173 5212 1200 5222 -
1220 5185 1260 5236 34.
1278 5185 1440 5248 maeonium
1455 5189 1490 5240 u.
1510 5215 1538 5227 ·-
1556 5188 1600 5243 ³2.
1617 5202 1710 5245 m
1726 5202 1784 5244 om.

452 5264 481 5314 Τ.
501 5287 530 5301 -
548 5262 590 5317 34.
606 5263 672 5317 mcvi
688 5262 748 5315 ST:
765 5260 907 5324 4444444445
924 5258 1146 5315 multato
1165 5286 1193 5300 -
1211 5260 1252 5312 345.
1269 5259 1334 5326 uua]
1351 5261 1399 5313 illia
1414 5263 1440 5315 S.
