4367 6109
459 565 523 637 oso
832 547 1208 637 mvsamnscno
1231 569 1416 637 saccone

458 764 524 831 qne
545 742 761 816 aestimasset,
788 740 823 805 in
851 760 890 803 ea
910 760 945 804 re
966 739 1112 824 praedari
1132 745 1330 824 praetorem,
1357 739 1449 804 bonis
1470 740 1571 804 everti
1591 745 1731 805 aratores
1751 745 1786 804 et

458 839 493 905 id
514 857 580 903 non
601 834 697 902 modo
716 829 804 910 fieri,
826 834 883 898 sed
905 834 950 898 ita
970 831 1054 909 lieri,
1077 834 1169 917 qnasi
1190 833 1285 897 liceat
1305 854 1554 917 concessumque
1576 834 1628 898 sit

544 927 618 994 205.
640 927 726 1005 Quid
747 927 788 991 ad
808 928 888 992 baec
908 928 1120 992 Hortensius?
1140 925 1258 992 falsum
1279 949 1350 992 esse
1364 929 1505 992 crimen?
1526 929 1596 992 Hoc
1610 947 1786 1012 numquam

458 1028 552 1094 dicat.
583 1025 655 1090 Non
675 1041 822 1104 namnam
842 1022 902 1086 hac
922 1022 1047 1086 ratione
1068 1023 1236 1105 pecuniam
1258 1027 1404 1105 captam?
1425 1025 1473 1087 Ne
1493 1021 1527 1086 id
1542 1021 1672 1106 quidem
1688 1021 1785 1087 dicet.

433 1123 529 1187 allon
549 1117 699 1184 iniuriam
718 1115 835 1180 factam
857 1115 974 1179 Siculis
995 1123 1091 1199 atque
1106 1115 1304 1181 aratoribus?
1339 1116 1401 1193 Qui
1415 1117 1533 1200 poterit
1545 1116 1673 1180 dicere?
1699 1115 1785 1191 Quid

454 1216 556 1300 ipiusr
576 1212 682 1276 dicet?
711 1210 839 1275 Fecisse
867 1209 959 1273 alios.
999 1208 1085 1284 Quid
1108 1216 1157 1275 est
1177 1209 1261 1275 boc?
1301 1212 1410 1276 Utrum
1432 1210 1556 1275 crimini
1578 1208 1721 1273 defensio
1742 1229 1786 1274 an

455 1309 627 1375 comitatus
648 1304 764 1370 exsilio
786 1306 973 1389 quaeritur?
1009 1305 1057 1367 Tu
1084 1303 1119 1367 in
1140 1304 1200 1368 bac
1221 1325 1257 1369 re
1278 1304 1408 1388 publica
1427 1312 1524 1389 atque
1546 1305 1580 1368 in
1600 1303 1661 1368 hac
1680 1304 1786 1368 homi·

456 1423 534 1468 num
565 1400 698 1465 libidine
721 1406 769 1475 el,
797 1407 835 1463 nt
855 1397 959 1463 adbuc
988 1397 1102 1462 babuit
1123 1419 1157 1463 se
1179 1407 1280 1464 status
1301 1400 1509 1474 indiciorum,
1538 1399 1635 1462 etiam
1655 1400 1785 1464 licentia

458 1493 536 1583 [non
557 1513 601 1560 es
621 1495 707 1570 iure,
728 1513 794 1558 non
816 1514 857 1556 ex
878 1489 1068 1577 acquitate,]
1093 1514 1159 1557 non
1181 1514 1221 1557 ex
1242 1495 1329 1578 lege,
1351 1515 1416 1558 non
1437 1514 1479 1557 ex
1500 1513 1557 1569 eo,
1579 1493 1667 1576 quod
1690 1513 1785 1577 opor·

418 1591 567 1666 subserit,
593 1609 658 1652 non
679 1608 721 1653 ex
742 1607 800 1664 eo,
828 1586 915 1671 quod
936 1587 1078 1662 licuerit,
1109 1586 1165 1650 sed
1191 1608 1232 1651 ex
1253 1609 1312 1662 eo,
1340 1588 1426 1672 quod
1447 1586 1564 1671 aliquis
1584 1585 1713 1662 fecerit,
1740 1587 1784 1663 id,

455 1684 543 1770 quod
564 1682 825 1766 reprehenditur,
847 1688 931 1745 recte
952 1680 1070 1744 factum
1091 1701 1164 1745 esse
1179 1681 1354 1745 defendes?
1386 1678 1458 1744 206.
1474 1682 1630 1744 Fecerunt
1643 1680 1698 1746 alii
1712 1681 1786 1764 qni-

453 1779 528 1845 desu
557 1778 618 1843 alia
646 1796 745 1860 quam
764 1776 883 1841 mulla:
912 1796 969 1840 cur
989 1775 1024 1837 in
1043 1775 1106 1838 boc
1127 1796 1192 1839 uno
1214 1776 1345 1840 crimine
1366 1776 1428 1840 isto
1450 1796 1567 1859 genere
1588 1773 1784 1840 defensionis

454 1875 576 1938 nuru?
610 1871 691 1935 Sunt
717 1870 874 1954 quasdam
900 1869 1031 1934 omnino
1057 1869 1144 1933 inte
1166 1869 1355 1952 singularia,
1376 1890 1459 1954 qrrae
1480 1871 1515 1933 in
1536 1870 1660 1933 nullum
1681 1868 1785 1934 bomi-

455 1987 528 2032 nem
549 1966 646 2032 alium
667 1965 732 2030 dici
752 1984 859 2048 neque
881 1964 1053 2027 convenire
1072 1964 1215 2046 possint,
1237 1963 1396 2048 quaedam
1417 1965 1475 2028 tibi
1490 1983 1562 2027 cum
1577 1962 1684 2027 multis
1698 1982 1785 2026 com·

418 2061 573 2129 semonia.
602 2061 687 2142 Ergo
709 2066 745 2123 ut
764 2059 908 2123 omittam
929 2064 1002 2122 tuos
1024 2056 1206 2139 peculatus,
1233 2066 1270 2121 nt
1298 2058 1340 2121 ob
1367 2059 1417 2121 ins
1440 2058 1610 2123 dicendum
1630 2059 1783 2142 pecunias

453 2161 613 2238 sceepus,
634 2160 671 2216 ut
693 2152 864 2218 eiusmodi
885 2161 1000 2226 cetera,
1022 2168 1107 2234 quae
1127 2149 1262 2216 forsitan
1284 2152 1338 2216 alii
1361 2173 1492 2237 quoque
1514 2155 1611 2217 etiam
1631 2152 1782 2217 fecerint:

452 2248 550 2323 illud,
571 2247 606 2310 in
628 2267 693 2330 quo
715 2255 748 2310 te
770 2247 954 2330 gravissime
975 2246 1137 2320 accusavi,
1159 2246 1246 2329 quod
1261 2247 1302 2309 ob
1317 2246 1519 2311 iudicandam
1533 2267 1601 2310 rem
1615 2247 1784 2333 pocrmiam

450 2342 647 2425 accepisses,
670 2343 781 2406 eadem
803 2342 865 2406 ista
886 2341 1009 2404 ratione
1031 2337 1202 2416 defendes,
1222 2339 1336 2405 fecisse
1350 2338 1464 2404 'aliosi
1497 2342 1537 2405 Ut
1551 2361 1612 2425 ego
1627 2341 1785 2406 assentiar

453 2436 605 2512 audoni,
625 2435 846 2501 defensionem
868 2443 1059 2505 tamennon
1081 2434 1234 2517 probabo.
1269 2435 1378 2500 Potius
1398 2435 1485 2499 enim
1506 2443 1539 2498 te
1561 2435 1709 2499 damnato
1731 2454 1785 2499 ce·

413 2531 528 2597 soteris
561 2530 725 2613 angustior
754 2529 845 2593 locus
878 2527 1087 2611 improbitatis
1120 2529 1339 2596 defendendae
1372 2529 1588 2612 relinquetur,
1621 2549 1718 2614 quam
1750 2537 1784 2594 te

450 2624 598 2690 absoluto
631 2623 703 2698 alii,
733 2622 823 2708 quod
856 2623 1066 2688 audacissime
1101 2623 1260 2700 fecerunt,
1291 2631 1377 2689 recte
1406 2623 1521 2688 fecisse
1548 2622 1783 2688 existimentur.

452 2718 628 2783 cxxxix.
651 2714 723 2781 207.
745 2719 870 2800 Lugent
884 2738 994 2782 omnes
1008 2719 1207 2799 provinciae:
1230 2728 1409 2804 queruntur
1423 2738 1534 2782 omnes
1548 2709 1640 2781 liberi
1654 2716 1782 2801 populi:

451 2829 549 2894 regau
571 2810 710 2895 denique
733 2813 840 2877 omnia
860 2814 899 2876 de
920 2814 1038 2876 nostris
1061 2812 1287 2895 cupiditatibus
1302 2823 1335 2877 et
1354 2811 1714 2897 iniuriis'expostulant:
1735 2810 1784 2874 lo-

453 2923 510 2969 cus
532 2905 615 2971 intra
637 2904 798 2972 Oceanum
821 2907 883 2973 iam
904 2906 1012 2971 nullus
1034 2913 1083 2969 est
1104 2927 1210 2990 neque
1233 2916 1295 2970 tam
1317 2908 1512 2992 longinquus
1526 2926 1633 2991 neque
1647 2913 1711 2970 tam
1733 2925 1784 2969 re·

413 2999 614 3074 §condilum
635 3019 700 3080 quo
722 3020 787 3064 non
809 3022 866 3084 per
886 3001 965 3064 baec
987 3009 1131 3082 tempora
1151 3010 1332 3064 nostrorum
1353 3001 1520 3066 bominum
1539 3001 1640 3065 libido
1662 2997 1783 3083 iniqui-

450 3100 565 3176 fasque
590 3095 772 3176 pervaserit.
817 3095 980 3159 sustinere
1007 3095 1071 3158 ism
1099 3095 1236 3178 populus
1263 3097 1424 3159 Romanus
1453 3096 1594 3160 omnium
1615 3093 1782 3156 nationum

450 3206 515 3253 non
537 3187 617 3263 vim,
638 3207 702 3251 non
721 3207 825 3262 arma,
847 3209 910 3253 non
925 3188 1059 3263 bellum,
1082 3189 1139 3253 sed
1158 3189 1278 3264 luctus,
1300 3190 1460 3264 lacrimas,
1483 3189 1701 3274 querimonias
1716 3207 1781 3251 non

450 3288 566 3368 potest.
594 3280 632 3345 In
653 3282 825 3349 eiusmodi
845 3302 880 3346 re
901 3302 939 3346 ac
961 3283 1111 3357 moribus,
1134 3284 1161 3347 si
1184 3285 1222 3358 is,
1244 3284 1299 3367 qui
1314 3287 1373 3349 erit
1388 3283 1544 3348 adductus
1566 3283 1600 3344 in
1615 3279 1780 3354 iudicium,

451 3396 524 3441 cum
545 3374 721 3440 manifestis
743 3376 871 3459 flagitiis
892 3377 1068 3451 tenebitur,
1089 3377 1171 3440 alios
1187 3377 1298 3440 eadem
1314 3377 1428 3442 fecisse
1442 3378 1547 3443 dicet:
1569 3377 1617 3442 illi
1632 3374 1780 3458 exempla

413 3477 515 3535 tonon
539 3469 689 3544 deerunt,
711 3471 757 3534 rei
777 3471 923 3553 publicae
945 3470 1031 3536 salus
1053 3471 1171 3546 deerit,
1194 3473 1220 3535 si
1242 3473 1455 3555 improborum
1470 3472 1626 3556 exemplis
1643 3470 1778 3555 improbi

450 3562 569 3629 iudicio
602 3582 639 3627 ac
668 3564 810 3647 periculo
838 3566 1066 3630 liberabuntur.
1110 3563 1183 3629 208.
1209 3568 1338 3631 Placent
1358 3567 1448 3631 vobis
1468 3567 1632 3631 bominum
1652 3567 1779 3628 morosi

450 3657 554 3743 placet
574 3659 619 3723 ita
641 3658 708 3742 geri
729 3661 944 3742 magistratus,
966 3668 1002 3724 nt
1021 3665 1194 3743 geruntur?
1216 3662 1321 3744 placet
1343 3664 1445 3726 socios
1460 3663 1506 3726 sic
1526 3661 1669 3736 mummi,
1692 3657 1779 3743 quod

516 3938 540 3989 4.
556 3943 702 4000 praetorem
717 3940 790 3989 modo
804 3940 861 4004 fleri
878 3941 951 4002 quoa
967 3940 1040 3990 liceot
1055 3940 1151 3991 mediis
1168 3942 1274 3992 omissis
1286 3941 1363 4005 Lgle.
1378 3967 1406 3976 —
1425 3939 1449 3992 4.
1464 3941 1532 3991 dicut
1542 3940 1621 4004 ugia.
1635 3966 1663 3978 -
1682 3939 1707 3991 6.
1720 3941 1782 3992 dicit

450 4013 529 4079 lm.
549 4015 639 4077 [Deest
655 4027 732 4075 vera,
751 4016 781 4065 ut
796 4013 913 4072 videtur.
936 4013 1015 4066 lectio
1032 4014 1102 4080 apud
1120 4016 1158 4081 Ζ.)
1178 4042 1206 4051 -
1224 4021 1310 4066 uncos
1325 4018 1364 4068 bis
1379 4016 1473 4067 emes
1489 4015 1572 4080 1.ng
1589 4022 1676 4067 mnes
1692 4017 1781 4067 mimi·

449 4091 490 4142 ais
505 4090 558 4155 Led
569 4091 609 4141 27.
630 4088 699 4154 [fort.
715 4095 803 4141 mmm
818 4090 856 4140 leis
873 4089 937 4153 (scil.
956 4089 1021 4154 aliis)
1042 4092 1155 4141 mostata
1174 4092 1281 4155 &sessio
1298 4094 1349 4143 etc.
1368 4091 1461 4157 flam]
1487 4119 1515 4130 -
1542 4093 1585 4159 os]
1602 4106 1633 4143 oc
1649 4090 1728 4157 sals.
1747 4118 1778 4131 -

451 4165 475 4217 8.
493 4178 519 4216 se
533 4165 619 4216 eroon
637 4163 714 4229 isid.
734 4192 762 4202 -
781 4165 805 4215 c.
831 4179 883 4217 ooo
897 4179 931 4216 ec
946 4167 1048 4216 laren
1059 4166 1185 4228 aequum
1201 4179 1254 4218 om.
1274 4166 1351 4231 igis.
1374 4165 1458 4231 [Falso
1474 4165 1587 4219 relatum
1604 4170 1646 4221 est
1662 4167 1733 4232 apud
1749 4169 1779 4219 Ζ.

450 4241 477 4292 in
494 4239 554 4293 cod.
573 4241 653 4292 etiam
670 4253 720 4290 eoo
737 4252 771 4290 eu
786 4240 839 4305 depe
855 4239 959 4292 deesse.
989 4242 1045 4291 lam
1061 4240 1214 4306 recipienda
1232 4242 1282 4291 en't
1303 4240 1381 4293 lectio
1398 4243 1490 4307 optimi
1507 4241 1580 4304 cod..
1603 4243 1713 4294 utitem
1730 4255 1781 4294 ve-

450 4327 509 4368 ram
525 4329 551 4367 se
565 4315 652 4366 lubuit
668 4314 765 4364 iudico.
784 4314 876 4380 Esau]
896 4342 924 4352 -
942 4329 993 4366 ooo
1009 4329 1042 4365 ac
1057 4329 1100 4376 eo,
1118 4316 1184 4379 quod
1200 4329 1241 4379 cp.
1253 4316 1322 4380 egla
1334 4319 1369 4368 N:
1387 4330 1442 4368 om.
1460 4315 1516 4368 rell.
1532 4344 1559 4353 —
1580 4319 1620 4370 40.
1637 4332 1689 4369 oce
1703 4332 1738 4370 ec
1750 4333 1781 4370 eo

450 4391 518 4454 quod
534 4391 631 4441 limcertt
642 4415 681 4430 --
691 4390 818 4440 denham
834 4391 932 4441 auctori
949 4391 974 4455 ἕ.
992 4391 1050 4442 209.
1070 4393 1136 4442 extr.
1155 4390 1237 4441 babet
1252 4391 1282 4441 V.
1299 4418 1328 4428 -
1346 4397 1381 4441 sot
1396 4392 1428 4443 V.
1442 4418 1470 4426 —
1488 4392 1569 4453 coqui
1585 4394 1609 4444 l.
1629 4394 1670 4456 [ec
1684 4406 1713 4444 ec
1730 4407 1781 4456 osso

450 4465 531 4528 silom
541 4465 573 4523 V,
591 4467 621 4515 nt
637 4465 680 4516 ΒΓ.
694 4464 800 4514 videtur
816 4465 841 4515 ln
859 4463 918 4517 loco
934 4464 1080 4516 admodum
1098 4465 1234 4529 obscuro]
1248 4491 1275 4503 -
1295 4467 1335 4518 14.
1353 4468 1399 4517 olii
1410 4467 1509 4529 quiden
1524 4467 1608 4531 Lgl2:
1628 4469 1683 4529 ulit,
1700 4467 1781 4532 quid?

449 4538 523 4602 Υφς
543 4539 589 4590 olii
605 4538 750 4603 Lgth03
776 4540 856 4604 aliqui
873 4539 929 4592 rell.
949 4567 976 4578 -
998 4543 1038 4592 li.
1056 4555 1177 4592 uooom.
1195 4542 1226 4592 V.
1246 4569 1274 4580 ·-
1294 4541 1334 4594 13.
1352 4543 1417 4593 bom.
1436 4541 1593 4594 cliroan:
1617 4545 1696 4593 olims
1711 4545 1779 4596 bosa.

449 4611 507 4666 rell.
527 4614 556 4663 0.
577 4641 604 4650 -
624 4615 664 4665 15.
684 4615 814 4665 demeum
829 4617 891 4680 [ες.
905 4628 1015 4674 ornnes,
1034 4617 1068 4666 V:
1088 4617 1222 4667 wordum
1232 4615 1274 4667 alii
1287 4618 1331 4680 (1),
1342 4618 1372 4668 0.
1391 4618 1430 4668 Da
1441 4618 1491 4668 ΑΒ
1504 4621 1646 4668 tacetur.-
1666 4619 1706 4668 to.
1719 4632 1781 4682 qao

450 4701 498 4752 ose
519 4689 595 4738 dmm
614 4687 644 4750 4,
663 4690 698 4738 V:
724 4691 875 4742 salomom.
902 4691 967 4743 dett.
994 4692 1122 4743 Wesenb.
1146 4692 1260 4743 olearon
1287 4694 1315 4743 is
1336 4693 1398 4742 sest.
1421 4707 1447 4758 p.
1465 4694 1506 4743 it.
1532 4694 1585 4744 icoc
1604 4692 1780 4746 scribendum

451 4765 552 4816 censet.
576 4766 610 4815 41
626 4763 660 4815 cf.
680 4765 764 4816 llend.
784 4767 858 4818 Turs.
878 4767 908 4816 ll.
926 4781 953 4832 p.
973 4767 1029 4818 1458.
1051 4794 1079 4804 -
1096 4769 1183 4831 fecerit
1198 4767 1281 4832 Lgl23
1299 4768 1409 4831 secernat
1425 4768 1494 4831 Lgld
1505 4769 1534 4818 Β.
1555 4795 1582 4806 ·-
1602 4769 1642 4818 ⁴7.
1660 4769 1782 4833 mimi

449 4839 560 4890 ΜΒ.
577 4865 603 4876 -
624 4840 663 4892 18.
682 4846 705 4890 et
720 4853 766 4905 epo
782 4841 851 4905 [gil
869 4841 916 4906 [sic
934 4843 1014 4893 etiem
1030 4842 1062 4902 V,
1080 4845 1110 4892 ut
1126 4843 1241 4893 Bruanio
1257 4841 1380 4906 videtur}
1396 4868 1423 4880 -
1442 4844 1573 4893 ademtior
1587 4844 1619 4894 V.
1631 4869 1659 4881 -
1678 4845 1719 4894 20.
1732 4844 1782 4895 lis·

451 4920 540 4977 otetur
557 4912 640 4977 [μὴ
666 4914 826 4977 relinquatur
842 4916 934 4966 Franc.
953 4917 982 4966 0.
1003 4944 1031 4953 -
1058 4917 1099 4967 2⁴.
1119 4917 1156 4966 oli
1172 4918 1232 4979 quid
1248 4919 1421 4967 oudocismme
1436 4918 1467 4968 V.
1487 4918 1548 4980 (ΒΓ.)
1568 4944 1596 4955 -
1618 4919 1717 4969 rodose
1730 4919 1778 4983 fec.

450 4987 529 5053 egle.
550 5014 575 5027 -
597 4990 778 5040 eeistrenentur
792 4990 823 5040 V.
843 4991 903 5054 (ΒΓ.)
923 5017 950 5027 -
968 4991 1010 5042 23.
1028 4991 1133 5053 denique
1148 4991 1230 5056 agla:
1258 4993 1363 5054 denique
1377 4995 1453 5043 etium
1471 4993 1500 5054 V,
1519 4993 1592 5060 qnod
1608 4992 1697 5045 firmat
1715 4996 1781 5048 We-

450 5062 527 5115 seob.
546 5061 599 5115 1.).
619 5062 748 5116 similibus
766 5064 893 5131 exemplis
915 5079 942 5131 p.
960 5065 1044 5117 Flecc.
1063 5065 1094 5126 4,
1113 5067 1138 5117 9.
1160 5080 1186 5132 p.
1205 5069 1273 5118 sest.
1293 5069 1334 5131 4ο,
1352 5070 1408 5126 222
1434 5070 1539 5133 mique
1558 5070 1612 5119 cos
1633 5071 1678 5120 ott.
1697 5071 1727 5120 0.
1748 5095 1778 5108 —-

449 5136 493 5191 al.
510 5151 589 5202 aeque
605 5144 658 5190 tum
674 5141 823 5205 maloque-s
838 5153 892 5192 om.
911 5139 989 5204 Lssli.
1016 5168 1043 5179 -
1067 5142 1108 5192 27.
1126 5143 1152 5191 oi
1168 5142 1199 5192 V.
1219 5143 1280 5206 (ΒΓ.)
1300 5170 1328 5181 -
1351 5145 1431 5194 luctus
1447 5143 1530 5208 egla:
1554 5145 1648 5194 luctato
1663 5143 1686 5194 V
1703 5145 1778 5209 (ΒΓ),

450 5212 508 5267 rell.
525 5216 556 5267 0.
576 5243 604 5254 -
622 5216 664 5268 28.
682 5218 705 5268 et
720 5217 749 5283 is]
765 5218 817 5268 suis
833 5218 863 5268 V.
884 5244 910 5255 -
937 5218 978 5268 29.
995 5218 1101 5282 tlspdiis
1116 5217 1184 5282 Laid
1196 5207 1227 5269 l':
1254 5219 1281 5268 io
1295 5219 1356 5283 pop.
1375 5219 1397 5267 V
1415 5219 1491 5282 (ΒΓ),
1517 5217 1573 5270 rell.
1592 5220 1623 5270 0.
1641 5218 1674 5271 cl.
1693 5218 1728 5270 ad
1742 5220 1777 5272 11.

451 5287 476 5354 4.
495 5288 552 5342 444.
568 5290 613 5342 111.
631 5289 656 5356 5.
674 5291 732 5345 149.
751 5291 806 5358 [ubl
821 5305 916 5344 verum
932 5305 992 5345 esse
1009 5292 1265 5345 indemonstratum
1281 5293 1341 5361 est]
1360 5319 1388 5331 -
1406 5293 1447 5348 31.
1464 5294 1536 5347 nobis
1550 5293 1629 5360 1444.
