4367 6109
447 497 510 573 522
763 515 1450 585 onarronarmnnrocn.rourrn

449 697 521 745 eum
541 682 701 765 publicani
720 684 856 751 familias
877 687 1048 763 maximas,
1068 706 1149 773 quas
1170 687 1204 750 in
1222 686 1354 751 saltibus
1368 685 1506 762 bebent,
1529 700 1623 769 quae
1643 681 1683 744 in
1698 676 1789 760 apis,

449 792 529 856 ques
550 775 585 839 in
604 779 759 861 portubus
779 787 875 865 atque
896 781 1065 856 custodiis,
1086 801 1202 864 magno
1217 778 1360 863 periculo
1375 799 1409 844 se
1424 779 1547 844 babere
1564 774 1788 842 arbitrentart

448 866 611 935 Putatisne
637 893 694 937 vos
722 873 786 938 illis
815 875 909 940 rebus
934 874 998 939 irui
1027 895 1141 958 posse,
1170 874 1234 938 nisi
1255 892 1328 949 eos,
1356 873 1413 958 qui
1434 873 1528 939 robis
1552 866 1688 936 noem
1710 874 1788 940 runt

448 966 684 1042 conservaritis,
705 987 769 1033 non
790 968 909 1044 solum,
930 976 1060 1034 utente
1081 968 1167 1045 dixi,
1188 968 1380 1044 calamitate,
1402 966 1577 1034 sedetiam
1593 959 1789 1030 calamitatis

425 1052 615 1122 efomidine
635 1058 808 1127 liberatos?

531 1152 600 1217 vll.
621 1148 671 1218 ir.
692 1157 739 1220 Ac
759 1176 800 1220 ne
822 1156 902 1220 illud
924 1155 1054 1242 quidem
1068 1156 1158 1222 vobis
1180 1156 1405 1240 negligendum
1424 1163 1489 1231 est,
1513 1152 1609 1240 quod
1627 1148 1717 1215 mibi
1731 1168 1788 1233 ego

448 1252 622 1311 extremum
643 1268 886 1332 proposueram,
917 1270 989 1314 cum
1009 1269 1113 1315 essem
1135 1250 1273 1315 debelii
1295 1269 1411 1334 genere
1434 1249 1598 1325 dicturus,
1631 1244 1730 1331 quod
1749 1243 1789 1308 ad

448 1337 616 1404 multorum
636 1341 722 1406 bona
742 1344 859 1408 civium
879 1345 1092 1409 Romanorum
1115 1347 1269 1429 pertinen
1299 1350 1435 1428 quoram
1463 1342 1556 1408 robis
1584 1360 1650 1427 pro
1683 1345 1789 1403 vestra

447 1433 616 1516 sapientia,
638 1435 792 1513 Quirites,
814 1436 960 1501 habenda
980 1445 1029 1501 est
1049 1438 1131 1502 ratio
1146 1438 1325 1520 diligenter.
1359 1439 1439 1500 llam
1461 1445 1493 1500 et
1512 1432 1709 1520 publicani,
1730 1429 1789 1495 bo-

411 1527 550 1592 iomines
576 1528 791 1594 honestissimi
819 1537 915 1615 atque
943 1530 1153 1605 ornatissimi,
1182 1551 1256 1595 suas
1284 1532 1425 1595 rationes
1448 1540 1480 1595 et
1500 1530 1611 1614 copias
1635 1528 1676 1593 in
1699 1524 1788 1588 illam

447 1622 642 1704 provinciam
670 1623 888 1700 contulerunt,
915 1644 1051 1708 quorum
1076 1626 1219 1709 ipsorum
1246 1645 1304 1708 per
1336 1644 1371 1688 se
1391 1644 1443 1688 res
1464 1632 1496 1689 et
1516 1623 1672 1686 fortunae
1694 1617 1787 1683 vobis

447 1733 543 1779 curae
564 1736 635 1781 esse
657 1717 783 1781 debent.
813 1718 943 1796 Etenim
965 1719 991 1781 si
1013 1718 1181 1801 vectigalia
1202 1737 1317 1781 nervos
1339 1737 1409 1783 esse
1423 1717 1470 1780 rei
1484 1715 1637 1800 publicae
1654 1730 1788 1795 semper

447 1807 612 1886 duximus,
634 1831 707 1874 eum
728 1820 812 1876 certe
833 1812 994 1886 ordinem,
1017 1813 1073 1896 qui
1096 1821 1223 1875 exercet
1245 1812 1315 1886 illa,
1344 1809 1575 1874 firmamentum
1597 1815 1788 1872 ceterorum

448 1900 594 1966 ordinum
614 1912 700 1969 recte
723 1925 793 1970 esse
814 1903 967 1969 dicemus.
1020 1903 1070 1969 t8.
1093 1907 1218 1969 Deinde
1240 1926 1283 1968 ex
1304 1894 1607 1969 ceteris'ordinibus
1631 1900 1790 1966 homiues

411 1997 542 2078 signavi
563 2006 656 2082 atque
677 1999 824 2063 industrii
847 1997 961 2082 partim
983 1999 1044 2082 ipsi
1066 2000 1100 2062 in
1122 2000 1197 2063 Asia
1217 1999 1438 2081 negotiantur,
1461 1997 1575 2082 quibus
1590 2015 1653 2060 vos
1667 1996 1791 2061 absen-

447 2088 531 2153 tibus
552 2092 716 2157 consulere
739 2093 878 2168 debetis,
900 2093 1016 2176 partim
1038 2086 1148 2156 eorum
1172 2093 1204 2155 in
1229 2112 1267 2155 ea
1287 2092 1451 2175 provincia
1472 2090 1625 2174 pecunias
1649 2106 1791 2173 mm

448 2184 618 2249 collocatas
645 2185 773 2250 babent
814 2187 873 2251 Est
899 2187 996 2269 igitur
1023 2186 1228 2250 humanitatis
1262 2193 1405 2260 vestrae,
1433 2203 1583 2267 magnum
1610 2202 1790 2247 numerum

448 2295 557 2341 eorum
581 2279 698 2343 cisium
719 2279 895 2344 calamitate
916 2280 1102 2363 probibere,
1125 2280 1319 2362 sapientiae,
1340 2279 1449 2343 videre
1467 2277 1640 2341 multorum
1664 2275 1790 2339 civium

447 2369 656 2437 calamitatem
683 2394 703 2436 a
731 2394 766 2437 re
793 2374 920 2457 publica
948 2375 1123 2438 seiunctam
1151 2393 1309 2437 essenon
1339 2391 1443 2456 posse.
1487 2371 1613 2434 Etenim
1641 2369 1789 2454 primum

410 2463 526 2529 odico
548 2467 635 2547 parvi
658 2467 768 2543 refert,
790 2487 849 2531 nos
871 2468 1048 2551 publicanis
1070 2467 1196 2531 amissis
1219 2469 1386 2550 vectigalia
1408 2472 1521 2550 postea
1534 2465 1671 2528 victoria
1692 2484 1790 2527 rccu-

447 2577 575 2641 perere:
604 2580 709 2643 neque
737 2562 821 2624 enim
850 2562 951 2624 isdem
972 2560 1149 2624 redimendi
1169 2558 1302 2623 facultas
1323 2560 1384 2622 erit
1404 2564 1536 2641 propter
1556 2556 1787 2632 calamitatem,

447 2670 553 2735 neque
574 2653 646 2718 aliie
667 2655 812 2719 voluntas
834 2662 963 2741 propter
983 2657 1139 2719 timorem.
1175 2649 1225 2716 ld.
1246 2654 1385 2729 Deinde,
1400 2651 1486 2736 quod
1501 2671 1560 2714 nos
1575 2649 1690 2714 eadem
1705 2652 1788 2716 Asia

448 2752 543 2828 atque
566 2746 651 2811 idem
671 2750 731 2813 iste
753 2749 950 2813 Mithridates
971 2749 1060 2813 initio
1081 2748 1159 2811 belli
1180 2747 1310 2811 Asiatici
1333 2747 1458 2820 docuit,
1483 2744 1517 2809 id
1539 2744 1671 2827 quidem
1694 2752 1786 2809 certe

416 2910 421 2918 .
448 2839 627 2905 calamitate
649 2842 734 2907 docti
754 2844 907 2907 memoria
928 2844 1064 2906 retinere
1086 2841 1256 2904 debemus:
1279 2861 1352 2905 nam
1373 2847 1457 2914 tum,
1479 2858 1551 2903 cum
1572 2839 1607 2900 in
1627 2837 1708 2901 Asia
1728 2858 1786 2901 res

412 2947 579 3016 semagnas
600 2936 750 3018 permulti
771 2937 956 3010 amiserant,
978 2937 1097 3000 scimus
1119 2935 1237 2998 Romae
1252 2935 1409 2999 solutione
1425 2932 1577 3016 impedita
1589 2928 1689 2995 fidem
1703 2951 1787 2995 con·

450 3026 575 3092 cidisse.
618 3030 690 3092 Non
711 3031 797 3094 enim
819 3039 955 3114 possunt
973 3049 1039 3093 nna
1059 3029 1093 3091 in
1116 3028 1243 3090 civitate
1263 3028 1354 3091 molti
1374 3048 1441 3091 rem
1462 3046 1500 3089 ac
1520 3025 1664 3091 fortunas
1686 3027 1786 3090 amit·

449 3129 530 3197 tere,
558 3130 595 3187 ut
619 3142 684 3187 non
713 3125 820 3208 plures
841 3145 949 3189 secum
971 3126 1005 3189 in
1027 3124 1162 3187 eandem
1184 3122 1310 3186 trabant
1330 3121 1548 3188 calamitatem.
1585 3122 1702 3204 Aquo
1724 3141 1787 3205 pe-

449 3218 551 3282 riculo
572 3216 739 3301 prohibete
759 3238 826 3282 rem
841 3217 1000 3302 publicam
1014 3216 1140 3282 etmihi
1157 3215 1294 3291 credite,
1316 3215 1347 3279 id
1363 3216 1451 3299 quod
1468 3215 1531 3298 ipsi
1544 3213 1676 3279 ridetis:
1699 3215 1787 3287 baec

449 3309 529 3376 fides
550 3320 646 3397 atque
667 3312 746 3376 baec
767 3313 847 3376 ratio
869 3313 1093 3395 pecuniarum,
1118 3331 1201 3396 quae
1222 3312 1358 3386 Romae,
1380 3329 1463 3394 quae
1485 3311 1518 3373 in
1539 3308 1609 3372 loro
1622 3318 1786 3384 versatur,

516 3575 540 3623 t.
557 3573 661 3623 saltibus
677 3574 858 3625 Hotomanus:
882 3574 969 3623 salinis
985 3586 1047 3624 cum
1066 3571 1204 3624 codicibus
1220 3570 1312 3629 aem
1334 3569 1403 3619 siiois
1419 3581 1481 3620 cum
1497 3568 1621 3620 Turnebo
1638 3571 1667 3620 L.
1693 3570 1785 3619 Varro

450 3648 480 3697 li.
499 3647 527 3696 li.
546 3648 588 3698 lll.
608 3649 632 3708 l,
650 3649 681 3700 8:
706 3648 792 3698 Altero
808 3654 844 3699 est
859 3650 972 3699 mantuo
983 3647 1081 3711 pastio,
1105 3649 1187 3698 allero
1209 3647 1330 3711 operti&
1353 3646 1414 3695 boec
1434 3650 1496 3694 eota
1512 3650 1535 3696 et
1549 3645 1650 3706 nabitu,
1673 3658 1742 3706 qreoe
1757 3649 1786 3695 et

447 3723 571 3784 pecuaria
585 3723 731 3773 ooodmtur
747 3729 771 3773 et
786 3724 892 3773 modom
907 3725 1015 3774 domines
1031 3724 1177 3787 locupletat,
1196 3727 1220 3773 et
1236 3721 1266 3772 ob
1282 3735 1338 3771 earn
1353 3733 1407 3771 rem
1423 3725 1468 3769 out
1483 3721 1614 3770 conductos
1624 3724 1670 3769 oet
1684 3724 1787 3781 ensptos

450 3796 539 3847 babent
554 3798 639 3847 sedus.
666 3797 704 3847 Ct.
724 3796 856 3848 llelmium
873 3811 899 3861 p.
919 3799 975 3848 447.
996 3824 1023 3833 -
1048 3799 1072 3847 t.
1087 3799 1202 3861 portibus
1218 3798 1248 3847 B.
1271 3796 1310 3847 Cl.
1329 3795 1353 3860 5.
1371 3797 1412 3845 55.
1438 3820 1465 3830 -
1491 3794 1514 3845 3.
1532 3795 1784 3844 Putotiene--con-

449 3874 608 3923 renoveritis
622 3872 768 3922 Arusianus
785 3871 898 3922 Messius
915 3885 942 3936 p.
959 3872 1008 3923 230
1025 3884 1066 3936 sq.
1086 3872 1129 3922 ed.
1148 3871 1268 3923 Lindem.
1288 3896 1315 3905 —
1342 3869 1400 3934 iltis]
1417 3870 1452 3919 eis
1467 3866 1505 3930 Ἐς
1522 3869 1560 3918 liis
1575 3868 1730 3919 Arusianus.
1750 3894 1781 3905 -

450 3950 494 4009 oui
508 3947 577 3998 vobis
591 3948 685 4011 {maloi
701 3951 758 3996 sort
773 3947 807 3996 W
824 3947 901 4010 (teste
918 3946 1054 4006 lambino)
1072 3946 1136 4006 EV,
1154 3959 1207 4009 mg.
1227 3944 1261 4000 t:
1286 3946 1329 4008 poi
1351 3945 1447 4010 metui
1461 3944 1530 3995 vobis
1543 3950 1601 3995 aest
1615 3944 1782 4003 Arusianus3

450 4022 538 4084 cudae
551 4023 646 4086 snwtoi
661 4026 719 4070 sust
735 4017 773 4082 ως
792 4020 836 4082 coi
850 4020 920 4069 cobis
934 4021 1056 4085 srwtcwsi
1071 4025 1129 4070 sont
1145 4018 1290 4075 RALQO.
1309 4045 1338 4056 -
1356 4019 1381 4071 l.
1399 4019 1576 4071 commentis
1591 4018 1658 4070 EV:
1676 4031 1785 4068 conaer-

449 4099 568 4148 oooeritis
583 4096 728 4151 lisbio.
748 4121 776 4133 -
796 4101 854 4146 orte
870 4097 992 4147 EVFB:
1012 4100 1088 4146 oneo
1105 4093 1219 4148 ALQO.
1233 4123 1260 4132 -
1281 4097 1305 4146 6.
1323 4109 1355 4145 ac
1370 4095 1409 4160 oe]
1427 4101 1455 4145 ot
1470 4108 1501 4146 ee
1517 4095 1550 4153 B;
1569 4098 1596 4143 ot
1611 4104 1690 4155 aeque
1707 4093 1735 4142 F.
1750 4118 1781 4128 -

450 4173 475 4224 8.
493 4173 586 4223 civium
600 4185 659 4223 reor
671 4172 797 4235 pertinere
812 4167 845 4232 ili.
860 4199 887 4207 -
907 4171 947 4221 io.
965 4171 1126 4221 honestissimi
1143 4171 1234 4221 EVL:
1254 4176 1277 4221 et
1292 4171 1455 4220 bmmtissimi
1472 4168 1588 4223 libio.
1602 4194 1629 4204 -
1648 4173 1726 4229 utque
1742 4167 1781 4217 E:

450 4253 474 4298 et
490 4246 632 4302 BALEO.
652 4273 680 4283 —
707 4248 747 4296 ll.
764 4245 833 4296 vobis
849 4259 925 4295 orcae
941 4243 1034 4308 Etis:
1060 4246 1130 4296 nobb
1146 4259 1205 4295 eure
1221 4246 1257 4304 Vi
1283 4258 1361 4295 carce
1384 4245 1447 4307 (om.
1464 4242 1541 4308 debu)
1558 4243 1592 4301 133
1617 4253 1695 4290 curae
1710 4240 1786 4290 vobis

450 4322 565 4378 ALsso,
586 4350 613 4360 -
632 4322 672 4373 13.
691 4322 802 4371 dicimos
817 4322 872 4372 FB.
892 4321 931 4372 Cf.
950 4321 974 4385 ἓ.
992 4323 1017 4372 2.
1038 4348 1065 4358 -
1084 4326 1150 4371 recte
1166 4332 1300 4385 superscr.
1319 4324 1384 4369 certe
1402 4320 1431 4369 F.
1451 4344 1479 4355 -
1498 4317 1538 4369 tt.
1556 4331 1590 4367 ec
1605 4316 1692 4366 ceteris
1709 4315 1781 4365 EV:

450 4401 536 4450 celeris
552 4412 585 4449 ec
601 4396 743 4452 lisbio.
764 4423 792 4432 -
812 4397 851 4446 ⁴5.
869 4398 931 4446 noui
947 4396 1002 4451 ui.
1022 4422 1049 4432 -
1068 4401 1143 4458 atque
1159 4393 1256 4456 avb:
1276 4399 1299 4445 et
1315 4391 1462 4446 nabau.
1477 4418 1503 4427 -
1522 4392 1571 4454 ipsi
1586 4390 1781 4441 wchssvo:

451 4488 505 4525 om.
522 4471 635 4527 aare.
654 4498 681 4508 -
702 4473 741 4522 46.
756 4472 854 4534 purtim
868 4485 928 4521 caus
943 4477 966 4521 ei
981 4484 1084 4521 aarum
1101 4471 1133 4521 ic,
1144 4484 1174 4519 eo
1191 4483 1252 4521 curn
1270 4470 1312 4520 ed.
1332 4471 1432 4519 Iuntina
1450 4467 1504 4521 Li.
1530 4467 1568 4519 Ct.
1587 4469 1618 4518 Α.
1636 4463 1735 4517 Gellius
1746 4467 1780 4518 ll.

452 4551 493 4602 43.
507 4577 530 4587 -
552 4549 592 4599 li.
609 4549 714 4599 collatos
730 4549 820 4598 BA.-
839 4552 874 4597 est
890 4543 987 4607 Eva:
1006 4543 1243 4598 manneu-
1261 4541 1672 4595 numemmeoromciciomEV:
1691 4554 1783 4590 eorum
1868 4536 1873 4545 '

450 4627 542 4676 dotem
556 4637 688 4675 omoerum
704 4620 847 4675 nabao.
861 4648 889 4657 -
910 4621 949 4672 ⁴8.
968 4636 985 4670 o
1001 4620 1148 4670 calamitate
1163 4618 1195 4682 il.
1210 4646 1237 4655 -
1258 4621 1297 4671 49.
1313 4620 1425 4682 primum
1441 4618 1502 4667 iliad
1518 4618 1554 4667 E:
1573 4617 1635 4667 iilud
1650 4618 1713 4680 (om.
1724 4618 1783 4684 pri-

451 4703 527 4763 mmo)
544 4705 580 4758 A}
597 4700 659 4749 iliud
672 4700 785 4762 primum
800 4695 912 4750 nudo.
926 4723 954 4732 -
972 4697 1012 4746 20.
1031 4707 1076 4745 nos
1092 4694 1156 4745 EV:
1174 4707 1218 4744 vor
1237 4692 1410 4747 RAb20.-
1430 4693 1524 4743 ambro
1540 4705 1602 4742 cum
1620 4690 1663 4742 ed.
1676 4692 1781 4741 llerva-

452 4779 527 4840 giane
546 4775 625 4829 bio.
644 4773 699 4838 (nos
711 4773 814 4837 publico
829 4773 867 4822 leis
883 4773 979 4822 omissis
996 4770 1147 4835 [decimatio]
1161 4776 1247 4832 posteo
1263 4770 1311 4819 Tb.
1324 4769 1533 4831 Mommsenius.)
1552 4794 1580 4803 -
1598 4769 1741 4829 reciperare
1759 4767 1780 4817 C

454 4855 520 4902 teste
537 4849 633 4901 Modio.
653 4876 681 4885 -
704 4850 746 4898 tt.
765 4848 830 4898 enim
847 4860 899 4897 om.
919 4848 975 4897 FB.
996 4874 1022 4882 -
1041 4845 1117 4895 odon
1134 4846 1170 4894 V:
1188 4845 1281 4894 ibdern
1298 4846 1330 4902 F;
1349 4845 1434 4894 iisdem
1450 4843 1565 4898 abio.
1584 4867 1612 4878 -
1630 4842 1782 4890 redimendis

454 4929 517 4987 EF,
535 4926 686 4977 redemendir
701 4926 731 4975 V.
748 4951 774 4961 —
793 4924 834 4973 ii.
852 4937 897 4973 nec
913 4923 970 4971 otiis
981 4923 1008 4973 F.
1022 4948 1049 4957 -
1068 4936 1112 4972 oce
1122 4923 1149 4972 F.
1162 4947 1190 4957 —
1209 4920 1249 4971 23.
1269 4919 1295 4968 id
1312 4920 1409 4980 quidem
1419 4924 1483 4969 certe
1494 4920 1528 4969 W
1541 4919 1617 4981 (teste
1629 4913 1779 4977 lambino),

455 5016 507 5067 mg.
526 5000 557 5063 2,
577 5001 610 5051 0:
633 5005 698 5050 certe
717 4999 744 5049 id
765 4999 863 5061 primm
882 4994 979 5058 even
1006 4998 1032 5045 id
1052 4998 1118 5059 qood
1134 5001 1200 5046 certe
1223 4993 1342 5053 i'uaes
1367 4995 1393 5043 id
1408 4999 1474 5044 certe
1490 4995 1519 5044 l..
1538 5018 1565 5028 -
1584 4990 1624 5041 at.
1644 4996 1696 5040 tren
1711 4991 1781 5052 curn]

454 5080 516 5142 quio
530 5083 584 5127 tom
600 5076 662 5138 (non
678 5079 743 5136 cam)
760 5072 792 5136 li.
813 5099 840 5109 —
858 5073 899 5122 25.
918 5072 1053 5121 ensuerunt
1070 5085 1133 5123 curn
1150 5070 1193 5120 ed.
1211 5068 1304 5121 Aldina
1321 5067 1376 5121 Li.
1397 5094 1423 5104 -
1442 5069 1484 5119 26.
1501 5067 1562 5130 ono]
1580 5067 1636 5117 boni
1654 5065 1679 5115 i.
1707 5064 1782 5114 Ean-

455 5154 518 5203 dem
542 5150 682 5202 lectionem
699 5148 852 5200 Torrentius
869 5147 981 5210 margini
997 5145 1151 5211 adscripsit,
1170 5145 1260 5196 nescio
1278 5142 1358 5194 unde.
1373 5168 1401 5180 -
1420 5156 1451 5193 cc
1467 5141 1590 5204 EV‘BF:
1610 5146 1684 5203 atque
1700 5140 1781 5190 BAL

456 5227 511 5288 80·
526 5254 553 5264 -
572 5228 613 5284 ai.
630 5226 799 5284 emordet·
814 5223 917 5275 traiani
932 5235 993 5274 cum
1004 5221 1047 5274 ed.
1061 5220 1233 5274 Cratandrina
1244 5217 1359 5275 1⁴20oe
1377 5219 1419 5270 29.
1439 5232 1504 5282 quoe
1520 5220 1580 5282 post
1595 5217 1670 5268 licere
1681 5227 1736 5266 om.
1751 5215 1780 5266 F.
