4367 6109
446 564 510 635 842
820 569 863 635 444
883 567 1051 637 manli
1071 563 1195 633 torro
1217 561 1401 632 SECUNDA

444 739 709 808 innumerabilem
729 739 899 823 pecuniam
919 737 1025 803 tacere
1046 758 1120 803 curn
1140 742 1266 822 posset,
1293 756 1360 801 uon
1380 734 1491 799 statuit
1510 730 1571 798 sibi
1592 731 1770 818 quidquam

447 837 562 912 licere,
592 834 679 920 quod
706 853 774 897 non
803 840 927 918 patrem
955 852 1065 908 snum,
1097 852 1164 897 non
1184 851 1279 896 arum
1300 832 1339 908 Q.
1361 829 1541 904 Metellum,
1564 828 1772 892 clarissimum

445 931 625 1005 hominem,
646 928 750 993 iacere
771 927 919 992 vidisset:
944 927 977 991 C.
991 927 1106 990 Verres
1119 927 1313 1008 reperietur,
1335 925 1409 1010 qui,
1432 921 1590 1008 quidquid
1613 921 1772 1004 expediat,

446 1023 480 1088 id
501 1025 597 1088 licere
619 1022 725 1086 dicati
755 1021 841 1106 quod
868 1041 963 1084 nemo
985 1020 1047 1084 nisi
1069 1021 1234 1104 improbus
1254 1020 1382 1093 iecerit,
1410 1018 1445 1080 id
1466 1017 1602 1082 aliorum
1622 1015 1771 1097 exemplo

423 1131 482 1183 sse
502 1117 616 1182 fecisse
639 1116 812 1180 defendat?
854 1115 937 1179 XCI.
951 1116 1000 1178 At
1020 1115 1054 1177 iu
1070 1114 1181 1177 Sicilia
1200 1113 1377 1177 factitatum
1399 1120 1457 1176 est.
1471 1145 1514 1159 -
1535 1110 1626 1187 Quae
1641 1118 1690 1173 4ε4
1710 1111 1772 1174 ista

445 1211 593 1276 condicio
616 1210 765 1274 Siciliae?
787 1230 861 1284 cur,
883 1229 966 1295 quac
989 1209 1110 1294 optimo
1133 1209 1201 1271 iure
1215 1213 1346 1290 propter
1361 1213 1565 1279 vetustatem,
1586 1203 1771 1268 fidelitatem

445 1304 783 1389 propinquitatemque
811 1323 882 1367 csse
911 1302 1020 1377 debet,
1052 1301 1129 1365 huic
1157 1301 1329 1385 praecipua
1357 1300 1411 1363 len
1438 1300 1572 1363 iniuriae
1602 1296 1772 1363 delinitur?

446 1393 519 1460 212.
542 1397 606 1460 Sed
628 1399 662 1460 in
683 1397 744 1461 ista
764 1398 834 1480 ipsa
857 1396 966 1460 Sicilia
986 1416 1052 1460 non
1075 1415 1227 1481 quaeram
1249 1394 1430 1477 exemplum
1445 1393 1545 1456 ioris:
1567 1393 1629 1458 hoc
1644 1394 1716 1476 ipso
1731 1414 1772 1457 cx

446 1491 582 1555 consilio
609 1497 682 1554 utar
709 1491 874 1574 exemplis.
923 1489 956 1553 C.
983 1489 1147 1566 Marcelle,
1179 1497 1212 1553 te
1239 1488 1378 1572 appello.
1422 1488 1550 1551 Siciliae
1578 1488 1773 1572 provinciae,

409 1603 519 1654 iocum
541 1605 627 1650 esses
649 1605 707 1667 pro
730 1584 878 1659 consule,
901 1583 1078 1669 praefuisti.
1121 1584 1202 1647 Num
1224 1583 1363 1668 quaein
1384 1589 1440 1646 tuo
1462 1582 1596 1666 imperio
1618 1583 1774 1665 pecuniae

446 1680 545 1746 cellae
573 1679 702 1743 nomine
730 1686 858 1745 coactae
887 1681 987 1742 suntt
1019 1678 1131 1760 Neque
1161 1697 1221 1760 434
1242 1676 1304 1741 boc
1326 1676 1360 1739 in
1382 1684 1437 1740 tua
1458 1675 1552 1739 laude
1573 1696 1677 1762 pono:
1709 1677 1774 1741 alia

445 1783 521 1840 sunt
540 1780 596 1838 tua
617 1773 701 1837 facta
722 1780 818 1856 atque
840 1772 990 1846 consilia,
1011 1791 1135 1835 summa
1153 1770 1247 1834 laude
1262 1770 1373 1854 digna,
1395 1771 1513 1855 quibus
1534 1771 1621 1834 illam
1643 1779 1678 1836 tu
1698 1791 1775 1855 prc-

445 1869 583 1933 vinciam
605 1867 753 1932 afflictam
775 1874 807 1929 ct
827 1865 984 1949 perditam
1006 1865 1136 1929 erexisti
1157 1872 1254 1949 atque
1275 1866 1435 1929 recreasti.
1466 1865 1545 1928 Nam
1560 1866 1622 1929 hoc
1638 1867 1677 1929 de
1692 1867 1774 1929 cella

445 1983 487 2026 ne
515 1961 655 2045 Lepidus
682 1962 813 2046 quidem
841 1960 977 2035 fecerat,
1006 1959 1058 2023 cni
1087 1968 1123 2021 tu
1152 1959 1344 2022 successisti.
1387 1958 1477 2035 Quae
1499 1968 1576 2023 sunt
1596 1961 1654 2023 tibi
1676 1961 1774 2044 igitur

396 2056 593 2138 inexempla
613 2057 647 2118 in
670 2055 778 2119 Sicilia
800 2054 915 2129 cellae,
943 2054 970 2117 si
991 2053 1054 2117 hoc
1076 2052 1195 2116 crimen
1217 2073 1284 2117 non
1305 2053 1400 2116 modo
1423 2053 1563 2117 Marcelli
1586 2054 1687 2130 facto,
1715 2055 1774 2118 sed

445 2172 487 2216 ne
508 2151 621 2233 Lepidi
650 2151 780 2235 quidem
809 2157 902 2233 potes
924 2148 1118 2212 defenderet
1161 2142 1233 2210 atti.
1255 2149 1305 2210 An
1327 2167 1378 2210 me
1400 2147 1441 2209 ad
1462 2150 1503 2211 Μ.
1524 2148 1656 2212 Antonii
1677 2148 1775 2213 aesti-

446 2246 619 2310 mationem
638 2244 789 2308 irumenti
812 2244 1075 2327 exactionemque
1098 2245 1253 2328 pecuniae
1274 2251 1481 2308 revocaturus
1503 2248 1620 2307 est-
1641 2244 1703 2319 lta,
1724 2244 1776 2306 in·

446 2339 534 2423 quit,
562 2339 602 2402 ad
628 2341 670 2402 ld.
691 2339 833 2403 Antonii.
854 2370 897 2385 -
923 2338 993 2401 Hoc
1019 2338 1105 2402 enim
1133 2339 1211 2402 mibi
1242 2335 1438 2422 significasse
1460 2345 1493 2402 44
1513 2338 1665 2402 annuisse
1685 2338 1774 2402 444444

447 2439 504 2498 est.
537 2434 587 2496 Ex
610 2433 757 2497 omnibus
780 2433 876 2516 igitur
897 2432 1009 2516 populi
1023 2434 1157 2495 Romani
1178 2433 1394 2516 praetoribus,
1416 2432 1616 2507 consulibus,
1638 2432 1776 2516 impera·

408 2527 568 2596 actoribus
589 2527 631 2590 Μ.
646 2525 820 2589 Antonium
834 2525 980 2610 delegisti
999 2534 1032 2590 et
1046 2527 1116 2590 eius
1130 2547 1229 2590 unum
1244 2526 1516 2609 improbissimum
1530 2526 1663 2600 sactum,
1686 2524 1775 2609 quod

446 2621 614 2684 imitarerc.
657 2621 698 2683 lit
718 2616 770 2682 hic
792 2628 897 2683 utrum
920 2621 998 2684 mihi
1021 2618 1150 2685 difficile
1172 2629 1221 2685 cst
1242 2622 1348 2685 dicere
1369 2623 1410 2684 an
1431 2619 1482 2684 his
1505 2620 1702 2693 existimare,
1728 2619 1775 2681 ita

446 2735 481 2779 se
503 2714 536 2776 in
558 2715 620 2777 istc
643 2713 768 2776 infinito
790 2714 924 2797 imperio
947 2716 989 2778 Μ.
1003 2715 1178 2778 Antonium
1200 2715 1353 2799 gessisse,
1375 2722 1411 2778 ut
1428 2715 1528 2778 multo
1543 2713 1596 2776 isti
1617 2713 1775 2796 pernicio·

446 2809 513 2872 sins
547 2809 590 2871 sit
620 2808 724 2871 dicere
752 2827 786 2871 se
815 2810 848 2870 in
878 2827 913 2871 44
941 2809 1178 2892 improbissima
1206 2809 1346 2872 voluisse
1374 2811 1417 2872 Μ.
1438 2809 1614 2872 Antonium
1639 2807 1773 2882 imitari,

447 2920 543 2987 quam
575 2903 603 2965 si
637 2908 747 2985 posset
775 2901 945 2966 defendere
973 2903 1053 2966 nihil
1082 2905 1116 2965 in
1143 2905 1209 2967 vita
1239 2923 1273 2966 se
1295 2905 1337 2966 Μ.
1358 2902 1490 2966 Antonii
1512 2900 1616 2966 simile
1637 2900 1774 2965 fecisset

409 2996 601 3065 rollomines
622 2996 656 3058 in
677 2993 805 3060 iudiciis
828 2997 868 3060 ad
890 2997 1010 3061 crimen
1026 2997 1260 3061 defendendum
1274 3016 1355 3072 non,
1377 2996 1457 3083 quid
1476 2997 1589 3062 fecerit
1603 2995 1773 3080 quispiam,

446 3088 590 3172 proferre
611 3090 729 3165 solent,
752 3091 808 3154 sed
830 3091 910 3175 quid
931 3092 1082 3176 probarit.
1116 3092 1309 3165 Antonium,
1331 3111 1403 3154 cum
1425 3091 1525 3155 multa
1546 3096 1655 3154 contra
1669 3091 1775 3153 socio·

445 3203 517 3247 rum
538 3184 688 3260 salutem,
709 3185 809 3249 multa
831 3193 941 3249 contra
962 3186 1132 3250 utilitatem
1155 3178 1392 3269 provinciarum
1411 3191 1443 3250 et
1463 3185 1581 3250 iaceret
1602 3191 1635 3248 44
1653 3185 1775 3268 443444-

446 3284 511 3350 ret,
543 3277 577 3339 in
606 3279 720 3343 mediis
748 3279 873 3343 iniuriis
902 3280 970 3344 eius
999 3288 1031 3361 et
1053 3280 1280 3363 cupiditatibus
1302 3300 1387 3343 mors
1409 3281 1578 3364 oppressit.
1615 3281 1663 3342 Tu
1686 3277 1774 3353 mihi,

448 3370 540 3455 qnasi
562 3371 669 3435 omnia
691 3374 760 3437 eius
781 3372 864 3438 iacta
889 3381 988 3458 atque
1010 3375 1146 3439 consilia
1167 3380 1296 3438 senatus
1316 3375 1524 3458 populusque
1545 3375 1704 3438 Romanus
1725 3373 1775 3436 iu·

513 3622 537 3672 4.
555 3635 613 3673 cum
625 3627 706 3685 posset
722 3622 790 3688 4344
803 3625 834 3676 F:
852 3639 910 3676 444444
926 3639 979 3678 our.
999 3625 1055 3678 rell.
1075 3627 1104 3676 0.
1125 3652 1152 3662 -
1178 3627 1203 3677 4.
1222 3639 1273 3675 non
1289 3628 1349 3675 ante
1363 3630 1465 3688 putrem
1481 3628 1509 3675 et
1525 3627 1554 3688 0.
1573 3638 1626 3676 orn.
1645 3625 1723 3689 4344.
1745 3652 1773 3662 -

446 3697 613 3748 clarissimum
628 3698 751 3748 bominem
768 3699 836 3762 Lgtt
848 3714 886 3762 p:
913 3713 966 3752 om.
989 3699 1047 3753 rell.
1066 3702 1095 3751 0.
1119 3699 1196 3764 [Com
1213 3701 1267 3752 Cic.
1285 3701 1369 3750 virum
1390 3701 1556 3751 cicriarienum
1572 3701 1663 3753 dicere
1680 3700 1773 3763 solent,

447 3772 596 3822 verendum
614 3774 655 3824 est
672 3786 705 3824 ne
722 3775 756 3824 sit
773 3773 914 3837 glossema.
933 3776 1026 3839 444444]
1045 3801 1073 3812 -
1095 3775 1120 3825 3.
1139 3776 1257 3838 quicquid
1273 3774 1358 3839 egla:
1378 3777 1443 3838 4444
1459 3774 1559 3827 44440.
1574 3803 1599 3814 -
1620 3775 1644 3828 4.
1663 3778 1698 3827 ed
1712 3777 1777 3828 olic-

447 3860 506 3897 444444
522 3849 638 3910 ennnplc
652 3849 737 3911 secians
754 3850 816 3912 tom.
835 3852 952 3913 idcirc)
970 3851 1047 3916 4344.
1068 3880 1096 3889 -
1115 3851 1139 3902 4.
1155 3853 1416 3915 propinquitatemque
1433 3851 1514 3916 Lglt:
1534 3865 1582 3915 que
1597 3865 1651 3904 om.
1670 3852 1725 3909 4414
1742 3856 1774 3906 0.

449 3949 479 3963 -
495 3924 631 3986 praecipue
647 3937 708 3976 cum
723 3926 826 3977 liotom.
840 3928 868 3977 L.
884 3953 909 3963 -
930 3926 954 3976 tl.
972 3926 1034 3992 ipro]
1050 3929 1134 3989 prisco
1149 3926 1225 3990 4344.
1242 3953 1265 3964 -
1288 3926 1578 3991 accumulasset.
1594 3954 1621 3963 -
1635 3928 1675 3979 40.
1685 3926 1776 3991 procos

449 3997 531 4063 4348;
547 3999 781 4060 proconsularia.
802 4030 829 4039 -
847 4015 908 4051 44444
924 4015 988 4064 pane
1004 4004 1041 4065 in]
1057 4015 1171 4064 4444444
1188 4004 1263 4062 tnon:
1281 4003 1402 4065 unquam)
1421 4002 1503 4066 1.ng
1521 4005 1548 4053 in
1565 4015 1618 4053 om.
1638 4005 1729 4055 franc.
1744 4031 1772 4040 -

449 4075 489 4126 ta.
507 4087 625 4136 4443444444
642 4074 719 4138 egla.
740 4104 767 4113 -
791 4076 830 4128 te.
849 4078 1024 4141 adflictumn
1035 4079 1062 4127 in
1078 4078 1121 4127 itio
1138 4076 1162 4141 S.
1180 4077 1237 4129 444.
1256 4092 1282 4127 v.
1301 4079 1342 4128 42.
1361 4077 1443 4129 babet
1459 4079 1490 4129 V.
1510 4105 1538 4115 -
1566 4079 1606 4131 44.
1623 4094 1656 4130 ne
1670 4081 1778 4144 Lepidus

449 4148 519 4214 Lgta
530 4149 564 4198 V:
582 4154 640 4200 anta
656 4164 687 4201 ne
698 4152 756 4214 Lep.
769 4151 851 4215 4344ς
870 4157 928 4202 onte
944 4155 1001 4215 Lep.
1016 4151 1072 4203 rell.
1088 4180 1115 4189 —
1134 4151 1222 4217 ipitar]
1239 4153 1283 4214 qui
1299 4151 1377 4216 4344.
1392 4180 1420 4190 -
1440 4154 1479 4203 lb.
1497 4153 1524 4202 in
1540 4153 1591 4204 Sic.
1604 4154 1680 4205 celica
1695 4155 1725 4219 44]
1742 4169 1777 4206 esc

448 4225 537 4277 Sicilia
552 4226 629 4276 cellae
644 4227 698 4277 siV
716 4225 756 4290 tel.
770 4226 794 4290 ἕ.
806 4227 887 4289 43844
906 4228 1007 4279 Siciiiua
1022 4227 1091 4292 Lgli
1103 4240 1157 4277 orn.
1171 4225 1228 4277 rell.
1243 4254 1271 4265 -
1292 4229 1331 4278 46.
1350 4228 1484 4279 udAntcni
1494 4229 1530 4288 V,
1548 4230 1583 4279 ud
1593 4231 1629 4280 44.
1641 4230 1777 4283 Antonium

450 4299 560 4364 4344-
574 4306 677 4352 444444444.
687 4301 751 4350 V.·-
765 4302 804 4351 49.
816 4302 958 4352 4444444444
969 4306 996 4354 44
1008 4302 1089 4367 43444
1104 4302 1246 4352 omnibusne
1255 4302 1311 4354 rell.
1326 4304 1387 4354 0.-
1397 4318 1456 4366 pop.
1469 4306 1539 4354 Rom.
1553 4316 1607 4355 orn.
1621 4305 1651 4356 V.
1666 4305 1775 4374 [Recte]

446 4378 531 4439 prust.
542 4375 620 4440 44444]
632 4376 820 4438 4444444444444
830 4377 898 4440 4344
911 4378 970 4428 etii
987 4391 1019 4427 er
1036 4378 1195 4441 compendio
1206 4380 1253 4429 Pit.
1266 4379 1333 4430 008.
1347 4379 1423 4440 (008.
1436 4380 1515 4430 etiarn
1528 4379 1569 4443 V.)
1582 4406 1609 4417 -
1620 4381 1661 4431 at.
1679 4383 1777 4434 44444444

449 4449 528 4514 4344.
544 4477 571 4486 -
584 4450 629 4515 bis]
646 4451 759 4514 ingi9;
778 4465 811 4502 ac
826 4452 864 4501 444
880 4451 926 4512 44;
946 4466 980 4502 cn
991 4453 1028 4501 4444
1039 4465 1091 4503 om.
1106 4453 1169 4504 V.-
1188 4454 1320 4504 aestimare
1336 4452 1401 4503 dett.
1413 4479 1441 4488 -
1459 4454 1500 4504 ii.
1519 4456 1565 4504 isto
1577 4454 1671 4505 codd:
1690 4455 1732 4506 4444
1743 4457 1774 4508 0.

452 4553 480 4566 -
492 4525 534 4577 bd.
553 4539 579 4576 44
593 4527 649 4576 inre
663 4527 844 4590 improbissimo
855 4527 937 4591 Lgli;
956 4529 1092 4586 (4444441444
1108 4529 1135 4579 in
1149 4496 1334 4592 4444444444εεί44
1344 4530 1375 4578 V.
1389 4528 1450 4591 (tir.)
1462 4555 1489 4565 -
1507 4530 1543 4579 Μ.
1555 4528 1612 4580 Ant.
1625 4531 1720 4582 imitati
1736 4531 1775 4582 V:

449 4602 546 4653 4444444444
561 4603 619 4653 Ant.
632 4602 714 4666 Lgli:
732 4602 788 4653 Ant.
807 4603 904 4652 imitari
921 4600 978 4653 rell.
991 4604 1020 4653 0.
1036 4631 1064 4639 -
1082 4602 1123 4655 al.
1142 4605 1257 4666 sipcssat
1273 4606 1321 4669 das.
1335 4604 1403 4668 Lgli
1415 4604 1464 4654 FV
1475 4606 1516 4665 44,
1534 4608 1564 4656 ut
1574 4606 1690 4668 videtur,
1708 4609 1774 4659 AB:

450 4678 558 4740 siporsit
568 4678 615 4741 des.
627 4678 709 4741 434ος
728 4679 749 4728 si
760 4679 807 4742 des.
819 4680 897 4741 poscit
908 4678 972 4734 N0;
990 4691 1015 4728 44
1022 4680 1100 4741 possit
1110 4678 1159 4740 des.
1171 4679 1228 4731 4444.
1248 4681 1286 4732 ct.
1300 4680 1334 4732 de
1346 4681 1518 4744 grammatica
1529 4681 1631 4731 ratione
1643 4679 1693 4731 loci
1704 4682 1776 4735 Bake

450 4750 487 4804 od
503 4753 580 4816 4433.
595 4765 621 4816 p.
633 4753 691 4803 300.
704 4781 731 4790 -
744 4754 835 4804 Antoni
846 4755 876 4815 V;
894 4750 1026 4804 Antonini
1038 4755 1116 4817 4433.
1130 4753 1194 4804 (4444.
1207 4782 1234 4791 -
1250 4757 1291 4806 45.
1307 4756 1413 4805 4444444444
1430 4754 1507 4817 4342.
1519 4780 1547 4789 -
1565 4769 1616 4804 non
1632 4761 1660 4806 ut
1676 4758 1732 4819 qnia
1742 4758 1775 4808 V.

452 4852 481 4864 -
499 4826 540 4877 46.
556 4827 804 4893 medonivilla),
823 4831 853 4879 ot
869 4831 973 4880 Hotom.
992 4831 1120 4880 coniecit:
1136 4830 1269 4894 probarint
1285 4831 1342 4883 4444.
1357 4859 1384 4868 -
1403 4832 1527 4881 accionem
1542 4835 1631 4880 contra
1648 4830 1724 4893 4344.
1746 4858 1775 4867 -

450 4902 493 4952 ti.
504 4903 716 4967 ntidmtctntgii
728 4905 792 4955 NV:
810 4907 962 4955 colamtctctn
979 4903 1034 4955 4444.
1052 4934 1079 4942 -
1097 4910 1121 4956 44
1136 4907 1189 4957 icen
1204 4905 1330 4970 sucan
1343 4906 1415 4971 (4444,
1434 4920 1484 4958 nec
1501 4908 1591 4957 tamen
1609 4907 1711 4956 certum
1724 4908 1775 4967 444,

451 4988 516 5028 num
533 4977 569 5026 iia
585 4977 611 5027 in
629 4977 689 5029 cod.
702 4982 796 5031 exstet.
809 5006 836 5016 —
854 4980 896 5031 28.
914 4981 1014 5030 iniuriis
1030 4981 1082 5032 4444
1099 4984 1127 5031 44
1142 4982 1184 5033 29.
1197 4982 1282 5031 omnic
1298 4981 1350 5032 44444
1361 4980 1447 5043 43444
1466 4983 1518 5031 4444
1533 4981 1578 5030 ini.
1591 4983 1619 5030 44
1628 4981 1682 5030 44444
1691 4981 1778 5031 omnin

451 5051 475 5100 V
487 5052 547 5115 (br.)
560 5050 616 5103 rell.
630 5053 659 5104 0.
674 5081 701 5102 -÷
719 5056 761 5105 29.
778 5056 849 5118 suctu
864 5055 948 5120 ciple]
964 5054 1081 5119 tactaque
1091 5055 1206 5119 agla·
1224 5070 1275 5107 sen.
1290 5056 1445 5119 populusque
1456 5056 1484 5106 li.
1497 5056 1560 5119 iud]
1577 5057 1616 5106 sic
1628 5056 1646 5106 F
1658 5057 1685 5106 ct
1695 5055 1775 5107 codd.

450 5124 508 5178 rell.
523 5129 628 5192 praeter
643 5128 722 5194 4344,
740 5131 786 5194 qui
802 5142 850 5191 qne
860 5131 940 5190 licen..
959 5134 986 5181 44
996 5130 1027 5192 V,
1046 5131 1090 5195 qui
1107 5132 1199 5182 4444444
1209 5132 1316 5182 omittit:
1336 5131 1445 5197 [4444444]
1457 5131 1490 5182 (44
1502 5133 1562 5183 Eru.
1576 5132 1643 5182 coni.
1657 5133 1687 5193 0,
1706 5145 1776 5197 quae

451 5214 523 5254 nunc
544 5216 559 5252 4
581 5203 674 5256 codice
695 5203 863 5256 Vllrrnatur.
890 5203 942 5256 Sed
964 5205 999 5256 444
1021 5205 1132 5255 offendit
1148 5218 1276 5258 numerus
1291 5205 1400 5271 pluralis
1415 5205 1491 5257 verbi
1506 5207 1703 5269 comprobarint,
1729 5210 1777 5273 qui

453 5276 524 5347 apud
541 5279 597 5331 cic.
615 5293 670 5334 uon
685 5281 852 5348 coniungitur
867 5292 930 5334 cnm
946 5280 988 5333 bis
1004 5281 1175 5333 substantivis
1192 5283 1231 5334 sic
1245 5281 1387 5348 copuletis,
1406 5284 1498 5348 utique
1515 5281 1586 5349 apud
1602 5283 1657 5335 Ltv.
1674 5283 1715 5346 04,
1733 5283 1777 5350 ib,
