4367 6109
673 564 741 629 aa.
761 564 814 630 rv.
836 564 911 629 os.
932 564 1209 630 xxm-xxm.
1235 562 1292 650 sp.
1313 561 1459 633 ro-ss.
1670 567 1733 664 aas

414 734 509 798 edan
538 733 788 808 Corinthiorum,
818 741 855 797 ut
881 752 975 797 omae
1004 734 1110 797 statim
1131 734 1171 797 ad
1193 752 1279 797 mare
1301 755 1342 798 ex
1363 736 1482 819 oppido
1504 737 1733 822 deportaretur.

413 826 587 892 Adscendit
606 829 639 891 in
661 825 814 909 oppidum
834 826 1062 911 Archagathus.
1096 828 1199 891 Romo
1220 829 1354 903 nobilis,
1376 831 1432 912 qui
1453 849 1473 893 a
1494 832 1560 895 suis
1581 835 1680 898 amari
1701 842 1734 900 et

413 920 502 1004 diligi
528 921 638 998 vellet,
668 921 789 985 ferebat
815 921 951 1003 graviter
979 921 1066 984 illam
1093 921 1154 986 sibi
1175 922 1215 984 ab
1236 923 1297 985 isto
1319 922 1515 1006 provinciam
1537 924 1642 989 datam
1664 947 1734 1002 nec,

412 1014 492 1100 quid
523 1014 654 1090 laceret,
687 1015 831 1078 habebat.
874 1015 1075 1089 Pronuntiat,
1108 1014 1185 1099 quid
1213 1016 1273 1079 sibi
1302 1016 1490 1099 imperatum
1513 1027 1612 1083 esset:
1645 1021 1736 1086 iubet

413 1129 523 1173 omnes
544 1109 705 1193 proferre,
729 1108 816 1193 quod
836 1109 997 1171 haberent
1029 1109 1133 1172 hletus
1155 1115 1222 1172 erat
1243 1128 1395 1172 summus.
1428 1110 1502 1194 Ipse
1523 1113 1608 1176 enim
1629 1120 1758 1198 tyran-s

413 1221 473 1264 nus
494 1222 560 1265 non
582 1203 765 1267 discedebat
785 1202 927 1285 longius:
949 1202 1180 1284 Archagathum
1203 1208 1236 1265 et
1256 1209 1420 1284 argentum
1442 1204 1476 1266 in
1491 1205 1602 1270 lectica
1615 1208 1734 1272 cubans

412 1295 453 1358 ad
482 1314 568 1358 mare
594 1296 676 1359 inira
703 1295 856 1379 oppidum
884 1295 1098 1378 exspectabat.
1140 1291 1191 1357 52.
1219 1295 1322 1371 Quem
1350 1316 1538 1362 concursum
1558 1300 1593 1361 in
1616 1300 1735 1384 oppido

412 1389 530 1452 iactum
551 1388 690 1471 putatis?
713 1408 808 1472 quem
831 1387 1022 1452 clamoremi
1046 1408 1141 1473 wem
1164 1408 1260 1472 porro
1281 1390 1390 1452 ilatum
1405 1390 1597 1456 mulierum?
1619 1395 1674 1478 qui
1688 1394 1736 1457 ri·

413 1483 518 1558 deret,
540 1502 658 1567 equum
673 1483 845 1545 Troianum
860 1480 1091 1557 introductum,
1113 1482 1223 1545 urbem
1239 1489 1362 1565 captam
1377 1482 1506 1547 diceret
1536 1486 1650 1550 Efferri
1665 1488 1735 1552 sine

414 1575 514 1639 thecis
542 1595 633 1650 vasa,
666 1575 849 1659 extorqueri
878 1575 940 1638 alia
971 1574 1011 1639 de
1032 1576 1178 1639 manibus
1199 1574 1384 1651 mulierum,
1418 1577 1542 1661 effringi
1563 1579 1734 1645 multorum
1743 1599 1772 1646 to

413 1669 514 1744 iores,
535 1668 645 1733 revelli
667 1670 812 1733 claustra.
856 1667 940 1743 Quid
963 1670 1047 1732 enim
1068 1670 1208 1753 putatis?
1231 1677 1321 1733 scuta
1342 1670 1370 1733 si
1391 1670 1519 1755 quando
1541 1673 1736 1755 conquirun-

413 1772 465 1826 tur
486 1781 506 1825 a
526 1763 657 1846 privatis
679 1763 712 1825 in
732 1761 818 1825 bello
840 1782 876 1825 ac
900 1763 1052 1839 tumultu,
1080 1770 1187 1828 tamma
1213 1763 1359 1828 homines
1380 1764 1470 1828 inriti
1492 1765 1585 1840 daut,
1613 1766 1672 1830 etsi
1693 1765 1735 1831 ad

413 1857 547 1921 salutem
568 1875 767 1921 communem
788 1856 856 1920 dari
878 1859 1033 1920 sentiunt:
1056 1877 1097 1920 ne
1119 1877 1214 1942 quem
1234 1857 1354 1941 putetis
1377 1858 1446 1922 sine
1464 1859 1602 1922 maximo
1624 1859 1735 1924 dolore

412 1958 576 2034 argentum
598 1951 752 2015 caelatum
774 1950 886 2026 domo,
908 1951 995 2035 quod
1017 1951 1098 2015 alter
1118 1951 1267 2033 eriperet,
1289 1951 1472 2034 protulisse.
1514 1949 1629 2017 Omnia
1649 1952 1736 2018 deie-

413 2053 534 2109 runtur.
579 2044 744 2129 Cibyratae
765 2044 878 2108 fratres
899 2052 1070 2109 vocantur:
1102 2064 1203 2127 pauca
1224 2044 1421 2128 improbant:
1450 2064 1533 2129 quae
1553 2046 1772 2129 probarenttc

413 2142 452 2204 iis
473 2147 599 2204 cnrstae
620 2146 675 2202 aut
696 2138 884 2202 emblemata
907 2138 1160 2202 detrahebantur.
1194 2139 1246 2202 Sic
1261 2139 1426 2203 Haluntini
1448 2139 1591 2204 excussis
1612 2140 1736 2206 deliciis

415 2254 487 2299 cum
508 2240 639 2316 argento
661 2252 743 2315 puro
765 2232 894 2295 domum
919 2238 1129 2297 revertuntur.
1171 2232 1289 2296 XXIV.
1309 2228 1361 2295 53.
1383 2231 1478 2310 Quod
1498 2253 1666 2318 umquam,
1686 2235 1736 2300 iu-

413 2330 515 2404 dices,
546 2327 679 2391 huiusce
707 2326 793 2390 modi
821 2326 1032 2390 everriculum
1054 2325 1119 2388 ulla
1146 2326 1180 2388 io
1201 2326 1367 2409 provincia
1386 2324 1468 2391 tuiti
1505 2328 1656 2392 Avertere
1678 2328 1736 2393 ali·

414 2422 490 2507 quid
519 2423 559 2486 de
588 2421 715 2506 publico
745 2440 841 2505 quam
870 2419 1093 2484 obscurissime
1120 2439 1179 2504 per
1205 2421 1423 2504 magistratum
1445 2421 1607 2487 solebant:
1640 2425 1735 2488 etiam

413 2538 484 2582 cum
510 2514 633 2600 aliquid
661 2535 681 2578 a
707 2517 829 2597 privato
852 2533 1110 2597 nonnumquam,
1142 2514 1265 2578 occulte
1286 2513 1486 2580 auferebant:
1520 2523 1553 2580 et
1577 2517 1601 2580 ii
1629 2525 1773 2585 tamenta

413 2611 712 2676 condemnabantur.
754 2611 796 2672 Et
823 2609 851 2672 si
881 2609 1050 2693 quaeritis,
1079 2615 1116 2671 ut
1143 2611 1211 2691 ipse
1239 2608 1280 2672 da
1300 2628 1351 2672 me
1373 2608 1552 2687 debebam,
1580 2611 1654 2676 illos
1676 2631 1735 2697 ego

413 2711 613 2769 accusatores
634 2711 712 2787 puto
733 2703 842 2778 fuisse,
865 2704 920 2788 qui
944 2701 1116 2766 eiusmodi
1138 2702 1304 2766 hominum
1325 2701 1408 2766 turta
1430 2705 1528 2766 odore
1549 2712 1605 2768 aut
1625 2704 1734 2790 aliquo

412 2800 524 2866 leviter
552 2817 662 2880 presso
690 2798 822 2880 vestigio
848 2798 1128 2881 persequebantur.
1170 2798 1249 2859 Nam
1271 2816 1331 2859 nos
1354 2796 1483 2880 quidem
1505 2797 1582 2881 quid
1602 2798 1735 2863 iacimus

413 2895 446 2958 in
466 2893 582 2968 Verre,
612 2912 707 2976 quem
737 2893 770 2955 in
799 2891 867 2955 luto
889 2891 1065 2955 volutatum
1086 2891 1184 2954 totius
1206 2892 1348 2974 corporis
1367 2890 1509 2973 vestigiis
1530 2891 1735 2957 invenimus?

411 2989 620 3069 Permaguum
642 2986 745 3050 estin
766 3007 839 3050 enm
862 2985 968 3049 dicere
990 2983 1128 3069 aliquid,
1151 2987 1207 3070 qui
1228 2984 1423 3068 praeteriens
1444 2984 1555 3049 lectica
1575 2986 1772 3072 paulispersa

413 3081 558 3164 deposita
589 3100 654 3145 non
684 3100 741 3164 per
770 3079 973 3164 praestigias,
1007 3079 1063 3142 sed
1092 3078 1197 3162 palam
1225 3098 1284 3163 per
1303 3084 1493 3162 potestatem
1513 3099 1579 3143 uno
1599 3081 1735 3164 immin

413 3175 551 3239 ostiatim
579 3182 681 3238 totum
702 3174 854 3259 oppidum
878 3172 1120 3257 compilaverit?
1160 3175 1207 3236 Ao
1228 3180 1350 3248 umen,
1378 3178 1416 3237 ut
1435 3179 1545 3255 posset
1565 3174 1670 3238 dicere
1699 3194 1735 3239 se

413 3270 544 3344 emisse,
572 3267 774 3352 Archagatho
796 3268 945 3352 imperat,
973 3274 1008 3330 ut
1029 3266 1093 3330 illis
1118 3264 1259 3350 aliquid,
1279 3285 1416 3350 quorum
1436 3271 1601 3349 argentum
1621 3266 1735 3345 iuerat,

480 3597 506 3646 2.
523 3544 631 3647 henou
651 3594 690 3646 sic
711 3595 746 3655 li,
769 3607 783 3645 a
805 3596 902 3659 puncto
924 3595 1028 3655 uotam,
1052 3592 1125 3658 quod
1142 3590 1292 3657 semper[i]
1310 3592 1337 3642 ia
1353 3591 1406 3643 hcc
1421 3590 1483 3642 cod.
1501 3604 1622 3645 errorem
1637 3591 1736 3646 librarii

413 3691 447 3743 ab
468 3691 527 3756 ipso
547 3687 720 3740 emendatum
740 3686 877 3752 significat.
904 3689 996 3751 Itaque
1018 3700 1070 3737 non
1092 3684 1211 3736 debebat
1228 3683 1346 3737 Halmius
1371 3683 1453 3736 edere
1469 3686 1582 3737 tsemdtt.
1612 3686 1737 3752 [Diligen-

413 3769 454 3817 ter
479 3764 579 3816 notavit
603 3764 746 3814 Bursianus
771 3776 790 3812 o
813 3761 847 3812 ab
870 3774 951 3812 mauu
972 3761 1091 3812 secunda
1113 3774 1189 3822 esse,
1214 3772 1282 3824 quae
1304 3761 1331 3809 et
1352 3758 1403 3810 alio
1418 3761 1567 3811 atramento
1584 3763 1611 3812 et
1631 3761 1736 3817 dinem

411 3840 514 3893 litterae
533 3853 552 3890 o
574 3838 658 3890 torma
681 3837 815 3903 proditum
845 3835 1001 3888 iudicabunt
1025 3836 1102 3900 igitur
1127 3833 1182 3898 alii,
1206 3836 1265 3884 utra
1290 3834 1325 3883 sit
1347 3845 1411 3882 vera
1432 3831 1520 3884 lectio.
1543 3835 1636 3902 llam]
1659 3864 1688 3876 -
1713 3843 1739 3891 st

412 3917 496 3967 unsri
513 3914 578 3965 dett.
595 3915 674 3978 Lagg.
693 3913 722 3964 0.
749 3915 783 3964 At
799 3912 832 3964 ci.
851 3912 936 3964 lladv.
960 3926 987 3977 p.
1006 3914 1046 3963 si.
1073 3939 1100 3950 -
1124 3924 1155 3962 oc
1171 3910 1242 3974 dittpt
1258 3907 1341 3972 Lgit,
1369 3908 1415 3971 qui
1435 3909 1508 3972 prius
1528 3916 1552 3962 et
1573 3925 1627 3963 nou
1643 3912 1734 3966 hebet.

414 4018 442 4031 -
468 3992 640 4043 hombli.
664 3989 788 4055 -quod]
815 3988 1043 4053 pascuatam.
1067 4015 1092 4026 -
1122 3983 1392 4045 immoraturus
1416 3984 1738 4052 mesomio„

412 4069 486 4118 Serv.
504 4067 538 4118 ad
558 4069 623 4118 Aen.
642 4067 685 4117 lll.
703 4065 761 4117 703.
786 4092 813 4102 -
837 4064 983 4128 expectabat
1006 4065 1035 4115 lt.
1059 4089 1087 4099 -
1109 4063 1205 4128 {maon
1225 4062 1253 4110 ts
1269 4060 1360 4122 oppido
1383 4059 1461 4122 lagg.
1479 4062 1587 4123 praeter
1602 4059 1644 4114 li.
1663 4089 1692 4102 -
1709 4064 1735 4116 8.

410 4142 508 4208 petrus]
530 4141 632 4192 electrsm
648 4141 677 4191 n.
703 4169 730 4177 -
753 4140 915 4190 uiderent-·
931 4144 1033 4202 coptam
1049 4152 1100 4190 esse
1115 4139 1223 4188 tieem
1239 4134 1304 4186 dett.
1322 4135 1352 4184 0.
1372 4160 1400 4170 -
1423 4133 1448 4184 9.
1465 4135 1554 4197 efferre
1568 4135 1615 4186 itt.
1635 4163 1663 4173 -
1685 4137 1738 4190 tiae

411 4217 483 4267 theat
503 4215 565 4276 l.d.;
588 4214 658 4265 thetis
679 4215 740 4276 (om.
757 4215 817 4277 siue)
841 4216 918 4278 Lagg.
941 4214 1104 4279 praeterit.
1123 4238 1152 4250 -·
1178 4215 1218 4264 to.
1237 4225 1251 4262 e
1269 4209 1384 4260 moedus
1396 4209 1427 4260 li.
1447 4235 1474 4245 -
1491 4209 1594 4275 etmi
1610 4211 1640 4276 (i.
1654 4225 1678 4263 e.
1696 4226 1739 4265 ec-

412 4292 498 4356 fringi]
515 4292 545 4343 n.
564 4318 591 4327 -
610 4293 651 4342 tt.
666 4291 774 4353 potestte
790 4292 819 4341 lt.
841 4318 867 4328 —
892 4288 932 4341 tl.
950 4289 1057 4339 cstotun
1073 4289 1102 4338 n.
1124 4315 1152 4326 -
1170 4289 1211 4339 te.
1228 4285 1363 4349 molant
1378 4286 1408 4335 lt.
1428 4310 1457 4322 -
1471 4284 1609 4348 probarent
1625 4288 1662 4338 Gi
1678 4287 1737 4351 ιὼς

415 4367 523 4432 probum
540 4365 605 4417 dett.
625 4365 647 4430 [i
663 4365 757 4417 saltem
774 4363 860 4416 nullus
871 4363 944 4430 Lag]
958 4392 985 4401 —
999 4365 1039 4415 td.
1057 4365 1105 4414 lits
1120 4364 1140 4415 lt
1158 4364 1185 4415 h.
1203 4360 1232 4424 l.,
1250 4361 1349 4426 ubique
1366 4359 1413 4411 G3.
1427 4387 1455 4398 -
1472 4360 1644 4414 mamm
1658 4364 1689 4415 ll.
1708 4391 1737 4402 -

411 4443 577 4495 detrahentur
593 4442 613 4491 0
630 4443 722 4491 contra
744 4440 821 4491 codd.
845 4467 872 4476 -
895 4439 1024 4502 Hdpobot
1044 4441 1073 4491 li.
1092 4465 1120 4476 —
1145 4434 1490 4489 instrumento,
1510 4463 1537 4473 -
1562 4437 1602 4488 48.
1624 4438 1739 4489 Μου-

411 4519 464 4567 tum
485 4518 563 4580 Legg.
588 4540 616 4551 -
643 4514 697 4564 utto
712 4515 740 4564 to
755 4514 801 4574 ne,
826 4514 892 4565 Nou.
912 4526 937 4577 p.
955 4512 995 4564 3l.
1016 4511 1082 4577 (coll.
1102 4515 1133 4563 ll.
1151 4513 1175 4577 5.
1194 4513 1235 4562 lt.
1255 4511 1326 4561 :utto
1342 4511 1369 4559 tc
1386 4510 1538 4573 prosumo·
1555 4511 1633 4576 prob.
1650 4512 1737 4565 iladv.

412 4608 439 4659 p.
458 4592 524 4656 68.):
551 4589 597 4640 itta
612 4590 639 4640 io
656 4589 739 4653 igit,
766 4590 793 4640 io
808 4589 854 4638 itta
870 4588 934 4639 dett.
953 4589 982 4638 0.
997 4615 1025 4625 -
1044 4588 1084 4639 ta.
1100 4600 1148 4650 per
1163 4586 1405 4652 naptarumcoa.
1422 4610 1451 4622 ·-
1468 4584 1687 4638 anmatos
1702 4589 1736 4640 ²:

412 4674 465 4719 torn
480 4665 541 4725 l.d.;
565 4678 618 4716 om.
637 4664 702 4715 dett.
721 4665 750 4715 0.
771 4690 799 4702 -
823 4678 840 4713 a
861 4663 961 4726 privato
978 4664 1028 4725 113,
1047 4665 1133 4728 ages:
1156 4665 1187 4714 de
1198 4664 1301 4727 privato
1317 4661 1382 4713 dett.
1401 4662 1430 4712 0.
1451 4688 1479 4699 -
1500 4658 1596 4711 still:
1617 4661 1655 4711 tto
1668 4661 1736 4715 dett.

412 4742 441 4793 0.
468 4739 508 4793 Cl.
525 4739 560 4790 de
580 4740 635 4790 toto
657 4738 709 4789 hoc
725 4737 784 4789 loco
800 4738 887 4789 Madv.
910 4739 985 4802 epist.
1006 4752 1033 4803 p.
1052 4738 1093 4789 69.
1112 4739 1160 4802 Op.
1179 4740 1199 4789 1.
1218 4751 1245 4804 p.
1263 4737 1321 4789 359.
1341 4763 1368 4774 —
1387 4737 1429 4787 2⁴.
1445 4736 1690 4800 emaus-m
1705 4738 1735 4789 a.

417 4842 442 4853 -
464 4816 494 4865 dc
512 4827 552 4864 ore
568 4814 630 4863 detr.
648 4814 686 4864 sic
703 4813 782 4865 codd.
801 4816 828 4865 et
844 4815 909 4864 Nou.
928 4827 955 4878 p.
973 4815 1031 4866 asi.
1059 4841 1087 4852 —
1112 4827 1158 4878 epo
1173 4814 1228 4865 illos
1243 4812 1321 4876 egeo.
1343 4836 1371 4848 -
1389 4812 1430 4862 ἥ.
1449 4811 1567 4861 &ennodi
1582 4811 1633 4863 aa:
1650 4811 1738 4863 issist-

411 4890 479 4941 modt
498 4888 562 4940 dett.
584 4889 613 4940 0.
639 4914 664 4926 -
692 4886 733 4939 ii.
754 4889 782 4938 io
805 4890 878 4940 Verre
894 4887 959 4940 dett.
988 4891 1073 4954 (lagg.
1092 4889 1211 4950 omuesl:
1237 4888 1265 4936 to
1283 4887 1384 4938 Verere
1409 4885 1456 4937 113.
1485 4887 1518 4936 At
1534 4883 1677 4937 ablativum
1692 4898 1738 4937 re-

413 4965 493 5030 quirit
513 4964 644 5016 sermonis
661 4964 743 5014 Latini
760 4965 827 5015 ratic
843 4967 871 5016 et
887 4964 1060 5016 consuetudo.
1087 4963 1121 5015 ci.
1139 4962 1220 5026 seyr.
1238 4962 1273 5012 ad
1289 4959 1360 5012 Lael.
1378 4973 1405 5026 p.
1420 4959 1462 5012 ta.
1479 4959 1537 5011 273.
1556 4957 1641 5010 Haud.
1659 4960 1737 5012 Tura.

413 5041 455 5090 ill.
472 5051 499 5104 p.
518 5039 576 5089 292.
601 5037 725 5090 Similiter
740 5037 802 5090 alibi
817 5038 953 5090 turbatum
971 5041 1013 5092 est
1028 5052 1081 5090 noa
1098 5050 1174 5099 raro;
1200 5036 1262 5089 vide
1279 5035 1315 5088 ad
1329 5038 1350 5087 l.
1369 5035 1394 5100 5.
1412 5033 1453 5087 li.
1479 5060 1507 5070 -
1530 5034 1572 5085 it.
1587 5035 1738 5101 pmssttptas

413 5116 449 5175 n;
463 5115 605 5180 promttpio
621 5116 698 5180 lagg.
719 5140 747 5152 -
766 5113 1196 5180 incompassionem
1211 5112 1277 5163 dett.
1290 5112 1320 5163 0.
1334 5138 1362 5149 -
1381 5124 1412 5161 oc
1428 5107 1598 5162 tornmlttt:
1617 5113 1738 5165 etms·

413 5191 479 5243 dett.
497 5192 526 5243 0.
547 5217 575 5228 -
588 5195 670 5255 posset
686 5189 722 5242 aa
738 5191 821 5258 igis:
836 5192 914 5257 possit
929 5188 958 5253 λ,
981 5187 1058 5240 codd.
1077 5185 1134 5240 rell.
1153 5213 1183 5226 -
1200 5200 1227 5240 ss
1242 5187 1359 5253 diceto
1376 5187 1468 5237 matra
1484 5183 1563 5236 codd.
1584 5212 1612 5224 -
1629 5185 1672 5237 28.
1689 5186 1738 5239 ali·

415 5267 474 5332 poto
489 5266 538 5319 ttttr
554 5265 619 5320 dett.
637 5265 666 5320 0.
