4367 6109
810 748 860 806 AD
882 748 1023 806 stitutus
1043 748 1080 806 ll.
1102 748 1389 807 nucusnutouts

507 889 566 941 pag.
585 877 642 928 448.
666 879 755 940 Incipit
776 878 838 928 tiber
853 885 959 939 quartus
973 881 1078 944 feliciter
1093 881 1140 936 tu:
1167 881 1228 931 tiber
1248 882 1409 930 Verrinurum
1426 878 1470 938 44;
1494 881 1529 931 44.
1550 880 1621 930 tutti
1637 880 1761 930 0400404444

441 961 630 1011 Acmudonunn
646 961 707 1011 tiber
722 963 776 1012 iiii.
795 963 882 1026 incipit
898 965 922 1013 5.
939 965 963 1013 6.
976 965 1022 1023 44;
1042 966 1067 1014 44
1085 964 1193 1027 reliquis
1211 965 1287 1015 deest
1303 965 1448 1028 inscriptio.
1460 991 1494 1001 -
1510 978 1535 1014 v.
1554 966 1578 1014 i.
1597 965 1688 1014 iudices
1704 976 1757 1014 om.

441 1044 473 1095 44
485 1059 511 1108 p.
524 1072 558 1082 -
574 1047 598 1095 6.
617 1047 710 1108 niscepi
727 1047 792 1096 enim
808 1059 911 1096 cunisam
926 1048 964 1096 rei
979 1047 1046 1110 pubi.
1061 1049 1123 1109 (om.
1136 1049 1226 1098 verbis
1243 1050 1337 1111 siucepi
1353 1061 1458 1098 causam
1473 1054 1491 1098 t.
1504 1049 1608 1110 ordinis)
1620 1047 1660 1098 44.
1679 1049 1760 1098 Deest

441 1126 519 1179 lectio
535 1129 716 1185 memorabilis
733 1130 804 1194 apud
823 1133 849 1181 Z.
867 1160 901 1167 -
917 1132 942 1181 7.
959 1145 1040 1194 posses
1057 1131 1087 1181 V.
1106 1160 1140 1168 —
1155 1132 1179 1182 8.
1199 1146 1231 1181 uc
1245 1134 1333 1196 pimus
1342 1134 1375 1181 49
1386 1147 1412 1197 p.
1433 1134 1505 1195 (inv
1522 1135 1574 1181 tota
1593 1133 1686 1196 pagina
1704 1131 1759 1182 iere

441 1213 569 1264 exstincta
587 1216 640 1276 cst,
659 1216 688 1264 ut
706 1227 756 1264 404
770 1215 857 1264 omnin
876 1215 1016 1279 perspicue
1034 1214 1084 1278 legi
1101 1216 1221 1279 possint.)
1232 1243 1267 1252 -
1282 1217 1375 1266 uenerit
1391 1216 1423 1267 44
1435 1229 1461 1280 p.
1473 1243 1507 1253 -
1523 1217 1547 1266 9.
1567 1220 1618 1278 atq.
1634 1215 1758 1266 habeti.

440 1323 473 1333 -
491 1297 530 1348 40.
549 1298 723 1361 inteperrumis
738 1298 769 1348 V.
787 1325 820 1335 -
838 1300 877 1350 ii.
897 1300 974 1356 odeo.
1001 1299 1073 1362 quod
1090 1301 1131 1348 est
1148 1301 1315 1350 manliestum
1334 1299 1478 1362 glossema,
1498 1314 1545 1350 nos
1563 1299 1716 1351 inclusimus
1733 1301 1760 1349 44

441 1381 467 1431 44
484 1380 572 1432 adnot.
592 1383 775 1433 auctoritatem
793 1382 853 1432 cod.
874 1384 934 1447 ing.
953 1383 997 1444 44,
1021 1396 1090 1446 quae
1113 1382 1190 1433 deest
1212 1383 1281 1447 opud
1299 1385 1337 1443 Ζ.,
1356 1383 1515 1435 addidimus.
1541 1385 1760 1435 Emendationem

441 1466 574 1528 egregium
599 1480 614 1516 a
636 1467 694 1517 Vel.
714 1466 910 1531 suppeditatum
933 1468 1013 1517 etium
1030 1466 1144 1517 iilotzius
1163 1466 1283 1530 neglexit.
1313 1469 1359 1517 Est
1375 1469 1464 1518 autem
1481 1474 1555 1529 atque
1572 1472 1692 1520 nostrum
1708 1468 1761 1517 und

439 1563 521 1599 niucr.
539 1576 572 1586 -
589 1551 643 1600 dico
660 1551 699 1600 eV
716 1550 772 1613 (sed
789 1565 815 1602 v.
828 1563 908 1615 supra
925 1552 959 1601 ad
975 1564 1001 1603 4.
1015 1552 1049 1613 8.)
1069 1553 1096 1601 44
1112 1551 1192 1602 codd.
1212 1551 1276 1602 dett.
1304 1553 1384 1601 ilecte
1401 1554 1503 1616 recepit
1514 1554 1650 1616 Zumptlus
1667 1554 1758 1613 dicum,

441 1633 489 1683 sed
507 1632 575 1684 male
592 1647 641 1699 pro
658 1636 825 1685 coniunctivo
842 1636 988 1699 praesentis
1006 1634 1106 1685 habuit.
1122 1663 1156 1673 —
1171 1637 1213 1686 40.
1230 1636 1350 1698 nostrum]
1365 1636 1476 1699 prolecto
1493 1635 1524 1688 44
1540 1651 1583 1702 p.;
1600 1641 1710 1686 oestrum
1726 1636 1758 1688 44

441 1730 495 1768 sec.
514 1731 551 1768 m.
568 1745 603 1756 -
617 1717 659 1769 43.
677 1720 841 1783 Karttupinis
856 1721 893 1770 sic
913 1720 921 1768 4
943 1723 971 1769 44
989 1719 1034 1776 444
1053 1721 1117 1770 item
1135 1733 1160 1784 p.
1180 1720 1237 1770 itu.
1256 1721 1279 1769 4.

506 1816 565 1867 pag.
586 1803 641 1853 449.
659 1817 685 1853 4.
703 1803 742 1853 48.
760 1805 846 1866 itaque
863 1804 933 1852 ittam
948 1805 983 1853 tc.
997 1804 1071 1861 Coto.
1090 1802 1178 1855 (444440
1195 1805 1221 1854 44
1239 1803 1291 1854 fine
1308 1817 1367 1855 400.
1381 1803 1494 1854 Siciliam
1510 1803 1680 1854 scribendum
1698 1816 1758 1855 esse

440 1888 532 1937 censet
547 1887 643 1937 Bakius
660 1886 676 1937 4.
690 1900 713 1937 e.
727 1899 754 1951 p.
769 1878 869 1951 tuu'sq.
888 1887 1012 1950 idemque
1030 1886 1337 1939 (4444414044004.40.-
1354 1889 1392 1939 49.
1406 1893 1507 1939 nonnae
1516 1893 1623 1939 matrem
1637 1889 1760 1938 nutricem

440 1970 472 2022 44
489 1984 516 2034 p.
528 1998 562 2007 —
577 1977 612 2021 est
624 1971 800 2021 suboriundae
811 1971 843 2021 ’49
860 1983 895 2021 44.
915 1984 966 2035 pr..
986 1985 1037 2022 404
1056 1985 1122 2032 sec..
1140 1975 1170 2022 44
1186 1974 1222 2021 444
1238 1973 1340 2037 Zumpt.
1359 1986 1385 2037 p.
1399 1972 1471 2023 44445.

505 2068 564 2120 pag.
578 2055 635 2106 480.
654 2070 679 2106 v.
693 2056 734 2106 44.
753 2058 840 2105 totiens
852 2057 928 2119 lagg.
941 2083 975 2093 -
985 2057 1026 2107 48.
1040 2058 1195 2119 criminaque
1204 2058 1347 2107 uiderentur
1358 2056 1389 2107 44
1401 2070 1427 2121 p.
1439 2084 1474 2093 -
1484 2057 1525 2107 44.
1535 2057 1617 2119 plutis
1623 2057 1707 2118 portis
1716 2057 1757 2107 49.

439 2165 472 2175 -
488 2138 529 2189 34.
547 2139 623 2189 satuti
635 2141 719 2201 potius
735 2137 766 2189 44
778 2152 804 2203 p.
817 2142 875 2190 sine
892 2141 957 2189 enim
974 2142 1035 2202 (om.
1049 2141 1085 2202 Ζ.)
1105 2140 1191 2190 tiabat
1207 2142 1300 2203 utique
1319 2139 1418 2204 aliquid
1435 2138 1538 2190 molesti
1555 2139 1682 2205 particula
1694 2140 1761 2191 enim

438 2223 514 2274 brevi
525 2221 660 2273 4444444440
672 2224 827 2287 repetita-
838 2238 937 2287 ecquem
948 2224 1020 2275 solus
1028 2225 1105 2275 44-
1116 2225 1156 2275 86.
1166 2226 1244 2274 tontis
1255 2225 1282 2275 44
1292 2229 1373 2285 tantu,
1387 2225 1451 2275 item
1462 2237 1488 2275 4.
1499 2224 1539 2276 37.
1551 2225 1612 2274 miti
1624 2237 1678 2275 om.
1688 2222 1721 2275 44
1730 2236 1758 2289 p.

504 2320 564 2372 pag.
584 2307 640 2358 484.
659 2321 684 2358 v.
703 2309 728 2358 4.
746 2322 800 2358 unu
815 2322 869 2359 om.
889 2310 969 2359 etiam
985 2308 1027 2359 49.
1050 2335 1083 2345 -
1108 2309 1132 2358 6.
1151 2309 1193 2358 nii
1208 2310 1360 2373 Zumpiius:
1386 2309 1488 2360 utiostri
1508 2308 1587 2360 codd.
1606 2320 1700 2360 omnes
1716 2309 1761 2359 de-

438 2396 548 2441 cerneret
568 2394 676 2456 praeter
697 2393 758 2456 Lag.
777 2392 813 2454 6.,
835 2393 994 2443 decreuissent
1010 2395 1087 2457 pauci
1107 2395 1166 2456 Lag.
1186 2393 1227 2443 ii.
1246 2392 1286 2444 44.
1305 2393 1363 2445 tu.»
1387 2392 1455 2444 Telis
1472 2394 1585 2443 44444444
1602 2391 1671 2443 nulla
1688 2392 1761 2459 opud

439 2474 514 2526 Nieb.
534 2478 629 2536 044444,
649 2488 731 2539 quare
748 2489 828 2541 supra
845 2475 973 2527 lectiones
990 2478 1087 2528 rectius
1105 2477 1287 2528 indicavimus.
1315 2477 1390 2538 Quod
1406 2478 1442 2527 444
1459 2478 1487 2528 Ζ.
1499 2477 1533 2527 (44
1550 2447 1611 2541 Lag.
1625 2478 1660 2539 6.,
1678 2476 1761 2528 hebet

440 2556 481 2608 4444
499 2573 524 2610 v.
543 2559 568 2609 4.
586 2560 695 2610 dicerent
710 2573 759 2624 pro
776 2563 882 2620 diceret;
901 2560 963 2611 nihii
981 2565 1121 2625 praeterea
1138 2576 1171 2612 44
1188 2575 1221 2613 40
1238 2563 1401 2626 exscriptum
1418 2563 1468 2612 esi.
1486 2588 1520 2599 -
1536 2562 1561 2613 6.
1578 2562 1712 2626 iepntioner
1727 2563 1759 2613 44

440 2641 521 2694 40444.
534 2670 568 2680 -
584 2645 608 2693 7.
627 2645 735 2695 (44044044
752 2643 859 2696 6404444.
873 2672 907 2682 -
923 2645 947 2695 9.
966 2646 1140 2695 denuntiamus
1155 2660 1196 2696 eos
1212 2647 1237 2695 in
1254 2646 1306 2710 (eor
1319 2646 1425 2695 04404444
1435 2647 1515 2710 corr.)
1532 2647 1667 2708 studiisque
1682 2646 1714 2699 44
1731 2662 1758 2711 p.

440 2755 474 2762 -
489 2727 530 2778 44.
549 2729 640 2778 decreti
656 2742 709 2779 om.
723 2729 763 2779 49.
784 2728 869 2791 (deest
885 2729 963 2780 lectio
979 2730 1050 2794 opud
1068 2731 1105 2793 Ζ.)
1120 2759 1153 2766 -
1168 2731 1210 2780 46.
1229 2732 1295 2792 quod
1310 2744 1355 2794 epo
1370 2732 1436 2779 idem
1451 2732 1477 2780 in
1490 2731 1580 2792 punicis
1590 2729 1622 2780 44
1634 2743 1660 2794 p.
1675 2730 1759 2794 (deest

441 2809 517 2863 lectio
535 2811 606 2876 apud
622 2814 664 2863 Z.:
682 2813 786 2862 videtur
803 2817 892 2863 outoni
910 2827 954 2877 epo
970 2814 1035 2864 idun
1052 2828 1083 2864 en
1100 2829 1145 2877 epo
1162 2816 1260 2877 quidem
1275 2813 1317 2866 vel
1334 2815 1450 2877 equidem
1462 2818 1614 2879 corruptum
1632 2817 1711 2878 4444.)

441 2896 482 2946 49.
501 2895 589 2956 ecquid
606 2895 718 2956 hubent,
736 2898 758 2947 si
774 2895 877 2947 silentio
896 2898 962 2948 fides
978 2901 1032 2958 444,
1049 2899 1081 2948 49
1099 2902 1126 2948 44
1142 2898 1182 2949 45.

506 2993 566 3043 pag.
586 2979 642 3030 484.
662 2994 688 3030 4.
707 2982 730 3030 i.
750 2981 793 3042 qui
808 2983 968 3045 nepotiuntur
984 2984 1011 3030 in
1027 2983 1076 3032 Sic.
1096 2982 1127 3033 44
1143 2997 1170 3047 p.
1187 3011 1221 3020 -
1241 2984 1281 3033 40.
1299 2997 1354 3032 sum
1367 2988 1510 3045 persecutus
1525 2982 1557 3033 44
1574 2996 1615 3047 p.:
1639 2984 1685 3033 0404
1698 2996 1760 3045 pei·-

441 3077 487 3114 sec.
507 3063 585 3114 codd.
604 3062 660 3114 4444.
680 3067 707 3114 44
723 3063 784 3115 edd.
818 3064 889 3115 444444
906 3064 1047 3116 lectionem
1064 3079 1079 3116 4
1097 3068 1124 3116 Ζ.
1144 3080 1195 3117 404
1212 3066 1317 3117 allatam
1334 3079 1383 3118 nos
1399 3067 1572 3117 restituimus.
1595 3092 1628 3102 —
1652 3068 1692 3117 iti.
1709 3068 1761 3118 siue

444 3149 505 3198 4444
522 3162 628 3210 mesor.
647 3161 701 3198 om.
719 3148 760 3199 44.
778 3176 812 3185 -
830 3149 870 3200 49.
888 3156 911 3199 et
927 3155 988 3214 post
1003 3153 1096 3201 ilomce
1113 3165 1166 3202 044.
1185 3150 1216 3202 44
1228 3163 1255 3215 p.
1268 3178 1302 3188 —
1317 3151 1359 3201 48.
1377 3164 1395 3200 0
1409 3151 1482 3214 uoipo
1499 3151 1661 3214 (nuncupo,
1680 3153 1709 3201 ut
1724 3152 1761 3201 444

441 3233 478 3296 Ζ.)
492 3231 574 3282 habet
585 3231 626 3282 49.
639 3260 672 3269 -
689 3234 729 3283 45.
742 3234 892 3295 panidicuie
908 3234 989 3286 habet
1001 3237 1080 3286 etiam
1091 3235 1123 3287 44
1136 3249 1162 3300 p.
1175 3262 1208 3272 —
1224 3236 1265 3285 46.
1280 3235 1359 3298 possit
1375 3246 1468 3286 omnes
1479 3236 1558 3298 Logg.
1571 3238 1678 3299 praeter
1687 3232 1720 3286 44
1730 3247 1758 3299 p.

441 3344 474 3352 -
491 3316 533 3366 34.
551 3317 703 3366 existumare
719 3317 760 3368 49.

503 3412 562 3465 pag.
582 3400 638 3451 483.
656 3413 683 3451 u.
701 3402 726 3450 4.
745 3399 887 3452 lectionem
904 3401 963 3452 cod.
983 3401 1014 3452 44
1031 3403 1167 3467 Zumptius
1185 3415 1237 3453 404
1254 3404 1377 3453 40044444
1395 3399 1502 3452 rettulit.
1525 3428 1560 3439 -
1580 3401 1605 3453 0.
1625 3402 1652 3452 0.
1669 3401 1760 3452 44040444

438 3483 470 3534 44
487 3496 513 3548 p.
531 3511 566 3521 -
586 3485 611 3535 6.
625 3486 706 3547 possit
726 3484 757 3536 44
773 3499 801 3550 p.
819 3513 852 3523 -
877 3486 1126 3536 inutilissimum
1148 3498 1269 3547 equorum
1290 3485 1322 3536 44
1339 3499 1380 3549 ρ.;
1407 3485 1616 3536 nobilissimarum
1636 3499 1760 3549 conanum

438 3567 516 3619 codd.
530 3567 586 3619 reli.
600 3571 627 3619 44
638 3569 700 3619 edd.
726 3568 804 3630 illud,
823 3569 896 3635 quod
908 3571 934 3620 Z.
948 3583 1001 3621 nou
1018 3570 1112 3632 habet,
1132 3584 1179 3621 nos
1196 3571 1357 3634 recepimus.
1375 3569 1450 3619 idem
1461 3570 1553 3620 vitium
1569 3583 1650 3634 supro
1666 3569 1724 3621 Lib.
1737 3571 1757 3622 i.

438 3652 462 3716 4.
481 3651 522 3704 48.
541 3666 568 3717 p.
582 3652 639 3714 440,
658 3654 699 3703 44.
718 3667 750 3705 en
767 3654 863 3705 eodem
882 3654 941 3704 cod.
961 3654 1149 3717 corrigendum
1167 3659 1232 3704 erat.
1245 3681 1279 3692 -
1295 3654 1319 3705 8.
1338 3654 1375 3703 ita
1390 3654 1456 3704 enim
1466 3654 1486 3704 S
1497 3655 1526 3716 0.
1544 3654 1650 3704 Diuitem
1665 3652 1756 3705 44044.

437 3763 471 3774 -
488 3738 529 3787 ii.
552 3736 593 3790 td
614 3736 756 3789 lectionem
776 3740 872 3789 Anniae
891 3741 917 3789 P.
936 3738 1011 3789 Annii
1032 3740 1153 3788 404040νί4
1173 3737 1240 3788 haec
1256 3739 1283 3788 44
1300 3750 1383 3801 marg.
1402 3737 1526 3788 adnotatu
1542 3741 1620 3788 sunt:
1647 3738 1759 3788 «440400

438 3833 492 3871 om.
510 3821 543 3870 49
563 3822 591 3871 04
605 3822 651 3872 liii
672 3825 779 3887 praeter
799 3823 830 3872 47
857 3825 885 3886 (4.
905 3837 930 3875 4.
949 3822 1027 3873 codd.
1047 3824 1070 3872 i.
1089 3824 1114 3872 6.
1134 3824 1158 3873 6.
1177 3821 1218 3874 44.
1237 3821 1278 3872 ii.
1296 3819 1362 3883 48.);
1389 3821 1416 3872 0.
1437 3833 1487 3885 pro
1508 3822 1535 3871 Ρ.
1557 3820 1658 3872 habent
1676 3819 1756 3872 iidem

437 3906 544 3968 preater
561 3904 682 3957 codicem
699 3907 726 3966 63
744 3908 866 3957 senatoris
881 3908 956 3957 Annii
971 3908 1031 3958 49.»
1049 3908 1117 3958 Cum
1134 3907 1212 3971 igilur
1227 3904 1390 3969 reliquorum
1407 3903 1485 3955 codd.
1499 3905 1618 3955 omnium
1629 3903 1756 3956 lectiones

437 3992 662 4041 commemoratae
687 3991 751 4052 sint,
776 3993 818 4041 444
844 3990 970 4042 credibile
991 3994 1032 4042 444
1056 3991 1156 4042 codicis
1172 3990 1264 4054 optimi
1282 3987 1330 4054 (44)
1347 3987 1489 4040 4004404444
1506 3987 1638 4039 dierum
1654 3988 1756 4039 44044444

436 4073 563 4125 omissam
583 4087 653 4126 esse.
670 4103 704 4112 —
724 4076 765 4126 44.
788 4076 840 4140 titio
856 4075 888 4127 44
905 4090 932 4141 p.
949 4103 984 4114 -
1004 4076 1044 4126 44.
1063 4073 1225 4138 deliquimus
1242 4072 1439 4124 adnotationem
1455 4071 1573 4134 londoni,
1591 4084 1754 4137 quemqnam

436 4155 571 4210 deiectum
588 4160 615 4210 in
632 4159 692 4210 cod.
710 4158 756 4221 44,
776 4173 858 4224 quem
874 4163 947 4210 44044
964 4160 1101 4223 Zumptius
1117 4171 1144 4222 p.
1162 4158 1236 4208 4046.
1255 4157 1429 4218 iudicaverat,
1448 4156 1641 4207 nonuccnrnto
1658 4153 1756 4207 retulit.

436 4240 523 4293 liuhai
538 4244 630 4295 nutem
646 4242 678 4295 44
697 4244 822 4306 (itemque
841 4245 864 4294 i.
882 4245 907 4294 6.
926 4244 951 4294 6.
969 4240 1033 4305 iun:
1056 4243 1093 4294 44.
1112 4242 1200 4306 iipuri
1220 4242 1330 4292 unutoni
1350 4241 1376 4292 0.
1395 4241 1528 4291 Sacerdote
1541 4245 1672 4303 praetore,
1696 4241 1757 4301 quid

435 4324 516 4390 (quod
529 4325 569 4389 44)
587 4331 640 4377 tien
656 4328 690 4377 cd
709 4329 809 4378 Verrem
825 4328 881 4390 quis
896 4326 1001 4377 detutit?
1017 4326 1112 4377 mediis
1129 4326 1244 4377 omissis.
1271 4327 1338 4376 Cum
1355 4325 1458 4388 igiture
1474 4325 1613 4390 superiore
1624 4324 1758 4374 Sacerdote

435 4408 470 4460 od
488 4411 622 4475 posterius
639 4410 736 4462 librarii
761 4411 795 4462 iili
819 4411 1013 4472 4444444444,
1037 4413 1064 4460 44
1084 4409 1166 4461 iidem
1187 4410 1248 4471 quid
1267 4414 1332 4469 tion,
1355 4422 1408 4460 404
1424 4407 1537 4473 simplex
1553 4409 1613 4471 quid
1628 4407 1755 4471 habeant,

435 4494 580 4546 verisimile
606 4498 648 4547 est
674 4497 753 4547 etiam
778 4496 926 4561 posteriore
944 4493 1002 4545 loco
1020 4493 1105 4557 Ouid?
1128 4500 1181 4544 tum
1197 4495 1231 4543 cd
1249 4495 1350 4544 Vennum
1365 4494 1420 4555 0044
1436 4491 1544 4543 (40404444
1567 4492 1594 4543 44
1610 4492 1756 4556 archetypo

435 4580 565 4645 scriptum
581 4578 672 4631 luisse.
689 4607 723 4617 -
740 4579 780 4631 ii.
800 4580 957 4631 existumetis
972 4579 1004 4630 49
1021 4581 1049 4628 44
1064 4579 1103 4630 440
1119 4591 1210 4642 saepe.
1226 4604 1260 4614 —
1276 4579 1318 4628 44.
1335 4582 1419 4627 tumen
1430 4576 1538 4639 0040404
1549 4574 1582 4627 44
1592 4589 1635 4640 p.:
1649 4575 1758 4638 0040404

434 4668 519 4713 404400
535 4662 614 4714 codd.
633 4662 690 4715 4444.
709 4664 739 4714 0.
766 4662 845 4726 iilud,
864 4663 935 4728 quod
952 4665 979 4713 Ζ.
998 4663 1024 4713 44
1042 4662 1105 4713 add.
1123 4662 1219 4723 habet,
1241 4674 1290 4712 nos
1306 4661 1479 4712 restituimus.
1497 4687 1531 4697 -
1547 4660 1587 4710 44.
1607 4660 1634 4711 0.
1652 4659 1722 4724 Suc]
1738 4673 1757 4709 a

435 4749 569 4799 Sacerdote
584 4748 615 4799 44
632 4763 659 4813 p.
682 4775 716 4784 -
735 4749 777 4800 40.
794 4749 921 4800 Portuno
938 4747 1081 4813 (Naevium)
1099 4747 1221 4796 dominun
1243 4744 1371 4808 (Dionem)
1392 4744 1478 4795 tenes
1494 4743 1611 4804 04404444,
1633 4744 1679 4794 siti
1695 4757 1756 4795 con·

435 4833 535 4884 0044404
550 4831 642 4884 scribit
657 4833 753 4884 84444444
769 4831 787 4884 4.
805 4846 831 4884 0.
850 4846 876 4897 p.
895 4833 952 4883 tut.
969 4859 1003 4870 -
1019 4832 1060 4881 46.
1079 4844 1097 4881 0
1113 4830 1204 4880 Dionia
1220 4829 1252 4880 44
1269 4842 1295 4894 p.
1313 4855 1347 4866 -
1363 4829 1404 4879 48.
1422 4828 1520 4890 Pompei
1535 4829 1576 4879 49.

499 4930 559 4983 pag.
580 4916 636 4969 484.
654 4930 681 4968 4.
699 4918 724 4968 4.
742 4917 843 4968 44004444
859 4915 1008 4968 4444404444
1024 4927 1119 4966 omnes
1136 4911 1389 4978 4444444444444,
1408 4912 1453 4975 qui
1470 4911 1664 4973 hebetatarum,
1682 4914 1712 4962 nt
1722 4912 1754 4963 V.

434 5028 467 5039 -
484 5002 508 5053 3.
523 5003 650 5066 pcecsmio
665 5002 697 5064 V,
715 5003 745 5052 ut
760 5002 874 5066 saepius.
886 5028 919 5039 -
935 5002 960 5051 9.
979 5013 1043 5050 socr.
1062 5000 1102 5050 sic
1117 4998 1149 5050 V.
1166 5025 1201 5036 -
1216 4997 1259 5050 40.
1275 4996 1383 5077 nuptia
1398 4997 1437 5047 sic
1453 4995 1485 5046 V.
1502 5020 1536 5033 -
1552 4993 1593 5046 44.
1610 4994 1757 5047 6044040--

431 5087 500 5150 prot.
518 5091 578 5138 04004
594 5099 649 5138 om.
668 5085 700 5136 44
715 5098 742 5150 p.
760 5112 794 5124 -—
815 5086 856 5138 8⁰.
875 5083 980 5136 Falsum
997 5081 1127 5147 estquod
1149 5083 1186 5133 444
1201 5083 1229 5134 Ζ.
1246 5081 1470 5147 praepositionem
1483 5080 1526 5142 in,
1552 5092 1622 5144 quee
1639 5081 1756 5145 primum
1806 5130 1811 5137 ,

435 5183 469 5220 en
486 5171 547 5222 cod.
565 5170 701 5222 Nannieno
718 5170 845 5233 umescit,
864 5170 891 5221 in
907 5168 1031 5222 omnibus
1049 5166 1128 5219 codd.
1147 5167 1271 5226 inveniri3
1290 5166 1373 5217 immo
1388 5164 1466 5216 abest
1481 5175 1498 5215 4
1514 5164 1530 5214 l
1547 5164 1627 5228 Lugg.
1645 5164 1710 5217 deti.
1721 5190 1756 5205 -

435 5253 477 5306 86.
494 5254 537 5308 448
552 5254 631 5308 0000
644 5254 716 5306 mitio
732 5266 787 5306 om.
804 5253 837 5307 44
853 5267 880 5319 p.
