4367 6109
444 589 506 658 604
814 596 868 659 DE
890 595 996 659 LEGE
1017 593 1197 659 numu
1217 595 1336 661 LIBER
1356 597 1382 660 1.

444 769 526 833 roris
549 775 581 832 et
601 765 693 842 mali,
715 784 786 829 cum
807 766 1013 829 immittantur
1033 766 1066 829 in
1082 766 1190 829 orbem
1205 773 1359 829 terrarum
1373 762 1558 831 decemviri
1574 778 1713 826 summo
1726 778 1788 825 eun

444 862 594 944 imperio,
616 879 737 923 summu
759 879 830 924 cum
844 858 975 923 avaritia
992 855 1179 943 infinitaque
1193 878 1298 922 rerum
1314 860 1457 923 omnium
1473 855 1696 942 cupiditate?
1718 874 1787 939 quo-

445 976 515 1018 rum
537 975 608 1018 cum
630 954 785 1019 adventus
811 973 938 1037 graves,
969 972 1040 1015 cum
1066 950 1167 1015 fasces
1188 952 1401 1029 formidolosi,
1430 962 1501 1018 tum
1526 970 1611 1018 vero
1636 946 1786 1015 iudicium

446 1067 482 1111 ac
511 1052 651 1131 poteslas
680 1048 740 1113 erit
767 1068 831 1112 non
858 1046 998 1112 serenda.
1041 1044 1165 1109 Licebit
1193 1046 1279 1109 enim
1308 1046 1395 1129 quod
1418 1045 1593 1111 ridebitur
1624 1042 1786 1129 publicum

422 1140 604 1217 oiudieare,
632 1142 719 1226 quod
747 1141 915 1205 iudicarint
942 1140 1090 1204 rendere.
1132 1139 1235 1204 Etiam
1264 1138 1361 1216 illud,
1392 1141 1478 1225 quod
1502 1139 1668 1203 homines
1691 1140 1784 1203 sancti

446 1252 511 1296 non
531 1232 663 1309 sacient,
685 1241 721 1298 ut
741 1235 908 1319 pecuniam
923 1234 1093 1317 accipiant,
1115 1252 1155 1295 ne
1170 1233 1326 1309 vendant,
1349 1242 1454 1297 nmen
1472 1234 1512 1313 id
1535 1233 1578 1297 iis
1597 1232 1713 1315 ipsum
1733 1254 1787 1316 per

445 1326 547 1409 legem
569 1326 684 1391 licebit
726 1327 807 1391 lliuc
831 1348 888 1392 vos
912 1347 993 1412 quas
1014 1328 1235 1412 spoliationes,
1258 1348 1336 1412 quas
1359 1330 1543 1413 pactiones,
1568 1347 1678 1412 quam
1702 1325 1786 1391 deni·

446 1440 509 1505 que
537 1421 571 1483 in
599 1422 745 1485 omnibus
775 1422 852 1486 locis
874 1422 1134 1486 nundinationem
1156 1422 1235 1485 iuris
1257 1442 1293 1485 ac
1314 1422 1514 1487 fortunarum
1536 1421 1617 1485 sore
1640 1421 1786 1506 putatisl

447 1511 497 1577 l0.
517 1516 643 1578 Etenim
666 1517 751 1599 quod
767 1517 930 1600 superiore
948 1523 1036 1598 parte
1057 1516 1137 1599 legis
1158 1512 1357 1600 praefinitum
1378 1515 1437 1579 luit
1457 1516 1551 1581 Sulla
1574 1523 1613 1579 et
1637 1517 1786 1600 Pompeio

412 1608 645 1683 toconsulibus‚
676 1608 711 1672 id
741 1630 851 1673 rursus
879 1608 1012 1672 liberum
1041 1606 1261 1694 infinitumque
1290 1609 1442 1673 lecerunt.
1486 1610 1541 1673 lv.
1567 1610 1673 1673 lubet
1702 1608 1785 1674 eninr

447 1702 574 1765 eosdem
595 1702 790 1767 decemviros
812 1704 958 1767 omnibus
981 1703 1066 1787 agris
1087 1703 1222 1787 publicis
1245 1703 1422 1787 pergrande
1439 1704 1581 1787 vectigal
1606 1704 1788 1787 imponere,

446 1802 483 1858 ut
508 1795 606 1858 iidem
634 1796 757 1879 possint
779 1804 810 1860 et
837 1796 972 1860 liberare
994 1817 1085 1880 agros
1110 1817 1191 1880 quos
1221 1797 1420 1861 commodum
1449 1797 1493 1861 sit
1521 1806 1554 1860 et
1588 1817 1680 1883 quos
1712 1800 1788 1883 ipsis

447 1889 544 1951 libeat
570 1890 741 1972 publicare.
781 1890 852 1966 Quo
882 1891 914 1953 in
943 1891 1061 1955 iudicio
1087 1891 1224 1974 perspici
1245 1910 1311 1953 non
1332 1898 1452 1973 potest,
1481 1898 1598 1955 utrum
1631 1892 1788 1957 severitas

448 1982 591 2045 acerbior
611 2003 652 2047 an
672 1984 851 2068 benignitas
873 1987 1092 2068 quaestuosior
1114 1987 1154 2049 sit
1175 1986 1291 2049 sutura.

412 2085 440 2134 tt
533 2076 614 2139 Sunt
639 2085 744 2142 mmen
772 2079 805 2141 in
827 2086 893 2142 tota
914 2078 983 2161 lege
1007 2081 1209 2163 exceptiones
1231 2080 1328 2157 duae,
1350 2102 1415 2145 non
1437 2090 1501 2145 tam
1522 2083 1670 2166 iniquae
1696 2100 1789 2165 quan

449 2170 653 2253 suspiciosae.
695 2172 823 2255 Excipit
850 2174 934 2236 enim
961 2174 994 2235 in
1015 2174 1163 2257 vectigali
1184 2174 1377 2257 imponendo
1399 2196 1507 2260 agrum
1530 2176 1788 2240 Recentoricum

450 2263 664 2340 Siciliensem,
686 2265 720 2328 in
741 2266 917 2331 vendendis
938 2268 1020 2349 agris
1043 2287 1098 2331 eos
1119 2288 1227 2351 agros,
1249 2269 1419 2353 dequibus
1433 2278 1561 2333 cautum
1580 2269 1629 2333 sit
1642 2268 1788 2333 loedere.

448 2358 490 2420 lli
512 2362 639 2424 suntin
660 2359 782 2436 Africa,
812 2361 868 2445 qui
897 2361 936 2424 ab
958 2360 1140 2446 Hiempsale
1166 2363 1378 2446 possidentur.
1422 2358 1472 2424 ll.
1494 2363 1556 2426 llic
1582 2382 1736 2448 quaero,
1763 2364 1789 2427 si

448 2451 622 2536 Hiempsali
651 2455 726 2519 satis
756 2463 804 2519 est
832 2463 959 2518 cautum
988 2454 1116 2519 loedere
1148 2464 1181 2520 et
1201 2457 1425 2520 Recentoricus
1447 2475 1523 2540 ager
1544 2458 1705 2540 privatus
1728 2466 1789 2531 est,

412 2546 526 2630 ecquid
555 2548 719 2611 attinuerit
746 2548 872 2632 excipit
901 2550 950 2612 sin
973 2556 1005 2612 et
1024 2549 1139 2613 foedus
1160 2550 1238 2612 illud
1261 2550 1358 2613 habet
1378 2550 1520 2634 aliquam
1542 2548 1788 2616 dubitationem

448 2646 481 2702 et
510 2660 585 2723 ager
612 2643 836 2706 Recentoricus
869 2642 984 2706 dicitur
1012 2662 1250 2727 nonnumquam
1272 2663 1342 2707 esse
1370 2644 1531 2728 publicus,
1569 2664 1679 2729 quem
1701 2654 1790 2728 putet

449 2734 717 2811 existimaturum,
751 2738 830 2802 duas
857 2757 969 2802 causas
997 2739 1030 2800 in
1063 2738 1138 2800 orbe
1167 2746 1321 2801 terrarum
1341 2744 1500 2820 repertas,
1536 2739 1668 2822 quibus
1692 2740 1787 2821 gratis

447 2833 612 2916 parceret?
641 2833 722 2894 Num
746 2831 892 2916 quisnam
913 2840 977 2896 mm
999 2832 1159 2895 abstrusus
1181 2852 1317 2916 usquam
1338 2852 1485 2895 nummus
1507 2832 1664 2909 videtur,
1692 2854 1786 2919 quern

448 2943 514 2987 non
535 2925 695 2989 architecti
716 2924 848 2989 huiusce
870 2925 949 3009 legis
965 2925 1155 2990 olfecerinti
1186 2926 1387 2999 Provincias,
1409 2928 1553 2990 civitates
1570 2928 1717 3004 liberas,
1739 2948 1786 2993 so·

410 3018 530 3094 socios,
559 3019 692 3095 amicos,
721 3039 811 3102 reges
840 3020 978 3103 denique
1000 3020 1208 3083 exhauriunt:
1240 3021 1410 3084 admouent
1430 3040 1543 3084 manus
1568 3022 1786 3105 vectigalibus

448 3112 559 3196 populi
580 3112 723 3176 Romani.
755 3115 825 3176 Non
848 3121 896 3177 est
918 3114 1002 3176 satis.
1046 3109 1097 3175 lt.
1119 3114 1252 3188 Audite,
1274 3113 1381 3177 audite
1402 3134 1476 3189 vos,
1500 3117 1558 3199 qui
1580 3116 1784 3200 amplissimo

447 3206 559 3290 populi
588 3214 780 3290 senatusque
809 3206 929 3269 iudicio
952 3207 1108 3271 exercitus
1137 3207 1292 3271 habuistis
1321 3213 1354 3269 et
1380 3207 1464 3271 bella
1489 3210 1664 3291 gessistis:
1701 3210 1785 3295 quod

448 3300 489 3365 ad
522 3321 680 3385 quemque
706 3302 887 3386 pervenerit
914 3321 954 3364 ex
983 3301 1116 3384 praeda,
1148 3321 1189 3364 ex
1217 3301 1388 3374 manubiis,
1421 3320 1461 3363 ex
1489 3320 1569 3365 auro
1593 3305 1784 3377 coronario,

449 3397 534 3480 quod
568 3416 672 3480 neque
704 3404 925 3480 consumptum
954 3396 988 3459 in
1016 3402 1221 3459 monumento
1252 3415 1357 3478 neque
1387 3394 1420 3456 in
1451 3396 1612 3459 aerarium
1645 3397 1784 3461 relatum

411 3491 505 3566 tosit,
537 3490 569 3554 id
601 3490 641 3553 ad
674 3490 868 3553 decemviros
900 3490 1009 3553 referri
1042 3491 1138 3554 iubet.
1187 3490 1255 3553 lloc
1288 3491 1390 3572 capite
1424 3488 1523 3552 multa
1556 3498 1719 3572 sperant:
1752 3493 1784 3554 iu

449 3603 558 3647 omnes
586 3583 791 3666 imperatores
816 3585 1014 3668 heredesque
1045 3606 1155 3648 eorum
1177 3585 1394 3669 quaestionem
1424 3603 1483 3646 suo
1505 3582 1627 3647 iudicio
1653 3604 1786 3668 compa·

447 3686 535 3752 rant,
558 3679 613 3741 sed
635 3679 805 3742 maximam
826 3679 993 3762 pecuniam
1015 3699 1049 3742 se
1071 3700 1090 3743 a
1111 3681 1227 3742 Fausto
1250 3678 1410 3741 ablaturos
1432 3678 1640 3741 arbitrantur.
1681 3678 1786 3754 Quam

448 3792 575 3836 causam
599 3772 760 3856 suscipere
782 3773 876 3836 iurati
893 3773 1014 3836 iudices
1029 3773 1214 3846 noluerunt,
1236 3771 1318 3833 hanc
1337 3772 1388 3833 isti
1404 3770 1576 3834 decemviri
1593 3792 1786 3856 suscepere.

448 3867 570 3929 ldcirco
591 3886 610 3929 a
632 3865 788 3929 iudicibus
809 3865 942 3930 sortasse
956 3869 1208 3949 praetermissam
1225 3886 1294 3929 esse
1309 3866 1514 3940 arbitrantur,
1537 3866 1628 3948 quod
1646 3867 1693 3929 sit
1706 3866 1785 3949 ipsis

411 3966 617 4023 streservata.
661 3953 710 4020 le.
739 3960 862 4023 Deinde
893 3962 984 4025 etiam
1014 3962 1047 4023 in
1068 3961 1227 4044 reliquum
1249 3969 1373 4042 tempus
1396 3959 1639 4041 diligentissm
1664 3958 1785 4034 sancit,

449 4062 500 4129 ut,
532 4053 619 4137 quod
647 4053 784 4138 quisque
814 4056 983 4138 imperator
1010 4055 1163 4138 pecuniae
1192 4054 1323 4130 habeat,
1350 4054 1494 4137 protimrs
1515 4052 1555 4116 ad
1578 4051 1785 4118 decemviros

514 4333 537 4382 l.
556 4333 724 4382 immutantur
740 4331 773 4381 E:
791 4330 948 4380 immituntur
959 4333 990 4391 F;
1009 4331 1174 4381 immutantur
1191 4333 1224 4391 P;
1243 4332 1375 4381 mittantur
1386 4328 1500 4383 ΑΗΘ.
1519 4327 1558 4380 Cl.
1572 4328 1719 4382 Gebhardt
1736 4330 1753 4382 l.
1767 4331 1783 4382 l.

447 4411 467 4459 1.
479 4408 638 4473 p.tlsq.—
657 4405 715 4457 orbe
731 4406 759 4456 E.
774 4432 801 4441 —
820 4407 845 4456 2.
857 4419 943 4457 rerum
959 4407 1113 4459 mostomii:
1133 4407 1242 4457 munium
1257 4403 1495 4458 remmFALEO.
1510 4430 1538 4439 -
1557 4404 1582 4453 3.
1600 4418 1664 4455 mem
1680 4405 1713 4471 L]
1731 4412 1785 4456 m

446 4488 465 4552 s.
484 4485 619 4548 Zumptius
636 4484 690 4533 lot.
709 4484 821 4532 Gramm.
841 4481 865 4545 5.
882 4482 938 4531 723.
963 4482 1001 4532 Cf.
1020 4481 1201 4544 Stuereuburg
1218 4481 1252 4530 ad
1268 4493 1307 4530 or.
1326 4494 1352 4544 p.
1366 4480 1461 4530 Archia
1479 4479 1556 4542 (lips.
1572 4480 1661 4543 4832.)
1680 4495 1708 4547 p.
1723 4482 1782 4535 til.

449 4587 476 4596 —
491 4560 516 4609 6.
534 4560 560 4609 id
576 4558 613 4623 iis]
626 4558 652 4607 id
662 4558 727 4620 qood
739 4558 770 4616 F;
788 4558 819 4607 iia
830 4557 856 4607 id
867 4556 921 4610 LE.
931 4583 957 4592 —
977 4558 1001 4606 7.
1014 4558 1178 4619 spoliationes]
1190 4557 1331 4618 sporaciooes
1343 4556 1468 4605 Pithmus.
1479 4581 1506 4589 -
1526 4555 1550 4604 il.
1565 4556 1655 4607 Etiam
1667 4559 1784 4610 hlomm·

448 4638 547 4689 senlus.
559 4661 587 4672 -
607 4635 667 4697 quid
683 4634 711 4684 E.
732 4660 759 4669 -
778 4633 835 4682 silla
855 4633 910 4684 EF.
926 4659 953 4668 -
973 4634 1012 4683 lt).
1032 4635 1097 4683 caim
1113 4634 1201 4682 El'P:
1221 4645 1274 4681 orn.
1295 4629 1408 4682 ALRO.
1428 4628 1500 4680 Coni.
1522 4628 1599 4680 llaud
1620 4631 1730 4683 Turseli.
1750 4634 1781 4683 ll.

448 4726 475 4777 p.
493 4712 549 4763 397.
572 4736 599 4746 -
623 4710 663 4759 tt.
682 4709 746 4758 idern
763 4707 817 4758 FP.
838 4735 865 4744 -
888 4709 928 4758 46.
947 4710 1057 4758 euimE:
1076 4721 1128 4758 orn.
1149 4704 1288 4759 FALEO.
1308 4732 1331 4740 -
1351 4707 1390 4754 ll.
1409 4703 1778 4769 [oeder01siaesoederaE.-

450 4787 488 4836 ts.
501 4785 662 4836 biennale--
673 4783 784 4832 hiemali
800 4781 855 4832 FP.
870 4809 898 4820 —
917 4783 957 4832 lt).
971 4784 1091 4833 recontori
1108 4796 1170 4845 opor
1186 4782 1270 4831 EFP.
1286 4808 1312 4816 -
1332 4782 1373 4830 20.
1386 4782 1473 4829 attico
1489 4781 1518 4829 Τ.
1534 4805 1562 4815 -
1581 4780 1623 4830 22.
1644 4783 1782 4833 existimo-

449 4875 506 4911 ram
522 4861 576 4911 FP.
598 4886 625 4895 -
652 4857 747 4921 quitto]
769 4869 847 4918 quare
867 4857 905 4905 bis
927 4858 997 4920 apris
1014 4859 1042 4907 l..
1061 4884 1088 4893 -
1117 4858 1157 4907 23.
1173 4856 1297 4921 parceret]
1313 4857 1452 4919 occiperet
1469 4855 1497 4904 E.
1517 4880 1544 4889 -
1574 4869 1639 4906 naon
1662 4860 1783 4920 mose

451 4935 636 4986 Luuredenus:
654 4947 720 4983 auae
736 4933 851 4994 quisnam
867 4931 1036 4985 Errant.
1057 4957 1082 4967 -
1107 4933 1167 4997 tom]
1186 4932 1285 4981 tandem
1303 4933 1347 4981 EF
1358 4933 1446 4989 ΡΤΑς
1471 4931 1571 4979 tandem
1590 4934 1646 4979 tom
1663 4930 1782 4983 Klotzius

451 5010 493 5061 ed.
513 5008 556 5060 alt.
577 5036 605 5048 -
623 5010 664 5060 26.
683 5009 767 5059 audite
783 5006 867 5057 semel
885 5006 1011 5057 exhibent
1027 5007 1111 5061 ΑΗ.
1132 5034 1160 5044 -
1179 5008 1219 5058 33.
1237 5010 1377 5069 peruenerit
1393 5009 1427 5058 E:
1444 5006 1558 5070 peruenit
1573 5010 1602 5055 ut
1618 5006 1704 5071 {oeli}
1719 5022 1782 5071 per-

450 5087 517 5136 uenit
533 5088 565 5145 F3
580 5086 695 5148 peremit
710 5089 755 5135 ont
767 5084 910 5147 peruenerit
926 5085 988 5137 Ph;
1012 5084 1138 5145 pervenit,
1162 5085 1302 5144 peruenerit
1325 5096 1386 5133 cum
1405 5083 1447 5132 cd.
1466 5081 1558 5133 Aldina
1577 5081 1622 5135 LE
1634 5083 1666 5133 0.
1686 5084 1728 5135 Cl.
1748 5083 1781 5134 de

452 5161 509 5225 lege
526 5175 581 5224 agr.
600 5163 630 5211 ll.
649 5162 672 5225 5.
691 5161 733 5211 59.
754 5183 780 5195 -
800 5172 833 5210 ae
846 5159 1135 5221 praeda--coroaorio
1151 5162 1181 5208 A.
1200 5158 1296 5208 Gellius
1312 5159 1376 5207 lllll.
1390 5158 1435 5217 ul,
1453 5159 1477 5208 6.
1492 5184 1519 5193 -
1537 5156 1676 5223 manubiis]
1692 5161 1782 5209 mmi-

452 5238 496 5286 bor
512 5238 571 5295 ΕΚ
592 5237 707 5288 munibm
726 5238 754 5287 P.
780 5262 805 5273 -
831 5235 870 5285 32.
890 5234 1018 5285 oblaturos
1034 5247 1087 5284 om.
1108 5235 1136 5284 E.
1159 5262 1186 5270 —
1212 5235 1253 5283 33.
1271 5236 1403 5295 suscepere]
1425 5238 1584 5295 susceperant
1601 5232 1734 5286 lllotzius.
1752 5260 1778 5271 -

453 5314 493 5368 tt.
511 5313 606 5365 sanccii
621 5314 651 5366 E.
671 5340 699 5351 -
717 5312 758 5365 36.
774 5312 878 5377 penate
893 5310 981 5362 babeat
997 5311 1031 5361 E:
1050 5308 1138 5360 bobert
1152 5309 1272 5372 peracutas
1288 5310 1306 5359 F
1315 5307 1427 5362 altu.
