4367 6109
754 602 822 667 Lm.
842 601 895 665 tv.
922 600 996 666 Gar.
1018 601 1162 666 lx-x.
1189 598 1246 686 ss.
1268 597 1414 668 48-44.
1679 586 1736 662 334

425 779 496 836 tor:
525 771 617 834 laesit
642 770 834 854 gravissime.
877 771 1051 834 Producam
1079 778 1222 836 ceteros:
1254 773 1446 846 reticebunt,
1478 791 1561 856 quae
1583 777 1742 855 poterunt,

426 863 576 938 libenter3
599 864 722 938 dicent,
744 883 826 947 quae
847 884 978 928 necesse
1001 866 1075 939 erit,
1097 863 1238 948 ingratis.
1271 869 1394 950 Negent
1415 867 1466 931 isti
1489 865 1665 930 onerariam
1685 883 1742 927 na-

426 979 496 1023 vem
517 959 685 1021 maximam
707 954 903 1021 aedificatam
926 978 995 1022 esse
1016 961 1203 1022 Messanae?
1233 969 1363 1045 negent,
1385 961 1412 1024 si
1434 967 1578 1043 possunt.
1620 959 1743 1040 Negent

427 1054 457 1117 ei
478 1053 550 1116 navi
572 1060 747 1116 senatorem
762 1053 982 1116 Mamertinum
1003 1054 1130 1137 publice
1145 1053 1341 1135 praefuisse?
1363 1055 1483 1117 utinam
1497 1052 1628 1136 negent!
1662 1051 1744 1112 Sunt

427 1147 522 1210 etism
544 1152 662 1221 cetera,
685 1165 768 1230 quae
789 1147 872 1210 malo
894 1147 1016 1229 integra
1037 1166 1214 1220 reservare,
1237 1158 1387 1231 utquam
1409 1149 1573 1211 minimum
1588 1147 1660 1210 dem
1678 1143 1766 1213 illies

426 1240 574 1326 temporis
596 1239 635 1303 ad
658 1240 873 1304 meditandum
888 1237 1202 1324 confirmandumque
1223 1242 1407 1324 periurium.
1436 1239 1488 1305 20.
1503 1242 1588 1304 Haec
1604 1240 1659 1303 tibi
1676 1239 1744 1302 lau·

426 1337 513 1400 datio
539 1334 688 1418 procedat
714 1335 747 1397 in
778 1354 959 1398 numerum:
991 1335 1025 1396 bi
1054 1342 1085 1397 te
1110 1336 1256 1398 homines
1282 1336 1468 1399 auctoritate
1489 1355 1548 1399 sua
1569 1336 1744 1408 sublevent,

426 1433 481 1517 qui
503 1439 534 1495 te
556 1448 659 1513 neque
681 1428 798 1491 debent
814 1429 976 1504 adiuvare,
998 1430 1025 1492 si
1041 1429 1179 1514 possint,
1203 1449 1306 1514 neque
1321 1437 1472 1510 possunt,
1494 1432 1521 1492 si
1536 1429 1650 1503 velin13
1673 1426 1744 1511 qui·

424 1527 484 1589 bus
506 1531 540 1587 tu
562 1523 709 1606 privatim
731 1522 864 1585 iniurias
885 1522 1038 1605 plurimas
1055 1522 1326 1607 contumeliasque
1343 1523 1538 1605 imposuisti;
1560 1522 1671 1607 quoin
1686 1540 1745 1603 op·

424 1620 502 1702 pido
524 1618 638 1681 multas
661 1616 796 1680 familias
818 1624 900 1679 totas
922 1618 956 1680 in
977 1625 1164 1700 perpetuum
1186 1616 1320 1680 infames
1341 1619 1405 1681 tuis
1420 1618 1538 1700 stupris
1552 1617 1781 1699 flagitiisquera

426 1713 538 1776 fecisti.
561 1745 602 1757 -
624 1713 664 1774 At
686 1710 814 1794 publice
836 1712 1053 1775 commodasti.
1074 1744 1117 1758 -
1145 1712 1216 1775 Non
1239 1711 1307 1774 sine
1329 1731 1442 1793 magno
1465 1711 1595 1795 quidem
1616 1710 1663 1772 rei
1684 1729 1745 1790 pu·

424 1807 526 1871 blicae
548 1806 795 1889 provinciaeque
822 1805 948 1868 Siciliae
970 1806 1168 1871 detrimento.
1204 1805 1313 1868 Tritici
1335 1804 1476 1868 modium
1497 1807 1540 1871 [i
1561 1810 1666 1886 empta
1687 1819 1745 1884 po-

425 1899 500 1985 pulo
523 1899 665 1962 Romano
688 1899 763 1962 dare
784 1899 942 1964 debebant
963 1908 994 1963 et
1016 1900 1175 1975 solebant;
1198 1900 1253 1964 abs
1275 1901 1397 1964 tesolo
1413 1899 1577 1962 remissum
1593 1904 1650 1960 est.
1682 1895 1744 1957 lies

425 1992 555 2078 publica
577 1993 800 2057 detrimentum
822 1993 914 2068 fecit,
940 1995 1025 2078 quod
1047 2002 1158 2077 perte
1180 1996 1302 2080 imperii
1325 1996 1375 2059 ius
1397 1995 1430 2056 in
1453 2012 1516 2057 una
1538 1993 1664 2055 civitate
1686 1987 1745 2050 im-

426 2089 581 2153 minutum
602 2095 666 2151 est:
690 2088 807 2161 Siculi,
830 2090 915 2172 quod
937 2089 1039 2172 ipsum
1061 2109 1126 2151 non
1141 2089 1181 2152 de
1196 2109 1319 2153 summa
1332 2088 1481 2152 frumenti
1496 2086 1671 2150 detractum
1686 2088 1782 2158 estis

426 2182 482 2246 sed
503 2181 689 2245 unuslatum
711 2183 744 2244 in
768 2181 990 2265 Centuripinos
1011 2190 1043 2246 et
1064 2183 1249 2259 Halesinos,
1282 2185 1437 2247 immunes
1458 2181 1610 2265 populos,
1630 2185 1664 2241 et
1684 2175 1745 2240 boc

425 2277 497 2360 plns
525 2276 728 2358 impositum,
758 2295 852 2357 quarn
873 2274 956 2337 ferre
983 2284 1124 2358 possent.
1167 2272 1218 2339 44.
1241 2280 1358 2340 Navem
1379 2279 1534 2359 imperare
1556 2293 1596 2336 ex
1616 2272 1746 2335 foedere

426 2370 580 2434 debuisti:
601 2368 751 2432 remisisti
773 2369 805 2431 in
826 2369 1012 2444 triennium,
1034 2371 1166 2434 militem
1181 2371 1303 2434 nullum
1320 2391 1472 2455 umquam
1493 2366 1668 2454 poposcisti
1689 2385 1747 2449 per

426 2473 473 2527 tot
493 2482 603 2527 annos.
639 2463 754 2525 Fecisti
775 2463 867 2538 item,
889 2471 925 2525 ut
947 2465 1123 2547 praedones
1139 2465 1260 2528 solent:
1283 2467 1338 2549 qui
1356 2486 1427 2529 cum
1440 2466 1548 2527 hostes
1563 2479 1746 2526 communes

426 2558 490 2622 sint
516 2557 674 2630 omnium,
702 2563 806 2619 tamen
835 2556 961 2641 aliquos
986 2557 1045 2618 sibi
1066 2558 1236 2622 instituunt
1257 2560 1393 2635 amicos,
1426 2559 1629 2644 quibus'non
1651 2556 1784 2624 modost

427 2658 567 2737 parcant,
587 2670 697 2713 verum
720 2650 815 2712 etiam
836 2650 955 2733 praeda
977 2670 1058 2734 quos
1079 2661 1233 2734 augeant,
1255 2661 1363 2717 eleos
1385 2653 1531 2726 maxime,
1554 2652 1610 2735 qui
1631 2649 1749 2714 babent

426 2746 578 2831 oppidum
599 2751 780 2826 opportuno
802 2745 883 2818 loco,
905 2764 969 2827 quo
985 2764 1079 2829 saepe
1095 2746 1274 2809 adeundum
1289 2748 1330 2810 sit
1344 2747 1487 2820 naribus,
1508 2763 1747 2829 nonnumquam

429 2841 524 2903 etiam
544 2838 733 2901 necessario.
777 2839 817 2900 X.
838 2837 978 2902 Phaselis
1001 2838 1071 2912 illa,
1094 2859 1189 2923 quam
1212 2843 1295 2925 cepit
1315 2843 1349 2904 P.
1372 2841 1538 2914 Servilius,
1559 2859 1624 2903 non
1645 2838 1749 2902 fuerat

426 2934 502 2997 urbs
524 2940 616 2996 antea
639 2931 770 2996 Cilicum
793 2941 887 3016 atque
909 2932 1126 3016 praedonum:
1156 2935 1244 3019 Lycii
1265 2935 1363 3011 illam,
1384 2936 1496 2998 Graeci
1516 2935 1676 3007 homines,
1698 2931 1748 2995 in·

427 3027 582 3091 colebant.
605 3026 668 3090 Sed
692 3025 778 3109 quod
801 3035 868 3089 erat
890 3027 959 3089 eius
981 3027 1067 3089 modi
1089 3027 1161 3090 loco
1182 3034 1278 3111 atque
1299 3032 1345 3093 ita
1366 3029 1507 3112 proiecta
1527 3029 1561 3091 in
1583 3028 1690 3100 altum,
1711 3032 1785 3095 uie

426 3130 458 3186 et
479 3128 632 3185 exeuntes
654 3141 671 3183 e
688 3120 798 3183 Cilicia
818 3120 995 3204 praedones
1018 3140 1114 3205 saepe
1136 3121 1175 3184 ad
1196 3141 1266 3186 eam
1287 3125 1467 3187 necessario
1490 3123 1684 3196 devenirent,
1705 3127 1747 3196 et,

428 3236 500 3279 cum
522 3234 556 3277 se
579 3235 619 3278 ex
639 3213 728 3277 bisce
750 3214 828 3277 locis
850 3219 1042 3298 reciperent,
1069 3217 1182 3279 eodem
1211 3215 1426 3292 deferrentur,
1459 3217 1660 3280 adsciverunt
1688 3213 1748 3280 sibi

425 3308 505 3372 illud
527 3309 680 3393 oppidum
702 3310 822 3392 piratae
836 3310 939 3391 primo
953 3311 1154 3384 commercio,
1177 3310 1293 3375 deinde
1308 3313 1402 3374 etiam
1418 3313 1579 3375 societate.
1615 3304 1666 3372 22.
1681 3311 1749 3372 bls-

425 3403 558 3467 mertina
580 3403 689 3467 civitas
712 3403 856 3485 improba
873 3411 965 3466 antea
986 3424 1051 3467 non
1074 3411 1156 3468 erat:
1180 3404 1275 3467 etiam
1297 3412 1364 3467 erat
1381 3405 1508 3468 inimica
1522 3404 1747 3488 improborum,

427 3517 510 3581 quae
533 3497 566 3559 C.
590 3497 729 3571 Catonis,
751 3497 846 3572 illius,
869 3499 924 3582 qui
946 3499 1057 3562 consul
1078 3497 1149 3572 fuit,
1172 3499 1399 3581 impedimenta
1420 3499 1561 3562 retinuit.
1596 3500 1637 3560 At
1658 3498 1785 3565 cuiusso

425 3589 582 3654 bominisl
606 3589 771 3654 clarissimi
794 3611 830 3655 ac
851 3592 1079 3675 potentissimi3
1103 3592 1158 3675 qui
1181 3600 1286 3656 tamen
1308 3613 1380 3657 cum
1400 3592 1511 3656 consul
1529 3591 1650 3667 fuisset,
1672 3610 1748 3655 con·

426 3684 592 3749 demnatus
623 3693 680 3749 est.
733 3683 790 3770 [lta
820 3686 853 3750 C.
883 3687 976 3762 Cato,
1006 3687 1142 3750 duorum
1169 3687 1332 3752 bominum
1360 3687 1607 3752 clarissimorum
1635 3704 1747 3769 nepos,

491 3936 515 3985 4.
532 3935 608 3985 laedit
625 3935 703 3999 4349.
718 3963 745 3972 -
757 3937 930 4001 modumsuae
941 3938 964 3988 V
975 3938 1036 4001 (Βι.)
1050 3964 1077 3974 -
1090 3939 1115 3989 4.
1134 3938 1242 4002 iopraiis
1252 3937 1298 3998 443,
1316 3938 1351 3988 V:
1369 3938 1486 4002 44344444
1502 3938 1521 3988 L
1533 3937 1553 3988 0
1571 3935 1613 4001 (44.
1625 3949 1652 4002 p.
1665 3934 1747 3988 Tullio

427 4011 451 4075 5.
464 4011 513 4073 4.);
530 4011 612 4074 protis
627 4009 692 4062 dett.
706 4036 733 4046 -
753 4011 777 4061 3.
792 4017 895 4074 possunt
911 4012 957 4073 449,
975 4010 1004 4062 λι
1019 4015 1114 4076 possint
1130 4015 1165 4072 0;
1182 4014 1320 4076 sipossrsm
1335 4018 1423 4077 443444
1438 4025 1492 4064 om.
1511 4013 1590 4076 4433.
1604 4038 1632 4049 -
1644 4010 1669 4063 4.
1687 4012 1748 4062 mol

425 4083 476 4134 113:
497 4085 559 4134 4444
578 4084 714 4148 [edendos
735 4085 800 4137 dett.
819 4087 848 4138 0.
871 4087 1010 4151 (4444444444
1026 4089 1114 4152 4433.)
1134 4114 1161 4125 -
1180 4090 1204 4139 4.
1223 4090 1298 4139 etiam
1318 4102 1372 4139 om.
1391 4090 1419 4139 l..
1440 4115 1467 4125 -
1485 4086 1561 4152 malo]
1577 4087 1651 4137 modo
1667 4088 1745 4152 4433.

426 4160 532 4223 praeter
547 4159 588 4210 49.
603 4185 631 4196 -
643 4174 744 4211 4444444
760 4161 837 4225 4349.
852 4189 879 4198 -
893 4164 948 4212 dem
964 4165 1057 4227 begga
1074 4165 1140 4213 idem
1155 4165 1189 4223 ll;
1207 4165 1239 4213 sit
1254 4163 1299 4214 03.
1314 4189 1341 4198 -
1355 4163 1380 4214 o.
1397 4164 1560 4214 mdimsissm
1575 4165 1605 4215 44.
1619 4189 1647 4200 -
1660 4164 1685 4216 8.
1703 4163 1749 4225 esi

426 4240 449 4286 ts
465 4237 506 4286 est
523 4235 548 4285 in
566 4235 596 4296 a,
614 4249 667 4287 non
683 4238 728 4298 qui
742 4238 810 4297 44444,
827 4240 858 4288 ut
874 4237 956 4289 babet
967 4237 1024 4289 coll.
1037 4239 1204 4290 liconiensis.
1219 4265 1246 4276 -
1260 4239 1284 4290 9.
1297 4240 1427 4302 inposuisti
1437 4239 1466 4290 44.
1482 4267 1508 4277 -
1522 4241 1563 4291 40.
1575 4245 1641 4292 totos
1651 4239 1746 4292 codd:

426 4322 479 4361 om.
498 4310 527 4360 0.
543 4338 571 4348 -·
583 4311 684 4375 iosmns's
699 4313 730 4362 44.
745 4338 772 4349 -
786 4313 826 4363 44.
844 4313 977 4389 mod-iord,
996 4315 1042 4375 04,
1059 4313 1113 4374 Ld;
1131 4315 1216 4364 modio
1233 4316 1283 4374 Gi;
1300 4316 1366 4366 mod.
1385 4317 1463 4379 4433.
1483 4316 1548 4368 ilinc
1564 4329 1670 4368 errores
1686 4316 1746 4378 ortt,

424 4398 454 4446 ut
470 4393 532 4446 alibi
549 4407 631 4459 saepe
648 4396 675 4447 in
691 4394 758 4446 libro
775 4397 817 4446 444.
837 4424 864 4432 -
883 4398 929 4449 LX
941 4398 979 4448 sic
996 4399 1031 4448 li:
1054 4399 1100 4449 ix
1115 4398 1188 4448 milio
1209 4397 1266 4449 rell.
1285 4399 1314 4450 0.
1335 4423 1362 4435 —
1382 4399 1423 4450 43.
1441 4399 1544 4450 decem
1563 4402 1584 4452 ll
1600 4413 1641 4465 pr.
1659 4413 1696 4451 m.
1717 4426 1745 4439 -
1823 4402 1830 4411 '

425 4470 551 4534 ll.‘ouod
563 4471 619 4536 por]
643 4477 666 4521 et
679 4477 783 4534 propter
800 4471 877 4535 4344.
894 4500 920 4510 -
938 4487 992 4522 aaa
1007 4474 1034 4522 iss
1051 4473 1116 4524 dett.
1135 4475 1164 4523 0.
1180 4501 1206 4511 -
1226 4476 1266 4526 45.
1289 4476 1368 4525 Simili
1379 4481 1462 4525 --est
1482 4477 1525 4526 ssd
1546 4489 1600 4527 om.
1618 4476 1697 4540 4349.
1716 4501 1744 4512 -

424 4550 504 4610 ipsum
520 4547 572 4599 Rs:
590 4548 635 4598 boc
652 4546 717 4598 dett.
736 4547 765 4598 0.
785 4574 812 4583 —
832 4549 872 4599 46.
891 4548 1035 4599 Halaesinos
1051 4549 1169 4598 immunis
1184 4551 1213 4600 44.
1229 4576 1256 4586 -
1270 4551 1310 4602 ll.
1328 4551 1408 4612 inpos.
1426 4551 1455 4601 44.
1469 4576 1496 4586 -
1509 4564 1543 4600 ee
1556 4549 1621 4612 foed.
1639 4549 1692 4600 444.
1710 4552 1745 4602 ll:

425 4624 477 4675 444.
497 4637 530 4675 eur
544 4623 608 4686 foed.
627 4623 673 4684 03,
691 4621 716 4673 λ.
737 4649 764 4658 -
783 4623 824 4673 49.
843 4629 871 4673 oi
886 4624 938 4674 113:
954 4625 992 4672 444
1008 4623 1073 4673 deti.
1092 4622 1122 4673 0.
1137 4648 1164 4659 -
1184 4638 1258 4686 quom
1274 4626 1294 4674 44
1311 4637 1351 4689 pr.
1371 4638 1407 4675 m.
1425 4628 1452 4675 et
1468 4625 1508 4676 sic
1524 4637 1615 4689 saepe.
1629 4651 1657 4660 -
1669 4625 1748 4676 iosias

423 4712 511 4750 comm.
530 4700 559 4760 44,
572 4700 605 4749 04
620 4698 650 4747 4ι
669 4713 758 4749 comm.
776 4699 855 4750 bostss
871 4699 929 4760 td,
947 4697 1012 4749 dett.
1031 4699 1060 4748 0.
1073 4723 1101 4734 -
1120 4699 1161 4748 40.
1179 4703 1236 4748 saort
1252 4698 1297 4758 443,
1316 4698 1393 4762 4344.
1409 4724 1436 4735 -
1454 4697 1496 4750 44.
1514 4704 1573 4749 ossis
1588 4697 1653 4749 dett.
1672 4699 1701 4748 0.
1717 4725 1745 4737 -

425 4780 499 4838 apos
515 4776 544 4835 44,
562 4775 645 4838 4433ι
664 4779 687 4823 et
703 4775 734 4823 04
751 4774 775 4832 4,
794 4772 823 4832 λ;
842 4787 895 4824 om.
915 4772 960 4823 ld.
982 4798 1008 4808 -
1027 4773 1155 4822 lotsom
1170 4774 1305 4836 4344444444
1321 4775 1398 4838 4349.
1419 4801 1447 4811 -
1465 4776 1505 4824 44.
1523 4775 1589 4839 qaod
1606 4778 1633 4824 et
1648 4774 1746 4827 deinde

424 4852 461 4900 iio
477 4862 531 4900 orn¹
550 4849 631 4900 idem.
646 4875 673 4884 -
686 4854 714 4897 oi
729 4849 761 4911 ct]
778 4853 806 4897 ut
822 4862 852 4898 eo
868 4849 946 4912 lagg.
961 4851 1068 4911 praeter
1083 4848 1124 4898 49.
1140 4876 1167 4885 -
1180 4850 1221 4900 44.
1239 4863 1297 4900 csso
1312 4863 1338 4901 se
1354 4864 1387 4901 44
1401 4851 1466 4900 bisce
1482 4850 1518 4900 03
1536 4848 1593 4913 (444
1610 4849 1642 4899 04
1662 4848 1745 4910 oties,

426 4925 472 4977 Ld.
491 4924 573 4990 iisch:
591 4938 667 4986 quom
683 4937 709 4974 ss
724 4938 758 4974 44
774 4925 822 4974 isco
838 4925 873 4984 lt;
892 4937 948 4973 com
963 4937 998 4973 44
1013 4924 1078 4974 bisce
1093 4936 1118 4973 se
1134 4923 1199 4974 dett.
1212 4925 1241 4974 0.
1257 4951 1284 4962 -
1298 4926 1360 4975 iliad
1374 4924 1421 4974 sibi
1437 4922 1502 4975 dett.
1515 4924 1544 4975 0.
1558 4948 1585 4959 —
1599 4923 1640 4974 48.
1656 4929 1748 4985 purete

426 5003 455 5053 44.
470 5027 497 5036 -
516 5001 557 5052 34.
576 5014 607 5050 44
619 5004 713 5063 potent.
732 4999 778 5059 443,
797 4999 829 5050 C:
845 4999 1055 5061 promptissimique
1071 4996 1121 5059 (vel
1136 5003 1189 5061 poi.
1207 5012 1312 5061 444444,
1330 5001 1360 5050 ui
1375 4997 1475 5050 babent
1491 4999 1506 5048 6
1523 4998 1611 5063 4433.)
1628 4997 1694 5048 4444.
1711 4998 1744 5059 0;

423 5075 586 5140 potentissirsi
602 5074 869 5138 sinemurensis.
884 5100 911 5110 -
925 5075 1118 5135 coudsmpoatus
1129 5073 1157 5125 44.
1171 5100 1199 5110 -
1213 5074 1254 5125 34.
1272 5076 1312 5125 lto
1323 5102 1360 5115 --
1370 5076 1502 5126 aestimate
1517 5079 1552 5124 est
1568 5087 1584 5122 a
1601 5072 1745 5137 glossatore

426 5153 524 5203 inserta
542 5165 602 5203 esse
619 5150 804 5202 intellexerunt
821 5150 934 5214 Zumpt..
952 5149 995 5199 Or.
1008 5150 1032 5209 4,
1050 5147 1140 5207 Halm3
1158 5148 1209 5209 alii,
1228 5152 1258 5200 ui
1274 5151 1346 5212 Era„
1363 5152 1419 5201 ltau
1437 5151 1475 5213 (ll.
1488 5161 1515 5213 p.
1528 5150 1584 5199 444.
1597 5149 1643 5213 qui
1654 5146 1747 5199 scribit

426 5227 467 5276 cui
483 5226 612 5291 44444444)
633 5225 690 5277 sola
708 5238 752 5276 ιι.
775 5222 815 5274 lio
825 5250 863 5262 ·-
872 5224 939 5289 ptius
963 5223 1162 5274 damnaverunt.
1191 5222 1325 5277 Turbatur
1346 5223 1408 5278 olim
1425 5223 1492 5278 baec
1508 5222 1598 5277 omnis
1613 5222 1657 5274 Or.
1674 5223 1699 5277 4.
1717 5223 1746 5277 44

426 5300 513 5353 liade.
531 5313 574 5365 ep.
591 5313 619 5366 p.
630 5301 671 5352 44.
701 5299 740 5351 Cf.
759 5299 840 5350 etiam
854 5299 925 5350 Bake
942 5297 976 5349 ad
993 5299 1071 5365 4433.
1088 5311 1116 5367 p.
1133 5297 1191 5354 499.
