4367 6109
740 613 814 678 cn„
834 610 1156 676 xxxn-xxxrv.
1182 607 1239 695 ss.
1260 605 1406 674 sa-ss.
1671 601 1733 668 cas
1761 553 1768 564 ’

423 800 596 864 agrumque
625 782 745 846 civibus
765 780 972 856 ademissent,
999 789 1106 845 tamen
1131 800 1195 844 non
1217 778 1341 854 delore,
1372 779 1427 862 qui
1454 777 1509 841 illa
1534 776 1737 839 restituerent

422 882 517 958 atque
535 870 612 957 [qui]
629 876 733 938 omnia
747 882 819 938 ante
835 882 1069 949 commutarent,
1091 894 1186 958 quam
1200 894 1258 937 nos
1272 874 1380 936 audire
1393 890 1576 955 possemus:
1597 869 1647 931 hic
1661 888 1736 930 vero

349 1003 353 1011 ·
423 970 456 1032 in
478 967 579 1030 oculis
601 977 729 1031 senatus
749 967 924 1051 populique
939 969 1071 1031 Romani
1091 968 1171 1030 nihil
1187 987 1282 1050 posse
1296 969 1464 1040 exsistere,
1485 964 1572 1049 qnod
1586 983 1650 1026 non
1664 969 1737 1025 ante

422 1061 579 1143 exstingui
608 1069 703 1144 atque
735 1061 870 1143 opprimi
902 1070 1025 1146 posset,
1058 1081 1152 1145 qnam
1176 1061 1268 1144 plane
1290 1068 1434 1123 exortum
1455 1079 1492 1121 ae
1513 1065 1621 1121 natum
1643 1065 1735 1119 esset.

421 1157 532 1237 Neque
561 1173 636 1216 vero
666 1174 702 1217 ea
730 1175 782 1217 res
810 1154 921 1218 fefellit
941 1156 1086 1218 homines
1108 1155 1214 1216 divina
1235 1162 1339 1217 mente
1362 1162 1393 1217 et
1414 1153 1544 1216 consilio
1566 1149 1759 1233 praeditosi

422 1249 501 1310 Nam
522 1255 594 1330 post
615 1248 655 1324 Q.
670 1248 814 1311 Fulvium
837 1247 876 1323 Q.
891 1249 1021 1310 Fabium
1043 1247 1207 1321 consules,
1229 1247 1345 1331 quibus
1364 1246 1546 1310 consulibus
1562 1243 1667 1326 Capua
1682 1242 1737 1304 de·

421 1341 502 1403 victa
527 1346 623 1423 atque
651 1350 743 1424 capta
771 1351 834 1415 est,
861 1341 940 1404 nihil
967 1350 1014 1405 est
1035 1342 1068 1402 in
1091 1340 1145 1402 illa
1166 1342 1243 1402 urhe
1266 1348 1375 1404 contra
1395 1341 1475 1403 hanc
1496 1359 1562 1401 rem
1583 1335 1736 1421 publicam

421 1455 486 1498 non
514 1433 585 1496 dico
611 1433 743 1509 lactum,
773 1435 829 1497 sed
856 1435 935 1497 nihil
964 1435 1093 1498 omnino
1116 1441 1164 1496 est
1184 1433 1361 1515 cogitatum.
1404 1434 1503 1496 Multa
1522 1439 1634 1515 postea
1653 1427 1738 1491 bella

421 1535 509 1610 gesta
529 1547 600 1590 cum
621 1529 765 1610 regibus,
794 1529 958 1612 Philippo,
980 1528 1152 1600 Antiocho,
1181 1528 1291 1600 Persa,
1312 1526 1597 1609 Pseudophilippo,
1619 1523 1737 1585 Aristo-

420 1621 507 1695 nico,
529 1621 708 1684 Mithridate
731 1630 762 1685 et
784 1623 910 1696 ceteris;
932 1622 1029 1685 multa
1048 1629 1211 1704 praeterea
1225 1620 1308 1683 bella
1323 1620 1444 1702 gravia,
1466 1618 1737 1700 Karthaginiense,
1746 1629 1774 1676 40

422 1714 632 1788 Corinthium,
654 1716 896 1789 Numantinum
919 1716 1035 1778 multae
1057 1715 1090 1776 in
1112 1715 1171 1776 hac
1193 1732 1226 1775 re
1249 1712 1375 1794 publica
1393 1711 1566 1774 seditiones
1588 1710 1737 1773 domesti-

421 1827 493 1881 cae,
515 1827 593 1889 quas
614 1808 847 1890 praetermitto;
876 1808 1051 1872 bellacum
1074 1809 1185 1882 sociis,
1206 1804 1440 1887 Fregellanum,
1461 1805 1643 1867 Marsicum:
1666 1802 1737 1885 qui-

420 1901 480 1964 hus
503 1901 648 1964 omnibus
668 1901 849 1964 domesticis
871 1902 1073 1985 externisque
1095 1901 1188 1964 bellis
1211 1900 1319 1982 Capua
1339 1919 1403 1961 non
1424 1898 1518 1961 modo
1539 1917 1602 1959 non
1624 1895 1736 1968 obfuit,

419 1995 477 2059 sed
499 1995 797 2077 opportunissimam
819 2014 852 2056 se
873 1997 965 2057 nobis
986 1996 1130 2078 praebuit
1151 2002 1182 2057 et
1203 1994 1242 2056 ad
1264 1992 1382 2056 bellum
1403 1991 1623 2055 instruendum
1644 1998 1676 2052 et
1697 1987 1736 2051 ad

421 2089 577 2152 exercitus
607 2087 765 2150 ornandos
793 2096 825 2150 et
853 2090 943 2151 tectis
965 2107 1001 2151 ac
1023 2088 1152 2152 sedibus
1174 2089 1239 2150 suis
1260 2086 1469 2168 recipiendos.
1512 2080 1563 2147 iii.
1583 2083 1736 2146 Homines
1744 2096 1774 2144 te

421 2201 484 2244 non
506 2182 631 2244 inerant
650 2181 683 2242 in
698 2182 791 2256 urbe,
814 2182 869 2265 qui
887 2181 976 2245 malis
991 2182 1207 2255 contionibus,
1228 2179 1418 2244 turbulentis
1433 2185 1559 2242 senatus
1575 2175 1736 2248 consultis,

420 2275 537 2357 iniquis
558 2273 698 2356 imperiis
720 2294 785 2336 rem
807 2274 964 2356 publicam
986 2275 1155 2338 miscerent
1176 2283 1208 2337 et
1234 2294 1338 2337 rerum
1359 2293 1511 2337 novarum
1532 2290 1658 2335 causam
1680 2267 1737 2331 ali-

421 2387 514 2451 quam
541 2374 740 2450 quaererent
782 2370 893 2452 Neque
920 2370 1004 2432 enim
1034 2368 1235 2432 contionandi
1262 2374 1402 2450 potestas
1423 2375 1491 2430 erat
1510 2367 1656 2449 cuiquam
1678 2381 1738 2424 nec

420 2462 544 2528 consilii
565 2462 712 2544 capiundi
734 2463 871 2546 puhlici;
901 2483 965 2527 non
986 2462 1104 2545 gloriae
1126 2462 1296 2545 cupiditate
1318 2461 1544 2535 efferebantur,
1570 2466 1737 2542 propterea

421 2557 522 2642 quod,
543 2555 598 2618 ubi
619 2555 724 2618 honos
745 2556 870 2640 publice
891 2577 954 2620 uon
977 2564 1041 2630 est,
1063 2556 1108 2619 ibi
1130 2556 1247 2639 gloriae
1262 2557 1418 2639 cupiditas
1439 2576 1508 2619 esse
1529 2575 1594 2618 non
1616 2558 1774 2637 potestne

420 2672 484 2716 non
506 2649 727 2723 contentione,
749 2669 815 2712 non
835 2651 1006 2712 ambitione
1027 2649 1199 2713 discordes.
1231 2650 1315 2713 Nihil
1337 2651 1420 2712 enim
1441 2659 1604 2732 supererat
1618 2649 1657 2711 de
1672 2667 1736 2731 quo

420 2751 590 2816 certarent,
612 2741 692 2804 nihil
715 2743 802 2826 quod
824 2751 932 2806 contra
953 2751 1113 2826 peterent,
1135 2743 1214 2806 nihil
1229 2744 1282 2807 ubi
1298 2743 1496 2807 dissiderent.
1525 2745 1635 2825 ltaque
1649 2741 1735 2805 illam

422 2839 611 2919 Campanam
641 2845 837 2918 arrogantem
864 2845 960 2920 atque
987 2837 1217 2900 intolerandam
1238 2838 1388 2900 ferociam
1409 2837 1530 2900 ratione
1553 2844 1584 2899 et
1605 2834 1736 2898 consilio

418 2931 553 2996 maiores
582 2930 681 2992 nostd
709 2928 749 2991 ad
778 2930 1000 2993 inertissimum
1026 2950 1063 2993 ac
1084 2931 1369 2995 desidiosissimum
1390 2932 1489 2994 otium
1510 2930 1737 3014 perduxerunt.

420 3026 473 3088 Sic
494 3030 526 3084 et
547 3022 740 3086 crudelitatis
762 3023 921 3087 infamiam
944 3024 1139 3106 effugerunt,
1162 3026 1247 3109 quod
1268 3026 1378 3089 urbem
1399 3047 1440 3088 ex
1457 3026 1546 3089 ltalia
1565 3023 1774 3109 pulcherrim

419 3137 501 3180 mam
523 3136 587 3180 non
608 3116 817 3191 sustulerunt,
841 3126 873 3181 et
893 3117 1028 3181 multum
1049 3118 1083 3179 in
1104 3126 1265 3200 posterum
1287 3120 1509 3203 providerunt,
1531 3119 1615 3203 quod
1630 3117 1736 3181 nervis

419 3210 564 3274 omnihus
591 3211 669 3273 urbe
697 3213 832 3274 exsectis
853 3211 961 3274 urbem
982 3213 1083 3294 ipsam
1106 3213 1238 3276 solutam
1260 3233 1295 3276 ac
1317 3213 1510 3277 debilitatam
1530 3213 1736 3297 reliquerunt.

419 3305 565 3368 xxxlv.
587 3301 638 3367 92.
660 3305 745 3368 llaec
766 3306 898 3368 consilia
919 3307 1070 3369 maiomam
1091 3308 1133 3369 Μ.
1154 3307 1266 3382 Bruto,
1291 3314 1327 3369 ut
1347 3314 1440 3370 antea
1461 3307 1544 3382 dixi,
1565 3306 1736 3389 reprehen-

421 3398 525 3462 denda
547 3394 592 3480 [et
613 3399 646 3460 P.
669 3395 772 3480 llullo]
795 3400 861 3462 visa
883 3408 972 3473 suni,
993 3419 1099 3483 neque
1120 3409 1168 3475 te,
1190 3402 1224 3463 Ρ.
1246 3401 1352 3476 440440,
1382 3402 1488 3465 omina
1509 3400 1564 3463 illa
1585 3402 1626 3462 bl.
1647 3399 1735 3462 Bruti

419 3501 515 3576 atque
537 3491 679 3574 auspicia
700 3511 719 3553 a
740 3492 833 3554 simili
854 3491 960 3555 furore
982 3493 1150 3557 deterrent.
1194 3497 1271 3557 Nam
1293 3496 1431 3578 etipse,
1461 3497 1514 3578 qui
1535 3493 1682 3568 deduxit,
1704 3499 1772 3556 eisc

419 3589 474 3670 qui
501 3587 715 3669 magistratum
745 3586 869 3668 Capuae
898 3586 952 3648 illo
975 3595 1103 3650 creante
1125 3594 1291 3671 ceperunt,
1320 3595 1351 3652 et
1375 3591 1431 3673 qui
1452 3589 1589 3672 aliquam
1613 3594 1734 3671 partem

419 3682 505 3745 illius
527 3679 745 3753 deductionis,
772 3679 919 3752 honoris,
942 3683 1079 3744 muneris
1102 3683 1286 3764 attigerunt,
1309 3702 1418 3746 omnes
1440 3683 1656 3746 acerbissimas
1678 3682 1735 3744 im·

419 3776 543 3858 piorum
563 3793 685 3856 poenas
707 3775 913 3855 pertulerunt.
955 3775 995 3836 Et
1017 3777 1167 3858 quoniam
1189 3778 1275 3839 Bruti
1296 3785 1390 3860 atque
1411 3776 1498 3839 illius
1512 3775 1661 3859 temporis
1675 3773 1734 3837 leci

418 3867 628 3942 mentionem,
658 3867 908 3930 commemorabo
934 3866 986 3942 id,
1016 3867 1099 3951 quod
1130 3876 1254 3951 egomet
1280 3869 1361 3944 vidi,
1390 3889 1461 3933 cum
1490 3868 1647 3933 venissem
1678 3867 1735 3931 Ca·

419 3959 529 4045 puam,
552 3960 709 4024 coloniam
732 3960 898 4024 deductam
919 3960 954 4022 L.
978 3960 1127 4025 Considio
1150 3968 1182 4025 et
1204 3962 1276 4025 Sex.
1300 3964 1413 4038 Saltio,
1435 3983 1530 4047 quem
1551 3962 1591 4026 ad
1606 3962 1773 4027 modumas

483 4187 507 4235 2.
525 4191 600 4248 atqie
615 4185 667 4250 qai]
684 4192 758 4247 atquc
769 4199 821 4248 mg.
838 4183 864 4237 t.
879 4212 905 4221 —
925 4186 1009 4236 omnia
1025 4190 1083 4236 cote
1100 4186 1134 4236 E:
1152 4191 1211 4236 anic
1227 4188 1311 4236 omnic
1327 4183 1467 4239 Facto.
1481 4213 1509 4223 -
1527 4188 1736 4238 conmunitcrent

419 4263 473 4312 EF.
494 4285 521 4297 -
546 4259 570 4311 4.
589 4266 648 4311 essct
668 4275 721 4312 om.
740 4263 825 4312 EFA.
850 4261 956 4312 Addidit
971 4263 1027 4312 llic.
1045 4260 1176 4325 Angelius.
1201 4288 1227 4296 -
1252 4262 1275 4311 6.
1295 4262 1339 4312 Cn.
1357 4263 1471 4312 maisin
1493 4262 1537 4312 dir.
1556 4263 1693 4325 Sulpicium
1715 4264 1734 4312 4,

417 4335 474 4388 coll.
494 4338 547 4387 biv.
563 4336 650 4386 xxvi.
669 4337 764 4386 i.-7.
783 4337 828 4386 iiia
842 4337 901 4387 urbs
918 4339 1010 4388 EFP:
1029 4334 1332 4390 narbonia-8.
1351 4337 1392 4387 ssd
1407 4337 1469 4386 ciiii
1484 4337 1585 4387 omnim
1601 4338 1730 4400 caespita-

415 4417 468 4461 tam
483 4412 519 4470 A;
543 4412 585 4461 sed
608 4412 707 4461 comino
728 4413 895 4475 cecoqiiciron
919 4425 981 4462 cum
998 4411 1041 4462 ed.
1062 4412 1164 4462 luntina
1181 4407 1210 4470 t;
1228 4413 1270 4461 scd
1285 4412 1384 4462 oronim
1400 4413 1535 4476 cecitatem
1555 4424 1616 4462 cum
1635 4412 1735 4460 Laure-

416 4486 484 4536 dano
507 4487 538 4536 0.
563 4512 591 4521 -
615 4488 656 4537 40.
679 4486 870 4551 &reomense
890 4490 926 4547 A3
951 4487 1170 4549 Koricqineosioen
1187 4487 1251 4545 EF3
1278 4488 1523 4552 Kerdinqiniensiwn
1543 4483 1574 4547 l!;
1601 4487 1734 4550 Carthasi-

415 4562 496 4612 sianss
512 4561 555 4610 lli.
573 4561 752 4612 Laurednnus.
767 4588 793 4598 -
814 4563 854 4612 44.
872 4563 919 4612 icc
937 4575 970 4623 ,0.
988 4564 1016 4612 li.
1036 4563 1066 4620 F;
1084 4563 1130 4610 boc
1148 4576 1181 4623 ,0.
1197 4563 1224 4611 a.
1243 4562 1272 4611 Ε.
1287 4587 1314 4598 —-
1333 4561 1373 4611 43.
1392 4562 1529 4611 &masada
1543 4562 1634 4612 italicis
1648 4566 1734 4610 00400-

414 4637 500 4698 nisque
517 4636 570 4685 FP.
591 4660 618 4669 -
642 4635 682 4687 44.
700 4638 916 4698 oportunissimam
933 4637 989 4687 EF.
1010 4663 1037 4673 -
1060 4638 1095 4685 ad
1110 4637 1202 4685 erciim
1218 4635 1246 4685 Ε.
1267 4662 1293 4671 -
1322 4637 1361 4685 444.
1380 4636 1420 4698 00]
1437 4651 1455 4686 0
1470 4638 1526 4686 EF.
1547 4663 1574 4673 —
1594 4634 1732 4699 thraciis]

415 4711 483 4760 bonis
499 4710 526 4758 F.
541 4735 567 4744 —
586 4712 765 4761 conditionibus
781 4713 835 4762 EF.
851 4739 878 4748 -
898 4713 937 4761 47.
956 4711 1070 4774 ntiquom
1081 4724 1135 4760 om.
1149 4711 1178 4760 Ε.
1194 4736 1221 4748 -
1241 4711 1282 4761 22.
1295 4712 1533 4774 qacdcompctareni
1544 4712 1572 4761 T.
1587 4738 1614 4747 -
1631 4710 1672 4760 43.
1686 4726 1734 4761 cr-

413 4788 543 4847 rcpcoiem
560 4784 620 4832 EF:
647 4787 823 4849 arrogantiam
844 4782 956 4838 ALFO.
981 4811 1008 4822 -
1027 4784 1069 4836 tl.
1087 4798 1119 4834 cc
1135 4786 1195 4835 EF:
1214 4791 1237 4836 et
1254 4787 1369 4840 Anao.
1388 4814 1415 4823 -
1434 4788 1476 4837 ti.
1494 4787 1605 4836 carnibus
1620 4786 1681 4836 urbs
1697 4787 1730 4837 E:

414 4860 482 4910 00040
492 4859 602 4908 mosibus
613 4862 702 4910 ceteri.
715 4887 742 4896 —-
761 4863 873 4924 00000440]
889 4862 969 4912 eiectis
979 4859 998 4909 Ε
1009 4860 1026 4909 F
1036 4861 1094 4909 GP.
1113 4859 1270 4911 Emendavii
1285 4862 1341 4911 Nic.
1354 4862 1486 4924 Angelius.
1505 4861 1543 4911 Ct.
1557 4862 1611 4910 hiv.
1624 4862 1677 4911 Vll.
1689 4861 1730 4911 39.

416 4961 443 4971 -
456 4934 497 4984 28.
510 4939 567 4983 anic
578 4935 604 4983 F.
616 4960 650 4969 -
665 4935 706 4984 29.
719 4941 742 4985 ct
752 4938 778 4986 Ρ.
792 4936 863 4986 italio
879 4936 988 4986 insiticia
1006 4932 1070 4983 mihi
1080 4933 1246 4985 videntne·
1265 4935 1356 5000 omno]
1377 4936 1462 4985 macic
1472 4935 1491 4984 E
1500 4937 1518 4985 F
1527 4940 1557 4986 A.
1576 4937 1734 4988 Emendavii

415 5011 469 5060 Nic.
487 5008 619 5072 Angelius.
639 5036 666 5045 -
691 5010 731 5061 34.
750 5012 851 5074 capace
871 5010 914 5060 iiic
929 5013 1030 5059 creante
1045 5007 1197 5058 Turnebus:
1220 5024 1302 5072 capsa
1323 5011 1406 5061 icccrc
1427 5017 1485 5060 cois
1501 5012 1534 5070 Ε;
1556 5025 1639 5074 ccpuo
1656 5018 1678 5062 st
1694 5013 1732 5062 io-

413 5085 509 5134 crccati
525 5085 584 5143 FG;
603 5097 686 5146 camin
701 5090 725 5134 ct
740 5085 866 5136 4000000444
883 5089 914 5144 Ρ;
933 5084 1020 5145 espec
1030 5087 1053 5132 ct
1063 5084 1208 5134 lacessisti
1218 5086 1253 5144 A;
1272 5086 1373 5148 Capuae
1383 5088 1561 5136 ctlmcrsccti
1577 5083 1661 5144 ntc;
1681 5088 1733 5138 Ca-

411 5173 479 5221 puae
494 5172 525 5209 cc
541 5159 593 5222 ispe
608 5160 685 5208 000044
702 5161 730 5210 P.
748 5161 891 5216 llanntius3
915 5159 1015 5221 000000
1031 5171 1059 5208 co
1075 5159 1172 5209 loconis
1188 5159 1282 5211 Orellio
1299 5165 1406 5212 anctore
1423 5159 1545 5212 Klotzius.
1573 5162 1612 5212 Ci.
1630 5162 1732 5214 Madvi-

414 5235 486 5296 gium
505 5233 591 5283 Piiici.
612 5233 761 5284 Schneidew.
780 5236 810 5285 11.
828 5248 855 5300 p.
874 5233 929 5285 444.
959 5260 986 5270 -
1013 5234 1053 5284 32.
1074 5234 1233 5300 mimis]
1256 5237 1385 5288 0044440040
1403 5236 1492 5296 EFG3
1519 5237 1635 5290 4400444004
1652 5239 1680 5289 Ρ.
1699 5263 1728 5277 -

414 5308 455 5359 33.
474 5308 542 5358 Fort.
560 5309 679 5370 quoniam
694 5309 730 5360 lt.
748 5309 829 5360 nna.
849 5335 876 5344 -
896 5308 935 5360 35.
953 5309 1036 5360 cossio
1052 5309 1136 5360 EFF.
