4367 6109
418 591 481 662 684
787 599 829 663 IN
849 598 1015 673 VERREM
1035 597 1158 664 ACTIO
1182 598 1365 664 SECUNDA

419 787 551 832 necesse
574 769 668 830 esset
691 766 827 850 Sponsio
851 775 908 841 est,
930 787 962 830 ur
977 788 1017 831 ra
1031 768 1191 832 Arnonrvs
1206 783 1323 830 socrrar
1338 786 1370 830 ιιι
1384 784 1521 829 nacvnrs
1534 786 1608 830 assa
1622 783 1735 832 nicar:

419 860 580 944 provincia
601 867 654 922 tua
675 867 738 922 est:
760 859 851 923 ades:
885 861 939 925 ahs
962 871 992 924 te
1015 861 1168 925 iudicium
1190 860 1377 943 postulatur.
1421 858 1505 934 Quid
1527 861 1624 924 faciei
1657 862 1736 946 quid

419 953 584 1017 decemist
605 954 853 1038 Recuperatores
874 953 953 1018 dicis
974 960 1005 1016 te
1028 955 1183 1018 daturum.
1204 957 1290 1017 Bene
1312 955 1400 1036 agis·
1422 954 1545 1017 tametsi
1567 955 1736 1038 quitantia

372 1052 511 1110 erunt
532 1045 706 1111 cervicibus
727 1054 980 1130 recuperatores,
1009 1048 1064 1131 qui
1095 1048 1265 1111 audeant
1256 1068 1289 1110 ιιι
1311 1046 1490 1130 provincia,
1521 1067 1591 1110 cum
1612 1055 1738 1130 praetor

394 1137 509 1212 ladsit,
530 1158 594 1200 non
615 1139 716 1202 solum
738 1147 844 1204 contra
865 1140 1057 1204 voluntatem
1079 1142 1157 1216 eius,
1179 1140 1236 1204 sed
1258 1142 1348 1205 etiam
1370 1149 1477 1204 contra
1497 1139 1636 1204 fortunas
1657 1141 1739 1204 iudi-

418 1235 509 1297 caret
552 1226 623 1295 l36.
648 1233 765 1296 Verum
787 1241 868 1296 esto:
897 1235 1135 1298 manifestares
1157 1243 1220 1316 est.
1250 1255 1343 1298 nemo
1365 1242 1429 1308 est,
1459 1235 1535 1318 quin
1557 1235 1681 1298 audisse
1704 1254 1738 1297 se

417 1323 539 1409 liquido
561 1325 692 1389 diceret:
714 1325 977 1411 locupletissimus
1001 1330 1135 1412 quisque
1156 1349 1192 1393 ac
1214 1328 1404 1392 certissimus
1419 1329 1506 1391 testis
1521 1336 1622 1392 esset:
1645 1348 1738 1391 nemo

418 1426 484 1485 erat
499 1418 604 1483 Sicilia
626 1427 699 1493 tota,
722 1420 798 1503 quin
820 1422 912 1483 sciret
933 1422 1080 1486 decumas
1103 1442 1172 1485 esse
1194 1423 1358 1505 praetoris;
1381 1442 1483 1496 nemo,
1507 1423 1582 1505 quin
1598 1422 1738 1485 audisset

417 1513 450 1577 id
476 1514 645 1598 Apronium
672 1513 845 1579 dictitasse:
874 1522 1034 1598 praeterea
1062 1524 1232 1579 conventus
1253 1514 1405 1579 honestus
1435 1515 1614 1599 Syracusis,
1647 1515 1738 1579 multi

381 1615 409 1666 to
417 1607 538 1691 equites
552 1607 691 1681 Romani,
713 1609 770 1671 viri
784 1609 931 1691 primarii,
953 1629 994 1672 ex
1016 1630 1078 1693 qua
1099 1611 1187 1694 eopia
1208 1617 1442 1693 recuperatores
1465 1611 1549 1673 reiici
1569 1618 1737 1694 oporteret,

417 1702 472 1786 qui
498 1700 590 1763 aliter
615 1702 751 1765 iudicare
776 1702 863 1766 nullo
885 1703 979 1768 modo
1001 1711 1139 1788 possent
1182 1705 1280 1767 Instat
1302 1703 1477 1767 Scandilius
1499 1725 1626 1789 poscere
1649 1725 1739 1767 recu-

416 1803 592 1879 peratores:
624 1803 691 1858 tum
711 1796 770 1859 iste
791 1796 886 1860 homo
909 1798 1076 1873 innocens,
1100 1799 1154 1881 qui
1175 1797 1260 1861 illam
1282 1799 1492 1880 suspicionem
1514 1798 1619 1862 levare
1641 1806 1736 1882 atque

416 1887 456 1954 ab
477 1909 511 1952 se
533 1908 694 1952 removere
716 1899 858 1973 cuperet,
885 1900 1120 1975 recuperatores
1143 1891 1217 1954 dicit
1238 1911 1272 1954 se
1295 1892 1334 1954 de
1356 1892 1483 1955 cohorte
1506 1913 1562 1955 sua
1583 1891 1737 1963 daturum.

416 1983 483 2046 Lx.
505 1978 576 2046 437.
597 1985 656 2047 Pro
679 1983 771 2046 deum
793 1984 1017 2067 hominumque
1040 1980 1149 2048 lideml
1172 2004 1265 2068 quem
1281 2005 1339 2067 ego
1354 1988 1488 2048 accuso‘t
1510 1986 1542 2048 in
1558 2006 1621 2068 quo
1637 2005 1738 2049 meam

380 2077 597 2144 ttindustriam
618 2097 654 2141 ac
676 2078 866 2161 diligentiam
888 2079 1018 2163 spectari
1040 2078 1135 2141 volot
1158 2079 1233 2161 quid
1257 2086 1313 2153 est,
1338 2080 1422 2162 quod
1445 2098 1503 2161 ego
1526 2078 1661 2142 dicendo
1682 2085 1737 2142 aut

417 2171 582 2253 cogitando
605 2170 730 2235 efficere
751 2180 804 2235 aut
826 2173 952 2256 assequi
973 2173 1126 2236 deheam‘t
1148 2175 1264 2246 Teneo,
1287 2181 1388 2246 teneo,
1410 2173 1548 2256 inquam,
1570 2174 1603 2236 in
1625 2173 1738 2237 mediis

416 2265 619 2348 vectigalibus
641 2266 748 2350 populi
770 2268 918 2340 Romani,
947 2267 1076 2351 inipsis
1098 2266 1249 2330 fructibus
1279 2267 1458 2352 provinciae
1481 2266 1606 2329 Siciliae
1626 2266 1739 2342 furem,

417 2358 584 2422 manifesto
613 2367 804 2424 avertentem
832 2380 898 2424 rern
926 2360 1160 2424 frumentariam
1189 2381 1330 2436 omnem,
1359 2360 1524 2444 pecuniam
1553 2360 1739 2434 maximam3

417 2459 523 2525 teneo,
545 2452 690 2536 inquam,
713 2453 772 2528 ita,
793 2462 828 2517 ut
848 2474 964 2537 negare
985 2474 1050 2517 non
1072 2455 1182 2537 possit.
1215 2456 1302 2518 'Nam
1325 2453 1403 2537 quid
1425 2453 1475 2516 hic
1497 2452 1601 2518 diceti
1638 2455 1740 2538 Spon-

379 2545 465 2611 urio
496 2545 578 2611 facta
607 2555 654 2611 est
680 2568 751 2611 cum
780 2549 940 2630 cognitore
961 2555 1016 2610 tuo
1038 2549 1176 2631 Apronio
1199 2547 1238 2610 de
1259 2548 1391 2611 fortunis
1421 2547 1482 2610 tuis
1510 2550 1672 2622 omnihus,
1705 2549 1738 2612 ni

416 2641 535 2705 socium
557 2649 587 2704 te
610 2641 668 2704 sihi
690 2643 724 2703 in
747 2642 885 2705 decumis
908 2662 978 2705 esse
995 2642 1159 2705 dictitaret
1182 2642 1375 2724 Exspectant
1388 2661 1507 2716 omnes,
1530 2649 1665 2725 quantae
1681 2640 1740 2704 tihi

417 2754 454 2799 ea
474 2755 525 2799 res
547 2755 639 2798 curae
661 2736 710 2808 sit,
733 2736 1022 2819 quemadmodum
1044 2734 1206 2800 hominurn
1228 2735 1454 2798 existimationi
1477 2742 1507 2798 te
1529 2745 1625 2819 atque
1646 2737 1740 2797 inno-

417 2831 552 2896 centiam
574 2837 658 2892 tuam
680 2830 804 2913 prohari
827 2830 917 2893 velis.
939 2831 998 2893 Hic
1021 2838 1054 2892 tu
1076 2829 1230 2895 medicum
1247 2837 1277 2892 et
1290 2829 1489 2913 haruspicem
1505 2836 1537 2893 et
1551 2847 1740 2912 praeconem

417 2932 503 2988 tuum
526 2933 760 3006 recuperatores
790 2924 897 2996 dahis,
927 2931 980 2986 aut
1007 2922 1215 2987 illum.etiam
1237 2925 1356 3006 ipsum,
1387 2943 1480 3006 quern
1503 2925 1588 2986 tuin
1611 2923 1740 2986 cohorte

379 3024 470 3082 ”tua
492 3018 672 3082 Cassianum
695 3018 829 3081 iudicem
851 3016 999 3092 hahehas,
1021 3018 1047 3079 si
1071 3037 1134 3099 qua
1157 3038 1207 3080 res
1229 3018 1329 3080 maior
1351 3025 1448 3089 esset,
1470 3016 1627 3099 Papirium
1649 3016 1741 3078 Pota·

416 3131 553 3185 monem,
574 3111 734 3174 hominem
757 3131 899 3175 severum
922 3131 960 3174 ex
983 3119 1089 3174 vetere
1112 3111 1166 3174 illa
1188 3112 1327 3195 equestri
1343 3111 1531 3193 disciplina?
1565 3108 1740 3173 Scandilius

416 3206 573 3291 postulare
596 3205 635 3268 de
658 3213 813 3269 conventu
833 3211 1079 3289 recuperatores.
1112 3206 1192 3269 Turn
1213 3207 1272 3269 iste
1294 3212 1388 3288 negat
1409 3225 1442 3268 se
1458 3205 1498 3267 de
1511 3202 1740 3267 existimatione

417 3319 474 3364 sua
494 3299 639 3381 cuiquam
662 3300 723 3363 nisi
745 3300 809 3362 suis
831 3299 1078 3363 commissurum.
1112 3301 1330 3382 Negotiatores
1353 3299 1411 3362 sihi
1432 3306 1543 3381 putant
1564 3315 1634 3359 esso
1648 3302 1741 3377 turpe

417 3394 449 3458 id
470 3393 572 3457 lorum
594 3393 654 3456 sibi
675 3394 818 3476 iniquum
841 3394 972 3467 eiurare,
993 3394 1047 3456 uhi
1071 3395 1286 3476 negotientur:
1308 3399 1432 3477 praetor
1445 3391 1639 3477 provinciam
1652 3408 1741 3453 suam

379 3489 478 3552 asini
498 3495 593 3551 totam
615 3488 755 3570 iniquam
778 3488 887 3549 eiurat.
931 3482 1001 3549 l38.
1028 3488 1258 3570 Impudentiam
1281 3487 1488 3569 singulareml
1521 3487 1581 3549 llic
1603 3483 1742 3569 postulat

417 3602 452 3645 se
474 3583 589 3645 Romae
611 3581 747 3655 ahsolvi,
776 3581 831 3664 qui
853 3583 885 3644 in
908 3601 965 3644 sua
987 3583 1147 3664 provincia
1168 3583 1315 3647 indicarit
1336 3601 1369 3643 se
1391 3581 1511 3644 ahsolvi
1535 3581 1621 3645 nullo
1643 3578 1739 3642 modo

416 3675 529 3760 posset
561 3676 615 3757 qui
646 3674 716 3759 plus
746 3676 903 3737 existimet
932 3676 1014 3758 apud
1043 3676 1231 3739 lectissimos
1259 3683 1419 3740 senatores
1448 3675 1613 3758 pecuniam
1642 3693 1737 3757 quam

418 3767 504 3853 apud
526 3776 588 3831 tres
610 3771 820 3852 negotiatores
842 3777 958 3832 metum
979 3769 1101 3833 valeret
1143 3769 1321 3832 Scandilius
1349 3788 1424 3833 vero
1446 3776 1540 3851 negat
1561 3787 1631 3831 sese
1653 3768 1737 3851 apud

419 3863 652 3929 Artemidorum
674 3871 926 3946 recuperatorem
947 3863 1077 3926 verhum
1101 3884 1171 3927 esse
1185 3863 1348 3938 iacturum,
1371 3871 1403 3926 et
1421 3871 1525 3926 tamen
1539 3869 1632 3943 anget
1645 3868 1741 3944 atque

468 4180 491 4229 t.
501 4178 545 4242 Nl]
554 4179 580 4227 tn
589 4177 658 4240 agla
668 4179 693 4227 et
702 4179 717 4228 6
725 4176 807 4228 alit·
815 4179 907 4227 socium
915 4179 941 4227 tn
950 4179 1000 4228 doc.
1012 4176 1041 4227 l:
1051 4178 1078 4226 tn
1087 4178 1140 4227 dec.
1150 4190 1199 4226 soc.
1210 4176 1274 4227 dett.
1286 4176 1314 4226 0.
1325 4203 1352 4212 -
1363 4176 1387 4226 4.
1398 4176 1517 4227 odesom.
1527 4177 1542 4226 6
1551 4178 1628 4240 6633.
1640 4176 1740 4227 dett.-

417 4251 553 4303 acmo
563 4252 628 4302 dett.
639 4265 718 4301 nonn.
729 4252 762 4302 ct.
773 4252 797 4316 5.
811 4252 864 4303 tta.
877 4281 904 4289 —
915 4258 986 4302 crunt
1003 4253 1152 4301 tantudett.
1166 4254 1195 4302 0.
1208 4278 1235 4288 -
1247 4253 1270 4303 6.
1283 4249 1457 4300 cernocodd.:
1477 4251 1551 4316 [cum]
1569 4265 1648 4302 nnnc.
1667 4252 1697 4302 0.
1712 4279 1739 4288 —

417 4332 452 4378 cst
467 4324 552 4390 agla:
570 4331 630 4376 esset
648 4328 691 4375 ott.
711 4327 740 4376 0.
761 4328 901 4390 (manifesta
916 4341 956 4376 res
972 4333 1037 4387 erat,
1056 4341 1113 4377 cum
1130 4332 1189 4376 esset
1206 4339 1277 4375 anno
1295 4326 1331 4387 4..)
1343 4351 1371 4362 -
1384 4327 1443 4388 quin
1460 4324 1543 4388 agla:
1564 4328 1623 4389 quin
1639 4327 1684 4376 hoc
1694 4329 1741 4377 ctt.

418 4403 446 4453 0.
468 4427 494 4439 -
514 4415 540 4452 se
562 4403 660 4451 audisse
680 4401 743 4451 dett.
769 4403 799 4453 0.
820 4430 845 4439 -
865 4403 889 4452 ι.
914 4415 944 4452 ao
967 4401 1049 4465 agla:
1075 4415 1129 4452 om.
1153 4404 1198 4452 ctt.
1223 4403 1243 4451 0
1273 4428 1299 4435 -
1319 4401 1343 4450 8.
1368 4401 1428 4460 quta
1452 4403 1525 4450 seirat
1548 4399 1614 4465 4344
1636 4416 1674 4463 φ;
1697 4402 1740 4464 qut

417 4478 521 4529 mactra
537 4478 593 4528 rell.
612 4479 642 4528 0.
658 4503 685 4513 -
701 4478 761 4538 quic
778 4477 846 4542 6344
859 4492 896 4540 φτ
916 4480 958 4541 qut
974 4493 1024 4527 non
1041 4476 1098 4527 rell.
1117 4478 1145 4526 0.
1161 4503 1188 4511 -
1208 4477 1232 4526 9.
1251 4477 1277 4525 td
1295 4475 1376 4539 4344ε
1393 4477 1431 4524 tto
1446 4476 1503 4525 rell.
1522 4477 1551 4526 0.
1567 4504 1594 4514 -
1609 4477 1647 4525 46.
1666 4477 1744 4539 recipi

418 4553 482 4605 dett.
496 4580 523 4589 -
535 4555 575 4604 44.
586 4553 668 4603 levare
676 4560 751 4614 atquc
759 4553 791 4602 at
799 4553 831 4617 sc]
841 4567 931 4603 cancre
939 4551 970 4601 ab
979 4567 1028 4603 esse
1041 4554 1083 4615 [er
1093 4552 1125 4601 ah
1133 4552 1191 4616 sese]
1203 4552 1278 4615 6344.
1290 4580 1314 4588 -
1327 4552 1366 4602 46.
1377 4557 1444 4601 teneo
1453 4553 1556 4612 inquom
1565 4549 1632 4614 6344
1643 4553 1663 4601 N
1673 4565 1679 4599 :
1693 4566 1741 4602 oen.

419 4626 475 4679 rell.
491 4654 517 4663 -
532 4629 571 4678 l'l.
590 4628 616 4677 ιιι
632 4629 693 4677 nisis
710 4626 790 4690 4344ς
808 4630 836 4677 in
849 4629 927 4690 ipsius
938 4628 993 4678 rell.
1008 4630 1084 4691 lagg.
1099 4628 1256 4691 praeterit.
1272 4654 1299 4664 -
1314 4628 1352 4678 48.
1368 4629 1552 4676 comentemN
1572 4626 1642 4689 [item
1655 4625 1741 4690 lglil.

420 4703 486 4754 naeu
497 4703 540 4752 htc
552 4701 625 4754 locus
634 4706 707 4754 extra
717 4705 804 4753 iocum
814 4705 862 4762 est.
882 4709 910 4753 ut
920 4704 944 4768 g.
959 4702 1006 4754 464
1018 4707 1045 4752 et
1056 4704 1188 4767 saepius.»
1207 4704 1251 4752 Oa.
1264 4703 1283 4751 l.
1297 4729 1323 4736 -
1336 4716 1432 4751 omann
1443 4715 1496 4751 orn.
1510 4701 1586 4765 4344.
1602 4728 1626 4739 -
1642 4703 1682 4752 40.
1695 4702 1744 4751 nist

418 4777 501 4829 idem.
514 4802 542 4813 -
553 4778 593 4827 44.
612 4784 635 4827 ιο
650 4778 696 4828 sthi
712 4777 780 4842 1344
793 4780 811 4828 Β
824 4779 844 4829 C
857 4780 883 4838 F,
897 4779 953 4830 alii:
967 4777 1043 4827 aetthi
1052 4780 1081 4828 N.
1097 4804 1122 4813 ·-
1136 4778 1222 4839 quanta·
1233 4778 1309 4839 lagg.
1325 4777 1439 4840 (praeter
1455 4775 1584 4835 444414.
1599 4803 1626 4812 -
1636 4776 1759 4847 tihtom„

417 4852 531 4918 1344.-
542 4855 582 4905 44.
593 4859 667 4917 atque
676 4855 824 4918 marottam
833 4855 909 4917 6344.
920 4853 993 4904 -at
1004 4854 1074 4902 ittam
1082 4854 1157 4901 etiam
1163 4852 1244 4915 agla:
1256 4853 1331 4901 ettam
1339 4851 1408 4900 illum
1417 4849 1473 4901 rell.
1484 4852 1513 4900 0.
1523 4851 1598 4901 -48,
1609 4851 1653 4900 sthi
1662 4849 1741 4914 Lgli:

418 4941 472 4979 orn.
490 4927 546 4978 rell.
567 4928 596 4978 0.
612 4955 639 4964 —
658 4929 699 4978 49.
718 4928 804 4990 iniquo
820 4929 899 4978 inemo
915 4929 1002 4977 iurare
1019 4929 1073 4989 {sio}
1093 4927 1169 4990 1344.
1186 4955 1211 4963 -
1226 4927 1412 4990 nepottarcntur
1429 4925 1496 4989 1344
1508 4924 1549 4975 48.
1564 4952 1591 4960 -
1604 4938 1677 4974 suam
1687 4937 1741 4976 om.

418 5003 498 5068 6349.
518 5029 545 5040 -
564 5002 603 5053 30.
622 5002 667 5051 riht
684 5008 762 5052 totam
779 5003 937 5065 63441414,
955 5001 1010 5052 alii:
1034 5008 1113 5052 totam
1129 5002 1173 5051 riht
1196 5000 1246 5059 alii,
1266 5002 1294 5051 0.
1316 5026 1342 5037 -
1362 5007 1440 5051 totam
1462 5000 1654 5061 iniquam--si
1671 5013 1742 5061 quem

418 5083 552 5129 acutam
568 5077 593 5142 fi.
607 5077 663 5128 444.
682 5091 708 5128 ν,
726 5078 758 5127 44
776 5077 858 5128 hahet
868 5079 899 5127 V.
914 5104 942 5114 -
954 5078 1031 5127 ctcrm
1042 5077 1072 5126 V.
1088 5104 1115 5113 -
1128 5077 1307 5138 impudentiam
1323 5076 1391 5139 1344
1402 5076 1437 5125 V:
1456 5090 1470 5126 o
1487 5075 1580 5137 empna
1599 5071 1654 5123 rell.
1668 5072 1696 5123 0.
1711 5098 1739 5107 -

417 5153 465 5220 hic]
483 5153 510 5201 td
526 5152 561 5210 V;
585 5164 619 5202 an
635 5153 675 5201 ist
694 5179 721 5188 -
740 5151 780 5203 34.
799 5153 917 5202 iudicarit
933 5151 1082 5215 Zumptius:
1105 5152 1227 5200 iudicaret
1244 5149 1325 5214 1344;
1348 5152 1467 5200 iudicavit
1483 5150 1538 5201 rell.
1557 5150 1590 5207 0,
1612 5148 1691 5197 etiam
1707 5145 1739 5196 V.

419 5226 481 5289 (Br.)
492 5252 519 5262 -
531 5225 623 5277 ahwtvt
635 5239 660 5276 se
676 5226 706 5276 V.
725 5227 781 5289 [aut
796 5231 825 5277 ut
836 5229 878 5279 Br.
898 5225 987 5290 legere
1002 5225 1089 5276 malit:
1108 5225 1259 5289 absolutate]
1275 5252 1300 5261 -
1315 5225 1355 5275 34.
1374 5226 1468 5287 apntV
1486 5225 1546 5291 (Bc.)
1565 5226 1592 5277 et
1608 5226 1646 5275 stc
1662 5235 1689 5272 v.
1708 5221 1739 5275 33

417 5299 469 5355 hta.
485 5329 513 5343 -
530 5307 656 5359 66640464
672 5314 726 5358 om.
744 5302 822 5373 4344.
838 5329 865 5341 -
877 5301 918 5353 33.
936 5315 963 5354 rc
977 5303 1008 5353 V.
1022 5328 1050 5339 -
1064 5300 1105 5353 34.
1122 5306 1195 5368 urget
1211 5300 1272 5353 eod.
1289 5301 1366 5353 Janu.
1384 5301 1413 5352 0.
